4142 6536
472 468 575 529 8l9

471 592 578 655 tur,
607 601 742 667 quos
776 585 961 643 fallere
1000 582 1238 643 affectas.
1269 588 1620 645 Calumniaris
1645 589 1809 656 enim,
1838 604 1933 644 nos
1956 606 2048 647 ea:-

469 681 780 735 cusatianrm
823 681 1043 751 praebere
1088 683 1317 755 turpibus
1355 693 1404 740 et
1449 684 1716 756 ﬂagitiosis
1742 683 2045 751 hominibus,

466 782 523 823 ut
549 786 664 825 cum
690 770 905 843 infanda
931 773 1192 833 immunda
1220 777 1580 844 commiserint,
1610 787 1786 832 contra
1812 782 2047 831 uolunta-

462 867 563 921 tem
586 877 639 915 sc
664 860 836 919 dicant
877 865 1073 937 fecisse,
1104 877 1152 923 et
1174 868 1286 924 ideo
1316 869 1512 927 nullum
1550 869 1731 926 habere
1757 878 2046 939 peccatum:

462 954 617 1027 quasi
675 970 776 1012 nos
823 973 930 1015 non
971 961 1139 1029 multo
1191 962 1427 1021 exertius
1466 961 1812 1019 adhortemur
1861 970 2045 1017 contra

461 1045 734 1107 libidinem
762 1063 884 1106 esse
918 1054 1280 1133 pugnandum.
1324 1053 1454 1109 Nam
1497 1056 1541 1110 si
1568 1069 1684 1123 vos,
1715 1069 1836 1117 cum
1862 1052 1914 1109 id
1947 1054 2046 1109 bo-

459 1152 587 1193 num
614 1152 736 1213 esse
771 1140 981 1208 dicatis,
1012 1160 1117 1209 non
1145 1146 1304 1203 vultis
1336 1155 1511 1205 tamen
1552 1155 1609 1203 ut
1636 1156 1815 1202 vestra
1858 1146 2046 1203 adverc

458 1242 554 1311 sus
609 1229 783 1309 istud‘
831 1233 1031 1309 bonum
1088 1237 1404 1313 frigescere,
1454 1238 1537 1294 vel
1584 1249 1729 1293 certe
1775 1247 2045 1307 tepescere

457 1320 600 1385 bella
638 1324 918 1395 credamus
946 1343 959 1381 :
989 1337 1189 1398 quanto
1215 1328 1517 1405 vigilantius
1541 1341 1595 1384 et
1620 1329 1894 1386 ardentius
1916 1344 2046 1386 con-

456 1423 539 1477 tta
589 1417 784 1496 malum
844 1433 942 1502 nos
987 1434 1270 1483 censemus
1322 1435 1442 1481 esse
1501 1420 1881 1495 pugnandum?
1933 1421 2043 1479 Nos

455 1507 683 1564 dicimus
726 1509 855 1564 illud
882 1525 1002 1566 esse
1046 1520 1231 1566 contra
1277 1511 1628 1580 voluntatem,
1659 1520 1718 1567 ut
1760 1527 1885 1573 caro
1914 1527 2043 1570 con-

454 1602 695 1680 cupiscat
723 1602 981 1669 adversus
1023 1605 1304 1679 spiritum;
1366 1620 1470 1660 non
1532 1605 1681 1671 illud,
1723 1613 1782 1667 ut
1825 1607 2041 1677 spiritus

452 1693 712 1775 adversus
738 1709 976 1755 carnem.
1011 1696 1114 1753 Per
1138 1711 1296 1775 quam
1335 1698 1819 1771 concupiscentiam
1845 1699 2039 1755 bonam

453 1785 535 1856 tit,
566 1795 625 1847 ut
678 1787 780 1857 nisi
830 1803 988 1853 causa
1026 1789 1315 1861 generandi
1368 1805 1474 1857 non
1525 1800 1742 1849 utantur
1788 1792 2040 1864 conjuges

451 1878 630 1949 carnis
652 1880 894 1949 libidine,
924 1898 987 1948 ac
1029 1881 1107 1945 sic
1149 1883 1289 1953 malo
1317 1891 1538 1957 utantur
1580 1885 1752 1951 bene;
1782 1887 1871 1959 qui
1914 1901 2036 1942 usus

452 1969 628 2036 bonus
654 1972 779 2035 mali
812 1972 939 2043 facit
980 1974 1260 2039 honestum
1302 1975 1642 2037 concubitum
1671 1991 1901 2047 vereque
1941 1993 2038 2034 nu-

451 2065 708 2139 ptialetn;
742 2066 1029 2141 voluptatis
1073 2074 1250 2129 autem
1297 2082 1484 2134 causa,
1529 2083 1635 2123 non
1684 2069 1870 2140 prolis,
1914 2067 2039 2127 facit

448 2157 793 2227 concubitum
813 2157 1151 2229 culpabilem,
1170 2158 1265 2223 sed
1286 2159 1338 2215 in
1361 2159 1586 2232 conjuge
1602 2160 1890 2219 venialem.
1912 2160 2036 2219 ldeo

447 2256 630 2319 autem
670 2257 724 2311 et
764 2248 832 2317 de
870 2250 1095 2313 honesto
1132 2250 1418 2313 concubitu
1458 2252 1549 2323 qui
1591 2253 1846 2319 nascitur,
1874 2253 2037 2310 trahit

448 2341 592 2415 quod
635 2343 966 2411 renascendo
992 2342 1265 2413 diluatur;
1309 2344 1431 2416 quia
1458 2352 1513 2400 et
1545 2345 1597 2405 in
1625 2346 1908 2407 concubitu
1933 2346 2033 2407 ho-

444 2442 602 2503 nesto
630 2434 769 2503 inest
799 2434 1017 2500 malum,
1046 2450 1152 2507 quo
1183 2435 1321 2491 bene
1366 2435 1529 2491 utitur
1571 2434 1783 2493 bonitas
1823 2437 2033 2508 nuptia-

446 2539 589 2591 rum.
625 2524 729 2589 Sed
759 2541 867 2581 non
892 2525 1044 2582 obest
1067 2527 1286 2594 renatis,
1310 2527 1453 2598 quod
1479 2527 1667 2584 eberat
1690 2530 1849 2585 natis.
1882 2529 2033 2586 Unde

444 2617 507 2681 tit
540 2632 895 2689 consequens,
917 2626 976 2674 ut
999 2619 1091 2691 qui
1124 2633 1189 2674 ex
1227 2618 1306 2674 eis
1336 2619 1592 2690 nascitur,
1624 2628 1677 2676 et
1705 2620 1785 2676 illi
1823 2621 1962 2677 obsit
1984 2621 2031 2677 si

446 2724 556 2769 non
579 2718 908 2775 renascatur.

517 2802 606 2860 64.
649 2800 729 2861 Tu
756 2816 884 2858 sane
913 2801 1051 2869 inter
1076 2802 1568 2874 argumentationes
1596 2810 1733 2870 tuas,
1763 2802 1953 2874 quibus
1976 2811 2031 2861 te

444 2893 675 2959 inaniter
712 2894 967 2951 adversus
1008 2909 1128 2950 mea
1169 2895 1330 2951 verba
1355 2902 1697 2966 contorques,
1741 2895 2029 2952 identidem

444 2993 497 3051 te
524 2985 839 3051 Manicbteos
876 2988 1130 3060 adjuvare
1176 3003 1283 3045 non
1322 2988 1491 3047 vides.
1531 2987 1657 3045 Ideo
1695 2988 1889 3061 quippe
1933 2990 2029 3046 tibi

442 3082 657 3145 videtur
680 3092 837 3145 natus
863 3084 932 3141 de
949 3085 1234 3153 concubitu
1254 3085 1516 3157 coniugali
1555 3101 1662 3144 non
1684 3087 1894 3145 trahere
1922 3091 2029 3145 ori-

440 3174 620 3245 ginale
663 3185 961 3244 peccatum,
992 3178 1113 3247 quia
1151 3178 1215 3233 de
1256 3179 1351 3239 hoc
1388 3193 1536 3249 apere
1559 3181 1695 3250 quod
1735 3197 1837 3236 non
1883 3181 2029 3237 habet

442 3266 669 3336 culpam.
698 3268 858 3332 nasci,
887 3268 1023 3329 sicut
1050 3268 1203 3336 dicis,
1241 3268 1396 3340 culpa
1423 3286 1525 3325 non
1561 3278 1736 3343 potest.
1765 3269 1873 3328 Cur
1896 3286 2027 3343 ergo

438 3356 512 3416 de
530 3370 695 3428 Opere
726 3357 816 3414 Dei
833 3359 974 3430 quod
1001 3374 1108 3421 non
1134 3360 1362 3417 habebat
1380 3362 1612 3432 culpam,
1631 3371 1752 3421 nata
1772 3363 2027 3433 estculpa

440 3450 640 3521 angeli,
665 3458 794 3509 nata
819 3451 975 3525 culpa
1002 3452 1276 3509 hominis?
1313 3453 1502 3511 Cernis
1533 3461 1784 3524 quantum
1811 3454 1890 3508 eis
1910 3455 2024 3513 sut-

432 3539 685 3612 t'rsgeris,
711 3557 938 3617 quorum
968 3543 1320 3607 detestatione
1348 3545 1557 3605 conaris
1580 3545 1851 3617 obtegere,
1884 3546 2026 3617 quod

438 3633 697 3690 adversus
720 3634 1039 3695 catholicam
1080 3636 1237 3693 tidem
1276 3635 1700 3701 fundatissimam
1735 3640 1924 3696 sentis.
1968 3640 2024 3697 Si

437 3724 582 3781 enim
608 3724 901 3782 secundum
921 3725 1247 3785 deﬂnitivam
1277 3730 1478 3797 tuam',
1504 3729 1567 3787 de
1595 3730 1690 3795 hoc
1712 3746 1862 3800 opere
1886 3731 2025 3802 quod

440 3832 541 3871 non
578 3816 727 3873 habet
746 3818 969 3889 culpant,
1001 3820 1142 3879 nasci
1168 3819 1321 3890 culpa
1345 3835 1446 3881 non
1486 3829 1682 3891 potest;
1712 3836 1840 3878 ecce
1876 3822 2024 3879 nulla

436 3925 603 3980 opera
625 3912 718 3966 Dei
741 3911 938 3967 habent
958 3912 1168 3982 culpam
1193 3930 1206 3966 :
1236 3913 1377 3969 unde
1403 3914 1560 3983 igitur
1577 3915 1733 3986 culpa
1759 3923 1880 3970 nata
1903 3916 2023 3973 est?

439 4000 537 4056 llic
575 4001 916 4069 Ianichazus,
948 4009 1000 4057 te
1035 4002 1343 4071 adiuvante,
1382 4003 1540 4059 aliam
1579 4013 1844 4074 naturam,
1885 4006 2023 4062 sicut

391 4097 394 4101 ’
437 4090 653 4161 desipit,
695 4091 889 4147 alam
930 4092 1146 4148 molitur
1192 4093 1465 4160 inducere,
1499 4104 1557 4148 ut
1594 4094 1665 4149 sit
1691 4096 1829 4151 unde
1866 4097 2021 4168 culpa

438 4190 563 4237 nata
595 4196 716 4238 esse
740 4182 1027 4238 credatur:
1056 4184 1177 4253 quia
1203 4185 1266 4240 de
1288 4201 1440 4255 opere
1464 4184 1581 4259 Dei,
1612 4186 1905 4249 secundum
1933 4196 2018 4244 tua

436 4273 620 4339 verba,
638 4272 790 4345 culpa
818 4288 919 4333 non
945 4276 1187 4330 nascitur.
1204 4276 1469 4347 Numquid
1493 4287 1666 4347 potest
1693 4279 1832 4335 vinci
1856 4279 2021 4337 Mani-

438 4366 641 4431 chaee,
663 4367 763 4422 nisi
789 4381 911 4423 cum
935 4368 1029 4423 illo
1052 4376 1107 4424 et
1132 4369 1245 4441 ipse
1275 4369 1540 4426 vincaris?
1566 4370 1699 4439 Quia
1725 4380 1779 4427 et
1800 4374 2020 4444 angelus

438 4468 499 4515 ct
517 4458 679 4514 homo
706 4459 798 4515 Dei
822 4463 950 4515 'sunt
985 4475 1147 4531 opera
1176 4462 1294 4519 sino
1316 4462 1505 4533 culpa;
1537 4478 1604 4518 ex
1624 4464 1815 4534 quibus
1844 4475 2019 4525 tamen

436 4552 596 4624 culpa
638 4560 761 4611 nam
799 4560 903 4622 est,
926 4551 1052 4608 dum
1078 4553 1147 4609 ab
1183 4568 1250 4609 eo
1275 4554 1364 4625 qui
1393 4554 1555 4626 culpat
1575 4563 1742 4624 caret,
1767 4572 1862 4627 per
1888 4558 2020 4614 libe-

433 4660 555 4700 rum
580 4645 856 4701 arbitrium
889 4656 1262 4714 recesserunt,
1291 4649 1430 4719 quod
1470 4650 1549 4705 eis
1587 4649 1767 4707 datum
1795 4661 1877 4708 est
1903 4654 2020 4710 sine

437 4735 629 4805 culpa;
659 4746 716 4792 et
738 4738 863 4794 facti
893 4748 1018 4794 sunt
1037 4741 1183 4807 mali,
1207 4754 1314 4796 non
1344 4755 1440 4812 per
1462 4741 1841 4800 admixtionem
1868 4745 2014 4813 mali,

436 4825 533 4883 sed
570 4840 668 4896 per
694 4827 1045 4885 defectionem
1076 4830 1226 4885 boni.
1740 4882 1743 4885 γ

506 4917 596 4975 65.
639 4920 797 4986 Dicis,
825 4919 887 4975 ob
915 4920 1010 4974 hoc
1037 4936 1070 4975 a
1096 4937 1176 4975 me
1197 4922 1460 4978 christiani
1497 4926 1734 4996 temporis
1761 4927 2019 4982 continen-

435 5010 559 5066 tiam
586 5012 743 5084 fuisse
770 5013 1051 5078 laudatam,
1081 5029 1182 5069 non
1209 5025 1265 5070 ut
1308 5017 1376 5070 ad
1400 5018 1736 5089 virginitatem
1782 5020 2020 5075 incende.

432 5112 612 5159 rentur
640 5104 887 5171 homines,
915 5104 1005 5161 sed
1030 5115 1084 5160 ut
1121 5106 1305 5163 bonum
1335 5110 1626 5180 nuptiarum
1667 5111 1804 5180 quod
1846 5128 1879 5166 a
1906 5112 2015 5168 Deo

446 5194 724 5251 institutum
750 5204 821 5251 est
845 5196 1190 5253 damnantur.
1215 5198 1321 5254 Sed
1345 5215 1413 5255 ne
1441 5201 1644 5270 puteris
1667 5201 1923 5258 malevola
1949 5203 2017 5260 de

440 5284 615 5341 mimo
653 5300 775 5342 meo
811 5288 1112 5358 suspicione
1150 5292 1418 5360 torqueri,
1468 5290 1614 5345 velut
1662 5282 1886 5360 probare
1930 5308 2017 5349 me

435 5378 641 5447 volens,
671 5380 804 5436 dicis
827 5380 957 5436 mihi
986 5399 1001 5437 :
1031 5381 1092 5438 Si
1120 5381 1336 5451 ﬁdeliter
1358 5381 1540 5437 invitas
1574 5382 1798 5441 homines
1819 5384 1888 5438 ad
1908 5393 2015 5441 stu-

497 5579 521 5613 ·
548 5551 678 5631 τῖῗᾶ
691 5551 1176 5645 ἦξεῖηᾶερωοηακ
1197 5583 1344 5630 tuam

965 472 1239 549 CONTRA
1275 473 1613 555 JULIANUM
1653 428 2112 545 PELACIANUM,’
2150 474 2212 537 s.
2249 437 2619 536 AUCUSTINI
2663 475 2867 533 LIBER
2890 473 3203 544 QUINTUS.

2154 589 2295 646 dium
2335 576 2670 657 continentiae,
2715 586 2890 660 fateris
2920 606 3037 661 ergo
3064 592 3136 646 ita
3161 582 3389 648 virtutem
3420 588 3675 664 pudicitia
3699 615 3735 653 a

2153 680 2427 738 volentibus
2454 698 2597 753 posse
2615 682 2823 747 servari,
2849 691 2902 736 ut
2921 682 3007 748 sit,
3033 685 3329 756 quicumque
3353 687 3587 755 uoluerit,
3613 702 3733 744 cor-

2154 790 2277 847 pore
2295 784 2497 830 sanctus
2523 783 2570 829 et
2595 774 2793 845 spiritu.
2827 772 3162 845 Respondeo,
3191 790 3279 832 me
3302 776 3477 846 fateri,
3506 779 3601 834 sed
3624 794 3733 840 non

2154 866 2291 923 sicut
2316 881 2431 922 vos.
2460 866 2592 922 Nam
2622 881 2718 921 vos
2746 865 2911 936 ipsius
2937 865 3100 921 animi
3125 867 3326 924 viribus
3347 868 3450 926 hoc
3471 871 3729 940 tribuitis;

2154 976 2273 1033 ego,
2304 961 2497 1031 adjutre
2527 977 2621 1031 per
2658 958 2755 1016 Dei
2791 956 3015 1030 gratiam
3041 960 3320 1017 voluntati.
3355 963 3729 1021 Verumtamen

2153 1051 2278 1124 quid
2319 1052 2688 1122 comprimitur
2728 1050 2891 1106 animi
2941 1050 3165 1121 imperio
3208 1067 3277 1109 ne
3317 1063 3584 1123 peccetur,
3628 1057 3730 1112 nisi

2152 1145 2350 1200 malum
2377 1160 2483 1215 quo
2513 1128 2757 1223 vincente
2787 1144 3074 1215 peccatur?
3112 1145 3264 1214 Quod
3305 1146 3501 1201 malum
3542 1162 3610 1203 ne
3644 1149 3728 1203 di-

2151 1252 2334 1294 camus
2359 1253 2481 1293 cum
2507 1237 2812 1294 Manichaais
2852 1231 3098 1310 tanquam
3128 1254 3195 1296 ex
3234 1239 3408 1295 aliena
3456 1240 3580 1295 mali
3629 1256 3728 1295 na-

2150 1338 2270 1386 tura
2318 1329 2471 1385 nobis
2522 1345 2643 1386 esse
2686 1331 3057 1397 commixtum,
3109 1339 3277 1388 restat
3318 1339 3380 1388 ut
3438 1334 3492 1387 in
3546 1340 3725 1388 nostra

2149 1430 2335 1477 natura
2376 1429 2625 1495 tanquam
2665 1420 2853 1478 vulnus
2905 1422 3117 1494 aliquod
3164 1423 3426 1480 fateamur
3469 1438 3589 1480 esse
3637 1438 3727 1479 sa~

2148 1514 2418 1584 nandum,
2458 1514 2608 1587 cujus
2661 1522 2864 1571 reatum
2908 1513 3021 1585 jam
3058 1510 3286 1573 fatemur
3319 1516 3726 1589 regenerationis

2147 1614 2416 1662 sanatum.

2218 1699 2307 1755 66.
2340 1699 2480 1756 Ecce
2502 1699 2696 1756 frustra
2725 1698 3072 1764 enumerastl,
3095 1699 3285 1770 quibus
3308 1714 3395 1755 me
3418 1714 3719 1771 comparas,

2147 1801 2226 1849 tot
2253 1793 2625 1850 hmreticorum
2664 1792 2899 1862 fraudes,
2937 1807 3164 1865 quorum
3201 1792 3403 1848 utinam
3439 1808 3720 1851 numerum

2145 1900 2252 1941 non
2284 1900 2529 1955 augeres.
2563 1903 2583 1937 ι
2612 1885 2917 1957 Apostolica
2957 1874 3239 1949 sententia,
3280 1891 3383 1955 qua
3421 1892 3570 1939 notat
3607 1884 3718 1940 hae-

2145 1978 2339 2034 reticos
2350 1978 2690 2049 prohibentes
2703 1974 2900 2035 nubere
2924 1998 2944 2031 ι
2963 1978 3005 2051 (ι
3023 1977 3156 2032 Tim.
3185 1993 3258 2045 1v,
3277 1974 3356 2046 5),
3375 1994 3395 2029 ι
3415 1976 3573 2032 etiam
3586 1991 3672 2032 me
3695 1995 3717 2030 ι

2143 2072 2374 2126 εεεθτίει
2403 2070 2549 2142 tangi
2573 2089 2584 2123 :
2613 2090 2632 2124 ›
2654 2071 2802 2145 quasi
2825 2070 3053 2137 dicam,c
3083 2077 3202 2141 post
3217 2068 3502 2124 adventum
3521 2068 3720 2125 Christi

2143 2165 2316 2235 turpia
2350 2179 2471 2220 esse
2505 2163 2767 2236 conjugia.
2807 2182 2826 2216 ι
2868 2162 3005 2218 Audi
3044 2178 3171 2232 ergo
3198 2162 3338 2234 quod
3371 2162 3631 2234 dicimus,
3662 2171 3721 2218 ut

2140 2256 2245 2312 hoc
2271 2256 2444 2328 ipsum
2471 2256 2649 2311 multis
2674 2255 2847 2311 modis
2872 2269 2935 2311 ac
2959 2255 3153 2326 scepius
3172 2254 3454 2322 audiendo,
3479 2269 3586 2309 non
3607 2253 3717 2309 dis-

2141 2351 2358 2409 simules
2377 2350 2675 2414 veritatem,
2688 2349 2944 2405 simulans
2962 2348 3188 2420 quodam
3209 2348 3368 2403 modo
3381 2348 3716 2403 surditatem.

2141 2444 2255 2500 Non
2292 2444 2518 2500 dicimus
2546 2444 2717 2514 turpia
2741 2456 2860 2498 esse
2889 2440 3159 2514 conjugis;
3192 2439 3617 2513 quandoquidem
3647 2455 3716 2496 ne

2139 2534 2520 2591 incontinentia
2549 2535 2600 2588 in
2626 2532 2927 2591 damnabile
2956 2533 3113 2588 cadat
3139 2531 3419 2603 ﬂagitium,
3446 2530 3715 2587 fulcienda

2139 2636 2222 2683 est
2248 2626 2529 2683 honestate
2557 2625 2879 2696 nuptiarum.
2912 2623 3018 2680 Sed
3048 2622 3191 2694 quod
3220 2635 3315 2678 vos
3344 2622 3540 2687 dicitis,
3572 2620 3718 2677 chri-

2138 2719 2308 2774 stiana
2328 2718 2567 2773 doctrina
2592 2732 2694 2772 non
2717 2716 2864 2784 dicit,
2893 2714 2945 2770 id
2971 2721 3073 2781 est,
3101 2724 3160 2769 ut
3188 2713 3356 2770 verba
3382 2721 3471 2768 tua
3494 2727 3711 2783 ponam,

2143 2826 2164 2862 ι
2207 2807 2478 2864 hominem
2516 2805 2764 2863 sufﬁcere
2794 2805 3041 2878 ingenitis
3078 2804 3179 2862 sibi
3215 2804 3451 2860 motibus
3477 2804 3603 2861 dare
3632 2804 3716 2860 le-

2136 2914 2230 2977 ges
2272 2917 2286 2956 :
2332 2917 2353 2952 »
2385 2899 2487 2955 hoc
2530 2913 2637 2954 non
2682 2898 2941 2962 dicimus;
2992 2896 3086 2953 sed
3133 2895 3359 2953 dicimus
3403 2895 3543 2967 quod
3586 2895 3717 2952 dixit

2135 2976 2443 3063 Apostolus,
2489 3006 2612 3048 cum
2650 2990 2776 3046 hinc
2816 2990 3143 3061 loqueretur,
3199 2985 3549 3061 Unusquisque
3591 3004 3713 3059 pro-

2137 3084 2307 3156 prium
2334 3084 2523 3138 donum
2543 3082 2689 3137 habet
2713 3098 2745 3137 a
2766 3080 2873 3136 Deo
2899 3080 2946 3153 (Ι
2962 3080 3080 3137 Cor.
3104 3096 3199 3147 vn,
3223 3080 3301 3152 7).
3338 3080 3404 3135 Et
3422 3077 3559 3150 quod
3580 3078 3713 3134 dixit

2136 3176 2412 3242 Dominus,
2443 3173 2571 3231 Sine
2591 3190 2669 3228 me
2707 3173 2836 3227 nihil
2877 3173 3081 3244 potestis
3132 3174 3296 3244 facere
3317 3168 3488 3243 (Joan.
3514 3185 3604 3239 xv,
3630 3168 3708 3241 5).

2134 3268 2222 3336 Et,
2257 3266 2380 3323 Non
2408 3284 2579 3322 omnes
2606 3267 2812 3338 capiunt
2834 3265 3035 3320 verbum
3070 3265 3185 3333 hoc,
3220 3264 3309 3318 sed
3329 3264 3504 3335 quibus
3533 3262 3709 3316 datum

2134 3370 2206 3417 est
2232 3359 2444 3435 (Matth.
2472 3374 2588 3425 xix,
2619 3357 2708 3433 11)
2742 3375 2755 3411 :
2783 3373 2903 3412 cum
2930 3363 3112 3429 posset
3134 3355 3314 3411 dicere
3337 3395 3352 3418 ,
3376 3352 3491 3408 Non
3521 3367 3709 3421 omnes

2133 3454 2350 3523 capiunt
2370 3452 2589 3507 verbum
2611 3449 2734 3516 hoc,
2763 3448 2858 3505 sed
2881 3447 2970 3520 qui
2990 3447 3249 3513 voluerit;
3278 3446 3326 3502 si
3354 3460 3539 3502 verum
3565 3454 3710 3501 esset

2133 3546 2277 3620 quod
2301 3545 2480 3602 dicitis
2508 3559 2623 3600 vos.
2658 3544 2850 3615 Quaero
2876 3558 3002 3597 sane
3020 3582 3035 3605 ,
3063 3539 3311 3611 qualibus
3332 3536 3581 3610 ingenitis
3608 3537 3709 3592 sibi

2131 3638 2366 3694 motibus
2402 3637 2672 3692 hominem
2709 3634 2897 3690 dicatis
2933 3648 3055 3689 esse
3094 3633 3343 3688 idoneum
3370 3631 3498 3687 dare
3527 3628 3709 3701 leges?

2133 3737 2308 3791 utrum
2353 3727 2511 3783 bonis
2533 3768 2548 3794 ,
2577 3743 2646 3783 an
2687 3725 2879 3781 malis?
2906 3725 2962 3781 Si
2999 3724 3182 3791 bonis;
3223 3722 3479 3779 adversus
3506 3723 3707 3778 bonum

2131 3835 2258 3892 ergo
2274 3820 2490 3892 spiritus
2505 3817 2830 3889 concupiscit
2852 3819 2892 3883 ί,
2908 3825 2962 3873 et
2975 3815 3081 3870 duo
3100 3816 3239 3870 bona
3258 3813 3479 3869 invicem
3496 3813 3594 3869 sibi
3615 3812 3709 3868 ad-

2130 3919 2412 3971 versantur
2436 3910 2489 3965 in
2516 3909 2750 3966 homine.
2778 3906 2929 3977 Quod
2955 3907 3000 3963 si
3029 3907 3101 3963 ita
3130 3914 3307 3973 esset,
3337 3905 3449 3976 ipsa
3481 3906 3706 3960 duorum

2129 4006 2393 4065 bonorum
2419 4008 2556 4059 inter
2574 4018 2633 4059 se
2657 4002 2954 4058 adversitas
2980 4001 3116 4057 bona
3137 4014 3258 4056 esse
3286 4013 3391 4058 non
3417 4006 3615 4069 posset.
3643 3996 3705 4053 Si

2128 4107 2307 4154 autem
2330 4097 2520 4162 malis;
2550 4094 2715 4150 fatere
2738 4092 2899 4165 igitur
2925 4092 3186 4164 ingenitos
3212 4105 3333 4147 esse
3361 4090 3562 4146 homini
3586 4104 3706 4145 mo-

2130 4194 2215 4245 tus
2239 4189 2427 4254 malos,
2454 4196 2641 4243 contra
2668 4201 2802 4257 quos
2826 4187 3041 4241 castitas
3066 4183 3302 4239 dimicat.
3334 4183 3401 4238 Et
3427 4197 3494 4238 ne
3528 4182 3708 4237 dicere

2128 4298 2250 4339 cum
2292 4281 2599 4338 Manichaais
2641 4280 2872 4352 cogaris,
2918 4279 3105 4335 alienae
3151 4278 3276 4333 mali
3318 4286 3523 4332 natura:
3552 4274 3707 4331 nobis

2129 4380 2308 4432 inesse
2350 4372 2788 4431 commixtionem
2813 4414 2830 4440 ,
2879 4379 3122 4426 nostrum
3172 4369 3349 4442 potius
3392 4367 3705 4441 originalem

2127 4467 2384 4526 conﬁtere
2408 4467 2744 4538 languorem.
2772 4464 2940 4536 Cujus
2963 4463 3231 4535 languoris
3253 4463 3394 4518 malo
3413 4460 3706 4533 conjugalis

2126 4562 2265 4619 bene
2286 4561 2456 4616 utitur
2486 4560 2772 4631 pudicitia;
2797 4567 2982 4614 contra
3010 4557 3152 4629 quod
3191 4555 3463 4629 languoris
3504 4556 3702 4611 malum

2125 4652 2447 4711 adhibentur
2482 4650 2551 4708 ab
2587 4649 3038 4706 incontinentibus
3074 4648 3381 4719 nuptiarum
3421 4646 3652 4702 remedia
3678 4686 3693 4711 ,

2125 4754 2504 4809 exercentura
2531 4743 2926 4800 continentibus
2952 4741 3183 4812 gloriosa
3209 4739 3515 4802 certamina.
3547 4735 3701 4790 Arbi-

2127 4845 2240 4894 tror
2267 4836 2698 4908 pollicitationem
2738 4848 2945 4901 meam,
2986 4848 3051 4887 ex
3092 4846 3197 4903 quo
3225 4831 3244 4862 ³
3285 4828 3376 4883 tibi
3414 4827 3479 4881 ad
3519 4825 3697 4881 omnia

2125 4928 2453 4999 respondere
2490 4927 2626 4996 ccepi
2650 4969 2671 4994 ,ν
2708 4926 2760 4980 in
2798 4923 2989 4996 quibus
3024 4918 3306 4976 solvendos
3343 4916 3697 4988 quaestionum

2124 5020 2295 5076 nodos
2314 5020 2520 5089 aliquos
2547 5018 2791 5085 attulisti,
2819 5012 3148 5072 commodius
3174 5009 3402 5083 impleri,
3434 5007 3479 5065 si
3507 5024 3697 5064 nume-

2123 5127 2242 5169 rum
2284 5121 2493 5167 tuorum
2529 5108 2854 5167 voluminum
2880 5119 2984 5160 non
3011 5116 3312 5158 excessero.
3344 5099 3424 5156 Sit
3458 5115 3586 5171 ergo
3612 5098 3702 5156 hic

2124 5207 2248 5264 ﬁnis
2274 5205 2434 5277 hujus
2459 5205 2599 5273 mei,
2625 5212 2683 5260 ut
2706 5200 3050 5258 novissimum
3075 5206 3226 5255 tuum
3251 5194 3319 5254 ab
3349 5195 3457 5253 alio
3485 5193 3701 5280 refella-

2122 5315 2241 5357 mus
2265 5299 2503 5358 exordio.

2188 5460 2205 5525 ξ
2239 5458 2322 5525 Hic
2342 5463 2417 5525 er.
2443 5461 2496 5508 et
2510 5460 2626 5525 por.
2648 5452 2859 5514 addunt,
2881 5449 3113 5525 caterua
3129 5447 3357 5515 apum
3376 5457 3396 5501 :
3414 5444 3560 5499 ante.

2185 5523 2206 5553 ¹
2238 5520 2552 5571 Flor-iacens!
2573 5524 2674 5579 Μι,
2698 5528 2764 5569 ea:
2782 5526 2897 5580 qua.

1856 5728 2279 5808 mw
