4142 6538
428 485 488 541 in
512 483 879 542 remissionem
904 479 1054 536 fusus
1074 485 1155 534 est
1177 485 1532 548 peccatorum.
1560 475 1691 531 Huic
1711 488 1836 544 ergo
1857 487 2009 528 mun-

429 577 502 634 do
521 619 538 646 ,
568 577 720 647 cujus
743 577 988 646 princeps
1013 579 1121 637 est,
1150 570 1216 625 de
1243 584 1350 639 quo
1377 571 1451 624 ait
1487 569 1576 640 qui
1604 568 1730 626 vicit
1751 567 2009 622 mundum

429 671 614 742 (Joan.
637 683 730 722 xvr
749 709 762 731 ,
792 666 917 736 55),
947 663 1079 718 Ecce
1113 663 1243 718 venit
1276 662 1510 733 princeps
1537 661 1742 728 mundi,
1771 671 1818 714 et
1849 660 1901 713 in
1931 675 2010 713 me

428 762 564 821 nihil
588 761 800 816 inueniet
825 775 847 813 :
869 757 1028 824 huic,
1058 759 1305 829 inquam,
1341 755 1539 810 mundo
1565 755 1798 810 nascitur
1825 753 2006 820 homo,

430 855 603 909 donec
629 857 938 906 renascatur
977 849 1031 904 in
1066 862 1131 904 eo
1155 848 1244 918 qui
1271 847 1397 902 vicit
1423 845 1678 902 mundum
1700 887 1716 913 ,
1745 853 1800 900 et
1824 845 1877 899 in
1902 858 2008 914 quo

429 944 563 1000 nihil
589 943 792 1000 invenit
825 942 1074 1012 princeps
1101 937 1303 995 mundi.

497 1037 554 1092 4.
583 1034 716 1105 Quis
751 1044 834 1092 est
871 1035 1014 1093 enim
1051 1033 1313 1100 mundus,
1353 1032 1422 1088 de
1464 1045 1569 1102 quo
1606 1029 1734 1085 dicit
1767 1027 2008 1084 Salvator

428 1125 612 1184 mundi
635 1133 692 1181 et
713 1126 884 1182 victor
905 1125 1110 1192 mundi,
1141 1123 1264 1180 Non
1287 1130 1445 1195 potest
1468 1120 1684 1176 mundus
1709 1119 1872 1174 odisse
1889 1134 2007 1184 vos;

427 1233 510 1272 me
534 1225 699 1272 autem
726 1217 865 1282 odit,
895 1216 1014 1286 quia
1047 1230 1140 1286 ego
1174 1212 1510 1269 testimonium
1545 1209 1776 1282 perhibeo
1805 1210 1867 1264 de
1893 1209 2004 1275 illo,

427 1310 550 1381 quia
571 1325 726 1380 opera
749 1310 855 1380 ejus
880 1307 1017 1362 mala
1040 1315 1155 1362 sunt
1184 1304 1293 1378 (Id.
1317 1321 1412 1371 vn,
1441 1303 1538 1375 7)?
1565 1301 1827 1370 Numquid
1853 1309 2008 1354 terrae

430 1416 494 1457 ac
518 1401 701 1468 maris,
731 1399 852 1456 caeli
881 1413 945 1454 ac
972 1397 1203 1454 siderum
1232 1396 1371 1451 mala
1401 1403 1524 1450 sunt
1550 1393 1743 1464 opera?
1773 1391 1878 1449 Sed
1907 1391 2010 1445 uti-

428 1510 536 1565 que
562 1491 790 1548 mundus
817 1493 918 1547 iste
944 1490 1188 1546 homines
1227 1497 1368 1545 sunt.
1407 1487 1518 1544 Nec
1559 1487 1626 1540 ab
1669 1486 1771 1542 isto
1809 1483 2009 1540 mundo

428 1587 707 1656 quisquam
737 1582 1040 1638 liberandus
1067 1582 1309 1652 eligitur,
1341 1579 1444 1634 nisi
1472 1579 1641 1650 gratia
1669 1577 1765 1632 Dei
1793 1591 1888 1645 per
1914 1575 2008 1631 Je-

431 1689 550 1732 sum
581 1676 851 1732 Christum
878 1675 1160 1731 Dominum
1189 1683 1477 1740 nostrum:
1509 1673 1598 1741 qui
1625 1669 1769 1726 dedit
1793 1682 2009 1726 carnem

428 1781 580 1823 suam
611 1782 708 1836 pro
737 1766 923 1821 mundi
945 1766 1086 1831 vita;
1119 1764 1260 1835 quod
1299 1778 1406 1818 non
1446 1762 1693 1828 fecisset,
1723 1761 1823 1816 nisi
1851 1776 2008 1814 mun-

429 1857 559 1912 dum
602 1857 895 1912 invenisset
935 1856 991 1911 in
1033 1863 1225 1912 morte.
1253 1854 1381 1922 Quis
1421 1861 1503 1908 est
1538 1852 1765 1908 mundus
1801 1852 1867 1907 de
1904 1865 2010 1921 quo

430 1950 642 2006 dicebat
667 1950 865 2006 Judteis
882 1991 897 2017 ,
933 1948 1035 2004 Vos
1063 1949 1126 2003 de
1149 1949 1242 2004 hoc
1265 1947 1454 2002 mundo
1477 1949 1630 2012 estis;
1655 1964 1745 2018 ego
1773 1963 1874 2001 non
1898 1962 2012 1999 sum

429 2041 498 2095 de
518 2041 612 2096 hoc
634 2041 821 2095 mundo
853 2038 962 2111 (Id.
983 2054 1097 2104 vnt,
1125 2038 1253 2112 23)?
1280 2039 1572 2104 Postremo,
1603 2039 1720 2108 quis
1747 2045 1828 2092 est
1851 2053 2010 2092 mun-

430 2129 534 2184 dus
569 2130 637 2184 de
675 2145 780 2200 quo
812 2129 970 2200 elegit
1001 2127 1158 2185 Iesus
1191 2129 1476 2199 discipulos
1506 2143 1663 2194 suos,
1707 2136 1764 2181 ut
1794 2128 1904 2198 jam
1944 2127 2014 2182 de

431 2220 634 2276 mundo
658 2235 763 2276 non
790 2229 987 2292 essent,
1019 2229 1072 2276 et
1097 2236 1192 2277 eos
1219 2222 1286 2276 de
1309 2235 1414 2291 quo
1435 2220 1544 2291 jam
1570 2233 1674 2274 non
1701 2229 1870 2286 erant,
1899 2218 2013 2290 ipse

429 2311 664 2366 mundus
691 2311 930 2366 odisset?
962 2310 1051 2366 Sic
1077 2313 1219 2366 enim
1258 2311 1489 2381 loquitur
1524 2308 1765 2364 Salvator
1807 2307 2010 2375 mundi,

436 2400 534 2456 lux
558 2400 775 2466 mundi;
806 2401 903 2468 sic,
932 2401 1165 2472 inquam,
1197 2401 1430 2471 loquitur
1456 2419 1469 2454 :
1498 2399 1625 2454 Haec
1649 2399 1832 2453 mando
1853 2397 2008 2464 vobis,

431 2500 494 2544 ut
530 2491 752 2562 diligatis
786 2491 1016 2546 invicem.
1049 2491 1113 2548 Si
1147 2491 1366 2546 mundus
1400 2507 1486 2546 vos
1522 2492 1660 2558 odit,
1696 2493 1869 2546 scitote
1895 2491 2016 2560 quia

433 2599 516 2638 me
537 2583 752 2653 priorem
773 2583 906 2642 vobis
925 2583 1042 2637 odio
1062 2583 1254 2638 habuit.
1279 2584 1338 2638 Si
1363 2583 1425 2637 de
1445 2583 1633 2636 mundo
1654 2583 1842 2646 essetis,
1866 2599 2016 2638 mun-

433 2673 531 2727 dus
557 2674 691 2742 quod
725 2690 870 2726 suum
904 2682 1012 2728 erat
1039 2674 1308 2744 diligeret:
1331 2675 1448 2738 quia
1475 2689 1587 2728 vero
1613 2674 1676 2728 de
1699 2674 1886 2728 mundo
1912 2690 2017 2728 non

434 2765 587 2830 estis,
628 2764 717 2818 sed
754 2781 844 2836 ego
877 2765 1003 2836 elegi
1035 2783 1121 2820 vos
1160 2766 1224 2820 de
1251 2767 1477 2832 mundo;
1506 2775 1767 2835 propterea
1796 2767 1901 2820 odit
1929 2783 2016 2820 vos

437 2855 658 2912 mundus
695 2855 807 2926 (Id.
837 2873 923 2922 xv,
957 2857 1165 2929 17-19).
1201 2857 1256 2914 Si
1290 2872 1393 2914 non
1421 2857 1739 2924 addidisset,
1773 2875 1862 2928 ego
1888 2857 2018 2928 elegi

436 2961 524 3001 vos
543 2946 606 3000 de
625 2947 811 3000 mundo
829 2963 849 3014 ;
877 2948 1044 3017 putari
1070 2958 1270 3017 posset,
1297 2948 1367 3002 ita
1386 2948 1602 3012 dixisse,
1627 2949 1688 3002 de
1707 2947 1894 3002 mundo
1915 2963 2016 3002 non

434 3035 573 3100 estis,
599 3037 1044 3107 quemadmodum
1070 3037 1136 3093 de
1159 3052 1218 3094 se
1241 3040 1357 3108 ipso
1383 3037 1616 3105 dixerat,
1643 3037 1756 3110 Ego
1780 3056 1881 3093 non
1903 3055 2017 3093 sum

437 3125 502 3180 de
527 3126 622 3180 hoc
648 3127 855 3181 mundo.
883 3127 1070 3199 Neque
1092 3129 1236 3186 enim
1264 3138 1318 3184 et
1345 3129 1460 3200 ipse
1488 3131 1584 3185 fuit
1613 3131 1682 3186 de
1709 3131 1936 3194 mundo,
1963 3141 2018 3187 et

435 3217 640 3274 electus
664 3226 746 3273 est
771 3217 894 3272 inde
919 3227 976 3272 ut
1003 3234 1106 3274 non
1133 3229 1276 3275 esset
1301 3220 1368 3276 de
1395 3221 1614 3276 mundo.
1642 3221 1770 3289 Quis
1805 3221 1906 3276 hoc
1932 3221 2016 3277 di-

439 3309 579 3364 xerit
625 3307 986 3364 christianus?
1027 3309 1138 3366 Nec
1187 3311 1480 3367 secundum
1530 3310 1633 3366 hoc
1683 3312 1823 3368 enim
1874 3312 2020 3382 quod

438 3400 604 3456 homo
644 3416 764 3458 esse
803 3401 1047 3473 dignatus
1088 3403 1376 3472 est,Fil.ius
1419 3404 1510 3459 Dei
1555 3404 1622 3460 de
1661 3403 1858 3460 mundo
1896 3405 2013 3460 fuit.

439 3492 577 3560 Quid
605 3494 710 3560 ita,
739 3493 840 3548 nisi
873 3495 995 3564 quia
1034 3495 1090 3550 in
1129 3495 1222 3551 illo
1263 3504 1538 3566 peccatum
1586 3512 1852 3568 nunquam
1895 3497 2011 3565 fuit,

435 3591 655 3653 propter
685 3584 825 3654 quod
853 3585 1027 3640 omnis
1051 3585 1212 3642 homo
1239 3587 1387 3656 prius
1416 3587 1634 3655 mundo,
1649 3604 1753 3643 non
1781 3588 1892 3644 Deo
1919 3604 2017 3644 na-

439 3675 640 3742 scitur,
667 3683 721 3730 et
748 3686 803 3730 ut
829 3677 938 3732 Deo
961 3687 1212 3737 nascatur
1244 3680 1310 3736 de
1347 3681 1544 3736 mundo
1575 3681 1788 3751 eligitur
1815 3683 1904 3752 qui
1929 3698 2014 3739 re-

437 3768 674 3823 nascitur
700 3777 756 3823 ut
779 3767 888 3838 jam
927 3785 1034 3826 nou
1071 3772 1140 3826 sit
1166 3771 1232 3826 de
1263 3773 1497 3828 mundo?
1529 3773 1752 3845 Propter
1781 3777 1922 3846 quod
1947 3777 2016 3834 ab

437 3872 506 3913 eo
539 3859 787 3930 princeps
816 3861 999 3916 mundi
1025 3861 1236 3932 ejicitur
1261 3864 1430 3931 foras,
1463 3865 1602 3920 sicut
1628 3867 1740 3936 ipse
1771 3875 2011 3936 testatur,

437 3951 622 4008 dicens
645 3970 660 4006 :
685 3951 839 4008 Nunc
858 3953 1113 4024 judicium
1137 3964 1210 4010 est
1232 3957 1429 4021 mundi,
1451 3943 1583 4011 nunc
1608 3959 1840 4029 princeps
1861 3960 2015 4030 hujus

437 4043 617 4096 mundi
644 4043 865 4113 ejiciatur
892 4045 1030 4114 {oras
1059 4043 1170 4118 (Id.
1197 4061 1293 4112 xu,
1321 4047 1432 4119 3i).

509 4133 564 4188 5.
591 4131 704 4188 Nisi
731 4132 869 4190 forte
892 4147 958 4190 eo
985 4149 1156 4205 usque
1178 4144 1352 4191 vestra
1378 4138 1743 4207 progredietur
1774 4138 2012 4206 audacia,

437 4231 497 4280 ut
519 4225 706 4280 dicatis
737 4240 843 4280 non
872 4225 940 4280 de
967 4226 1167 4282 mundo
1193 4227 1316 4297 eligi
1357 4228 1632 4298 parvulos,
1671 4229 1881 4299 quando
1909 4230 2014 4284 Ba-

435 4317 634 4384 ptismo
657 4317 774 4383 ejus
802 4315 1085 4370 abluuntur
1105 4355 1120 4382 ,
1147 4315 1216 4372 de
1241 4331 1347 4387 quo
1375 4316 1572 4372 dictum
1599 4327 1714 4386 est,
1745 4319 1882 4374 Deus
1909 4329 2016 4376 erat

433 4405 491 4458 in
515 4403 734 4470 Christo,
763 4403 1006 4458 mundum
1029 4405 1360 4460 reconcilians
1387 4406 1500 4461 sibi.
1533 4407 1614 4462 Ad
1645 4409 1796 4464 istam
1823 4424 2014 4466 recon-

434 4495 758 4552 ciliationem
801 4495 848 4550 si
887 4495 1092 4568 negatis
1135 4495 1384 4567 parvulos
1430 4499 1730 4567 pertinere,
1761 4509 2014 4570 negantes

432 4601 528 4642 eos
551 4601 671 4644 esse
697 4587 766 4643 de
789 4586 1018 4654 mundo;
1045 4602 1148 4660 qua
1173 4587 1350 4663 fronte
1373 4590 1554 4646 nescio
1571 4592 1762 4648 vivatis
1787 4593 1836 4647 in
1857 4609 2015 4650 mun-

433 4677 525 4732 do.
547 4677 716 4732 Porro
733 4679 778 4732 si
799 4693 893 4734 eos
913 4677 1172 4746 fatemini,
1194 4694 1316 4735 cum
1339 4680 1392 4736 in
1411 4695 1606 4752 corpus
1623 4681 1817 4740 Christi
1841 4694 2013 4742 trans-

433 4775 582 4834 eunt,
610 4768 678 4822 de
704 4768 901 4823 mundo
926 4769 1086 4839 eligi;
1115 4784 1336 4828 necesse
1355 4781 1438 4828 est
1461 4781 1522 4828 ut
1544 4774 1592 4830 ei
1620 4784 1921 4846 nascantur,
1944 4777 2012 4834 de

433 4874 540 4930 quo
581 4860 851 4930 eliguntur
893 4869 952 4914 ut
991 4871 1356 4918 renascantur.
1399 4864 1698 4923 Nascuntur
1732 4869 1872 4924 enim
1917 4885 2012 4940 per

431 4951 612 5008 carnis
631 4953 1136 5020 concupiscentiam,
1158 4965 1508 5012 renascuntur
1531 4974 1627 5028 per
1645 4959 1871 5030 Spiritus
1891 4976 2010 5031 gra-

430 5042 580 5096 tiam.
611 5039 704 5096 llla
727 5042 795 5098 de
821 5043 1018 5098 mundo
1042 5052 1144 5106 est.
1173 5045 1288 5102 haec
1311 5049 1456 5104 venit
1479 5050 1536 5104 in
1560 5051 1835 5120 mundum,
1862 5061 1922 5108 ut
1941 5053 2010 5108 dc

431 5133 633 5188 mundo
655 5133 920 5204 eligantur
942 5136 1032 5206 qui
1057 5138 1414 5206 praedestinati
1441 5150 1564 5196 sunt
1587 5151 1708 5197 ante
1727 5143 2004 5199 mundum.

427 5223 564 5279 Cum
593 5233 772 5281 autem
800 5225 1027 5282 dixisset
1051 5229 1367 5298 Apostolus,
1399 5230 1537 5286 Deus
1562 5243 1669 5287 erat
1703 5235 1754 5288 in
1787 5235 2004 5305 Christo,

427 5315 672 5370 mundum
695 5317 1021 5372 reconcilians
1040 5319 1172 5384 sibi;
1196 5322 1462 5391 quomodo
1489 5323 1537 5378 id
1565 5325 1736 5390 faciat,
1767 5341 1888 5381 mox
1913 5327 2007 5382 ad-

421 5405 634 5477 iunxit,
665 5416 825 5479 atque
857 5408 964 5472 ait,
1010 5409 1133 5466 Non
1179 5423 1420 5484 reputans
1459 5415 1562 5470 illis
1608 5415 1791 5471 delicta
1835 5435 2006 5474 eorum

425 5495 502 5569 (ll
528 5496 646 5554 Cor.
675 5515 730 5568 v,
771 5499 885 5572 l9).
919 5501 1083 5556 Totus
1123 5518 1250 5574 ergo
1287 5505 1514 5562 mundus
1555 5523 1620 5562 ex
1649 5508 1816 5564 Adam
1845 5527 1999 5579 reus;

425 5589 536 5644 Deo
565 5605 670 5646 non
696 5602 926 5663 negante
953 5609 1168 5649 manum
1199 5596 1528 5653 formationis
1551 5601 1698 5670 operi
1723 5617 1818 5658 suo
1843 5605 1882 5670 ,
1912 5619 2001 5660 se~

545 5769 643 5814 Am.
667 5770 741 5818 .
769 5775 820 5819 et
839 5774 1034 5832 septem
1054 5774 1186 5832 Mss,
1205 5783 1349 5836 opere
1372 5784 1472 5824 suo.

1268 361 1535 419 CONTRA
1577 357 1911 418 JULlANUM
1935 353 2400 426 PELAGIANUM,
2427 357 2484 415 S.
2516 355 2881 417 AUGUSTINI

3585 365 3696 426 82d

2115 469 2347 526 minibus
2399 472 2650 528 institutis
2697 473 2938 543 quamvis
2988 481 3206 543 paterna
3261 474 3694 542 praevaricatione

2115 562 2311 618 vitiatis
2342 582 2358 618 :
2387 574 2441 619 et
2468 580 2586 620 cum
2616 580 2714 634 per
2736 565 3005 620 Christum
3035 567 3408 620 reconciliatur
3443 569 3690 637 mundus,

2115 651 2190 708 de
2222 655 2420 710 mundo
2459 653 2746 721 liberatur;
2777 671 2842 710 eo
2872 655 3130 710 liberante
3167 657 3256 725 qui
3286 658 3430 712 venit
3458 658 3512 712 in
3541 675 3694 715 mun-

2115 743 2238 799 dum
2261 787 2274 809 ,
2306 761 2412 800 non
2455 745 2524 802 de
2566 746 2765 800 mundo
2799 746 3108 816 eligendus,
3135 746 3232 802 sed
3259 747 3560 817 electurus;
3587 765 3696 807 non

2113 838 2425 892 meritorum
2466 838 2756 904 electione,
2797 838 2894 894 sed
2923 839 3105 908 gratiae
3134 856 3146 891 :
3179 840 3300 910 quia
3335 842 3571 912 reliquiae
3602 859 3698 913 per

2113 927 2425 982 electionem
2457 931 2638 998 gratia:
2668 927 2826 982 salva:
2854 929 3005 983 factae
3031 937 3156 983 sunt
3187 930 3360 1002 (Rom.
3386 947 3440 986 xi
3461 975 3476 1000 ,
3503 933 3583 1005 5).

2182 1015 2410 1073 CAPUT
2437 1017 2524 1073 Ill.
2647 1019 2702 1074 6.
2734 1017 2937 1074 Deinde
2965 1020 3248 1089 propositis
3271 1021 3390 1076 aliis
3413 1023 3548 1078 meis
3574 1039 3694 1080 ver-

2113 1105 2228 1176 bis,
2255 1108 2344 1163 ubi
2374 1109 2516 1176 dixi,
2601 1109 2768 1180 Hujus
2805 1111 3250 1182 concupiscentia
3287 1121 3492 1168 reatum
3535 1127 3694 1186 rege-

2113 1200 2319 1254 neratio
2359 1199 2473 1255 sola
2511 1199 2762 1266 dimittit,
2791 1216 2853 1256 ac
2891 1217 2986 1272 per
3019 1202 3121 1258 hoc
3145 1203 3421 1275 generatio
3445 1204 3638 1271 trahit;

2114 1305 2344 1360 moxque
2387 1291 2666 1360 subjunxi,
2749 1293 2888 1364 Ergo
2914 1295 3052 1364 quod
3081 1303 3392 1365 generatum
3431 1303 3513 1352 est
3537 1311 3693 1367 rege-

2114 1391 2359 1445 neretur,
2389 1389 2449 1435 ut
2477 1381 2750 1448 similiter,
2785 1386 2906 1454 quia
2949 1401 3053 1440 non
3094 1395 3272 1457 potest
3315 1387 3506 1454 aliter,
3551 1389 3695 1459 quod

2114 1479 2340 1526 tractum
2369 1480 2450 1530 est
2467 1472 2792 1528 remittatur)
2817 1474 2916 1546 (De
2945 1474 3152 1545 Nuptiis
3180 1486 3226 1532 et
3254 1476 3690 1549 Concupiscentia,

2115 1560 2202 1615 lib.
2233 1562 2297 1628 l,
2346 1579 2398 1616 n.
2443 1562 2506 1618 21
2537 1563 2556 1632 )
2585 1581 2598 1618 :
2628 1563 2822 1618 frustra
2861 1564 3148 1624 identidem
3193 1570 3402 1624 conaris
3443 1569 3692 1640 obtegere

2114 1651 2256 1724 quod
2285 1652 2608 1723 superuum
2638 1655 2963 1726 Baptismum
2991 1657 3189 1728 putatis
3221 1659 3274 1712 in
3302 1660 3532 1729 parvulis
3551 1700 3568 1726 ,
3611 1660 3693 1716 di-

2115 1751 2297 1800 centes
2374 1746 2748 1816 mysteriorum
2775 1746 2974 1802 Christi
2997 1749 3222 1820 gratiam
3251 1749 3433 1806 multis
3459 1750 3696 1821 locuple-

2114 1845 2222 1893 tem
2243 1851 2362 1893 esse
2381 1839 2710 1894 muneribus.
2783 1839 2971 1896 Velitis
2988 1841 3190 1908 nolitis,
3209 1841 3458 1912 parvulos
3477 1844 3696 1899 credere

2115 1929 2441 1985 confitemini
2468 1931 2522 1985 in
2547 1930 2818 1986 Christum
2846 1947 2941 2002 per
2964 1932 3126 1988 corda
3153 1939 3208 1988 et
3233 1947 3326 1987 ora
3352 1926 3693 2003 gestandum.

2117 2019 2258 2092 Ergo
2280 2031 2333 2075 et
2353 2021 2418 2075 ad
2445 2021 2588 2091 ipsos
2612 2022 2842 2092 pertinet
2867 2022 3132 2078 dominica
3158 2024 3246 2078 illa
3269 2023 3533 2080 sententia
3556 2042 3570 2078 :
3597 2023 3700 2091 Qui

2117 2125 2218 2163 non
2259 2109 2555 2178 crediderit,
2595 2111 3004 2166 condemnabitur
3043 2111 3236 2186 (Marc.
3276 2129 3401 2180 xvt,
3441 2113 3551 2184 i6).
3583 2113 3696 2180 Qua

2117 2216 2307 2271 causa,
2338 2219 2440 2274 qua
2464 2204 2696 2274 justitia,
2728 2205 2775 2259 si
2804 2205 3006 2260 nullum
3037 2205 3252 2260 trahunt
3279 2205 3534 2276 originale
3566 2220 3695 2276 pec-

2116 2295 2332 2348 catum?
2360 2294 2511 2363 Quod
2538 2305 2716 2352 autem
2745 2295 2898 2363 dicis,
2982 2296 3115 2351 Hinc
3145 2296 3318 2367 potius
3345 2312 3474 2352 suos
3505 2311 3698 2368 appro-

2117 2383 2239 2452 bat,
2281 2386 2423 2456 quod
2459 2395 2588 2442 ante
2608 2387 2881 2458 proprium
2909 2387 3191 2442 voluntatis
3216 2388 3526 2458 obsequium
3547 2427 3565 2454 ,
3595 2388 3697 2444 hoc

2118 2476 2260 2548 quod
2285 2477 2338 2532 in
2364 2478 2442 2532 eis
2467 2477 2592 2533 fecit
2619 2478 2995 2534 beneficiorum
3023 2478 3275 2533 sublimat
3301 2479 3600 2548 augmentis
3625 2495 3638 2533 :

2119 2569 2163 2624 si
2187 2583 2314 2639 ergo
2337 2568 2463 2625 hinc
2485 2584 2611 2624 suos
2637 2569 2767 2624 istos
2786 2569 3074 2639 approbat;
3103 2569 3342 2638 profecto
3366 2569 3484 2624 illos
3504 2569 3698 2638 quibus

2119 2661 2223 2716 hoc
2250 2676 2358 2715 non
2384 2661 2565 2730 donat,
2593 2677 2700 2717 non
2727 2661 2984 2732 approbat
3006 2677 3150 2717 suos.
3182 2661 3349 2716 Porro
3371 2677 3492 2716 cum
3519 2670 3574 2716 et
3595 2661 3699 2730 ipsi

2120 2753 2308 2810 eadem
2333 2769 2490 2810 causa
2518 2755 2625 2809 sint
2647 2755 2792 2826 ejus,
2819 2755 2942 2825 quia
2970 2753 3206 2810 condidit
3232 2767 3359 2819 eos;
3387 2768 3482 2808 cur
3515 2768 3619 2808 non
3646 2763 3700 2808 et

2121 2847 2266 2916 ipsos
2291 2846 2480 2902 eodem
2507 2846 2668 2902 modo
2695 2847 2953 2917 approbat
2976 2846 3141 2901 suos?
3169 2845 3304 2900 Hinc
3366 2844 3434 2900 de
3457 2844 3586 2914 fato,
3613 2844 3698 2900 vel

2121 2937 2188 2994 de
2227 2939 2532 3008 acceptione
2573 2952 2920 3010 personarum
2958 2937 3092 2994 nihil
3133 2939 3339 3008 negatis
3357 2939 3401 2994 .
3425 2936 3542 2994 1am
3571 2951 3700 3007 ergo

2121 3031 2396 3088 nobiscum
2426 3030 2650 3102 gratiam
2677 3031 3025 3088 contemini.
3067 3029 3206 3098 Quid
3243 3037 3324 3086 est
3361 3030 3502 3086 enim
3532 3029 3696 3096 aliud,

2120 3121 2210 3178 ubi
2237 3123 2367 3178 nihil
2393 3123 2600 3179 illorum
2627 3124 2746 3179 est?
2783 3123 2841 3178 In
2877 3137 2980 3178 una
3013 3122 3172 3193 igitur
3202 3121 3492 3190 eademque
3515 3134 3693 3186 causa,

2121 3220 2258 3276 alius
2301 3220 2617 3292 relinquitur
2659 3220 2861 3290 justitia
2901 3218 3204 3290 judicante,
3244 3232 3352 3273 non
3391 3216 3532 3283 fato;
3561 3214 3699 3270 alius

2120 3311 2409 3366 assumitur
2433 3313 2600 3383 gratia
2626 3321 2932 3381 praestante,
2965 3326 3072 3367 non
3097 3309 3308 3366 merito.

2193 3402 2245 3456 7.
2267 3402 2486 3458 Frustra
2507 3403 2724 3458 omnino
2744 3402 3081 3465 contenditis,
3105 3417 3204 3458 nec
3227 3401 3296 3457 ab
3313 3401 3553 3474 originali
3576 3415 3700 3471 pec-

2121 3501 2239 3549 cato
2265 3494 2509 3563 parvulos
2537 3495 2940 3565 regeneratione
2966 3493 3230 3550 mundari.
3254 3494 3368 3550 Non
3393 3495 3495 3550 hoc
3521 3503 3700 3550 osten-

2120 3583 2228 3648 dit,
2260 3583 2349 3654 qui
2392 3583 2556 3651 dixit,
2593 3586 2900 3657 Quicumque
2926 3585 3167 3657 baptizati
3195 3603 3370 3642 sumus
3396 3586 3450 3641 in
3477 3584 3697 3654 Christo,

2119 3676 2175 3730 in
2197 3685 2356 3732 morte
2380 3679 2489 3750 ejus
2514 3678 2754 3749 baptizati
2779 3695 2971 3735 sumus.
3001 3677 3239 3736 Dicenda
3268 3680 3430 3744 enim,
3461 3679 3704 3745 Quicum-

2120 3785 2234 3839 que,
2265 3784 2373 3825 non
2401 3771 2581 3842 utique
2609 3771 2857 3841 parvulos
2884 3771 3009 3826 fecit
3035 3780 3306 3842 exceptos.
3333 3769 3472 3840 Quid
3495 3779 3576 3826 est
3600 3785 3700 3826 au-

2119 3868 2226 3916 tem
2267 3862 2320 3916 in
2357 3871 2530 3917 morte
2565 3861 2762 3920 Christi
2799 3863 3088 3934 baptizari,
3129 3863 3230 3916 nisi
3274 3871 3488 3933 peccato
3526 3861 3701 3917 mori?

2124 3951 2276 4008 Unde
2311 3955 2468 4008 etiam
2500 3953 2568 4010 de
2595 3954 2712 4025 ipso
2740 3953 2883 4010 idem
2911 3954 3016 4009 alio
3043 3954 3162 4009 loco
3189 3953 3349 4020 dicit,
3394 3953 3540 4019 Quod
3563 3953 3698 4008 enim

2119 4055 2346 4099 mortuus
2373 4055 2446 4099 est
2472 4055 2673 4116 peccato
2694 4087 2708 4109 ,
2749 4056 2974 4100 mortuus
3007 4054 3080 4100 est
3121 4046 3289 4100 semel.
3333 4043 3482 4112 Quod
3517 4044 3698 4115 utique

2119 4133 2320 4190 dictum
2345 4143 2426 4190 est
2447 4148 2662 4207 propter
2687 4136 3083 4192 similitudinem
3110 4137 3285 4192 carnis
3311 4137 3512 4208 peccati
3537 4153 3551 4192 :
3577 4151 3697 4206 pro-

2121 4237 2239 4298 pter
2265 4226 2404 4296 quod
2435 4237 2488 4283 et
2511 4243 2758 4299 magnum
2787 4229 3102 4297 mysterium
3131 4237 3213 4284 est
3239 4228 3411 4284 crucis
3437 4229 3578 4298 ejus,
3605 4228 3698 4284 ubi

2119 4333 2173 4378 ct
2197 4331 2335 4377 vetus
2360 4322 2509 4376 homo
2528 4331 2696 4376 noster
2712 4322 2862 4378 simul
2887 4323 3160 4390 crucixus
3183 4331 3256 4376 est
3271 4363 3286 4390 ,
3317 4332 3370 4378 ut
3396 4333 3660 4378 euacuetur

2119 4433 2301 4487 corpus
2325 4417 2534 4486 peccati.
2559 4414 2613 4472 Si
2642 4429 2770 4486 ergo
2796 4416 2850 4470 in
2873 4415 3086 4472 Christo
3113 4417 3314 4486 parvuli
3338 4416 3694 4488 baptizantur,

2118 4508 2174 4564 in
2201 4515 2370 4562 morte
2395 4507 2511 4577 ejus
2540 4507 2892 4577 baptizantur.
2916 4507 2970 4563 Si
3001 4508 3054 4564 in
3081 4518 3254 4565 morte
3282 4509 3397 4580 ejus
3423 4509 3696 4581 baptizan-

2119 4605 2233 4664 tur,
2263 4599 2448 4654 mortis
2476 4598 2591 4668 ejus
2619 4599 2949 4654 similitudini
2980 4601 3324 4671 complantati
3351 4611 3566 4672 peccato
3589 4603 3696 4657 uti-

2117 4705 2221 4762 que
2249 4689 2563 4746 moriuntur.
2601 4690 2752 4758 Quod
2781 4691 2914 4746 enim
2943 4701 3167 4746 mortuus
3191 4702 3264 4748 est
3289 4703 3492 4764 peccato
3509 4733 3524 4758 ,
3554 4709 3692 4746 mor-

2117 4792 2233 4836 tuus
2257 4789 2332 4838 est
2355 4781 2510 4838 semel
2534 4798 2554 4836 :
2577 4783 2710 4852 quod
2733 4793 2901 4838 autem
2925 4785 3062 4850 vivit,
3089 4785 3208 4840 uiuit
3229 4783 3357 4838 Deo.
3383 4785 3450 4838 Et
3468 4782 3591 4854 quid
3611 4791 3693 4837 est

2116 4874 2466 4944 complantari
2491 4873 2824 4929 similitudini
2853 4876 3040 4930 mortis
3061 4875 3196 4943 ejus,
3225 4875 3322 4928 nisi
3349 4873 3490 4941 quod
3516 4872 3690 4942 sequi-

2117 4974 2235 5035 tur,
2268 4966 2358 5022 Sic
2395 4976 2442 5022 et
2477 4983 2564 5021 vos
2606 4968 2887 5023 existimate
2928 4983 3012 5022 uos
3054 4975 3272 5020 mortuos
3315 4981 3420 5018 esse
3463 4975 3687 5035 peccato,

2115 5057 2274 5113 uiuere
2308 5067 2476 5112 autem
2515 5056 2622 5112 Dea
2661 5061 2714 5112 in
2753 5059 2947 5114 Christo
2981 5057 3108 5111 Jesu
3147 5055 3319 5130 (Rom.
3353 5071 3440 5122 vt,
3471 5057 3694 5128 5-H)?

2114 5149 2376 5222 Numquid
2406 5151 2598 5207 dicturi
2627 5167 2808 5207 sumus
2828 5193 2842 5216 ,
2873 5160 3090 5222 peccato
3115 5161 3382 5207 mortuum
3409 5151 3572 5207 fuisse
3601 5151 3696 5206 Jc-
3760 5201 3767 5212 ,

2114 5259 2229 5300 sum
2251 5287 2266 5314 ,
2297 5245 2440 5316 quod
2470 5247 2670 5300 nullum
2698 5244 2880 5300 habuit
2909 5244 3176 5314 unquam?
3202 5243 3374 5298 Absit.
3408 5243 3476 5298 Et
3517 5252 3692 5298 tamen

2113 5337 2254 5409 quod
2279 5345 2517 5393 mortuus
2541 5346 2621 5392 est
2645 5344 2892 5407 peccato,
2925 5345 3168 5392 mortuus
3203 5343 3286 5390 est
3319 5335 3506 5390 semel.
3550 5335 3692 5390 Mors

2111 5429 2252 5484 enim
2282 5430 2398 5499 ejus
2426 5437 2694 5498 peccatum
2722 5439 2961 5482 nostrum
2991 5427 3341 5498 signicavit,
3370 5441 3476 5498 quo
3510 5427 3690 5496 utique

2111 5521 2224 5592 ipsa
2251 5537 2396 5578 mors
2421 5522 2650 5578 accidit:
2675 5523 2760 5578 cui
2783 5522 2942 5576 morti
2969 5533 3232 5590 mortuus,
3262 5521 3314 5578 id
3337 5529 3438 5588 est,
3467 5527 3523 5576 ut
3545 5533 3688 5575 mor-

2225 5663 2324 5704 Am.
2351 5661 2424 5704 Er.
2451 5661 2504 5704 et
2525 5653 2746 5718 plerique
2767 5661 2896 5717 Mss.,
2925 5655 3021 5708 hic.

2223 5725 2342 5766 'lres
2364 5729 2394 5766 e
2419 5719 2649 5766 Vaticanis
2673 5726 2799 5777 atss.,
2823 5720 3038 5782 garritis.

2229 5786 2278 5829 In
2298 5785 2425 5839 Mss.,
2447 5785 2777 5836 evacuaretur.

2537 6489 2740 6515 ..-...-
2779 6503 2880 6511 .---
2933 6501 2994 6511 ..
3009 6503 3112 6509 _____
