4142 6498
441 489 567 545 talis
588 502 695 544 non
717 493 859 544 esset
879 485 1120 553 ulterius,
1143 493 1359 558 peccato
1378 485 1569 542 dicitur
1587 494 1843 542 mortuus.
1866 485 2018 555 Quod

443 596 570 651 ergo
598 580 714 650 ipse
743 578 1061 649 signiﬁcavit
1101 578 1155 632 in
1194 577 1536 632 similitudine
1576 579 1751 633 carnis
1797 578 2017 647 peccati,

440 671 542 726 hoc
565 686 663 741 per
685 669 801 739 ejus
823 669 1049 739 gratiam
1073 683 1172 723 nos
1200 669 1404 739 agimus
1433 669 1484 723 in
1511 683 1669 724 carne
1694 668 1894 740 peccati
1921 685 1935 723 :
1963 677 2024 723 ut

441 761 708 835 quomodo
743 761 837 817 ille
873 760 1154 817 moriendo
1190 759 1522 815 similitudini
1566 760 1766 830 peccati
1806 769 2022 830 peccato

443 864 681 910 mortuus
711 851 1062 922 praedicatur,
1089 852 1162 906 ita
1187 851 1503 921 quicumque
1531 852 1583 905 in
1613 851 1703 905 illo
1740 850 1898 906 fuerit
1921 850 2019 905 ba-

440 946 665 1015 ptizatus
687 950 728 1011 ι,
754 942 928 999 eidem
956 942 1034 996 rei
1061 941 1216 1010 cujus
1242 940 1330 994 illa
1368 940 1539 996 fuerat
1576 940 1861 996 similitudo
1900 955 2018 995 mo-

438 1038 639 1102 riatur;
686 1045 742 1091 et
785 1033 1054 1106 quomodo
1100 1034 1152 1087 in
1200 1033 1340 1088 illius
1379 1048 1500 1089 vera
1538 1047 1697 1089 carne
1722 1047 1848 1088 vera
1873 1049 2018 1090 mors

441 1130 561 1197 fuit,
592 1130 672 1188 sic
701 1129 788 1183 ﬁat
815 1129 870 1182 in
895 1126 1036 1181 veris
1063 1126 1297 1198 peccatis
1325 1141 1450 1180 vera
1477 1125 1737 1181 remissio.

514 1218 744 1276 CAPUT
785 1217 869 1270 IV.
898 1245 971 1256 -—
993 1216 1049 1271 8.
1077 1215 1242 1269 Totus
1269 1215 1445 1285 itaque
1474 1215 1573 1270 iste
1599 1214 1848 1286 Epistolas
1885 1229 2016 1285 apo-

446 1312 651 1366 stolica:
676 1311 819 1364 locus
843 1309 886 1362 si
913 1317 964 1364 te
990 1307 1058 1363 ab
1078 1307 1177 1361 ista
1201 1307 1458 1377 pravitate
1479 1321 1582 1362 non
1602 1307 1834 1378 corrigit,
1859 1307 2016 1362 nimis

444 1402 754 1457 obduruisti.
782 1401 1037 1469 Quamvis
1072 1400 1215 1455 enim
1264 1399 1365 1455 sibi
1412 1415 1648 1455 connexa
1691 1401 1798 1457 sint
1838 1402 2014 1456 omnia

440 1493 626 1562 quibus
651 1493 742 1558 ait,
773 1491 1014 1546 scribens
1043 1491 1108 1545 ad
1136 1491 1437 1557 Romanos,
1470 1499 1529 1546 ut
1553 1492 1722 1562 gratia
1749 1492 1840 1547 Dei
1868 1507 2015 1547 com-

434 1583 716 1638 mendetur
737 1599 832 1653 per
850 1583 1031 1638 Jesum
1054 1583 1320 1639 Christum
1347 1603 1359 1638 :
1384 1593 1558 1638 tamen
1581 1585 1701 1655 quia
1722 1585 2012 1656 Epistolam

436 1685 599 1729 totam
623 1676 706 1729 hic
728 1677 970 1732 recolere
993 1685 1048 1732 et
1073 1685 1394 1747 pertractare
1415 1693 1518 1732 non
1540 1692 1838 1748 possumus,
1859 1679 2012 1736 valde

432 1767 576 1822 enim
601 1767 815 1837 longum
842 1777 958 1834 est;
985 1781 1050 1821 ex
1081 1767 1182 1822 isto
1207 1768 1378 1838 capite
1407 1767 1545 1837 quod
1573 1769 1745 1839 agitur
1769 1769 2011 1825 conside-

432 1870 640 1923 remus,
671 1856 760 1910 ubi
805 1856 912 1922 ait,
960 1855 1285 1912 Commendat
1326 1865 1492 1910 autem
1533 1873 1678 1910 suam
1721 1858 2014 1914 charitatem

432 1947 570 2002 Deus
594 1950 648 2002 in
672 1947 835 2015 nobis,
859 1949 1098 2019 quoniam
1124 1965 1240 2003 cum
1267 1949 1433 2003 adhuc
1461 1959 1742 2021 peccatores
1767 1967 2006 2019 essemus,

431 2038 658 2094 Christus
695 2056 788 2110 pro
823 2039 966 2094 nobis
986 2049 1209 2096 mortuus
1234 2049 1306 2096 est
1326 2039 1567 2114 (Rom.v,
1589 2041 1622 2096 8
1643 2050 1690 2096 et
1713 2039 1792 2114 9).
1816 2042 1925 2098 Hoc
1954 2051 2009 2097 tu

430 2129 629 2185 dictum
673 2131 911 2200 exceptis
952 2132 1184 2201 parvulis
1229 2131 1308 2186 vis
1349 2132 1541 2201 putari.
1585 2130 1687 2188 Ubi
1731 2131 1778 2188 si
1823 2132 1918 2186 abs
1957 2141 2008 2188 te

429 2236 684 2290 quaeram,
713 2221 757 2274 si
784 2236 892 2275 non
918 2230 1040 2276 sunt
1066 2222 1206 2276 inter
1236 2230 1544 2291 peccatores
1571 2221 1832 2290 habendi,
1872 2237 2007 2293 quo-

430 2309 588 2365 modo
615 2326 710 2380 pro
735 2311 812 2365 eis
836 2319 1078 2366 mortuus
1102 2319 1204 2378 est,
1231 2311 1322 2381 qui
1351 2325 1449 2381 pro
1472 2311 1841 2381 peccatoribus
1865 2327 2008 2367 mor-

430 2407 550 2454 tuus
593 2401 711 2455 est?
757 2401 1122 2470 Respondebis
1172 2415 1279 2456 non
1326 2418 1425 2473 pro
1469 2402 1598 2458 solis
1642 2402 2006 2473 peccatoribus

431 2498 696 2546 mortuum
718 2530 736 2557 ,
771 2491 1011 2561 quamvis
1041 2491 1109 2546 sit
1136 2491 1294 2546 etiam
1327 2506 1424 2561 pro
1457 2492 1826 2563 peccatoribus
1859 2507 2005 2547 mor-

434 2589 576 2636 tuus.
604 2581 754 2647 Quod
780 2581 990 2651 quidem
1017 2597 1279 2652 nusquam
1316 2583 1449 2653 leg's
1476 2583 1528 2637 in
1555 2582 1747 2640 divinis
1770 2584 2004 2639 auctori-

432 2673 649 2740 tatibus,
678 2683 940 2728 mortuum
965 2674 1165 2729 scilicet
1187 2689 1307 2730 esse
1327 2675 1595 2731 Christum
1620 2677 1779 2731 etiam
1805 2691 1902 2747 pro
1926 2678 2004 2732 eis

428 2763 519 2834 qui
544 2765 746 2819 nullum
773 2765 1068 2821 habuerunt
1091 2767 1308 2822 omnino
1334 2776 1630 2838 peccatum.
1659 2769 1764 2824 Sed
1788 2769 2002 2826 attende

426 2871 584 2925 quam
612 2857 804 2912 validis
829 2859 1145 2914 testimoniis
1167 2860 1426 2930 urgearis.
1455 2861 1533 2915 Tu
1558 2862 1690 2916 dicis
1716 2862 1877 2917 etiam
1905 2877 2001 2932 pro

426 2948 786 3016 peccatoribus
822 2959 1088 3005 mortuum
1115 2969 1130 3006 :
1157 2966 1256 3021 ego
1279 2951 1399 3008 dico
1428 2953 1637 3007 nonnisi
1665 2968 1762 3024 pro
1802 2969 1991 3023 pecca-

425 3039 623 3095 toribus
647 3051 946 3106 mortuum;
976 3044 1047 3098 ita
1077 3051 1135 3098 ut
1161 3044 1484 3115 respondere
1510 3046 1746 3116 cogaris,
1776 3047 1820 3102 si
1847 3047 1998 3103 nullo

421 3139 638 3200 peccato
662 3132 869 3202 parvuli
895 3133 1137 3189 obstricti
1175 3142 1330 3200 sunt,
1359 3150 1463 3188 non
1493 3150 1610 3190 esse
1638 3151 1735 3205 pro
1763 3137 1997 3206 parvulis

419 3227 704 3276 mortuum.
732 3221 872 3277 Dicit
910 3223 1055 3277 enim
1097 3222 1163 3278 ad
1201 3223 1507 3279 Corinthios
1540 3241 1553 3277 :
1587 3223 1837 3290 Quoniam
1865 3242 1998 3282 unus

420 3327 512 3380 pro
539 3311 768 3366 omnibus
792 3320 1020 3368 mortuus
1059 3322 1169 3378 est;
1198 3329 1317 3385 ergo
1355 3329 1528 3369 omnes
1555 3317 1741 3368 mortui
1768 3325 1883 3369 sunt
1902 3357 1917 3382 ,
1949 3325 1997 3372 et

421 3419 514 3474 pro
538 3403 763 3458 omnibus
785 3414 1010 3460 mortuus
1033 3413 1106 3460 est
1129 3404 1194 3477 (ll
1219 3404 1337 3461 Cor.
1362 3421 1417 3473 v,
1448 3408 1534 3476 Η,
1564 3407 1674 3481 15).
1704 3407 1859 3464 Nullo
1881 3424 1997 3464 mo-

420 3495 492 3552 do
517 3497 604 3554 hic
626 3513 819 3568 negare
843 3498 1186 3568 permitteris,
1212 3499 1423 3554 nonnisi
1453 3515 1548 3569 pro
1575 3500 1660 3554 his
1682 3501 1772 3570 qui
1801 3502 1996 3556 mortui

419 3596 567 3654 sunt,
594 3598 859 3643 mortuum
886 3588 1046 3644 fuisse
1067 3587 1270 3644 Jesum.
1296 3589 1440 3655 Quos
1465 3589 1622 3660 igitur
1647 3591 1748 3646 hoc
1772 3591 1890 3645 loco
1917 3591 1998 3645 in-

421 3679 614 3750 telligis
643 3681 918 3735 mortuos?
958 3679 1210 3750 numquid
1251 3694 1346 3736 eos
1383 3681 1472 3751 qui
1501 3679 1568 3736 de
1595 3696 1818 3750 corpore
1845 3683 1996 3738 exie-

417 3771 582 3828 runt?
614 3769 746 3837 Quis
772 3770 842 3825 ita
865 3769 1089 3840 desipiat
1109 3779 1170 3826 ut
1188 3771 1290 3826 hoc
1310 3771 1517 3842 sapiat?
1543 3771 1620 3826 Eo
1641 3772 1800 3827 modo
1820 3773 1996 3843 itaque

415 3860 759 3932 intelligimus
783 3870 1042 3928 mortuos,
1072 3877 1167 3932 pro
1192 3862 1383 3932 quibus
1409 3862 1658 3917 omnibus
1688 3877 1821 3916 unus
1851 3877 1994 3918 mor-

413 3961 536 4009 tuus
559 3961 643 4008 est
666 3952 944 4020 Christus,
984 3951 1254 4024 quomodo
1286 3952 1410 4008 alibi
1447 3951 1620 4009 dicit:
1648 3951 1719 4007 Et
1757 3970 1842 4008 vos
1879 3971 1994 4008 cum

411 4044 582 4098 essetis
608 4045 794 4098 mortui
825 4043 880 4096 in
908 4043 1105 4098 delictis
1131 4051 1180 4097 et
1213 4043 1457 4114 prteputio
1485 4043 1651 4097 carnis
1678 4052 1854 4098 uestrae
1871 4084 1886 4108 ,
1920 4044 1996 4097 vi-

413 4136 626 4206 viﬁcavit
654 4116 786 4190 cum‘
809 4135 900 4189 illo
938 4133 1155 4208 (Coloss.
1184 4149 1256 4200 ll,
1285 4134 1398 4205 15).
1435 4134 1512 4189 Ac
1543 4149 1639 4205 per
1667 4133 1798 4200 hoc,
1837 4149 1986 4200 unus,

415 4225 616 4296 inquit,
657 4242 750 4296 pro
788 4225 1016 4280 omnibus
1040 4235 1266 4279 mortuus
1291 4232 1398 4287 est;
1439 4240 1556 4295 ergo
1597 4241 1766 4279 omnes
1806 4224 1993 4279 mortui

413 4326 530 4373 sunt
556 4334 576 4372 :
601 4317 887 4372 ostendens
915 4315 1033 4371 ﬁeri
1061 4329 1166 4370 non
1202 4314 1435 4384 potuisse
1472 4323 1531 4369 ut
1569 4323 1865 4370 moreretur
1889 4315 1991 4372 nisi

415 4424 516 4480 pro
541 4409 783 4464 mortuis.
810 4409 892 4464 Ex
930 4409 1030 4464 hoc
1067 4408 1206 4463 enim
1249 4407 1488 4477 probavit
1525 4423 1712 4462 omnes
1750 4417 1991 4464 mortuos

413 4516 536 4558 esse
555 4543 571 4568 ,
611 4501 732 4572 quia
774 4516 870 4569 pro
894 4501 1138 4555 omnibus
1158 4509 1406 4568 mortuus
1435 4507 1518 4556 est
1546 4515 1698 4555 unus.
1727 4499 1984 4572 lmpingo,

411 4593 642 4660 inculco,
671 4591 894 4647 infercio
918 4591 1178 4647 recusanti
1199 4610 1216 4648 :
1235 4593 1417 4662 accipe
1435 4633 1450 4658 ,
1471 4591 1687 4647 salubre
1709 4602 1791 4647 est
1809 4633 1822 4658 ,
1864 4594 1988 4648 nolo

408 4685 678 4741 moriaris.
722 4683 867 4739 Unus
895 4701 986 4754 pro
1015 4683 1238 4739 omnibus
1274 4694 1502 4740 mortuus
1538 4693 1649 4749 est;
1677 4701 1793 4756 ergo
1819 4701 1988 4741 omnes

406 4779 590 4863 mentiti
615 4787 752 4832 sunt.
787 4777 919 4832 Vide
947 4777 1068 4848 quia
1099 4791 1430 4848 consequens
1455 4791 1573 4833 esse
1602 4777 1786 4844 voluit,
1817 4785 1874 4833 ut
1901 4779 1985 4834 in-

407 4870 710 4940 telligantur
736 4883 928 4923 omnes
957 4868 1185 4936 mortui,
1229 4869 1274 4922 si
1322 4883 1418 4938 pro
1461 4869 1706 4924 omnibus
1744 4876 1986 4926 mortuus

407 4970 507 5014 est.
546 4961 676 5027 Quia
716 4975 843 5030 ergo
880 4973 988 5014 non
1029 4959 1082 5012 in
1121 4973 1377 5028 corpore,
1407 4969 1573 5016 restat
1601 4968 1657 5014 ut
1687 4959 1738 5014 in
1769 4970 1984 5030 peccato

409 5067 527 5107 esse
547 5061 782 5107 mortuos
800 5066 1006 5115 omnes,
1030 5065 1128 5120 pro
1148 5051 1337 5121 quibus
1357 5049 1598 5106 Christus
1618 5059 1858 5106 mortuus
1876 5059 1979 5119 est,

409 5157 566 5197 nemo
592 5151 776 5211 neget,
805 5157 964 5196 nemo
989 5142 1225 5208 dubitet,
1258 5141 1345 5212 qui
1372 5157 1430 5196 se
1456 5157 1561 5196 non
1589 5151 1747 5212 negat
1771 5151 1862 5198 aut
1886 5144 1984 5199 du-

407 5233 542 5288 bitat
559 5248 678 5288 esse
701 5234 1067 5289 christianum.
1091 5233 1440 5304 Quapropter,
1468 5233 1512 5287 si
1541 5233 1742 5288 nullum
1764 5236 1983 5291 trahunt

405 5334 680 5396 peccatum
708 5328 928 5396 parvuli,
959 5324 1064 5382 noii
1091 5335 1214 5382 sunt
1242 5326 1454 5382 mortui.
1483 5326 1539 5382 Si
1565 5342 1669 5382 non
1693 5336 1814 5382 sunt
1836 5342 1981 5382 mor-

403 5417 514 5482 tui,
561 5431 665 5470 non
707 5426 789 5471 est
831 5426 1068 5472 mortuus
1095 5433 1192 5488 pro
1218 5417 1327 5483 eis,
1358 5417 1449 5487 qui
1486 5431 1591 5472 non
1630 5425 1710 5472 est
1737 5426 1978 5473 mortuus

399 5508 500 5562 nisi
533 5522 631 5578 pro
663 5509 906 5562 mortuis.
938 5509 1014 5564 Tu
1052 5517 1230 5564 autem
1263 5509 1372 5576 jam
1417 5508 1467 5561 in
1514 5508 1684 5577 primo
1724 5517 1813 5562 tuo
1841 5508 1978 5562 libro

463 5643 476 5672 ³
514 5646 570 5705 tn_
590 5640 734 5705 editis
769 5647 902 5704 post,
948 5640 1244 5705 baptizatus,
1282 5639 1496 5705 delenda
1528 5640 1634 5705 haec
1654 5640 1824 5705 verba,
1843 5638 1976 5690 idem

397 5702 528 5772 (seu,
551 5701 605 5752 id
627 5705 719 5765 est)
743 5700 1120 5772 p't'_ccato,_cujus
1150 5703 1214 5772 in
1230 5700 1424 5752 Christo
1446 5701 1734 5772 similitudo,
1755 5769 1762 5772 Δ
1781 5713 1875 5772 non
1895 5714 1973 5752 ve-

397 5764 516 5813 ritas
544 5777 560 5814 :
584 5764 722 5814 certe
743 5764 771 5813 a
796 5764 1002 5814 librariis
1024 5765 1252 5814 translata
1287 5777 1316 5812 e
1348 5765 1565 5825 margine
1587 5766 1637 5812 in
1659 5769 1971 5823 contextum,

397 5827 479 5889 qui
503 5826 560 5877 iis
581 5828 776 5876 omnino
795 5834 932 5876 caret
955 5828 1004 5875 in
1021 5826 1370 5888 antiquioribus
1388 5825 1737 5887 mnuscriptis.

1811 370 2014 428 LIBER
2049 367 2334 433 SEXTUS.

3375 296 3537 316 ..κ’-ν’-.

3597 396 3784 482 ssc,

2129 499 2311 548 contra
2354 509 2452 550 nos
2487 497 2756 570 clamans,
2795 503 3008 575 dixisti,
3052 522 3072 558 ι
3098 504 3366 563 Christum
3402 508 3562 565 etiam
3599 527 3700 583 pro

2126 587 2357 655 parvulis
2385 600 2672 648 mortuum.
2703 613 2723 648 ι
2756 595 2910 651 ΝιιΙΙο
2949 598 3110 653 modo
3148 599 3305 670 igitur
3339 617 3531 672 negare
3570 620 3696 674 pcr-

2124 677 2348 736 tnitteris
2371 695 2465 736 eos
2492 684 2705 742 trahere
2729 688 2982 758 originale
3009 701 3301 760 peccatum.
3338 694 3468 751 Nam
3501 699 3695 756 mortui

2125 770 2283 836 unde,
2314 774 2357 827 si
2383 789 2489 830 non
2515 776 2676 832 inde?
2703 790 2792 834 aut
2819 791 3034 852 propter
3060 799 3216 854 quam
3247 797 3473 844 mortem
3504 805 3695 860 parvu-

2124 861 2297 917 lorum
2324 875 2562 923 mortuus
2581 878 2682 935 est,
2704 872 2791 941 qui
2814 888 2919 927 non
2944 883 3027 929 est
3052 885 3289 932 mortuus
3312 879 3410 932 nisi
3435 896 3530 950 pro
3551 897 3694 938 mor-

2123 954 2265 1008 tuis?
2293 956 2532 1027 Eumque
2577 967 2632 1014 tu
2679 970 2944 1017 mortuum
2991 980 3087 1034 pro
3132 967 3363 1036 parvulis
3401 971 3688 1028 conﬁteris.

2121 1044 2255 1101 Redi
2293 1063 2419 1119 ergo
2455 1064 2661 1106 mecum
2703 1051 2772 1111 ad
2807 1053 2935 1109 illud
2969 1055 3111 1125 quod
3139 1057 3206 1113 ad
3234 1058 3500 1119 Romanos
3523 1065 3541 1096 ί
3575 1079 3690 1122 coe-

2121 1139 2530 1207 mmmmmm.

2190 1229 2243 1286 9.
2283 1229 2637 1300 Commendat,
2689 1236 2888 1307 inquit,
2936 1254 3081 1293 suam
3122 1241 3414 1296 charitatem
3453 1244 3591 1300 Deus
3633 1248 3690 1304 in

2119 1320 2281 1389 nobis,
2308 1325 2542 1392 quoniam
2565 1342 2681 1380 cum
2704 1328 2871 1381 adhuc
2898 1340 3180 1398 peccatores
3205 1350 3440 1400 essemus,
3464 1335 3691 1392 Christus

2119 1428 2212 1482 pro
2255 1415 2394 1469 nobis
2435 1425 2658 1472 mortuus
2696 1428 2786 1473 est.
2835 1419 2959 1474 Cum
2999 1432 3302 1491 peccatores,
3331 1425 3530 1496 inquit,
3562 1443 3693 1482 esse-

2117 1522 2245 1574 mus,
2292 1507 2394 1564 hoc
2431 1518 2532 1576 est,
2588 1526 2708 1566 cum
2756 1514 2951 1568 mortui
2998 1530 3272 1584 essemus,
3324 1517 3552 1573 Christus
3597 1536 3689 1590 pro

2117 1598 2258 1652 nobis
2303 1609 2528 1655 mortuus
2569 1610 2642 1655 est
2679 1617 2699 1657 :
2739 1604 2896 1659 multo
2941 1607 3103 1676 magis
3138 1609 3406 1678 justiﬁcati
3455 1626 3588 1663 nunc
3633 1611 3689 1665 in

2114 1689 2358 1759 sanguine
2401 1689 2594 1758 ipsius,
2637 1692 2764 1746 salvi
2809 1694 2993 1749 erimus
3037 1695 3099 1749 ab
3136 1697 3214 1750 ira
3259 1714 3350 1768 per
3386 1699 3573 1769 ipsum.
3625 1699 3688 1754 Si

2115 1779 2246 1832 enim
2286 1795 2400 1832 cum
2426 1780 2614 1834 inimici
2643 1798 2888 1846 essemus,
2917 1787 3223 1840 reconciliati
3261 1804 3434 1842 sumus
3461 1788 3572 1843 Dea
3597 1805 3688 1861 per

2114 1880 2323 1924 mortem
2350 1869 2476 1924 Filii
2497 1874 2647 1944 ejus;
2694 1873 2850 1928 multo
2877 1877 3038 1946 magis
3067 1879 3394 1944 reconciliati,
3426 1881 3552 1935 salvi
3589 1882 3688 1935 eri-

2114 1979 2226 2017 mus
2261 1963 2314 2018 in
2339 1965 2441 2017 vita
2477 1966 2654 2034 ipsius.
2703 1965 2813 2021 lloc
2841 1975 2922 2022 est
2964 1967 3096 2023 illud
3137 1970 3278 2039 quod
3316 1970 3443 2026 alibi
3472 1971 3684 2038 dicitur,

2113 2050 2251 2105 Deus
2275 2065 2380 2108 erat
2403 2055 2455 2108 in
2480 2054 2698 2123 Christo,
2728 2058 2973 2112 mundum
2997 2061 3327 2116 reconcilians
3352 2061 3448 2116 sibi
3475 2062 3541 2134 (ll
3563 2061 3681 2118 Cor.

2114 2157 2170 2211 v,
2201 2143 2309 2216 19).
2344 2146 2540 2200 Deinde
2579 2147 2668 2202 hic
2704 2149 2944 2218 sequitur
2973 2167 2986 2203 :
3017 2148 3140 2204 Non
3176 2151 3341 2204 solum
3373 2161 3569 2220 autem,
3595 2153 3685 2207 sed

2112 2243 2160 2288 et
2204 2235 2475 2305 gloriantes
2518 2238 2572 2290 in
2615 2236 2743 2305 Deo,
2796 2256 2884 2308 per
2930 2239 3201 2296 Dominum
3247 2251 3468 2296 nostrum
3508 2242 3684 2297 Jesum

2112 2325 2380 2380 Christum.
2413 2327 2536 2382 Non
2577 2328 2768 2398 solum,
2811 2330 3010 2401 inquit,
3039 2332 3185 2400 salvi,
3203 2332 3291 2386 sed
3319 2342 3365 2386 et
3390 2334 3680 2404 gloriantes.

2117 2416 2216 2470 Per
2237 2434 2384 2489 quem
2409 2435 2544 2472 nunc
2572 2429 2617 2473 et
2646 2421 3098 2476 reconciliationem
3123 2424 3428 2494 accepimus.
3471 2425 3536 2478 Et
3564 2433 3684 2480 lan-

2109 2524 2268 2580 quam
2315 2525 2474 2566 causa
2516 2521 2880 2581 quaereretur,
2908 2528 3070 2584 quare
3101 2529 3195 2583 per
3235 2529 3398 2569 unum
3429 2514 3684 2570 Mediato-

2109 2619 2222 2658 rem
2255 2603 2523 2658 hominem
2548 2606 2568 2636 ⁸
2600 2606 2691 2660 liat
2735 2605 2833 2660 ista
2875 2606 3236 2661 reconciliatio
3273 2623 3288 2660 ε
3318 2605 3538 2676 Propter
3563 2607 3680 2675 hoc,

2108 2694 2298 2764 inquit,
2346 2696 2472 2750 sicut
2517 2712 2608 2765 per
2651 2712 2806 2749 unum
2853 2697 3100 2750 hominem
3148 2706 3405 2768 peccatum
3452 2698 3505 2750 in
3550 2697 3684 2752 hunc

2107 2788 2350 2843 mundum
2392 2788 2627 2852 intravit,
2675 2796 2721 2842 et
2771 2805 2859 2860 per
2903 2798 3159 2860 peccatum
3207 2805 3383 2856 mors;
3426 2799 3474 2844 et
3513 2790 3586 2843 ita
3627 2790 3683 2844 in

2106 2894 2278 2931 omnes
2314 2879 2541 2933 homines
2572 2880 2890 2948 pertransiit,
2923 2881 2977 2933 in
3001 2896 3098 2951 quo
3135 2897 3305 2936 omnes
3331 2891 3680 2951 peccaverunt.

2107 2970 2245 3038 Quid
2269 2986 2395 3040 ergo
2418 2971 2524 3041 egit
2549 2971 2668 3025 lex?
2697 2971 2842 3026 Itane
2869 2971 2956 3025 illa
2985 2972 3329 3028 reconciliare
3349 2987 3453 3027 non
3477 2971 3682 3043 potuit?

2103 3063 2244 3127 Non,
2275 3063 2463 3132 inquit,
2496 3063 2662 3134 Usque
2687 3065 2819 3117 enim
2848 3065 2914 3116 ad
2940 3063 3140 3135 Legem,
3171 3074 3426 3135 peccatum
3452 3065 3505 3118 in
3531 3082 3679 3120 mun-

2105 3153 2170 3206 do
2205 3152 2301 3223 fuit
2328 3167 2348 3206 :
2371 3152 2483 3207 Hoc
2515 3161 2628 3218 est,
2673 3167 2771 3208 nec
2808 3152 2891 3207 lex
2937 3153 3104 3222 potuit
3132 3152 3340 3208 auferre
3378 3163 3678 3224 peccatum.

2104 3242 2376 3297 Peccatum
2411 3251 2579 3297 autem
2617 3259 2716 3297 non
2755 3243 3086 3315 deputabatur
3116 3260 3230 3297 cum
3254 3242 3360 3298 Leu:
3395 3262 3496 3298 non
3529 3255 3675 3300 esset.

2104 3333 2234 3388 Erat
2273 3334 2485 3404 quidem
2511 3343 2787 3405 peccatum
2809 3377 2822 3401 ,
2857 3336 2950 3390 sed
2991 3350 3097 3390 non
3128 3335 3478 3406 deputabatur
3499 3377 3515 3404 ,
3554 3336 3678 3408 quia

2103 3441 2209 3480 non
2232 3425 2667 3496 cognoscebatur.
2696 3415 2994 3496 Perlegem
3017 3427 3166 3492 enim,
3196 3427 3332 3481 sicut
3357 3425 3408 3480 in
3435 3427 3536 3481 alio
3561 3426 3678 3482 loco

2102 3515 2249 3582 dicit,
2296 3516 2512 3586 cognitio
2559 3517 2748 3586 peccati
2790 3515 2980 3586 (Rom.
3009 3533 3102 3584 ιιι,
3129 3517 3262 3588 20).
3315 3517 3420 3572 Sed
3455 3518 3678 3588 regnavit

2101 3625 2237 3662 mors
2275 3607 2335 3660 ab
2360 3607 2546 3674 Adam,
2574 3624 2727 3678 usque
2750 3608 2816 3660 ad
2845 3607 3052 3678 Moysen
3080 3622 3101 3665 :
3129 3609 3252 3678 quia
3283 3624 3382 3664 nec
3408 3623 3502 3679 per
3529 3609 3676 3681 Moy—

2099 3714 2234 3765 sen,
2282 3699 2333 3753 id
2379 3707 2490 3762 est,
2542 3713 2640 3753 nec
2674 3713 2770 3768 per
2796 3697 2990 3768 Legem
3034 3713 3255 3768 regnum
3299 3698 3414 3768 ejus
3442 3698 3674 3753 ablatum

2101 3799 2202 3844 est.
2253 3789 2498 3860 Regnavit
2539 3798 2706 3842 autem
2749 3798 2797 3842 et
2837 3788 2892 3842 in
2940 3787 3016 3841 his
3060 3788 3146 3858 qui
3184 3803 3286 3842 non
3327 3797 3671 3858 peccaverunt.

2099 3883 2276 3950 Quare
2317 3882 2498 3952 igitur,
2545 3880 2589 3935 si
2620 3896 2726 3935 non
2751 3879 3148 3950 peccaverunt?
3189 3879 3327 3934 Audi
3369 3895 3530 3950 quare
3564 3897 3577 3932 :
3606 3879 3674 3934 In

2099 3973 2426 4029 similitudine
2465 3973 2518 4040 ³,
2567 3972 2760 4042 inquit,
2813 3971 3237 4042 praevaricationis
3276 3970 3430 4038 Adte,
3473 3971 3558 4044 qui
3600 3978 3674 4026 est

2099 4071 2266 4138 forma
2309 4066 2485 4138 futuri.
2540 4064 2695 4119 Dedit
2760 4065 2900 4119 enim
2952 4078 3016 4118 ex
3067 4077 3126 4118 se
3171 4062 3393 4118 formam
3446 4061 3674 4132 posteris

2097 4158 2247 4224 suis,
2289 4157 2529 4228 quamvis
2572 4165 2786 4226 peccata
2833 4154 3046 4226 propria
3089 4169 3197 4209 non
3239 4153 3582 4219 habentibus,
3615 4161 3674 4208 ut

2098 4249 2298 4319 peccati
2338 4247 2541 4318 paterni
2569 4246 2880 4316 contagione
2909 4256 3246 4299 morerentur
3267 4286 3282 4310 ,
3314 4243 3402 4314 qui
3433 4259 3528 4314 per
3555 4245 3672 4313 ejus

2095 4340 2364 4395 carnalem
2391 4337 2872 4408 concupiscentiam
2897 4337 3256 4407 gignerentur.
3290 4335 3398 4391 Sed
3418 4352 3518 4390 non
3543 4336 3671 4390 sicut

2095 4431 2366 4496 delictum,
2409 4429 2611 4498 inquit,
2659 4428 2731 4481 ita
2768 4436 2815 4482 et
2854 4427 3079 4481 donatio.
3137 4426 3199 4481 Si
3241 4427 3372 4480 enim
3415 4427 3476 4480 ob
3517 4427 3670 4480 unius

2095 4525 2335 4579 delictum
2363 4523 2509 4576 multi
2538 4521 2724 4575 mortui
2748 4529 2893 4587 sunt,
2923 4519 3083 4573 multo
3114 4519 3274 4595 magis
3301 4519 3464 4590 gratia
3491 4517 3593 4572 Dei
3621 4527 3668 4572 et

2093 4617 2285 4670 donum
2307 4615 2363 4668 in
2391 4613 2556 4684 gratia
2582 4611 2730 4664 unius
2758 4610 2972 4663 hominis
2998 4608 3123 4664 Jesu
3147 4607 3333 4661 Christi
3361 4607 3414 4662 in
3442 4607 3613 4662 multis
3642 4607 3664 4638 ’⁵

2091 4703 2386 4760 abundauit.
2437 4701 2601 4756 Multo
2643 4699 2811 4770 magis
2861 4698 3041 4768 utique
3086 4696 3399 4763 abundavit,
3446 4696 3565 4767 quia
3611 4697 3664 4752 iu

2090 4797 2281 4870 quibus
2305 4793 2555 4856 abundat,
2586 4790 2948 4871 temporaliter
2974 4789 3294 4855 moriuntur,
3326 4788 3378 4842 in
3408 4797 3664 4844 aeternum

2089 4889 2277 4944 victuri
2304 4893 2447 4942 sunt.
2496 4883 2566 4938 Et
2591 4899 2720 4949 non,
2750 4881 2946 4952 inquit,
2977 4881 3104 4934 sicut
3142 4897 3229 4952 per
3257 4891 3414 4933 unum
3448 4896 3663 4950 peccan-

2089 4990 2209 5046 tem,
2237 4979 2308 5032 ita
2333 4986 2402 5032 est
2424 4985 2468 5030 et
2489 4976 2695 5028 donum.
2725 4971 2862 5026 Nam
2889 4971 3142 5041 judicium
3176 4968 3376 5039 quidem
3398 4985 3459 5023 ea:
3479 4984 3579 5021 uno
3609 4969 3662 5022 in

2086 5073 2550 5130 condemnationem
2585 5086 2603 5124 :
2644 5069 2808 5139 gratia
2851 5077 3016 5122 autem
3057 5081 3119 5119 ea:
3161 5065 3330 5120 multis
3378 5065 3570 5118 delictis
3608 5063 3662 5118 in

2077 5167 2507 5238 justiﬁcationem.
2556 5159 2626 5216 Et
2653 5174 2815 5214 unum
2858 5158 3052 5229 quippe
3090 5155 3219 5210 illud
3248 5154 3315 5210 ad
3357 5155 3654 5210 damnatio-

2150 5329 2165 5360 ι
2202 5323 2509 5375 Floriacensis
2546 5319 2701 5371 codex
2738 5319 2934 5379 antiqua
2964 5325 3104 5364 manu
3128 5317 3405 5371 correctus,
3446 5309 3574 5372 quod
3595 5309 3658 5358 de

2085 5385 2294 5452 Epistola
2309 5384 2374 5435 ad
2394 5393 2640 5434 Romanos.
2813 5441 2823 5452 .
3114 5436 3123 5446 .
3151 5437 3162 5448 θ
3325 5433 3336 5443 ⁸

2149 5453 2168 5483 ³
2200 5453 2271 5500 sic
2285 5456 2391 5497 Mss.
2416 5443 2638 5494 Gallicani
2661 5448 2713 5491 et
2726 5441 2951 5504 YaUcani.
2971 5445 3027 5487 At
3049 5432 3466 5504 edlll,llOl?!lttU.lt.
3514 5492 3524 5502 ο
3563 5490 3592 5504 r_

2146 5513 2166 5544 ³
2196 5490 2271 5561 's’ié
2286 5490 2587 5570 antiquiores
2607 5490 2714 5553 mss.
2743 5503 2882 5565 juxta
2903 5510 3132 5563 graecum.
3161 5490 3216 5544 At
3238 5495 3352 5543 editi
3368 5529 3381 5553 ,
3409 5492 3461 5542 in
3481 5490 3654 5542 simili-

2079 5573 2417 5683 ωφῖῗῖἶίιυιιί
2433 5635 2555 5696 ΑΜεε.
2576 5663 2591 5688 ,
2627 5624 2883 5696 in_multos_
2896 5636 2916 5696 ς
2937 5623 3320 5696 juxtagjafcalg
3340 5613 3652 5696 fil-33193591

2079 5677 2590 5747 iecubﬁéiﬁaunm:
2602 5688 2693 5754 sed
2710 5677 3024 5754 augustin'um
3044 5677 3246 5754 legisse,
3269 5677 3654 5754 pro:

2078 5739 2809 5829 bej'colligunttgovanienscs:
2823 5745 2951 5810 quod
2987 5739 3235 5794 inde'mox
3273 5739 3428 5799 dicat,
3467 5739 3580 5803 quia
3602 5739 3653 5789 in

2081 5819 2248 5882 quibus
2274 5819 2499 5867 abundat.
