4142 6472
524 357 629 443 '32-:
1334 372 1604 431 CONTRA
1639 365 1974 433 JULIANUM
2011 353 2485 435 remensum,
2526 369 2584 424 s.
2623 369 2996 428 AUGUSTINI
3677 377 3785 440 333

525 491 650 536 nem
687 476 902 534 trahere
927 471 1098 543 potuit
1126 483 1143 522 ε
1173 467 1267 524 sed
1308 468 1478 539 gratia
1503 482 1610 522 non
1651 467 1755 543 hoc
1785 479 1944 520 unum
1977 471 2094 518 tan-

660 611 676 638 ,
703 533 886 624 verum
913 533 1072 620 etiam
1100 561 1246 632 plura
1267 601 1282 629 ,
1311 533 1435 632 qua:
1460 533 1798 631 superaddita
1823 565 1948 613 sunt
1975 571 2102 626 pee-

527 671 642 720 cata
668 659 884 716 delevit.
919 656 980 712 Si
1007 658 1140 711 enim
1167 656 1228 710 ob
1255 654 1404 708 unius
1432 653 1696 718 delictum,
1739 651 1938 720 inquit,
1966 665 2100 704 mors

526 752 751 826 regnavit
797 766 884 820 per
930 764 1132 812 unum;
1184 747 1343 801 multo
1391 747 1552 817 magis
1599 745 1686 816 qui
1736 742 2100 797 abundantiam

527 847 704 918 gratia:
728 854 774 899 et
791 843 1006 915 justitiae
1029 840 1300 911 accipiunt,
1325 839 1380 892 in
1404 838 1504 892 vita
1527 837 1804 909 regnabant
1831 851 1919 906 per
1943 847 2100 888 unum

525 936 702 992 Iesum
726 935 1001 990 Christum.
1037 931 1291 1002 Superior
1319 931 1572 1003 repetitus
1601 937 1685 985 est
1711 942 1933 992 sensus;
1979 926 2098 996 quia

525 1029 694 1085 multo
725 1028 894 1098 magis
922 1028 976 1081 in
999 1027 1106 1082 vita
1133 1025 1462 1095 regnabunt,
1493 1022 1584 1093 qui
1611 1022 1726 1078 sine
1765 1020 1868 1074 ﬁne
1907 1032 2101 1088 regna-

526 1123 697 1187 bunt;
750 1137 906 1192 quam
949 1135 1094 1174 mors
1141 1120 1193 1173 in
1239 1119 1317 1174 eis
1359 1117 1618 1186 regnavit,
1668 1129 1788 1184 quae
1831 1127 1952 1168 cum
1997 1112 2101 1166 ﬁne

528 1213 784 1285 regnavit.
829 1211 1008 1282 Itaque
1033 1212 1159 1265 sicut
1195 1226 1284 1280 per
1326 1209 1508 1274 unius,
1553 1207 1741 1278 inquit,
1785 1197 2021 1260 delictum
2047 1205 2101 1257 in

531 1299 704 1360 omnes
735 1303 960 1359 homines
999 1302 1067 1356 ad
1102 1300 1586 1362 condemnationem,
1625 1298 1699 1351 ita
1737 1306 1784 1350 et
1825 1313 1915 1367 per
1953 1296 2102 1350 unius

528 1397 938 1467 iustiﬁcationem
989 1396 1042 1449 in
1089 1409 1261 1449 omnes
1308 1393 1532 1447 homines
1577 1393 1644 1444 ad
1685 1391 2100 1462 justiﬁcationem

528 1490 662 1546 vitae.
695 1487 818 1542 Ideo
841 1495 895 1542 et
924 1486 994 1541 ibi
1019 1501 1210 1552 omnes,
1241 1491 1296 1539 et
1323 1483 1410 1538 hic
1443 1497 1647 1548 omnes,
1680 1480 1799 1551 quia
1841 1495 2000 1536 nemo
2033 1479 2100 1534 ad

531 1587 756 1636 mortem
783 1577 884 1632 nisi
911 1591 1006 1647 per
1027 1575 1197 1642 illum,
1222 1588 1381 1630 nemo
1405 1573 1471 1628 ad
1492 1574 1651 1627 vitam
1676 1573 1776 1627 nisi
1804 1587 1896 1642 per
1921 1573 2098 1626 istum.

529 1671 675 1728 Sicut
697 1670 832 1726 enim
859 1685 949 1741 per
975 1668 1359 1725 inobedientiam
1385 1667 1534 1721 unius
1576 1665 1791 1720 hominis
1820 1673 2102 1735 peccatores

527 1763 781 1818 constituti
819 1769 934 1817 sunt
972 1757 1118 1815 multi
1148 1761 1208 1826 1;
1249 1761 1322 1812 ita
1363 1768 1410 1812 et
1447 1775 1537 1829 per
1578 1757 1728 1812 unius
1771 1757 2101 1812 obedientiam

519 1856 648 1928 justi
694 1854 1052 1908 constituentur
1101 1849 1266 1906 multi.
1315 1849 1423 1904 Lex
1467 1859 1634 1904 autem
1673 1849 1988 1914 subintravit,
2043 1857 2100 1904 ut

527 1947 804 2002 abundaret
848 1945 1100 2000 delictum.
1159 1943 1256 1999 Ubi
1307 1953 1476 1998 autem
1519 1943 1792 1997 abundavit
1841 1942 2097 2010 delictum,

527 2037 950 2110 superabundavit
974 2035 1138 2108 gratia
1164 2051 1184 2090 :
1211 2044 1266 2090 ut
1293 2034 1716 2106 quemadmodum
1741 2035 1962 2104 regnavit
1987 2049 2101 2104 pec-

527 2139 694 2185 catum
727 2130 782 2183 in
825 2138 983 2183 morte
1008 2129 1030 2162 ³
1047 2169 1062 2194 ,
1094 2127 1166 2183 sic
1190 2135 1235 2182 et
1261 2129 1424 2198 gratia
1447 2135 1616 2198 regnet
1641 2143 1728 2198 per
1761 2127 2013 2198 justitiam
2039 2127 2093 2180 in

527 2220 678 2274 vitam
697 2227 958 2286 (sternam,
979 2235 1069 2289 per
1083 2217 1258 2273 Iesum
1283 2218 1537 2273 Christum
1561 2216 1832 2271 Dominum
1853 2227 2096 2272 nostrum.

599 2309 686 2366 10.
731 2309 868 2378 Quid
911 2325 1028 2380 ergo
1069 2309 1324 2376 dicemus,
1365 2307 1576 2378 inquit?
1615 2308 2010 2379 permanebimus
2047 2311 2102 2363 in

531 2411 754 2473 peccato,
785 2410 840 2456 ut
866 2402 1029 2472 gratia
1054 2401 1312 2456 abundet?
1341 2401 1500 2454 Absit.
1532 2399 1668 2468 Quid
1691 2401 1830 2456 enim
1863 2401 2104 2470 praestitit

529 2493 731 2566 gratia,
781 2494 826 2548 si
867 2493 1285 2564 permanendum
1331 2501 1414 2548 est
1455 2493 1507 2546 in
1559 2492 1818 2564 peccato?
1866 2493 2103 2562 Denique

529 2588 769 2658 sequitur
795 2579 850 2643 et
875 2585 1004 2642 dicit
1030 2603 1044 2640 :
1081 2585 1180 2654 Qui
1207 2585 1390 2639 mortui
1413 2599 1585 2638 suvius
1609 2593 1829 2655 peccato,
1853 2583 2102 2651 quomodo

531 2682 747 2736 vivemus
774 2681 827 2735 in
855 2681 957 2735 eo?
992 2679 1126 2736 Hinc
1149 2693 1290 2734 nunc
1313 2673 1594 2748 diligenter
1620 2678 1851 2742 attende,
1880 2682 1937 2731 et
1962 2675 2104 2746 quod

535 2775 773 2845 sequitur
799 2773 858 2829 ut
879 2773 1141 2846 intelligas
1167 2774 1400 2828 intentus
1426 2771 1682 2826 ausculta.
1705 2769 1838 2825 Cum
1862 2769 2101 2848 dixisset,

535 2867 633 2936 Qui
675 2865 860 2922 mortui
894 2875 1067 2922 sumus
1107 2873 1342 2938 peccato,
1373 2863 1619 2934 quomodo
1657 2864 1876 2916 vivemus
1911 2862 1964 2914 in
2003 2861 2106 2916 eo?

533 2949 612 3014 An
667 2959 910 3032 ignoratis
931 2999 947 3027 ,
997 2958 1196 3028 inquit,
1248 2957 1483 3026 quoniam
1528 2955 1822 3025 quicumque
1869 2952 2106 3023 baptizati

532 3067 706 3106 sumus
729 3053 780 3105 in
801 3049 1000 3105 Christo
1019 3049 1164 3116 Iesu,
1190 3049 1244 3102 in
1269 3057 1426 3102 morte
1450 3049 1609 3118 ipsius
1638 3047 1874 3118 baptisati
1898 3045 2107 3100 sumus?

539 3135 636 3196 llic
681 3152 802 3197 sunt
845 3141 1045 3212 parvuli
1090 3140 1180 3210 qui
1222 3139 1584 3210 baptizantur,
1611 3153 1679 3194 an
1704 3154 1810 3194 non
1846 3141 2008 3194 sunt?
2049 3138 2106 3194 Si

537 3249 642 3290 non
671 3233 758 3288 hic
799 3240 956 3298 sunt,
989 3231 1176 3288 falsum
1215 3239 1297 3286 est
1340 3245 1466 3302 ergo
1509 3231 1649 3302 quod
1675 3231 1768 3296 ait,
1800 3229 2110 3303 Quicumque

537 3325 776 3398 baptizati
801 3343 974 3380 sumus
998 3327 1051 3380 in
1077 3325 1272 3382 Christo
1294 3325 1448 3392 Iesu,
1475 3327 1529 3380 in
1565 3327 1724 3380 morte
1759 3326 1916 3396 ipsius
1943 3323 2108 3396 bapti-

535 3419 636 3472 zati
681 3433 896 3483 sumus;
939 3419 1063 3489 quia
1111 3433 1216 3473 non
1265 3416 1320 3472 in
1369 3425 1542 3472 morte
1585 3415 1726 3472 illius
1775 3417 2109 3487 baptizantur

537 3509 764 3579 parvuli.
810 3508 914 3565 Sed
952 3511 1202 3580 quoniam
1242 3525 1425 3564 verum
1466 3508 1592 3564 dicit
1629 3509 1936 3579 Apostolus,
1980 3510 2109 3565 nulli

535 3599 900 3670 intelliguntur
942 3597 1169 3670 excepti.
1233 3598 1367 3654 Nam
1425 3598 1471 3652 si
1523 3599 1589 3655 de
1639 3599 1768 3654 solis
1820 3600 2109 3670 majoribus

536 3689 736 3746 dictum
767 3691 981 3761 putatis,
1011 3691 1100 3762 qui
1122 3689 1230 3762 jam
1262 3699 1478 3746 utuntur
1513 3691 1682 3746 libero
1711 3690 1959 3759 arbitrio,
1989 3705 2108 3746 cum

532 3781 673 3838 dicat
711 3783 832 3852 ille,
877 3783 1221 3854 Quicumque;
1267 3784 1464 3839 frustra
1501 3800 1595 3839 vos
1631 3791 1798 3840 terret
1844 3785 2108 3840 dominica

535 3873 622 3929 illa
649 3875 934 3942 sententia,
967 3873 1084 3929 Nisi
1113 3881 1222 3945 quis
1251 3883 1456 3929 renatus
1494 3875 1646 3947 fuerit
1683 3893 1746 3930 ea:
1770 3893 1900 3946 aqua
1928 3887 1976 3930 et
2001 3877 2109 3946 spi-

534 3965 656 4020 ritu.
685 3963 901 4022 llabetis
930 3965 1073 4021 enim
1099 3981 1346 4036 magnum
1374 3965 1744 4035 compendium
1771 3983 1784 4019 :
1811 3975 2110 4021 asseverate

535 4067 588 4114 ct
611 4057 714 4113 hoc
743 4058 809 4112 de
834 4058 961 4113 solis
990 4053 1278 4126 majoribus
1302 4056 1522 4124 dictum,
1557 4071 1887 4128 nequaquam
1913 4071 2112 4129 parvu-

535 4149 618 4204 los
647 4151 746 4205 ista
771 4150 1115 4221 generalitate
1161 4149 1423 4205 concludi.
1473 4145 1542 4205 Et
1583 4151 1708 4220 quid
1737 4153 1886 4206 vobis
1925 4161 2004 4206 est
2043 4153 2110 4207 de

534 4241 832 4310 qurestione
850 4241 1185 4310 Baptismatis
1207 4241 1470 4308 laborare,
1493 4251 1669 4295 utrum
1697 4243 1766 4296 sit
1787 4242 1891 4297 vita
1913 4252 2110 4299 acterna

535 4341 735 4400 praeter
777 4347 998 4402 regnum
1042 4331 1155 4400 Dei,
1202 4349 1270 4387 an
1315 4333 1420 4387 vita
1466 4339 1661 4388 mterna
1701 4335 1940 4403 privandi
1982 4337 2108 4404 sint,

535 4421 846 4480 innocentes
875 4433 950 4478 tot
974 4425 1230 4494 imagines
1253 4425 1364 4492 Dei,
1389 4439 1452 4480 ac
1478 4441 1572 4496 per
1593 4425 1694 4482 hoc
1718 4437 1915 4482 veterna
1943 4437 2112 4486 morte

534 4513 873 4583 plectendte?
911 4513 966 4571 Si
990 4523 1168 4571 autem
1213 4515 1316 4572 hoc
1355 4515 1531 4572 dicere
1573 4515 1680 4572 non
1718 4519 1945 4588 audetis,
1975 4533 2110 4590 quo-

538 4605 680 4660 niam
725 4607 1092 4663 universaliter
1133 4607 1338 4677 prolata
1385 4605 1643 4664 sententia
1689 4609 1792 4677 est,
1839 4611 1959 4666 Nisi
1999 4614 2111 4683 quis

535 4705 739 4750 renatus
767 4699 919 4768 fuerit
946 4714 1008 4752 ea:
1046 4715 1176 4766 aqua
1200 4707 1250 4753 et
1274 4701 1483 4770 spiritu,
1511 4719 1610 4757 non
1641 4712 1798 4772 potest
1835 4703 2023 4760 intrare
2059 4708 2113 4760 in

535 4802 744 4858 regnum
779 4785 878 4840 Dei
921 4783 1108 4858 (Ioan.
1136 4803 1228 4856 tu,
1258 4789 1327 4860 5)
1363 4805 1379 4846 :
1425 4789 1612 4849 eadem
1655 4809 1748 4850 vos
1793 4797 2114 4852 universitas

537 4879 876 4950 comprimit,
923 4867 1132 4936 dicente
1179 4883 1469 4953 Apostolo,
1519 4885 1827 4961 Quicumque
1875 4889 2114 4960 baptizati

535 4987 712 5052 sumus
741 4972 793 5024 in
821 4969 1018 5026 Christo
1041 4969 1196 5040 Iesu,
1223 4973 1276 5028 in
1303 4983 1458 5030 morte
1485 4977 1621 5032 illius
1647 4979 1886 5050 baptizati
1920 4985 2111 5033 sumus.

537 5063 680 5136 Ergo
713 5073 767 5120 et
803 5063 1007 5134 parvuli
1047 5065 1134 5136 qui
1161 5065 1496 5137 baptizantur
1521 5069 1574 5122 in
1599 5067 1838 5132 Christo,
1865 5073 2113 5140 quoniam

537 5153 592 5209 in
617 5161 792 5210 morte
825 5154 991 5224 ipsius
1017 5155 1368 5225 baptizantur,
1393 5167 1609 5228 peccato
1637 5160 1952 5214 moriuntur.
1985 5159 2113 5218 inde

535 5247 682 5306 enim
728 5261 968 5316 connexa
1021 5257 1144 5304 sunt
1203 5248 1304 5304 ista
1351 5251 1648 5320 sequentia,
1704 5263 1824 5305 cum
1872 5251 2114 5324 superius

535 5339 737 5397 dictum
783 5349 957 5406 esset,
1003 5339 1105 5406 Qui
1145 5342 1330 5395 mortui
1369 5353 1550 5398 sumus
1591 5352 1824 5413 peccato,
1868 5345 2115 5414 quomodo

535 5435 754 5490 vivemus
777 5419 958 5490 in'eo?
997 5433 1128 5489 Nam
1159 5435 1303 5490 velut
1332 5443 1656 5516 quaereretur
1674 5475 1690 5502 ,
1720 5435 1846 5508 quid
1871 5445 1953 5493 est
1977 5439 2113 5494 mori

537 5527 799 5600 peccato?
845 5527 926 5582 An
970 5527 1250 5598 ignoratis,
1303 5527 1499 5598 inquit,
1545 5529 1782 5598 quoniam
1823 5530 2116 5604 quicumque

601 5681 625 5742 9
658 5685 710 5732 tn
731 5686 858 5742 uss,
880 5678 1231 5742 constituuntur
1252 5679 1408 5734 multi.

602 5741 628 5808 9
653 5739 863 5808 vsugau'i
883 5749 995 5808 Mss.
1032 5749 1084 5796 et
1105 5739 1432 5808 Floriaeensis,
1453 5741 1506 5797 in
1525 5749 1742 5802 mortem.
1759 5755 1924 5802 (il-nee
1947 5755 2114 5804 tamen

545 5804 772 5864 masta
792 5801 1007 5854 tlmato.

2211 461 2448 532 baptismi
2474 479 2648 520 sumus
2673 465 2725 519 in
2753 464 2951 520 Christo
2973 466 3098 522 Iesu
3117 509 3132 536 ,
3160 469 3216 522 in
3248 479 3406 527 morte
3431 471 3569 528 illius
3611 475 3781 547 bapti-

2206 556 2306 608 sati
2329 555 2548 610 sumus?
2595 557 2728 614 Hinc
2770 558 3005 629 probans
3045 561 3186 630 quod
3228 576 3388 633 supra
3428 565 3673 638 dixerat,
3719 569 3782 627 Si

2205 648 2390 702 mortui
2415 664 2586 702 sumus
2621 660 2840 718 peccato,
2867 654 3116 722 quomodo
3139 655 3356 712 vivemus
3379 659 3436 712 in
3461 675 3522 714 eo
3540 659 3568 715 .9
3609 671 3670 717 ut
3691 664 3782 734 qui

2207 753 2266 794 se
2305 757 2410 796 non
2454 742 2758 812 ignorarent
2801 745 2852 798 in
2889 754 3062 801 morte
3085 745 3280 804 Christi
3319 750 3633 822 baptizatos,
3659 769 3781 812 cum

2207 835 2596 906 baptizarentur
2638 837 2691 892 in
2727 835 2960 915 Christo,
3001 839 3199 898 scirent
3241 842 3400 897 etiam
3443 857 3503 900 se
3543 855 3782 902 mortuos

2206 941 2326 982 esse
2364 933 2614 997 peccato;
2660 928 2782 998 quia
2800 928 2944 982 .nihil
2984 937 3068 984 est
3106 931 3248 985 aliud
3291 932 3346 987 in
3387 945 3560 991 morte
3581 935 3780 993 Christi

2206 1017 2498 1086 baptizari,
2533 1019 2633 1072 nisi
2675 1027 2894 1087 peccato
2923 1020 3078 1073 mori.
3123 1021 3234 1075 lloc
3276 1022 3579 1094 diligentius
3617 1042 3782 1098 expo-

2208 1123 2340 1162 nens
2369 1108 2627 1178 adjungit,
2657 1117 2712 1164 et
2731 1109 2860 1164 dicit
2887 1127 2899 1163 :
2929 1108 3220 1180 Consepulti
3249 1129 3372 1185 ergo
3396 1131 3568 1170 sumus
3591 1117 3666 1170 illi
3693 1135 3781 1188 per

2205 1199 2522 1270 Baptismum
2545 1200 2598 1253 in
2623 1209 2854 1267 mortem,
2881 1209 2936 1254 ut
2958 1203 3376 1270 quemadmodum
3399 1209 3616 1262 surrexit
3637 1207 3781 1263 Chri-

2204 1303 2310 1347 stus
2333 1310 2364 1346 a
2393 1294 2600 1348 mortuis
2626 1310 2718 1362 per
2748 1293 2960 1364 gloriam
2986 1293 3180 1364 Patris,
3204 1298 3278 1352 ita
3299 1307 3346 1353 et
3370 1316 3462 1356 nos
3485 1301 3540 1354 in
3565 1304 3780 1357 novitate

2203 1384 2318 1438 vita
2354 1384 2681 1439 ambulemus.
2713 1385 2942 1441 Sienim
2967 1388 3292 1457 complantati
3326 1407 3502 1446 sumus
3535 1392 3780 1447 similitu-

2205 1483 2313 1536 dini
2329 1483 2502 1537 mortis
2511 1484 2618 1554 ejus
2635 1499 2654 1550 ;
2676 1483 2746 1538 sic
2757 1493 2802 1538 et
2819 1483 2892 1555 (a)
2906 1486 3283 1540 resurrectionis
3297 1489 3480 1542 erimus
3501 1503 3521 1542 :
3547 1489 3642 1542 hoc
3677 1490 3778 1543 sci-

2202 1581 2360 1640 entes,
2396 1573 2514 1644 quia
2551 1583 2686 1628 vctus
2719 1575 2867 1628 homo
2895 1584 3060 1630 noster
3097 1577 3248 1630 simul
3281 1578 3554 1646 crucifixus
3590 1588 3682 1644 est,
3723 1587 3780 1634 ut

2203 1674 2464 1720 evacuetur
2499 1681 2684 1736 corpus
2721 1667 2944 1737 peccati,
2969 1674 3022 1719 ut
3053 1667 3191 1720 ultra
3223 1683 3322 1721 non
3349 1670 3622 1724 serviamus
3661 1687 3780 1740 pec-

2204 1767 2333 1812 cato.
2367 1757 2466 1823 Qui
2505 1758 2636 1812 enim
2669 1766 2898 1812 mortuus
2931 1765 3033 1824 est,
3065 1758 3376 1828 justiﬁcatus
3404 1769 3476 1814 est
3499 1775 3532 1813 a
3557 1770 3780 1830 peccato.

2207 1850 2269 1905 Si
2313 1859 2478 1904 autem
2520 1852 2704 1904 mortui
2748 1867 2922 1906 sumus
2964 1867 3076 1905 cum
3115 1849 3338 1919 Christo,
3381 1852 3629 1906 credimus
3665 1854 3784 1923 quia

2203 1942 2355 1995 simul
2384 1941 2600 1995 vivemus
2630 1958 2742 1995 cum
2765 1943 2854 1996 illo
2886 1959 2905 1996 :
2937 1943 3146 1997 scientes
3179 1943 3298 2011 quia
3329 1941 3558 2002 Christus
3577 1959 3785 2013 surgens

2205 2049 2266 2087 ea:
2289 2033 2496 2086 mortuis
2522 2035 2633 2104 jam
2659 2050 2759 2088 non
2783 2035 3024 2102 moritur,
3049 2049 3184 2088 mors
3217 2032 3296 2088 illi
3322 2035 3458 2088 ultra
3483 2049 3586 2088 non
3617 2033 3780 2088 domi-

2205 2124 2422 2177 nabitur.
2455 2123 2604 2191 Quod
2643 2126 2774 2178 enim
2808 2133 3032 2179 mortuus
3072 2135 3146 2180 est
3184 2133 3387 2196 peccato
3407 2167 3422 2190 ,
3449 2135 3676 2180 mortuus
3711 2133 3786 2180 est

2203 2215 2355 2270 semel
2377 2230 2398 2269 ,ο
2420 2215 2555 2285 quod
2577 2225 2746 2269 autem
2765 2217 2899 2282 vivit,
2927 2217 3042 2270 vivit
3063 2217 3192 2271 Deo.
3223 2216 3306 2270 Ita
3328 2227 3374 2271 et
3399 2233 3484 2272 vos
3507 2217 3787 2272 eaistimate

2205 2323 2292 2362 vos
2329 2317 2554 2363 mortuos
2584 2309 2785 2378 quidem
2814 2325 2919 2363 esse
2954 2319 3156 2380 peccato
3174 2351 3188 2376 ,
3217 2313 3377 2366 vivere
3401 2319 3566 2365 autem
3585 2310 3692 2365 Deo
3728 2311 3785 2364 in

2207 2399 2406 2454 Christo
2431 2400 2558 2455 Iesu
2587 2403 2760 2473 (Rom.
2803 2418 2862 2469 v,
2885 2401 3022 2470 8-vt,
3051 2402 3164 2474 11).
3193 2403 3248 2458 Si
3273 2418 3402 2474 ergo
3429 2412 3648 2475 peccato
3673 2419 3782 2460 non

2205 2492 2507 2547 moriuntur
2532 2493 2758 2563 parvuli,
2783 2494 2966 2562 procul
2991 2493 3150 2550 dubio
3173 2495 3225 2549 in
3249 2493 3448 2550 Christi
3473 2503 3648 2551 morte
3671 2511 3782 2552 non

2207 2584 2559 2656 baptizantur.
2605 2585 2662 2642 Si
2705 2587 2756 2640 in
2805 2585 3003 2642 Christi
3061 2595 3232 2642 morte
3274 2603 3380 2642 non
3427 2587 3783 2657 baptizantur,

2206 2693 2315 2732 non
2347 2679 2398 2733 in
2425 2677 2639 2734 Christo
2673 2679 3026 2749 baptizantur.
3059 2679 3370 2750 Quicumque
3393 2681 3524 2734 enim
3549 2679 3787 2751 baptismi

2206 2785 2384 2824 sumus
2407 2771 2458 2823 in
2485 2769 2682 2826 Christo
2704 2770 2850 2837 Iesu,
2877 2771 2932 2824 in
2957 2779 3118 2825 morte
3143 2771 3308 2841 ipsius
3329 2769 3570 2842 baptisati
3590 2787 3782 2826 sumus.

2209 2861 2269 2916 ln
2295 2851 2504 2917 Christo
2535 2869 2711 2918 autem
2749 2863 3109 2932 baptizant'ur,
3153 2871 3376 2934 peccato
3401 2878 3526 2934 ergo
3552 2864 3784 2918 moriun-

2209 2961 2313 3007 tur.
2345 2953 2442 3009 Cui
2468 2963 2706 3024 peccato,
2735 2967 2916 3024 quazso
2941 2963 3012 3022 te,
3037 2955 3138 3008 nisi
3165 2954 3306 3024 quod
3335 2954 3591 3024 originale
3613 2963 3788 3010 traxe-

2211 3033 2391 3098 runt?
2448 3043 2947 3115 Argumentationes
2991 3045 3266 3100 hominum
3313 3047 3330 3078 ι
3371 3045 3730 3101 conticescant
3767 3062 3782 3100 :

2213 3137 2468 3192 Dominus
2495 3138 2642 3191 novit
2669 3138 3020 3208 cogitationes
3043 3137 3337 3204 hominum,
3361 3137 3610 3208 quoniam
3635 3151 3786 3194 vana:

2212 3233 2336 3284 s'unt
2374 3227 2542 3300 (Psal.
2568 3243 2720 3296 xcm,
2751 3229 2874 3300 11).
2915 3229 3210 3285 Abseondit
3238 3229 3352 3285 haec
3390 3245 3420 3284 a
3460 3229 3788 3299 sapientibus

2211 3329 2266 3375 et
2308 3321 2674 3390 prudentibus,
2703 3329 2760 3376 et‘
2801 3321 3054 3376 revelavit
3095 3335 3158 3376 ea
3199 3319 3434 3390 parvulis
3479 3319 3688 3392 (Matth.
3711 3335 3786 3390 tu,

2211 3411 2337 3484 ΞΒ).
2373 3411 2426 3467 Si
2465 3413 2558 3468 tibi
2587 3413 2874 3468 christiana
2901 3412 3029 3468 ﬁdes
3058 3411 3336 3484 displicet,
3365 3411 3598 3482 apertius
3623 3413 3791 3469 conﬁ-

2215 3513 2326 3560 tere
2357 3523 2370 3558 :
2403 3519 2524 3559 nam
2555 3505 2895 3561 christianam
2941 3503 3095 3558 ﬁdem
3140 3505 3299 3559 aliam
3325 3517 3432 3558 non
3459 3512 3612 3574 potes
3644 3504 3790 3559 inve-

2213 3597 2346 3650 nire.
2381 3595 2528 3652 Unus
2553 3596 2712 3650 homo
2738 3605 2819 3651 est
2852 3596 2917 3650 ad
2951 3603 3198 3660 mortem,
3226 3611 3364 3650 unus
3385 3595 3454 3650 ad
3477 3595 3659 3650 vitam.
3697 3593 3790 3650 Ille

2213 3695 2414 3742 tantum
2463 3689 2644 3756 homo,
2692 3689 2790 3743 iste
2836 3689 2974 3742 Dens
3012 3695 3068 3742 et
3109 3687 3268 3743 homo
3292 3689 3336 3743 ².
3381 3689 3486 3743 Per
3525 3687 3670 3742 illum
3707 3693 3791 3742 est

2215 3785 2440 3839 mundus
2477 3783 2722 3840 inimicus
2757 3783 2925 3840 factus
2949 3785 3062 3841 Deo
3091 3801 3105 3838 :
3134 3799 3231 3856 per
3265 3785 3423 3840 istum
3451 3781 3678 3839 mundus
3699 3797 3791 3838 re-

2214 3877 2524 3932 conciliatur
2563 3877 2675 3933 Deo
2722 3877 2921 3933 electus
2969 3893 3034 3933 ex
3082 3877 3300 3932 mundo.
3353 3876 3500 3931 Sicut
3547 3875 3690 3930 enim
3735 3873 3793 3930 in

2215 3965 2375 4020 Adam
2399 3984 2567 4022 omnes
2593 3969 2902 4033 moriuntur,
2933 3967 3004 4021 sic
3032 3975 3078 4022 et
3103 3969 3156 4021 in
3183 3968 3382 4023 Christo
3420 3981 3590 4021 omnes
3629 3965 3792 4035 viviﬁ-

2215 4058 2476 4113 cabuntur.
2527 4059 2670 4114 Sicut
2717 4059 3022 4130 portavimus
3061 4059 3332 4130 imaginem
3373 4058 3585 4122 terreni,
3626 4066 3794 4129 porteo

2215 4170 2327 4206 mus
2357 4151 2378 4183 ³
2414 4161 2460 4206 et
2501 4153 2766 4222 imaginem
2812 4153 2924 4222 ejus
2963 4151 3050 4222 qui
3091 4153 3152 4205 de
3195 4152 3318 4206 caelo
3356 4157 3430 4204 est
3473 4150 3524 4223 (l
3551 4149 3666 4205 Cor.
3700 4163 3792 4215 xv,

2215 4245 2308 4309 Ἡ,
2331 4243 2444 4314 49).
2475 4243 2598 4297 llaec
2623 4241 3037 4297 stabilitamenta
3069 4242 3188 4297 ﬁdei
3219 4242 3522 4296 christiana!
3557 4241 3646 4312 qui
3669 4239 3796 4296 sub-

2215 4345 2426 4393 vertere
2452 4337 2656 4402 nititur,
2689 4335 2954 4391 stantibus
2980 4335 3058 4390 eis
3092 4335 3206 4406 ipse
3237 4335 3582 4390 subvertitur.

2287 4429 2512 4486 CAPUT
2537 4429 2582 4485 ν
2606 4427 2775 4504 (b).—-
2799 4429 2888 4484 11.
2917 4427 3142 4483 Prorsus
3157 4427 3298 4498 quod
3316 4425 3518 4483 inlibro
3535 4425 3791 4492 meodixi,

2216 4523 2300 4580 cui
2329 4521 2534 4576 resistis
2552 4563 2565 4588 ,
2594 4535 2777 4576 verum
2804 4527 2886 4576 est
2911 4537 2926 4574 :
2963 4535 2982 4572 ι
3010 4519 3140 4574 Nam
3165 4518 3307 4590 quod
3335 4517 3610 4574 dimissum
3633 4525 3713 4574 est
3739 4516 3794 4570 in

2219 4623 2471 4688 parente,
2502 4623 2559 4669 ut
2601 4613 2840 4668 trahatur
2880 4613 2932 4667 in
2962 4611 3116 4683 prole
3139 4654 3155 4680 ,
3195 4611 3346 4666 miris
3373 4610 3585 4681 quidem
3623 4605 3792 4662 modis

2218 4709 2306 4776 ﬁt,
2351 4709 2445 4764 sed
2476 4715 2651 4764 tamen
2685 4697 2743 4762 ﬁt
2769 4724 2782 4760 :
2816 4715 2870 4762 et
2895 4701 3014 4775 quia
3044 4705 3232 4760 modus
3259 4705 3372 4774 ipse
3408 4717 3514 4756 non
3536 4700 3674 4755 facili
3703 4713 3790 4753 ra-

2221 4789 2363 4856 tione
2389 4799 2698 4871 indagatur,
2733 4811 2833 4853 nec
2866 4809 3116 4851 sermone
3141 4794 3452 4864 explicatur,
3477 4790 3545 4846 ab
3567 4788 3792 4844 inﬁdeli-

2219 4895 2318 4950 bus
2348 4910 2454 4950 non
2481 4893 2715 4948 creditur
2749 4910 2767 4943 ι
2805 4889 2904 4965 (De
2929 4887 3140 4958 Nuptiis
3161 4895 3206 4940 et
3233 4882 3664 4954 Concupisccntia,
3690 4881 3786 4938 lib.

2221 4987 2270 5051 1,
2307 5004 2358 5039 n.
2387 4985 2502 5056 21).
2527 4983 2729 5050 Quibus
2758 4977 2932 5036 verbis
2958 4980 3090 5033 meis
3127 4973 3392 5031 insidiaris
3437 4971 3788 5039 mendaciter,

2219 5077 2370 5148 quasi
2382 5077 2626 5142 dixerim,
2651 5093 2670 5128 ‹
2696 5090 2793 5130 nec
2808 5074 3007 5128 ratione
3022 5065 3420 5138 comprehendi,
3437 5079 3534 5120 nec
3549 5079 3799 5120 sermone

2219 5168 2510 5238 explicari;
2545 5186 2564 5221 ι
2610 5165 2924 5222 subtrahens
2957 5161 3078 5216 inde
3108 5159 3248 5230 quod
3273 5159 3404 5228 dixi,
3441 5175 3462 5212 ι
3489 5171 3596 5213 non
3614 5157 3752 5213 facili
3773 5175 3794 5211 ι

2220 5264 2334 5319 sive
2355 5282 2374 5316 ι
2405 5263 2607 5318 ratione
2644 5281 2662 5314 ι
2701 5261 2814 5314 sive
2845 5276 2864 5310 ε
2893 5269 3158 5311 sermone.
3191 5273 3211 5307 ι
3239 5253 3398 5309 Aliud
3425 5260 3508 5308 est
3535 5269 3556 5305 ι
3585 5251 3744 5318 nulla,
3773 5265 3794 5302 ι

2224 5355 2365 5428 quod
2383 5365 2438 5410 tu
2464 5353 2626 5418 dicis;
2659 5350 2802 5406 aliud
2827 5360 2907 5405 est
2940 5367 2959 5401 ι
2987 5363 3094 5402 non
3123 5347 3283 5414 facili,
3316 5365 3336 5399 ι
3367 5345 3510 5417 quod
3525 5357 3626 5416 ego
3646 5341 3748 5397 dixi
3783 5357 3800 5396 :

2223 5451 2313 5508 ubi
2342 5449 2468 5522 quid
2495 5443 2635 5504 aliud
2662 5459 2820 5518 quam
2861 5443 3226 5500 calumniosus
3279 5439 3544 5512 appares?
3575 5435 3676 5492 Sed
3701 5433 3804 5490 etsi

2287 5567 2306 5634 ξ
2339 5563 2656 5634 “macelli,”

2285 5617 3262 5738 :gduatuorlss..isteett)euse§honto.
3333 5690 3334 5696 γ

2295 5751 2350 5756 Η
2405 5689 2566 5747 ninia
2586 5681 3334 5756 portentuszabestntgaman

2393 5743 2556 5810 Forte,
2575 5743 2662 5800 sed
2683 5753 2750 5806 et,
2763 5752 2818 5796 ut
2837 5743 2979 5810 infra,
3003 5759 3054 5796 ιι.
3079 5743 3152 5796 15.

2393 5757 2556 5810 Forte,
2575 5751 2662 5800 sed
2683 5753 2750 5806 et,
2763 5752 2818 5796 ut
2837 5751 2916 5795 inti

2287 5751 2365 5876 illi;
2397 5811 2532 5878 Apud
2555 5818 2658 5860 Am.
2681 5815 2736 5860 et
2753 5815 2852 5870 En,
2867 5805 2916 5858 9.
