4142 6536
435 661 574 721 nulla
604 648 815 715 ratione
839 655 1137 727 indagetur,
1160 651 1305 708 nullo
1320 665 1567 707 sermone
1595 651 1889 725 explicetur
1909 671 1921 707 :
1938 668 2034 709 ve-

436 776 553 819 rum
577 769 749 815 tamen
794 762 880 821 est
913 750 1057 824 quod
1105 749 1393 823 antiquitus
1421 749 1598 806 veraci
1627 750 1730 805 ﬁde
1771 748 2032 806 catholica

430 848 751 927 praedicatur
776 851 830 900 et
848 838 1085 899 creditur
1100 856 1195 919 per
1215 839 1509 899 Ecclesiam
1530 849 1691 895 totam
1713 856 1726 905 ;
1755 855 1873 910 qua:
1894 838 2032 897 ﬁlios

438 939 671 996 ﬁdelium
694 953 794 995 nec
817 935 1166 1005 exorcizaret,
1198 946 1299 989 nec
1339 932 1663 999 exsulﬁaret,
1706 931 1751 986 si
1790 947 1896 987 non
1936 946 2032 989 eos

440 1032 506 1089 de
534 1038 800 1104 potestate
826 1026 1191 1092 tenebrarum,
1223 1033 1277 1081 et
1306 1041 1335 1081 a
1362 1025 1601 1097 principe
1640 1024 1829 1081 mortis
1874 1040 2030 1081 erue-

436 1132 552 1197 ret;
606 1122 751 1199 quod
776 1122 831 1178 in
872 1118 1009 1175 libro
1042 1132 1198 1185 meo,
1243 1117 1329 1173 cui
1352 1116 1500 1173 velut
1524 1114 1849 1186 respondes,
1883 1131 1913 1171 a
1942 1132 2028 1174 me

436 1226 674 1297 posttum
714 1210 905 1287 est(De
928 1210 1095 1282 Nupt.
1120 1219 1167 1265 et
1195 1204 1821 1282 C0ncup.,lt°b.l,n.22):
1849 1204 1942 1265 sed
1972 1209 2026 1265 id

443 1298 502 1367 tu
527 1320 939 1369 commemorare
967 1303 1209 1379 timuisti,
1245 1312 1494 1375 tanquam
1522 1302 1637 1374 ipse
1661 1302 1728 1358 ab
1753 1301 1884 1359 orbe
1911 1310 2024 1358 toto

445 1397 799 1460 eisuﬂlaudus
821 1413 970 1455 esses
986 1440 1003 1469 ,
1040 1398 1086 1454 si
1113 1397 1237 1452 huic
1261 1396 1622 1452 exsumationi
1648 1409 1751 1466 qua
1774 1396 2023 1469 princeps

442 1492 621 1549 mundi
649 1500 754 1547 eta
778 1490 1011 1567 parvulis
1050 1488 1259 1561 ejicitur
1303 1487 1479 1554 foras,
1523 1486 1886 1544 contradicere
1929 1501 2058 1542 νου

436 1584 649 1640 iuisses.
694 1580 917 1638 Frustra
960 1589 1013 1637 te
1055 1580 1330 1651 intorques
1355 1577 1902 1651 argumentationibus
1929 1593 2023 1633 va-

434 1676 520 1733 nis
537 1718 555 1745 ,
583 1691 692 1733 non
716 1674 974 1731 adversus
1002 1689 1110 1747 me,
1141 1672 1235 1729 sed
1264 1671 1519 1728 adversus
1543 1686 1880 1727 communem
1906 1660 2021 1728 nia-

430 1778 567 1839 trem
612 1767 976 1839 spiritualem;
1017 1780 1137 1839 qua:
1162 1779 1267 1821 non
1311 1774 1363 1820 te
1389 1763 1545 1821 aliter
1585 1765 1825 1837 peperit,
1858 1779 2018 1835 quam

432 1861 573 1919 sicut
590 1861 702 1932 jam
723 1874 831 1917 non
853 1860 934 1915 vis
959 1867 1018 1915 ut
1044 1859 1243 1933 pariat;
1268 1865 1451 1915 contra
1476 1856 1627 1928 cujus
1655 1857 1858 1912 viscera
1887 1855 2017 1912 satis

432 1936 602 2025 acutis
641 1953 762 2015 telis
788 1953 883 2009 tibi
912 1950 1111 2007 videris
1132 1959 1371 2028 armatus
1390 1990 1406 2021 ,
1437 1949 1505 2005 de
1527 1948 1732 2020 justitia
1756 1948 1851 2027 Dei
1880 1964 2014 2005 con.

434 2057 539 2113 tra-
551 2047 815 2127 justitiam
843 2046 979 2117 Dei,
1027 2045 1095 2102 de
1121 2044 1291 2119 gratia
1316 2044 1412 2100 Dei
1451 2052 1636 2100 contra
1663 2045 1887 2116 gratiam
1917 2044 2015 2101 Dei

427 2140 686 2213 Colligens
708 2145 1044 2211 argumenta.
1071 2135 1223 2197 Tunc
1241 2137 1385 2192 enim
1414 2146 1495 2193 est
1524 2135 1619 2191 Dei
1637 2152 1762 2192 vera
1786 2134 2008 2209 justitia,

426 2235 473 2297 si
517 2249 684 2311 grave
720 2233 909 2311 jugum
953 2246 1116 2304 super
1161 2230 1301 2287 ﬁlios
1342 2229 1512 2286 Adam
1545 2246 1576 2285 a
1604 2229 1691 2286 die
1732 2231 1903 2287 exitus
1945 2229 2013 2286 de

427 2334 612 2384 ventre
631 2325 816 2380 matris
841 2338 1028 2379 eorum
1055 2319 1241 2397 (Eccli.
1272 2336 1342 2377 χι.
1360 2362 1378 2390 ,
1408 2319 1461 2395 1)
1496 2337 1603 2377 non
1630 2325 1700 2377 sit
1732 2321 2009 2393 injustum.

426 2406 706 2483 Quomodo
745 2422 922 2472 autem
958 2429 1067 2471 non
1100 2422 1183 2469 est
1224 2411 1478 2485 injustum
1513 2413 1696 2485 jugum
1727 2429 1920 2485 grave,
1964 2415 2012 2470 si

427 2506 632 2569 nullum
663 2515 746 2563 est
771 2506 826 2569 in
863 2504 1099 2577 parvulis
1129 2503 1369 2575 malum,
1411 2514 1638 2582 ’pr0pter
1684 2504 1826 2577 quod
1865 2505 2012 2576 juste

426 2598 555 2675 jugo
583 2606 895 2669 premantur
930 2596 1111 2677 gravi?
1157 2594 1309 2652 Tunc
1334 2603 1417 2653 est
1450 2611 1576 2652 vera
1607 2596 1701 2654 Dei
1728 2597 1897 2671 gratia
1917 2640 1933 2665 ,
1963 2598 2011 2654 si

432 2687 537 2749 hoc
578 2690 741 2747 rebus
780 2686 1052 2756 exhibeat,
1100 2686 1243 2764 quod
1288 2687 1465 2763 verbis
1505 2698 1679 2743 sonat.
1728 2686 2009 2756 Quomodo

426 2787 607 2841 autem
639 2779 741 2835 hoc
778 2776 901 2835 iacit
923 2820 939 2849 ,
981 2777 1026 2834 si
1055 2793 1176 2835 eum
1205 2777 1458 2835 exsufﬁat
1502 2779 1554 2836 in
1594 2794 1701 2851 quo
1726 2780 1871 2835 novit
1902 2794 2008 2835 non

424 2885 544 2928 esse
573 2871 715 2943 quod
744 2871 908 2943 pellat
930 2912 948 2939 ,
975 2873 1021 2929 si
1047 2887 1171 2929 eum
1200 2864 1341 2928 lavat
1368 2872 1421 2928 in
1452 2887 1557 2944 quo
1582 2873 1729 2928 novit
1758 2864 1862 2929 non
1889 2888 2010 2931 esse

425 2963 567 3039 quod
589 2964 805 3019 abluat?

498 3055 584 3111 12.
610 3055 876 3127 Numquid
914 3055 1002 3114 vel
1031 3056 1126 3115 tibi
1152 3056 1237 3116 vel
1277 3057 1602 3130 quibuslibet
1642 3060 2009 3137 consectaneis

424 3143 527 3201 tuis
554 3145 573 3177 ¹
600 3145 797 3218 aliquid
846 3146 1377 3217 dicere-videreris,
1419 3148 1466 3205 si
1513 3156 1768 3220 quantum
1811 3150 1881 3205 sit
1926 3148 2010 3224 (ut

423 3252 492 3297 ex
534 3252 598 3294 ea
636 3247 821 3301 natum
859 3254 1082 3301 necesse
1122 3239 1193 3297 sit
1229 3226 1473 3311 renasci,
1520 3255 1626 3296 non
1665 3248 1909 3301 renatum
1938 3243 2009 3298 sit

424 3343 646 3389 necesse
689 3330 931 3393 damnari
958 3331 1014 3403 ¹)
1057 3330 1257 3389 malum
1300 3333 1745 3404 concupiscentia:
1792 3335 2000 3402 carnis,

423 3423 701 3487 sanctitate
726 3424 920 3480 mentis
950 3423 1187 3495 cogitare
1213 3424 1443 3496 possetis
1478 3441 1492 3480 :
1521 3432 1576 3481 et
1602 3425 1728 3496 quid
1759 3425 1999 3482 conferat

424 3513 595 3593 gratia
618 3554 635 3588 ρ
665 3528 782 3571 cum
806 3523 1013 3571 reatum
1041 3514 1158 3587 ejus
1192 3513 1421 3571 absolvit
1441 3554 1458 3583 ,
1499 3530 1606 3586 quo
1642 3514 1870 3572 faciebat
1896 3516 2005 3571 ori-

422 3606 672 3678 ginaliter
694 3606 961 3667 hominem
985 3623 1136 3666 reum
1157 3648 1173 3674 ,
1200 3607 1412 3685 quando
1439 3608 1498 3662 lit
1535 3608 1587 3663 in
1620 3607 1710 3664 illo
1735 3609 1890 3679 plena
1920 3623 2008 3665 re-

638 3709 977 3777 peccatorum
1004 3701 1064 3771 ³;
1093 3701 1335 3773 quamvis
1365 3701 1479 3770 ipsa
1499 3709 1791 3775 remaneat,
1818 3708 2006 3757 contra

423 3806 582 3867 quam
609 3806 861 3863 regenera
871 3793 905 3847 ti
929 3793 1148 3869 spiritus
1163 3793 1523 3863 concupiscat,
1540 3800 1633 3847 aut
1654 3792 1789 3850 bene
1808 3784 2006 3850 usurus

418 3884 523 3940 hoc
552 3885 693 3941 malo
716 3886 771 3941 in
800 3885 1004 3943 minore
1022 3886 1345 3952 certamine,
1378 3892 1470 3940 aut
1494 3885 1711 3947 omnino
1737 3900 1843 3940 non
1871 3899 2003 3941 usu-

416 3991 509 4035 rus
553 3977 608 4033 in
645 3977 852 4049 majore
896 3978 1233 4034 certamine?
1280 3976 1423 4033 inest
1450 3977 1592 4033 enim
1625 3991 1815 4035 sensus
1845 3978 2005 4050 hujus

417 4068 583 4139 mali,
612 4068 739 4126 dum
768 4064 1061 4126 reluctatur
1089 4076 1248 4142 atque
1272 4068 1567 4125 cohibetur.
1599 4068 1797 4125 Beatus
1823 4078 2005 4126 autem

417 4159 526 4228 ille,
554 4160 642 4232 qui
664 4160 779 4216 sola
801 4148 1208 4234 regeneratiOne
1230 4160 1532 4227 dimittitur,
1552 4160 2001 4233 quemadmodum

417 4265 543 4308 cum
588 4253 790 4309 inesset
835 4268 943 4309 non
986 4252 1348 4327 sentiebatur;
1395 4254 1469 4309 ita
1506 4252 1624 4324 ejus
1657 4252 1859 4308 ablatio
1897 4252 2004 4309 ﬁde
2066 4312 2071 4323 ,

420 4344 671 4408 creditur.
702 4359 810 4400 non
833 4360 995 4403 carne
1017 4345 1100 4402 vel
1128 4354 1306 4401 mente
1330 4344 1573 4401 sentitur.
1604 4342 1730 4402 ideo
1759 4346 1814 4399 in
1842 4344 2002 4416 hujus

419 4434 499 4490 rei
532 4435 853 4499 obscuritate
881 4444 934 4494 te
964 4436 1136 4508 jactas
1160 4476 1176 4504 ,
1218 4445 1277 4493 et
1296 4422 1549 4493 adversus
1577 4436 1852 4492 veritatem
1880 4452 2002 4515 quas

418 4529 629 4589 ostendi
675 4529 951 4591 hominum
992 4524 1221 4591 maxime
1265 4529 1561 4589 carnalium
1601 4528 1850 4589 sensibus
1893 4543 2002 4601 non

415 4628 616 4693 potest,
634 4628 835 4697 quanto
850 4621 1017 4691 magis
1044 4604 1103 4676 ut
1120 4629 1271 4693 putas
1295 4620 1513 4685 acriter,
1543 4625 1690 4675 tanto
1714 4618 1885 4690 magis
1912 4617 2000 4673 in-

412 4712 648 4771 ﬁdeliter
666 4727 897 4785 pugnas.

481 4807 569 4865 i3.
602 4805 714 4863 Sed

473 4905 622 4953 Verte
643 4911 822 4955 omnes
843 4905 950 4953 tete
969 4899 1024 4953 in
1047 4897 1199 4960 acies
1213 4932 1230 4959 ,
1250 4902 1307 4960 et
1326 4896 1559 4949 contrahe
1580 4893 1816 4960 quidquid

477 4961 585 5012 sive
607 4960 808 5023 animis,
829 4962 936 5011 sive
955 4967 1062 5012 arte
1082 4957 1226 5011 vales
1238 4959 1312 5023 (a)
1338 4972 1352 5009 :

419 5042 726 5116 Quicumque
757 5044 1000 5115 baptisati
1024 5059 1198 5099 sumus
1238 5042 1294 5097 in
1325 5036 1527 5099 Christo
1551 5039 1678 5097 Jesu
1697 5082 1712 5110 ,
1751 5041 1805 5095 in
1841 5048 2003 5096 morte

416 5135 571 5207 ipsius
599 5136 838 5208 baptizati
864 5152 1057 5192 sumus.
1102 5134 1245 5208 Ergo
1275 5150 1459 5191 verum
1496 5143 1579 5189 est
1619 5147 1717 5189 nos
1760 5141 2002 5189 mortuos
2032 5149 2042 5163 ⁸

417 5240 537 5285 esse
562 5239 780 5301 peccato
804 5229 856 5283 in
884 5236 1060 5284 morte
1083 5225 1304 5295 Christi,
1338 5241 1456 5298 quae
1485 5225 1583 5280 fuit
1609 5225 1720 5281 sine
1743 5233 1996 5295 peccato:
2060 5248 2065 5257 ~

417 5336 483 5379 ac
505 5338 599 5397 per
640 5321 742 5379 hoc
780 5331 834 5380 et
860 5322 1094 5394 majores
1117 5331 1170 5378 et
1197 5321 1422 5393 parvuli.
1466 5319 1647 5391 Neque
1673 5318 1817 5374 enim
1846 5317 1922 5373 illi
1948 5328 2004 5374 et
2056 5328 2059 5331 '

420 5429 528 5469 non
555 5414 676 5482 isti,
708 5424 798 5470 aut
828 5415 918 5471 isti
945 5422 1002 5471 et
1030 5428 1136 5470 non
1168 5412 1246 5470 illi
1277 5431 1291 5467 :
1322 5412 1423 5469 Sed
1440 5412 1734 5483 quicumque
1760 5410 2001 5481 baptismi

414 5524 586 5562 sumus
613 5506 666 5562 in
693 5504 888 5562 Christo
915 5507 1041 5563 .lesu
1064 5549 1080 5575 ,
1107 5507 1163 5561 in
1187 5514 1343 5561 morte
1366 5504 1503 5559 illius
1533 5503 1774 5574 baptizati
1801 5518 1997 5558 sumus.

474 5641 749 5711 {Quinque
791 5642 1003 5711 Vaticani
1039 5647 1246 5707 met
1295 5640 1392 5691 duo
1445 5636 1699 5700 Gallicani,
1758 5642 2001 5690 consenta-
2060 5704 2063 5709 ι

376 5793 383 5797 -
1606 5762 1834 5813 omium
1853 5760 2004 5813 ﬁdem

415 5829 613 5880 codices
631 5828 851 5892 quinque
872 5825 1086 5879 Vaticani
1118 5834 1172 5877 et
1191 5826 1289 5875 duo
1304 5825 1548 5878 Gallicani.
1727 5885 1735 5892 _

473 5892 495 5923 ι
527 5888 961 5952 Florlaeensisjs.
1006 5888 1221 5949 sectanda
1260 5900 1403 5943 metu]
1421 5894 1697 5949 eorreaus,
1719 5900 1770 5939 tn
1798 5885 1883 5939 illo
1913 5900 2001 5952 per

410 5950 762 6017 εαηιητηίξείο
781 5956 1109 6017 peccamen:

473 6014 547 6071 (al
579 6015 738 6065 verba
757 6009 959 6075 Virgilii,
982 6014 1068 6066 lib.
1096 6012 1157 6063 t2
1176 6011 1383 6078 ωθωη
1407 6023 1539 6065 vers.
1564 6010 1673 6074 889,
1690 6009 1799 6063 890.

1816 534 2019 592 LIBER
2056 535 2343 596 SEXTUS.

3611 560 3718 621 830

2144 653 2433 729 Consepulti
2468 676 2587 733 ergo
2626 679 2795 721 sumus
2817 666 2896 723 illi
2925 686 3014 741 per
3051 669 3366 740 Baptismum
3402 675 3455 730 in
3482 686 3712 733 mortem.

2138 746 2257 804 Non
2282 750 2405 839 sine
2442 753 2672 824 parvulis
2703 775 2715 811 :
2746 760 2995 829 quoniam
3030 765 3321 838 quicumque
3357 767 3595 839 baptizati
3626 785 3712 824 su-

2138 857 2251 897 mus
2286 841 2338 896 in
2371 824 2566 900 Christo
2594 844 2717 901 Jesu
2742 889 2754 913 ,
2787 850 2841 904 in
2882 862 3038 907 morte
3072 853 3211 910 illius
3238 824 3477 929 haptizati
3517 877 3710 915 sumus.

2145 932 2215 990 Ut
2240 938 2662 1021 quemadmodum
2700 945 2918 998 surrexit
2954 945 3181 1003 Christus
3205 965 3237 1002 a
3260 953 3469 1006 mortuis
3493 970 3582 1024 per
3601 954 3714 1024 glo-

2135 1025 2268 1080 riam
2294 1025 2496 1095 Patris,
2527 1030 2598 1084 ita
2630 1040 2678 1086 et
2702 1049 2794 1087 nos
2819 1034 2873 1088 in
2902 1036 3120 1091 novitate
3148 1039 3261 1094 vitta
3286 1040 3614 1098 ambulemus.
3648 1045 3710 1099 Si

2135 1120 2268 1174 enim
2294 1124 2623 1194 complantati
2658 1126 2846 1198 fuimus
2879 1128 3197 1199 similitudini
3235 1135 3412 1188 mortis
3438 1137 3576 1207 ejus,
3622 1138 3711 1192 sed

2134 1222 2182 1267 et
2209 1217 2587 1273 resurrectionis
2614 1220 2817 1275 erimus.
2862 1219 2959 1276 llic
2987 1232 3110 1277 sunt
3128 1234 3181 1279 et
3208 1227 3410 1296 parvuli
3432 1230 3710 1299 complan-

2131 1307 2226 1360 tati
2270 1306 2602 1364 similitudini
2648 1312 2835 1367 mortis
2882 1311 3017 1383 ejus.
3070 1313 3183 1370 Hoc
3229 1317 3371 1372 enim
3413 1318 3481 1374 ad
3520 1334 3709 1376 omnes

2129 1397 2361 1467 pertinet
2399 1399 2718 1471 quicumque
2756 1401 3005 1471 baptizati
3032 1417 3216 1460 sumus
3242 1405 3298 1460 in
3322 1405 3535 1462 Christo
3560 1408 3707 1464 Jesu.

2130 1489 2248 1545 Hoc
2273 1492 2481 1548 scientes
2502 1536 2515 1559 ,
2564 1496 2681 1565 quia
2710 1503 2848 1551 vetus
2876 1495 3023 1551 homo
3063 1474 3232 1553 noster
3259 1500 3411 1555 simul
3434 1502 3707 1572 cruciﬁxus

2127 1590 2220 1638 est.
2266 1582 2502 1653 Quorum
2549 1594 2700 1641 vetus
2738 1586 2935 1655 homo,
2981 1586 3085 1644 nisi
3128 1590 3427 1662 quicumque
3469 1592 3711 1663 baptizati

2123 1674 2301 1732 sumus
2315 1677 2366 1732 in
2383 1677 2583 1734 Christo
2606 1679 2632 1734 ?
2659 1678 2756 1736 Hic
2786 1678 2962 1753 itaque
2978 1696 3330 1753 agnoscamus
3357 1691 3411 1741 et
3434 1686 3707 1754 parvulos,

2124 1770 2249 1842 quia
2274 1779 2328 1826 et
2356 1770 2500 1841 ipsos
2540 1772 2835 1845 baptizatos
2865 1790 2969 1829 non
3010 1790 3262 1847 negamus
3287 1776 3341 1832 in
3368 1776 3600 1834 Christo.
3644 1779 3711 1835 Et

2123 1860 2308 1932 utquid
2334 1862 2488 1917 simul
2516 1864 2789 1935 cruciﬁxus
2814 1873 2887 1920 est
2917 1874 3053 1920 vetus
3076 1865 3224 1921 homo
3254 1876 3417 1922 noster
3438 1868 3464 1922 ?
3505 1866 3572 1924 Ut
3601 1885 3709 1924 eva-

2122 1962 2296 2008 cuetur
2317 1996 2331 2018 ,
2359 1953 2528 2025 inquit
2554 1996 2568 2023 ,
2607 1972 2791 2028 corpus
2815 1958 3043 2028 peccati,
3075 1969 3129 2013 ut
3153 1960 3290 2015 ultra
3310 1978 3409 2016 non
3435 1962 3707 2017 serviamus

2121 2055 2348 2118 peccato.
2383 2046 2606 2119 Propter
2626 2048 2729 2103 hoc
2753 2064 2947 2122 corpus
2985 2051 3218 2120 peccati,
3258 2053 3403 2108 misit
3440 2053 3579 2109 Deus
3618 2054 3708 2110 Fi-

2122 2136 2252 2192 lium
2282 2153 2436 2212 suum
2464 2138 2516 2193 in
2553 2139 2901 2197 similitudine
2943 2143 3118 2197 carnis
3147 2144 3349 2213 peccati
3376 2144 3552 2215 (Rom.
3583 2162 3700 2215 Vill,

2120 2228 2200 2303 3).
2244 2228 2358 2298 Qua
2400 2229 2559 2303 igitur
2592 2230 2916 2303 impudentia
2952 2248 3208 2305 negamus
3246 2237 3405 2291 etiam
3446 2238 3698 2308 parvulos

2120 2335 2316 2393 corpus
2346 2321 2545 2379 habere
2570 2325 2814 2394 peccati,
2846 2340 2967 2380 cum
2998 2324 3101 2380 hoc
3121 2326 3262 2397 quod
3285 2326 3433 2394 dicit,
3463 2328 3702 2385 omnium

2093 2411 2191 2485 Isit
2217 2412 2534 2484 quicumque
2572 2413 2821 2485 baptizati
2851 2430 3035 2471 sumus
3061 2415 3113 2471 in
3143 2415 3397 2472 Christo?
3445 2418 3545 2486 Qui
3571 2419 3705 2475 enim

2117 2511 2344 2558 mortuus
2371 2513 2480 2571 est,
2515 2505 2832 2576 justiﬁcatus
2858 2515 2933 2561 est
2963 2523 2993 2558 a
3023 2517 3245 2578 peccato.
3292 2506 3353 2563 Si
3376 2518 3543 2562 autent
3569 2526 3705 2564 mor-

2119 2595 2194 2653 tui
2219 2611 2391 2649 sumus
2418 2612 2532 2649 cum
2556 2594 2777 2659 Christo.
2807 2597 3054 2652 credimus
3077 2597 3195 2666 quia
3214 2598 3366 2653 simul
3386 2599 3538 2653 etiam
3562 2600 3697 2656 vive-

2088 2700 2232 2763 bmus
2265 2701 2378 2739 cum
2420 2684 2660 2752 Christo;
2704 2695 2913 2741 scientes
2953 2687 3072 2758 quia
3118 2686 3347 2743 Christus
3388 2706 3601 2762 surgens
3640 2706 3706 2746 ea:

2117 2776 2327 2829 mortuis
2356 2777 2470 2848 jam
2500 2793 2602 2831 non
2635 2777 2880 2845 moritur,
2931 2794 3067 2832 mors
3092 2777 3141 2832 ei
3163 2779 3299 2833 ultt'a
3335 2796 3439 2834 non
3466 2780 3705 2835 domina-

2116 2867 2267 2923 bitur.
2298 2866 2449 2936 Quod
2476 2870 2608 2925 enim
2631 2880 2860 2925 mortuus
2889 2879 2963 2925 est
2999 2881 3232 2942 peccato,
3264 2870 3493 2928 mortuus
3518 2882 3589 2928 est
3619 2890 3702 2929 se-

2116 2960 2261 3027 mel:
2286 2962 2420 3033 quod
2457 2972 2623 3017 autem
2648 2963 2801 3030 vivit,
2833 2962 2951 3017 vivit
2980 2963 3105 3019 Deo.
3152 2962 3239 3019 Ita
3264 2974 3310 3020 et
3346 2982 3433 3020 vos
3454 3007 3470 3034 ,
3508 2967 3699 3038 inquit,
3750 2972 3753 2977 ‘

2113 3050 2396 3108 existintate
2422 3071 2506 3108 vos
2552 3064 2777 3111 mortuos
2805 3073 2910 3112 esse
2940 3068 3141 3131 peccato
3157 3073 3179 3122 ;
3220 3059 3378 3113 vivere
3402 3067 3569 3113 autem
3599 3058 3706 3115 Deo

2113 3143 2170 3198 in
2195 3143 2394 3201 Christo
2432 3144 2577 3202 .lesu.
2624 3145 2829 3219 Quibus
2855 3146 2957 3203 hoc
2980 3145 3147 3204 dicit?
3189 3150 3515 3221 evigilasne,
3543 3158 3598 3205 et
3625 3157 3707 3205 at-

2114 3234 2329 3290 tendis?
2374 3235 2466 3291 Eis
2491 3238 2675 3309 utique
2703 3238 2894 3309 quibus
2922 3238 3164 3305 dicebat,
3211 3240 3273 3296 Si
3309 3249 3480 3295 autem
3516 3243 3705 3297 mortui

2110 3342 2287 3382 sumus
2307 3345 2422 3383 cum
2451 3327 2672 3384 Christo.
2719 3329 2790 3385 Et
2822 3331 2913 3408 qui
2938 3341 3062 3386 sunt
3086 3330 3141 3385 hi
3166 3372 3180 3398 ,
3209 3332 3314 3387 nisi
3340 3332 3531 3405 quibus
3555 3331 3704 3390 dixe-

2113 3425 2229 3483 rat,
2268 3415 2423 3473 Vetus
2453 3418 2603 3474 homo
2626 3420 2798 3476 noster
2825 3421 2977 3476 simul
2994 3423 3269 3492 cruciﬁxus
3293 3433 3384 3491 est,
3418 3432 3472 3478 ut
3498 3438 3705 3480 cvacue-

2113 3516 2199 3562 tur
2224 3525 2410 3581 corpus
2436 3512 2674 3584 peccati?
2716 3512 2818 3567 nisi
2854 3513 3044 3584 quibus
3071 3514 3316 3582 dixerat,
3358 3514 3704 3589 Complantati

2112 3615 2290 3655 sumus
2333 3601 2655 3657 similitudini
2687 3604 2863 3659 mortis
2901 3604 3050 3675 ejus?
3089 3605 3191 3660 nisi
3235 3605 3430 3679 quibus
3469 3607 3701 3675 dixerat,

2111 3691 2408 3767 Consepulti
2442 3712 2617 3751 sumus
2656 3712 2777 3768 ergo
2801 3690 2878 3751 illi
2917 3714 3006 3767 per
3036 3696 3353 3769 Baptismum
3375 3699 3428 3753 in
3454 3702 3703 3756 mortem?

2113 3784 2182 3843 Et
2209 3787 2311 3844 hoc
2331 3789 2523 3861 quibus
2542 3832 2558 3861 ,
2586 3789 2671 3845 vel
2696 3789 2764 3844 de
2788 3774 2982 3861 quibus
3008 3789 3255 3860 dixerat,
3286 3791 3402 3862 lege
3424 3793 3700 3869 superiora

2111 3881 2296 3949 verba,
2320 3881 2512 3952 quibus
2539 3881 2656 3938 lucc
2678 3889 2866 3953 cuncta
2893 3894 3132 3938 connexa
3158 3891 3312 3949 sunt,
3348 3891 3402 3938 et
3425 3883 3697 3941 invenies:

2111 3973 2194 4029 An
2242 3956 2486 4046 ignoratis
2537 3973 2778 4046 quoniam
2815 3970 3117 4045 quicumque
3154 3972 3396 4045 baptizati
3431 3992 3603 4030 sumus
3644 3977 3701 4030 in

2111 4063 2312 4121 Christo
2348 4060 2382 4118 J
2389 4080 2475 4119 esu
2498 4104 2514 4131 ,
2541 4064 2595 4118 in
2624 4072 2784 4119 morte
2804 4063 2941 4119 illius
2970 4063 3209 4137 baptizati
3235 4066 3453 4121 sumus?
3480 4065 3551 4122 Et
3576 4080 3699 4124 cum

2112 4150 2212 4214 hoc
2232 4157 2434 4213 diceret
2462 4157 2504 4231 ξ,
2530 4152 2761 4229 probare
2785 4156 2910 4231 quid
2938 4156 3141 4213 voluit?
3183 4157 3323 4232 Lege
3347 4158 3519 4215 adhuc
3542 4161 3699 4230 paulo

2109 4251 2355 4322 superius
2376 4292 2391 4318 ,
2422 4259 2476 4309 et
2509 4250 2750 4307 invenies
2783 4268 2797 4306 :
2831 4251 2893 4308 Si
2913 4252 3099 4307 mortui
3128 4268 3300 4308 sumus
3320 4263 3544 4324 peccato,
3573 4270 3703 4326 quo-

2109 4345 2262 4403 modo
2296 4346 2517 4401 vivemus
2540 4344 2596 4401 in
2624 4362 2681 4400 eo
2700 4345 2727 4399 .9
2764 4345 2874 4402 Aut
2900 4360 3028 4419 ergo
3063 4345 3333 4419 agnoscite
3363 4347 3612 4418 parvulos
3642 4348 3699 4403 in

2068 4422 2071 4425 ’
2110 4435 2433 4508 Baptismate
2448 4444 2691 4493 mortuos
2710 4450 2829 4492 esse
2852 4422 3091 4507 peccato,
3108 4446 3163 4493 et
3186 4436 3422 4493 fatemini
3444 4437 3700 4496 habuisse

2108 4528 2195 4582 cui
2221 4536 2556 4583 morerentur
2584 4527 2840 4599 originale
2865 4537 3140 4607 peccatum
3176 4546 3190 4583 :
3214 4535 3309 4583 aut
3332 4537 3516 4603 aperte
3537 4528 3698 4585 dicite

2109 4634 2217 4676 non
2248 4634 2343 4676 eos
2369 4619 2422 4674 in
2449 4629 2624 4675 morte
2649 4618 2845 4674 Christi
2866 4618 3185 4691 baptizatos,
3213 4634 3334 4675 cum
3361 4619 3699 4691 baptizaren-

2107 4718 2196 4767 tur
2231 4710 2284 4765 in
2317 4709 2566 4777 Christo;
2610 4719 2665 4766 et
2707 4709 3020 4780 Apostolum
3066 4710 3331 4767 mendacii
3369 4711 3692 4784 redarguite,

2109 4803 2373 4860 dicentem
2389 4845 2403 4870 ,
2437 4803 2750 4874 Quicumque
2773 4802 3014 4875 baptizati
3046 4818 3221 4859 sumus
3245 4803 3299 4857 in
3321 4802 3522 4860 Christo
3546 4802 3583 4859 J
3586 4822 3693 4874 esu,

2109 4897 2162 4955 in
2188 4907 2348 4954 morte
2364 4896 2505 4955 illius
2536 4896 2776 4968 baptizati
2802 4911 2994 4953 sumus.

2180 4991 2268 5046 14.
2310 4989 2423 5063 Ego
2456 4989 2573 5046 haec
2614 5003 2759 5049 arma
2793 4987 3031 5044 coelestia
3054 5029 3071 5057 ,
3108 5002 3231 5060 quae
3266 4987 3486 5045 vincunt
3513 4988 3693 5048 lee-
3733 5026 3751 5035 ς

2107 5084 2266 5140 stium
2288 5127 2305 5154 ,
2342 5100 2451 5141 non
2485 5083 2695 5140 dimitto
2725 5100 2738 5138 :
2768 5081 2852 5139 his
2884 5081 3044 5138 ﬁdem
3079 5097 3256 5139 meam
3285 5097 3697 5156 sermonemque

2106 5176 2403 5232 committo.
2450 5178 2777 5247 Argumenta
2805 5188 2925 5245 quzn
2963 5172 3232 5244 profertis,
3272 5173 3505 5231 humana
3527 5185 3692 5232 sunt:

2107 5268 2225 5325 hate
2263 5268 2590 5325 munimenta
2633 5267 2808 5322 divina
2850 5273 2995 5322 sunt.
3046 5263 3255 5320 Delicta
3301 5267 3414 5338 quis
3459 5267 3697 5340 intelligit

2106 5358 2278 5433 (Psal.
2309 5374 2474 5426 xvut,
2507 5357 2641 5420 15)?
2681 5356 2948 5428 Numquid
2985 5356 3108 5412 ideo
3146 5356 3339 5412 delicta
3385 5371 3491 5412 non
3527 5358 3694 5415 sunt?

2106 5450 2181 5507 lta
2208 5460 2264 5507 et
2298 5449 2557 5521 originale
2581 5448 2837 5504 delictum
2863 5446 3007 5518 quod
3039 5447 3093 5501 in
3122 5455 3342 5516 parente
3375 5455 3694 5517 regenerato

2106 5543 2395 5601 remittitur
2412 5584 2427 5608 ,
2450 5550 2506 5598 et
2532 5551 2707 5597 tamen
2732 5540 2922 5615 transit
2947 5539 3001 5594 in
3027 5538 3267 5608 prolem,
3300 5544 3353 5593 et
3382 5546 3562 5593 manet
3586 5538 3695 5597 nisi

2105 5648 2161 5694 et
2202 5638 2315 5708 ipsa
2359 5642 2738 5707 regeneretur,
2787 5632 2907 5702 quis
2950 5616 3233 5701 intelligit?
3275 5628 3541 5706 Numquid
3570 5630 3693 5688 ideo
3754 5703 3761 5711 ι

2105 5747 2213 5789 non
2239 5738 2321 5788 est
2347 5729 2639 5787 delictum?
2662 5725 2807 5784 Unus
2825 5741 2918 5798 pro
2945 5724 3174 5780 omnibus
3199 5732 3422 5779 mortuus
3446 5732 3540 5792 est,
3570 5740 3691 5798 ergo
3756 5718 3762 5724 ’

2106 5843 2277 5882 omnes
2304 5823 2488 5879 mortui
2525 5831 2660 5879 sunt.
2704 5820 2822 5890 Quo
2848 5818 3011 5877 corde
3029 5859 3046 5886 ,
3078 5832 3185 5889 quo
3212 5833 3306 5876 ore
3328 5859 3344 5887 ,
3376 5833 3491 5891 qua
3518 5817 3693 5875 fronte

2173 6007 2191 6041 ι
2224 5970 2735 6064 ωιιίοωίυεςηὶιια
2764 5993 3028 6064 hocﬁeret.
