4142 6470
533 344 632 402 851

531 464 781 536 parvulos
808 471 1048 520 mortuos
1071 465 1292 535 negatis,
1324 481 1422 536 pro
1443 467 1633 538 quibus
1655 468 1924 524 Christum
1963 485 2111 525 mor-

535 563 682 610 tuum
710 570 812 610 non
841 555 1083 624 negatis?
1127 557 1183 612 Si
1209 571 1314 612 non
1351 568 1433 613 est
1471 573 1568 628 pro
1593 560 1670 616 eis
1699 560 1939 618 Christus
1965 577 2111 617 mor-

537 656 690 708 tuus,
721 645 900 714 utquid
943 644 1314 714 baptizantur?
1362 649 1673 720 Quicumque
1714 651 1844 705 enim
1872 652 2114 724 baptizati

531 750 701 788 sumus
730 735 781 786 in
807 732 1006 788 Christo
1035 735 1160 790 Jesu
1180 779 1194 803 ,
1224 739 1276 792 in
1302 749 1460 793 morte
1483 741 1621 796 illius
1649 741 1891 812 baptizati
1914 759 2105 798 sumus.

530 825 584 880 Si
628 833 802 881 autem
843 827 1003 882 etiam
1035 845 1132 899 pro
1171 831 1250 885 eis
1277 842 1517 888 mortuus
1557 843 1674 900 est,
1724 836 1816 905 qui
1849 852 1987 891 unus
2013 851 2110 907 pro

527 917 774 972 omnibus
808 929 1047 976 mortuus
1085 930 1200 988 est;
1245 940 1370 994 ergo
1405 927 1601 981 mortui
1632 936 1754 981 sunt
1779 935 1835 982 et
1871 929 1956 983 isti
1984 945 2104 985 cum

527 1009 792 1066 omnibus.
821 1010 889 1066 Et
917 1015 1038 1083 quia
1069 1014 1120 1068 in
1161 1025 1378 1084 peccato
1406 1019 1600 1074 mortui
1628 1028 1784 1088 sunt,
1813 1022 2112 1078 moriuntur

527 1106 582 1152 et
609 1109 826 1168 peccato
847 1110 904 1156 ut
925 1103 1104 1158 vivant
1129 1107 1257 1172 Deo,
1284 1108 1495 1177 quando
1519 1120 1868 1166 renascuntur
1885 1127 1949 1168 ex
1973 1114 2104 1169 Deo.

527 1187 677 1255 Quod
708 1191 750 1244 si
778 1192 1043 1262 explicare
1076 1211 1182 1250 non
1225 1198 1422 1268 possim
1470 1201 1734 1270 quomodo
1761 1203 1910 1259 vivus
1939 1219 2105 1274 gene-

526 1288 610 1334 ret
631 1290 892 1336 mortuum
917 1285 1181 1353 (mortuus
1204 1287 1345 1342 enim
1369 1299 1585 1359 peccato
1608 1307 1820 1361 parens,
1843 1303 1898 1350 et
1921 1295 2105 1352 vivens

526 1370 668 1440 Deo,
695 1382 915 1443 generat
940 1383 1116 1432 tamen
1137 1378 1190 1433 in
1217 1387 1432 1449 peccato
1462 1391 1729 1438 mortuum
1749 1423 1765 1450 ,
1793 1385 1895 1440 nisi
1915 1396 1969 1441 et
1993 1387 2106 1457 ipse

525 1473 744 1534 peccato
769 1470 1169 1536 regeneratione
1192 1473 1468 1541 moriatur,
1498 1483 1553 1532 et
1584 1476 1724 1531 vivat
1753 1475 1920 1551 Deo);
1953 1495 2106 1534 num-

527 1555 650 1625 quid
696 1555 816 1610 ideo
853 1557 1047 1614 falsum
1086 1570 1202 1626 est,
1245 1564 1370 1633 quia
1411 1565 1668 1635 explicari
1693 1568 1870 1624 verbis
1889 1570 1972 1625 vel
1997 1585 2104 1625 non

525 1652 738 1714 potest,
782 1648 864 1702 vel
908 1648 1219 1707 difficillime
1257 1656 1468 1723 potest?
1513 1655 1590 1712 Tu
1632 1673 1798 1728 nega,
1843 1661 1888 1714 si
1917 1659 2100 1725 audes,

523 1745 706 1792 natum
732 1749 1000 1796 mortuum
1020 1783 1035 1808 ,
1080 1759 1176 1813 pro
1203 1761 1309 1814 quo
1337 1746 1604 1803 Christum
1629 1765 1735 1806 non
1763 1767 1926 1823 negas
1951 1768 2100 1808 mor-

523 1835 694 1885 tuum.
727 1827 870 1884 Unus
899 1832 1037 1886 enim
1055 1851 1147 1903 pro
1167 1835 1397 1890 omnibus
1413 1849 1637 1894 mortuus
1657 1851 1730 1896 est
1749 1860 1770 1910 ,'
1798 1859 1915 1915 ergo
1933 1860 2102 1900 omnes

525 1920 712 1972 mortui
748 1930 865 1974 sunt
895 1921 962 1992 (ll
993 1921 1109 1978 Cor.
1133 1939 1201 1990 v,
1235 1925 1346 1998 14).
1398 1927 1574 1984 Verba
1617 1940 1741 1987 sunt
1773 1935 2097 2004 apostolica;

523 2009 617 2065 sed
660 2027 806 2066 arma
843 2022 966 2068 sunt
1007 2025 1222 2083 nostra,
1275 2019 1464 2089 quibus
1509 2029 1682 2077 tamen
1719 2023 1764 2077 si
1803 2041 2100 2097 repugnare

523 2101 690 2165 nolis,
744 2102 995 2174 intelligis
1043 2107 1184 2176 quod
1233 2109 1349 2165 sine
1398 2109 1727 2168 dubitatione
1775 2115 2098 2173 credendum

522 2198 604 2244 est
629 2193 787 2246 etiam
813 2193 860 2246 si
882 2209 986 2249 nou
1016 2195 1296 2269 intelligas.
1329 2200 1500 2256 Homo
1525 2204 1666 2258 enim
1693 2207 1784 2275 qui
1811 2208 2099 2278 spirituali-

520 2288 602 2335 ter
639 2291 792 2336 natus
813 2325 828 2350 ,
855 2288 1137 2343 carnaliter
1161 2291 1359 2362 gignit,
1391 2301 1676 2367 utrumque
1705 2297 1866 2355 habet
1889 2315 2094 2372 semen,

518 2379 569 2424 et
598 2370 894 2430 immortale
919 2378 1058 2433 unde
1078 2394 1136 2435 se
1154 2383 1382 2451 gaudeat
1407 2384 1605 2453 vivum,
1632 2397 1687 2444 et
1711 2393 1934 2448 mortale
1956 2394 2098 2452 unde

515 2475 734 2532 generet
763 2480 1052 2524 mortuum.
1085 2472 1180 2527 Cui
1209 2475 1524 2533 vivificaudo
1546 2481 1691 2536 nullo
1721 2484 1880 2539 modo
1905 2501 2094 2543 neces-

516 2555 655 2608 saria
687 2555 883 2613 Christi
925 2577 1070 2618 mors
1109 2575 1282 2630 esset,
1328 2567 1429 2622 nisi
1476 2579 1718 2628 mortuus
1747 2581 1902 2631 natus
1927 2586 2092 2635 esset.

521 2641 666 2698 Unus
686 2647 826 2700 enim
848 2666 940 2719 pro
967 2652 1195 2706 omnibus
1221 2664 1445 2712 mortuus
1474 2669 1544 2714 est
1559 2677 1580 2727 ;
1615 2679 1733 2734 ergo
1755 2681 1924 2720 omnes
1951 2685 2092 2723 mor-

516 2735 590 2787 tui
618 2747 752 2790 sunt.
783 2737 890 2794 Nec
916 2756 1008 2797 eos
1040 2743 1107 2798 de
1135 2745 1236 2800 ista
1263 2758 1434 2804 morte
1464 2752 1735 2820 excitatis,
1770 2771 1905 2825 quos
1943 2774 2091 2815 mor-

513 2833 634 2882 tuos
675 2844 778 2884 non
814 2847 933 2888 esse
958 2834 1198 2892 elamatis
1231 2856 1244 2891 :
1276 2840 1370 2894 sed
1407 2856 1474 2897 ne
1512 2843 1691 2899 vivant
1716 2847 1890 2915 potius
1923 2849 2091 2920 impe-

517 2917 674 2986 ditis,
724 2923 933 2990 quando
969 2925 1022 2979 in
1053 2941 1237 2982 eorum
1275 2933 1582 3000 parentibus
1609 2934 1766 2991 fidem
1788 2977 1804 3004 ,
1853 2955 1956 3010 qua
1985 2917 2090 2998 una

513 3019 737 3078 possunt
755 3014 1069 3071 reviviscere
1084 3059 1098 3084 ,
1135 3018 1416 3090 impiorum
1439 3035 1866 3094 argumentorum
1883 3032 2088 3088 machi-

509 3101 594 3156 nis
624 3107 958 3174 oppugnatis.

581 3191 803 3250 CAPUT
816 3195 882 3251 Vl
899 3198 1068 3271 (a).-â€”
1089 3199 1175 3258 15.
1193 3202 1298 3260 Sed
1313 3205 1424 3276 jam
1436 3208 1710 3268 veniamus
1729 3213 1795 3269 ad
1823 3217 2086 3286 prolixam

516 3291 570 3336 et
599 3298 878 3354 operosam
918 3289 1329 3361 disputationem
1360 3307 1498 3355 tuam
1523 3343 1539 3370 ,
1589 3319 1692 3373 qua
1737 3307 1897 3376 illud,
1943 3312 2085 3381 quod

510 3377 1007 3452 quantulmcumquc
1051 3384 1410 3445 similitudinis
1448 3393 1614 3461 gratia
1655 3395 1708 3450 in
1751 3412 1810 3453 re
1847 3399 1913 3454 ad
1956 3417 2084 3471 per-

508 3466 836 3534 spiciendum
876 3470 1106 3541 difficili,
1145 3475 1502 3536 adhibendum
1539 3485 1718 3552 putavi
1748 3485 1850 3558 (De
1869 3466 2082 3562 Nuptiis

504 3563 553 3608 et
573 3553 1004 3628 Concupiscentia,
1035 3564 1121 3618 lib.
1151 3567 1202 3632 1,
1235 3584 1287 3620 n.
1316 3568 1428 3642 21),
1459 3571 1528 3628 de
1545 3573 1660 3630 olea
1688 3553 1910 3646 scilicet,
1938 3553 2081 3652 quod

503 3651 620 3721 ejus
655 3669 836 3710 semen
864 3657 1149 3730 degeneret
1175 3663 1226 3716 in
1255 3664 1576 3736 oleastrum,
1605 3671 1837 3729 refutare
1865 3677 2080 3734 molitus

502 3759 563 3800 es
593 3765 606 3800 :
629 3749 775 3817 prius
795 3749 1082 3820 affirmans,
1121 3773 1140 3806 â€¹
1167 3757 1308 3826 quod
1336 3759 1388 3814 ei
1413 3761 1490 3816 rei
1515 3778 1634 3831 qua":
1661 3780 1758 3836 per
1784 3781 1842 3823 se
1867 3768 2080 3828 defendi

504 3852 609 3892 non
637 3849 848 3908 potest,
898 3843 1028 3898 nihil
1070 3847 1427 3920 suffragentur
1452 3857 1712 3928 exempla.
1747 3877 1766 3910 Î¹
1817 3860 1924 3915 Cur
1949 3878 2078 3936 ergo

498 3930 812 4000 Apostolus,
858 3951 978 3991 mox
1012 3946 1068 3992 ut
1104 3943 1380 4011 proposuit
1419 3949 1766 4016 quaestionem
1809 3930 2077 4024 quomodo

412 4088 414 4091 Î¹
501 4033 780 4092 resurgant
804 4028 1033 4091 mortui,
1078 4046 1183 4099 quo
1210 4042 1387 4088 autem
1417 4050 1642 4108 corpore
1674 4045 1917 4112 veniant,
1941 4061 2075 4102 con-

495 4111 643 4165 tinuo
685 4129 796 4167 rem
845 4115 1163 4187 incognitam
1204 4133 1257 4177 et
1299 4124 1632 4195 inexpertam
1663 4134 1913 4204 exemplo
1951 4150 2078 4206 pro-

494 4199 624 4255 bare
649 4205 896 4275 suscepit,
924 4207 1214 4279 adjungens
1231 4254 1246 4278 ,
1282 4214 1467 4284 Stulte,
1493 4227 1545 4272 tu
1563 4221 1700 4290 quod
1723 4199 2074 4284 sentimusâ€”non

493 4292 786 4362 viviï¬catur,
820 4298 916 4352 nisi
939 4301 956 4330 Â¹
983 4303 1228 4357 moriatur
1249 4306 1316 4377 (ll
1351 4307 1468 4362 Cor.
1491 4325 1588 4378 xv,
1611 4313 1724 4386 36),
1757 4319 1899 4372 etc.?
1919 4319 2072 4388 Quod

491 4385 700 4454 quidem
727 4389 1025 4460 exemplum
1045 4401 1099 4447 et
1125 4393 1245 4451 huic
1265 4397 1342 4452 rei
1373 4415 1472 4468 qua
1499 4401 1564 4456 de
1584 4385 1774 4475 agitur,
1803 4424 1908 4464 non
1925 4412 2072 4468 omni

489 4475 648 4532 modo
679 4485 762 4532 est
786 4479 1180 4541 inconveniens.
1221 4485 1484 4560 Purgatur
1511 4495 1653 4549 enim
1678 4511 1709 4552 a
1739 4500 1889 4567 palea
1930 4503 2066 4558 triti-

485 4579 628 4634 cum,
659 4571 795 4625 sicut
819 4571 977 4629 homo
1002 4589 1031 4629 a
1051 4588 1292 4648 peccato,
1319 4591 1373 4636 et
1403 4591 1575 4641 tamen
1599 4587 1723 4645 inde
1751 4605 1872 4646 cum
1903 4595 2060 4664 palea

486 4659 718 4714 nascitur
741 4663 985 4720 alterum.

558 4745 644 4801 16.
691 4747 826 4816 Quid
869 4762 950 4806 est
985 4763 1161 4812 autem
1191 4761 1330 4829 quod
1357 4763 1423 4819 de
1453 4769 1719 4826 crocodilo
1745 4771 1922 4830 dicere
1964 4793 2062 4832 vo-

483 4834 625 4889 luisti
651 4876 666 4902 ,
709 4855 728 4888 Î¹
760 4840 930 4894 solum
956 4857 1076 4898 esse
1111 4847 1162 4899 in
1191 4853 1434 4909 omnibus
1459 4857 1775 4916 animalibus
1798 4904 1810 4928 ,
1845 4865 1930 4919 cui
1965 4881 2062 4922 su-

482 4928 726 4996 periores
772 4935 1107 4992 mandibulas
1159 4944 1358 4998 moveri
1406 4947 1631 5006 Albinus
1682 4953 1952 5023 affirmat;
2005 4967 2061 5015 et

481 5019 677 5088 ignem,
708 5038 827 5078 cum
857 5026 924 5080 sit
952 5032 1197 5086 omnibus
1222 5035 1418 5104 exitio,
1441 5039 1792 5099 salamandrae
1821 5063 1939 5102 esse
1970 5049 2056 5105 lu-

479 5110 687 5168 dibrio?
721 5131 740 5167 Î¹
798 5115 986 5174 Nonne
1029 5120 1128 5177 ista
1173 5134 1354 5180 contra
1403 5145 1500 5186 vos
1547 5133 1720 5203 potius
1765 5141 2054 5210 protulisti,

477 5203 688 5269 quando
713 5205 980 5263 invenitur
1005 5211 1199 5282 aliquid
1229 5217 1369 5273 unde
1396 5232 1719 5292 monstretur
1742 5241 1862 5284 esse
1893 5234 2056 5300 possi-

476 5289 581 5346 bile
611 5295 750 5363 quod
771 5301 1088 5367 generaliter
1108 5306 1399 5376 negabatur
1418 5289 1589 5366 ?'Cum
1618 5329 1744 5385 ergo
1772 5333 1866 5372 vos
1891 5289 2054 5391 gene-

473 5383 656 5438 raliter
677 5391 1010 5458 negaveritis,
1033 5409 1191 5463 posse
1217 5398 1493 5466 gignentes
1517 5404 1570 5456 in
1588 5406 1786 5472 prolem
1808 5411 2050 5480 trajicere

469 5475 611 5541 quod
641 5492 746 5531 non
774 5477 968 5536 habent
996 5483 1132 5552 ipsi;
1179 5486 1222 5540 si
1251 5487 1408 5544 fuerit
1431 5492 1700 5551 inventum
1740 5475 1899 5570 quod-
1919 5519 2047 5573 pos-

471 5563 539 5618 sit
565 5564 665 5621 hoc
695 5567 888 5638 facere,
919 5573 989 5627 ita
1013 5578 1362 5646 superamini,
1385 5582 1520 5638 sicut
1546 5585 1635 5642 ille
1659 5563 1979 5658 qui-dixerat
1997 5597 2040 5664 Â³,

532 5677 784 5774 Î¾â€á¼Î¾á½³Î¾á½·á½³á¼Î¾á½·
797 5683 1380 5774 semanima:
1387 5703 1724 5774 Î¨Î¾Î·Ï…ÎµÎ¿á¿†ÏÎ¹á½·Îµ
1746 5712 1796 5756 Î¿Î¹
1813 5719 1840 5756 Î±
1861 5721 2038 5774 graeco-

533 5739 778 5814 fJAliquot
797 5751 928 5808 uss,
950 5739 1030 5797 uid
1051 5739 1487 5814 et

529 5799 604 5861 ta)
635 5799 762 5864 apud
783 5813 884 5856 Am.
913 5799 974 5860 'et
992 5799 1150 5874 Er.,73.

1339 349 1612 408 CONTRA
1647 351 1986 411 JULIANUM
2023 352 2487 426 PELAGIANUM,
2519 361 2578 419 S.
2616 363 2980 426 AUGUSTINI

3695 387 3810 448 833

2221 488 2328 528 non
2355 489 2510 545 posse
2529 477 2775 536 animalia
2797 483 2897 539 nisi
2913 483 3194 544 inferiores
3209 503 3426 550 movere
3443 496 3804 574 mandibulas,

2218 567 2432 626 invento
2461 575 2732 630 crocodilo
2761 578 2876 633 sine
2904 580 3250 653 ambiguitate
3277 599 3561 660 superatur
3588 609 3604 660 ;
3632 604 3688 651 et
3715 567 3804 668 qui

2216 658 2423 717 dixerat
2452 664 2654 720 nullum
2683 668 2878 724 animal
2920 671 2974 726 in
3019 672 3141 744 igne
3165 658 3388 748 viveret,
3437 658 3805 746 demonstrato

2216 752 2358 821 quod
2404 755 2472 811 de
2521 756 2857 816 salamandra
2906 761 3251 836 perhibetur,
3303 771 3420 829 sine
3462 775 3803 850 ambiguitate

2215 845 2566 906 convincitur.
2615 849 2750 907 Cum
2779 853 2936 924 igitur
2963 856 3157 916 definis
3201 879 3223 915 Î¹
3259 868 3519 923 naturalia
3539 845 3636 940 per
3659 874 3801 929 acci-

2214 934 2348 994 dens
2369 956 2474 997 non
2502 945 2776 1013 converti;
2813 966 2832 1000 Î¹
2864 949 2911 1004 si
2937 949 3022 1005 vel
3051 966 3189 1009 unus
3227 957 3493 1028 quispiam
3532 963 3693 1020 fuerit
3715 967 3800 1021 in-

2213 1039 2404 1086 ventus
2422 1075 2437 1100 ,
2466 1035 2558 1104 qui
2589 1037 2808 1094 vitiatus
2827 1040 3003 1112 aliquo
3028 1059 3158 1100 casu
3179 1062 3304 1104 cum
3328 1051 3521 1110 eodem
3549 1055 3678 1113 vitio
3703 1073 3800 1130 ge-

2213 1124 2389 1178 nuerit
2439 1125 2642 1196 filium,
2699 1129 3004 1204 factumque
3055 1136 3127 1192 sit
3177 1139 3314 1209 proli
3369 1147 3609 1204 naturale
3657 1124 3798 1221 quod

2211 1215 2418 1282 parenti
2438 1218 2684 1274 accidens
2707 1222 2842 1288 fuit;
2873 1239 3065 1294 nempe
3087 1238 3174 1283 tua
3195 1229 3435 1290 definitio
3456 1236 3556 1293 ista
3586 1215 3795 1298 frustra-

2210 1301 2372 1360 bitur.
2422 1305 2550 1361 ltem
2582 1323 2700 1364 cum
2740 1311 2966 1382 definis,
3020 1335 3040 1369 Î¹
3067 1331 3341 1389 parentem
3379 1328 3521 1396 quod
3549 1329 3668 1401 ipse
3689 1347 3797 1391 non

2213 1394 2413 1462 habet,
2465 1399 2517 1454 in
2563 1417 2713 1458 suam
2756 1407 2962 1476 prolem
3003 1426 3108 1467 non
3146 1428 3304 1484 posse
3349 1425 3731 1496 transmittere,
3766 1445 3790 1483 Î¹

2211 1503 2388 1546 nonne
2407 1490 2645 1549 definitio
2674 1496 2833 1552 etiam
2860 1498 2960 1555 ista
2981 1501 3302 1575 destruetur,
3334 1525 3456 1568 cum
3479 1514 3572 1569 tibi
3591 1490 3795 1576 fuerint

2207 1579 2558 1638 demonstrati
2581 1588 2687 1641 nati
2710 1587 2952 1646 homines
2981 1593 3339 1666 integerrimis
3362 1605 3611 1662 omnibus
3631 1623 3793 1666 mem-

2209 1672 2320 1730 bris
2347 1689 2414 1730 ex
2447 1676 2530 1732 his
2568 1681 2877 1748 parentibus
2903 1725 2918 1750 ,
2962 1687 3052 1756 qui
3097 1691 3351 1747 nonnulla
3390 1697 3628 1754 membra
3671 1716 3793 1771 pcr-
3867 1711 3870 1714 â€™

2206 1762 2482 1821 diderant?
2505 1768 2864 1828 Audiebamus
2892 1789 2920 1827 a
2951 1776 3242 1846 majoribus
3265 1785 3495 1852 nostris,
3534 1790 3624 1858 qui
3651 1762 3708 1846 se
3736 1793 3790 1849 id

2204 1870 2363 1912 nosse
2399 1875 2462 1914 ac
2491 1861 2686 1917 vidisse
2731 1864 2977 1923 dicebant
3000 1910 3016 1936 ,
3059 1870 3392 1930 Fundanium
3419 1879 3436 1909 Â¹
3460 1879 3792 1955 Carthaginis

2204 1945 2496 2017 rhetorem,
2536 1966 2656 2007 cum
2691 1954 2804 2025 ipse
2849 1960 3108 2016 accidenti
3131 1965 3260 2020 vitio
3284 1966 3464 2024 luscus
3489 1945 3687 2041 esset:
3705 1975 3790 2033 lu-

2201 2050 2352 2094 scum
2387 2039 2552 2096 ï¬lium
2593 2060 2919 2113 procreasse.
2965 2050 3082 2119 Quo
3122 2057 3369 2128 exemplo
3409 2063 3670 2120 evertitur
3699 2067 3790 2125 illa

2203 2137 2291 2184 tua
2320 2134 2603 2200 sententia,
2635 2151 2736 2206 qua
2761 2138 2911 2206 dicis,
2950 2160 2970 2195 Â¢
3008 2145 3266 2203 naturalia
3288 2163 3384 2220 per
3407 2153 3652 2212 accidens
3679 2173 3788 2216 non

2199 2227 2456 2280 converti.
2493 2245 2512 2280 Î¹
2557 2228 2820 2288 Accidens
2858 2235 3055 2308 quippe
3084 2237 3179 2294 fuit
3214 2241 3268 2296 in
3302 2253 3490 2313 patre,
3532 2249 3674 2318 quod
3709 2253 3789 2306 fa-

2198 2325 2342 2373 ctum
2370 2328 2453 2374 est
2490 2321 2542 2376 in
2581 2323 2689 2379 filio
2718 2330 2976 2385 naturale.
3021 2331 3171 2387 lllam
3209 2350 3336 2392 vero
3361 2339 3586 2396 alteram
3613 2385 3630 2410 ,
3681 2359 3785 2416 qua

2199 2406 2375 2465 dicitis
2400 2449 2416 2476 ,
2473 2429 2493 2464 Î¹
2525 2424 2772 2482 parentes
2817 2417 2869 2472 in
2900 2419 3038 2475 filios
3065 2437 3126 2478 ea
3156 2439 3275 2494 qua:
3313 2443 3420 2483 non
3450 2406 3648 2490 habent
3682 2406 3787 2506 ipsi

2204 2515 2308 2554 non
2337 2516 2494 2571 posse
2523 2507 2911 2578 transfundere,
2941 2529 2960 2564 Î¹
2991 2513 3128 2570 alius
3157 2516 3414 2574 Fundanii
3443 2521 3612 2591 filius,
3641 2527 3785 2595 quod

2198 2593 2430 2650 maxime
2467 2596 2719 2653 usitatum
2755 2609 2869 2668 est,
2916 2617 3036 2660 cum
3066 2606 3272 2664 duobus
3313 2613 3483 2666 oculis
3522 2614 3592 2670 de
3634 2593 3784 2674 lusco

2196 2692 2352 2739 natus
2382 2688 2609 2756 evertit,
2651 2698 2706 2747 et
2747 2692 3162 2754 innumerabiles
3204 2701 3293 2771 qui
3335 2714 3626 2762 nascuntur
3651 2723 3782 2764 ocu-

2193 2771 2286 2828 lati
2309 2775 2377 2831 de
2403 2781 2712 2847 parentibus
2736 2785 2912 2841 caecis.
2935 2785 3368 2848 Transmittendo
3395 2795 3589 2868 quippe
3615 2798 3666 2854 in
3688 2815 3782 2857 eos

2163 2905 2168 2908 .
2195 2879 2330 2933 quos
2354 2867 2578 2938 gignunt
2603 2874 2742 2942 quod
2769 2873 2868 2945 ipsi
2897 2891 3004 2933 non
3036 2878 3266 2950 habent,
3297 2899 3394 2940 vos
3421 2867 3594 2958 potius
3620 2906 3777 2962 quam

2191 2968 2318 3009 suos
2357 2957 2495 3014 ï¬lios
2539 2962 2638 3017 sibi
2685 2963 2886 3022 similes
2931 2983 3053 3026 esse
3094 2957 3494 3047 demonstrant,
3540 2957 3654 3052 qui-
3672 2991 3777 3041 tam

2193 3041 2373 3102 fuistis
2399 3047 2452 3102 in
2487 3052 2683 3108 vestris
2709 3053 3104 3118 definitionibus
3131 3065 3280 3120 caeci.

2259 3135 2486 3196 CAPUT
2517 3143 2606 3198 Î½Î·
2629 3175 2701 3185 -
2727 3147 2813 3202 17.
2854 3149 2995 3207 Sane
3023 3141 3143 3209 cuin
3173 3171 3236 3212 ea
3274 3173 3395 3230 qua:
3422 3161 3488 3216 ad
3518 3177 3632 3219 rem
3663 3181 3769 3224 non

2187 3229 2458 3297 pertinent
2499 3235 2724 3291 multum
2767 3239 3034 3310 loqueris,
3063 3245 3242 3303 dixisti
3286 3229 3486 3321 aliquid
3515 3257 3658 3313 unde
3683 3275 3773 3317 me

2187 3319 2434 3390 quiddam
2464 3325 2603 3395 quod
2632 3328 2695 3382 ad
2727 3345 2838 3386 rem
2870 3335 3100 3403 pertinet
3127 3319 3465 3409 admoneres,
3498 3346 3584 3402 ubi
3608 3349 3766 3418 aisti,

2192 3427 2212 3462 â€¹
2249 3409 2623 3472 Curiositatem
2667 3421 2810 3490 quod
2853 3427 3351 3500 comprehenderit,
3383 3435 3559 3492 minus
3595 3409 3770 3498 solere

2183 3501 2400 3570 mirari;
2441 3514 2494 3561 et
2521 3507 2776 3567 adversus
2821 3529 2940 3570 eam
2981 3515 3234 3576 divinitus
3273 3521 3436 3580 fuisse
3465 3529 3764 3600 provisum,

2182 3600 2240 3648 ut
2280 3595 2444 3652 multa
2471 3596 2538 3653 de
2568 3605 2706 3655 terra
2750 3601 3043 3662 innumeris
3083 3610 3313 3668 discreta
3353 3595 3765 3687 proprietatibus

2179 3685 2544 3757 gignerentur.
2580 3709 2600 3744 Î¹
2635 3691 2704 3748 Î•Î¹
2731 3710 2916 3752 revera
2945 3699 3060 3756 haec
3093 3711 3176 3758 est
3207 3707 3404 3764 utilitas
3433 3685 3764 3772 occultorum

2180 3792 2399 3848 operum
2429 3781 2554 3849 Dei;
2603 3801 2670 3841 ne
2699 3801 2940 3860 prompta
2966 3793 3226 3852 vilescant
3244 3841 3262 3868 ,
3289 3817 3358 3857 ne
3383 3807 3763 3876 comprehensa

2177 3869 2310 3924 mira
2335 3885 2452 3928 esse
2473 3873 2748 3934 desistant.
2767 3879 2918 3937 Unde
2932 3893 2985 3940 et
3005 3885 3276 3958 Scriptura
3297 3893 3422 3949 dicit
3443 3913 3456 3950 :
3476 3869 3621 3953 Sicut
3640 3917 3756 3956 ossa

2176 3961 2230 4015 in
2253 3971 2419 4018 ventre
2454 3971 2781 4038 prtegnantis,
2815 3973 2888 4027 ita
2923 3993 3023 4031 non
3052 3984 3282 4050 agnoscis
3312 4001 3464 4056 Opera
3487 3987 3582 4044 Dei
3616 4001 3756 4062 qure-

2175 4069 2387 4125 cumque
2413 4060 2558 4129 faciet
2583 4062 2811 4118 universa
2838 4065 3034 4137 (Eccle.
3065 4087 3118 4126 Ï‡Î¹
3142 4114 3158 4139 ,
3190 4073 3279 4146 5).
3312 4077 3474 4135 Recte
3501 4060 3677 4155 ilaque
3704 4095 3760 4143 et

2175 4144 2290 4214 ipse
2319 4148 2522 4218 dixisti,
2547 4163 2733 4210 contra
2758 4159 3118 4219 curiositatem
3144 4182 3265 4238 qum
3291 4171 3469 4230 minus
3496 4176 3632 4232 solet
3659 4180 3760 4233 mi-

2173 4241 2281 4293 rari
2327 4241 2470 4311 quod
2514 4247 2745 4314 potuerit
2782 4255 3270 4327 comprehendere,
3303 4263 3757 4336 incomprehensi-

2171 4327 2295 4384 bilia
2333 4345 2452 4386 esse
2490 4347 2651 4406 opera
2695 4337 2816 4395 Dei.
2863 4341 2970 4398 Cur
3005 4361 3131 4416 ergo
3173 4348 3402 4407 humana
3453 4327 3756 4426 opinatione

2169 4421 2381 4476 conaris
2411 4437 2650 4482 evertere
2669 4469 2684 4496 ,
2717 4432 2858 4500 quod
2889 4435 3063 4492 minus
3093 4440 3237 4494 vales
3259 4441 3315 4498 in
3339 4443 3516 4501 divina
3547 4449 3752 4506 ratione

2172 4511 2666 4582 comprehendere?
2685 4517 2798 4592 Ego
2817 4523 3048 4594 quidem,
3069 4543 3172 4584 non
3191 4528 3281 4603 (ut
3301 4541 3359 4588 tu
3376 4535 3746 4611 calumniaris)

2168 4597 2299 4668 dixi,
2335 4621 2354 4655 Î¹
2391 4605 2534 4661 nulla
2559 4610 2764 4668 ratiOne
2791 4620 3172 4686 comprehendi
3198 4597 3394 4693 posse;
3434 4645 3454 4679 Î¹
3488 4629 3581 4684 sed
3611 4629 3739 4695 dixi,

2171 4707 2194 4743 Ï‚
2227 4691 2368 4750 facili
2396 4697 2602 4754 ratione
2629 4717 2736 4758 non
2765 4719 2942 4774 posse.
2991 4727 3012 4763 Î¹
3047 4691 3422 4770 Verumtamen
3466 4718 3592 4787 quid
3627 4721 3648 4750 Â³
3691 4719 3738 4774 si

2163 4797 2347 4842 contra
2369 4789 2552 4846 vitium
2581 4795 2899 4855 curiositatis
2930 4800 3193 4872 humanas,
3222 4807 3304 4861 cui
3331 4808 3525 4876 solent,
3549 4818 3607 4865 ut
3625 4811 3740 4883 ipse

2163 4889 2571 4949 commemoras,
2591 4889 2972 4956 comprehensa
2989 4895 3262 4960 vilescere,
3275 4898 3434 4951 etiam
3453 4897 3553 4955 hoc
3571 4901 3736 4974 Deus,

2160 4969 2608 5036 quemadmodum
2631 4977 2816 5046 multa,
2842 4982 2918 5037 sic
2943 4984 3203 5040 occultare
3223 4985 3409 5056 voluit,
3432 4998 3491 5044 ut
3511 4991 3564 5046 id
3589 4993 3740 5052 inve-

2158 5057 2354 5130 stigare
2374 5070 2534 5133 atque
2559 5069 3008 5138 comprehendere
3032 5073 3260 5130 humana
3289 5079 3599 5150 conjectura
3625 5101 3734 5144 non

2157 5152 2358 5220 possit?
2397 5153 2587 5214 ideone
2637 5169 2820 5216 contra
2878 5163 3170 5221 Ecclesiam
3230 5180 3457 5230 matrem
3499 5187 3736 5237 vestram

2155 5241 2468 5300 ratiunculis
2514 5252 2703 5305 vestris
2745 5253 2898 5322 quasi
2948 5256 3351 5324 parricidalibus
3397 5267 3735 5338 pugiunculis

2153 5329 2362 5390 debetis
2399 5340 2629 5406 armari,
2672 5349 2729 5396 ut
2755 5343 2860 5398 vim
2903 5345 3234 5408 Sacramenti
3275 5353 3391 5424 ejus
3424 5329 3729 5433 occultam,

2152 5437 2255 5493 qua
2277 5429 2578 5496 purgandos
2600 5434 2827 5504 concipit
2847 5438 3116 5508 parvulos,
3140 5447 3384 5514 quamvis
3403 5447 3472 5506 de
3493 5429 3724 5524 purgatis

2150 5518 2457 5582 parentibus
2481 5533 2654 5590 natos,
2679 5533 2924 5597 tanquam
2951 5544 3072 5587 ossa
3094 5534 3148 5588 in
3172 5549 3358 5595 ventre
3381 5518 3716 5615 przegnantis,

2149 5621 2253 5660 non
2272 5615 2670 5682 contrectando,
2696 5617 2790 5672 sed
2814 5620 3064 5679 laniando
3090 5631 3380 5697 quaeratis?
3401 5631 3511 5688 Nisi
3531 5645 3708 5692 autem

2207 5721 2771 5818 Î¾ÎµÎ¾á½²á¼±Î¹á½·á½³Î·á½³á¼¿á½²Î¾á½³Î¾Ï‰Î½Î·Î¾
2803 5731 3204 5790 dissentientibus
3223 5745 3552 5814 mantva-inus
3571 5743 3716 5798 calu-

2143 5795 2276 5833 cants
2299 5795 2349 5835 et
2373 5795 2625 5841 vaticanis.

2207 5845 2228 5878 Â³
2261 5847 2374 5896 Î•Î”Îœ
2394 5883 2408 5908 ,
2441 5853 2586 5912 quod.
2613 5852 2778 5906 Melius
2803 5855 2990 5920 aliquot
3009 5869 3138 5924 Mss,
3161 5861 3294 5924 quid.
