4142 6490
404 392 516 456 833

399 508 667 566 sermonis
695 506 1026 580 longitudine
1053 506 1252 564 nollem
1294 507 1516 580 fatigare
1557 508 1812 565 lectorem
1834 550 1849 576 ,
1881 509 1992 580 jam

404 607 458 655 te
478 598 625 654 mille
651 614 833 654 rerum
853 599 1162 671 generibus,
1190 614 1416 670 quarum
1443 599 1994 670 incomprehensibilis

415 693 554 748 ratio
591 699 780 747 contra
809 691 1033 747 usitatas
1077 700 1280 747 natura:
1307 692 1422 748 vias
1464 693 1613 763 quasi
1660 705 1756 765 per
1780 691 1994 748 deserta

407 797 577 854 opaca
599 782 761 854 repit,
789 782 1105 849 obruerem;
1135 783 1188 838 in
1215 783 1407 854 quibus
1435 783 1594 840 etiam
1615 783 1993 854 degenerantia

407 876 612 932 semina
635 913 654 942 ,
685 890 795 931 non
824 874 1039 947 quidem
1083 874 1138 930 in
1180 875 1600 932 dissimillimum
1629 890 1800 947 genus
1844 876 1994 948 (quia

407 982 506 1024 nec
525 965 763 1031 oleaster
787 967 866 1023 sic
884 976 966 1024 est
995 967 1064 1022 ab
1089 967 1208 1024 olea
1237 967 1499 1025 discretus
1530 980 1586 1024 ut
1611 969 1736 1024 vitis
1754 970 1796 1040 ),
1825 969 1920 1026 sed
1940 970 1993 1026 in

404 1057 690 1129 quamdam
711 1101 726 1126 ,
755 1057 804 1114 si
827 1058 932 1114 dici
962 1068 1174 1128 potest,
1211 1059 1440 1115 similem
1469 1059 1952 1118 dissimilitudinem
1975 1103 1992 1132 ,

406 1151 563 1208 sicuti
589 1152 686 1207 viti
711 1159 792 1208 est
829 1151 1073 1206 labrusca
1103 1150 1382 1207 dissimilis
1406 1193 1420 1218 ,
1454 1167 1571 1222 qua:
1602 1160 1780 1208 tamen
1808 1152 1876 1208 de
1904 1165 1994 1209 se-

409 1247 558 1301 mine
595 1246 718 1301 vitis
756 1244 1019 1316 gignitur,
1062 1245 1226 1300 multa
1259 1253 1634 1299 monstrarem.
1677 1245 1745 1300 Et
1768 1258 1864 1300 cur
1888 1259 1994 1302 non

417 1337 697 1393 credamus
719 1337 819 1392 hoc
840 1336 961 1393 ideo
974 1336 1208 1392 voluisse
1228 1336 1559 1402 Creatorem,
1576 1345 1634 1391 ut
1654 1336 1996 1393 crederemus

410 1427 571 1482 etiam
611 1441 793 1482 semen
839 1425 1074 1482 hominis
1122 1441 1280 1496 posse
1328 1425 1515 1482 vitium
1555 1425 1622 1480 de
1660 1426 1996 1497 gignentibus

405 1517 640 1585 trahere,
665 1515 812 1589 quod
843 1517 899 1572 in
924 1517 1003 1573 eis
1026 1532 1056 1571 a
1080 1517 1274 1588 quibus
1300 1517 1533 1588 gignitur
1570 1530 1676 1572 non
1709 1517 1779 1572 sit
1805 1534 1818 1572 :
1846 1525 1904 1572 ut
1927 1517 1995 1573 ad

406 1608 522 1679 ejus
540 1607 792 1679 gratiam,
813 1624 919 1680 qua
943 1608 1192 1664 homines
1214 1616 1474 1664 eruuntur
1498 1621 1528 1663 a
1559 1615 1823 1678 potestate
1842 1615 1994 1666 tene-

410 1699 630 1755 brarum
648 1706 707 1755 et
722 1699 779 1755 in
804 1713 1024 1770 regnum
1043 1699 1184 1755 illius
1203 1699 1620 1766 transferuntur,
1643 1699 1804 1754 etiam
1819 1698 1996 1770 bapti-

403 1792 507 1848 zati
523 1807 646 1848 eum
670 1792 782 1848 suis
809 1791 1048 1863 parvulis
1073 1800 1381 1859 currerent;
1409 1791 1547 1848 sicut
1568 1801 1744 1848 tecum
1761 1792 1996 1848 cucurrit

414 1891 566 1954 pater
594 1881 674 1956 (α)
695 1891 916 1940 sanctus
935 1919 956 1953 ,
986 1883 1229 1939 nesciens
1257 1883 1428 1940 eldem
1457 1881 1640 1954 gratia:
1663 1897 1822 1954 quam
1848 1895 1996 1938 esses

411 1973 626 2030 iuturus
653 1974 932 2046 ingratus?

474 2087 563 2145 l8.
604 2088 710 2146 Sed
751 2097 956 2144 naturae
999 2096 1265 2145 scrutator
1311 2087 1606 2143 acerrimus
1646 2085 1842 2144 limites
1879 2085 1994 2156 ejus

402 2181 634 2249 invenis,
658 2190 713 2237 et
732 2181 947 2252 regulas
969 2179 1108 2252 ﬁgis,
1133 2181 1338 2248 dicens,
1373 2199 1392 2233 ‹
1430 2180 1535 2236 Per
1550 2195 1729 2236 rerum
1754 2186 1993 2234 naturam

403 2274 519 2331 ﬁeri
548 2290 653 2331 non
682 2289 842 2346 posse
861 2315 878 2342 ,
905 2283 964 2328 ut
989 2274 1115 2329 illud
1146 2275 1438 2345 probentur
1465 2272 1674 2328 tradere
1702 2281 1990 2343 parentes,

403 2381 510 2438 quo
535 2367 772 2422 caruisse
799 2366 1111 2421 creduntur.
1159 2364 1308 2434 Quod
1350 2365 1394 2421 si
1435 2364 1668 2430 tradunt,
1722 2383 1742 2418 ι
1787 2363 1984 2434 inquis,

413 2476 433 2511 ι
463 2474 571 2514 non
600 2459 930 2515 amiserunt.
971 2477 990 2512 ι
1019 2458 1138 2513 lstac
1166 2468 1287 2514 sunt
1313 2458 1610 2529 Pelagiana:
1636 2455 1992 2521 deﬁnitiones,

407 2567 542 2622 quas
567 2552 705 2608 lecto
729 2551 795 2607 ad
834 2551 1094 2624 religiosa:
1122 2552 1395 2607 memoria:
1424 2551 1784 2607 Marcellinum
1808 2593 1823 2618 ,
1851 2551 1994 2622 quod

407 2628 820 2711 commemoras,
847 2643 1098 2715 opusculo
1130 2653 1315 2698 nostro
1342 2642 1451 2716 (De
1474 2643 1803 2698 Peccatorum
1829 2643 1992 2700 Meri-

405 2734 505 2803 tis,
535 2734 627 2790 lib.
658 2735 734 2804 ὅ,
761 2753 912 2807 capp.
947 2737 980 2791 5
1001 2778 1016 2803 ,
1044 2735 1138 2792 8ει
1173 2735 1274 2808 9),
1298 2735 1407 2806 jam
1454 2752 1706 2807 respuere
1744 2736 1992 2794 debuisti.

403 2823 558 2881 Prior
594 2827 739 2882 enim
790 2826 1032 2898 Pelagius
1083 2827 1151 2883 de
1199 2827 1506 2898 parentibus
1548 2827 1792 2884 ﬁdelibus
1832 2828 1992 2896 dixit,

410 2935 431 2969 ι
471 2931 578 2972 non
603 2931 698 2973 eos
739 2918 976 2989 potuisse
1025 2918 1078 2973 in
1125 2928 1371 2989 posteros
1421 2919 1821 2990 transmittere,
1852 2919 1994 2990 quod

402 3007 505 3077 ipsi
525 3007 740 3064 minime
775 3007 1094 3066 habuerunt.
1135 3028 1155 3062 ι
1191 3009 1297 3066 Sed
1321 3026 1480 3082 quam
1497 3010 1795 3077 sitfalsum,
1817 3027 1996 3068 exem-

406 3098 507 3169 plis
529 3099 942 3157 evidentissimis
983 3101 1334 3172 perdocetur,
1369 3118 1592 3175 quorum
1625 3103 1798 3175 aliqua
1835 3119 1995 3174 supra

409 3190 518 3246 dixi
543 3233 560 3260 ,
583 3191 725 3248 unde
745 3202 828 3249 est
857 3203 912 3249 et
951 3193 1054 3250 hoc
1093 3193 1235 3265 quod
1263 3195 1422 3250 etiam
1452 3210 1595 3251 nunc
1634 3195 1828 3252 dicam.
1857 3193 1997 3262 Quid

403 3282 547 3337 enim
575 3283 824 3355 praeputii
853 3284 1054 3340 retinet
1081 3285 1462 3354 circumcisus,
1492 3285 1558 3343 de
1580 3301 1686 3357 quo
1715 3287 1997 3358 praeputia-

295 3413 306 3422 .
403 3384 489 3429 tus
507 3383 682 3431 tamen
703 3375 952 3447 gignitur,
975 3386 1033 3434 et
1052 3377 1191 3448 quod
1206 3379 1316 3450 jam
1326 3395 1431 3435 non
1459 3378 1614 3435 estin
1632 3378 1868 3448 homine,
1890 3389 2000 3436 tra-

405 3464 551 3522 hitur
571 3467 624 3521 in
647 3465 878 3524 hominis
904 3469 1144 3526 semine?
1168 3469 1278 3526 Nec
1295 3471 1365 3527 ob
1380 3470 1520 3526 aliud
1547 3471 1870 3528 credendum
1894 3481 1995 3543 est,

405 3559 642 3631 antiquis
669 3562 904 3630 patribus
937 3563 1041 3620 hoc
1064 3564 1317 3620 divinitus
1351 3564 1514 3621 fuisse
1543 3575 1894 3636 praeceptum,
1939 3574 2000 3623 ut

413 3657 606 3706 octavo
627 3650 714 3707 die
734 3651 1171 3710 circumciderent
1198 3657 1445 3726 parvulos
1469 3657 1535 3712 ad
1565 3658 1962 3729 signiﬁcandam
1979 3661 1997 3693 ⁸

405 3741 866 3812 regenerationem
893 3760 1008 3815 quae
1033 3745 1088 3801 ﬁt
1113 3747 1164 3802 in
1179 3744 1412 3816 Christo,
1427 3748 1517 3817 qui
1535 3749 1809 3821 postdiem
1831 3750 1998 3822 septi-

403 3844 550 3886 mm
566 3833 792 3900 sabbati,
809 3849 914 3905 quo
924 3835 1179 3907 diejacuit
1196 3840 1246 3893 in
1261 3840 1528 3910 sepulcro,
1548 3841 1769 3898 traditus
1786 3852 2001 3914 propter

408 3923 601 3980 delicta
628 3936 832 3994 nostra,
859 3930 1138 4000 sequenti,
1173 3931 1224 3986 id
1252 3940 1334 3988 est
1352 3974 1368 4000 ,
1395 3942 1584 3988 octavo
1613 3934 1666 3989 in
1699 3934 1988 3991 hebdoma-

405 4015 560 4072 dibus
589 4017 677 4074 die
712 4022 1005 4076 resurrexit
1031 4031 1248 4093 propter
1288 4022 1733 4094 justiﬁcationent
1761 4028 2001 4084 nostram'

409 4107 599 4182 (Rom.
629 4127 704 4179 tv,
734 4111 859 4186 25).
889 4113 1042 4183 Quod
1084 4127 1474 4172 sacramentum
1501 4119 1918 4176 circumcisionis
1946 4121 2001 4177 in

409 4199 577 4272 ﬁgura
607 4205 947 4272 praecessisse
975 4205 1317 4276 Baptismatis
1338 4250 1352 4275 ,
1399 4209 1517 4279 quis
1545 4209 1628 4265 vel
1659 4210 2001 4268 mediocriter

414 4294 580 4348 sacris
602 4293 819 4352 Litteris
855 4297 1093 4354 eruditus
1135 4299 1383 4370 ignoret;
1412 4315 1532 4356 cum
1572 4301 1908 4374 apertissime
1932 4303 2002 4360 de

417 4381 634 4438 Christo
685 4385 824 4442 dicat
850 4389 1153 4458 Apostolus,
1195 4390 1294 4458 Qui
1343 4402 1416 4447 est
1453 4403 1604 4463 caput
1628 4395 1790 4449 omnis
1809 4395 2000 4465 princi-

418 4482 569 4544 patus
588 4484 634 4530 et
660 4479 936 4546 potestatis,
957 4479 1011 4533 in
1035 4497 1134 4552 quo
1160 4483 1307 4536 etiam
1333 4483 1619 4539 circumcisi
1646 4485 1762 4539 estis
1781 4486 2000 4540 circum-

413 4566 606 4621 cisione
621 4583 721 4621 non
738 4585 892 4623 manu
919 4573 1074 4640 facta,
1101 4572 1155 4626 in
1183 4574 1547 4644 exspolialione
1562 4576 1787 4646 corporis
1808 4577 1998 4644 carnis,

411 4656 467 4712 in
495 4657 880 4715 circumcisione
908 4659 1094 4716 Christi
1113 4678 1134 4728 ;
1171 4665 1448 4738 consepulli
1476 4667 1522 4720 ei
1548 4668 1602 4721 in
1639 4665 1922 4740 Baptismo,
1952 4670 2005 4725 in

409 4763 510 4817 quo
533 4757 581 4803 et
604 4751 998 4806 consurrexistis
1026 4769 1114 4824 per
1140 4755 1297 4823 ﬁdem
1325 4757 1632 4827 operationis
1652 4757 1770 4824 Dei,
1793 4761 1875 4829 qui
1895 4777 2007 4816 sus-

410 4840 579 4895 citauit
597 4841 745 4896 illum
763 4859 797 4896 a
825 4845 1036 4900 mortuis
1066 4863 1086 4900 :
1111 4855 1157 4901 et
1184 4864 1268 4902 vos
1293 4865 1407 4903 cum
1423 4867 1528 4905 esse
1547 4851 1608 4905 tis
1637 4852 1819 4906 mortui
1842 4852 1895 4906 in
1921 4851 2008 4908 de-

417 4928 544 4987 lictis
572 4941 617 4988 et
649 4935 899 5006 praeputio
942 4937 1112 4991 carnis
1158 4947 1372 5008 vestrm,
1422 4941 1689 5011 vivi/icavit
1732 4959 1844 4996 cum
1872 4941 1964 4997 illo
1987 4985 2002 5011 ,

419 5020 609 5077 donans
625 5025 767 5080 nobis
801 5027 972 5082 omnia
1012 5027 1198 5084 delicta
1231 5029 1446 5104 (Coloss.
1474 5047 1512 5086 ll
1530 5073 1546 5099 ,
1574 5031 1813 5108 40-15)?
1841 5032 2008 5104 Hujus

421 5126 545 5184 ergo
573 5117 993 5175 circumcisionis
1021 5136 1128 5177 non
1168 5121 1491 5180 manul'actae
1513 5165 1529 5193 ,
1557 5141 1675 5195 qua:
1700 5141 1842 5180 nunc
1868 5125 1926 5179 ﬁt
1952 5125 2006 5182 in

421 5202 671 5272 Christo,
725 5208 1018 5266 similitudo
1065 5213 1342 5282 praemissa
1398 5223 1482 5270 est
1535 5215 1622 5270 illa
1673 5213 2008 5274 circumcisio

420 5311 586 5352 manu
612 5298 768 5367 iacta,
797 5317 914 5372 qua:
934 5303 1058 5359 data
1084 5314 1167 5361 est
1191 5306 1443 5362 Abrahae.

497 5389 588 5446 l9.
630 5389 771 5465 [Non
797 5395 940 5452 enim
968 5397 1074 5454 diei
1093 5406 1292 5470 potest,
1321 5400 1646 5473 Prmputium
1683 5417 1878 5474 corpus
1904 5411 2004 5472 est,

490 5544 510 5578 ί
543 5547 758 5600 Vaticani
780 5556 886 5619 tres
907 5560 1030 5619 Mss”
1198 5552 1267 5605 ad
1284 5552 2011 5619 Floriaceusis

419 5614 526 5670 ιιι,
739 5613 814 5680 ad_
833 5612 1232 5680 signiﬁcandam.
1287 5612 1464 5666 verum
1487 5617 1717 5679 particula
1753 5617 1882 5680 nisi,
1927 5617 2012 5669 vel

419 5670 920 5742 quam',illic‘add_it'a_
961 5670 1168 5742 sensum
1185 5677 1450 5740 detorquet
1485 5670 1791 5742 superiorum
1833 5670 2010 5731 verbo-

417 5741 526 5804 rum
549 5746 563 5781 :
589 5741 685 5804 Nec
699 5733 921 5804 ob_atiud
947 5737 1255 5804 credendum
1291 5733 1398 5804 esi;
1420 5733 1562 5804 quae
1587 5741 1860 5804 signiﬁcant
1895 5742 2012 5794 ideo

418 5801 711 5869 praeceptam
733 5799 1155 5869 circumcisione!!!
1171 5799 1364 5869 parvuli
1379 5799 1475 5869 'nde'
1508 5799 1787 5869 circumciso
1822 5805 2008 5869 geniti,

420 5854 659 5930 quia‘ipse
681 5858 746 5908 de
766 5860 1036 5930 circumcisi
1059 5854 1252 5930 semine
1268 5863 1425 5930 trahit
1446 5865 1746 5930 prteputium.

482 5914 556 5982 (α)
569 5914 844 5978 Ἐθωοτὶυι
859 5920 1042 5988 Juliani
1056 5927 1198 5988 pater
1213 5922 1318 5976 luit.

1760 389 1959 454 LIBER
1994 389 2284 458 SEXTUS.

3572 411 3676 479 834

2104 509 2208 566 hoc
2233 519 2410 567 autem
2439 513 2581 584 quod
2624 517 2850 572 trahitur
2888 516 2940 576 in
2970 519 3207 595 origine,
3234 526 3418 584 vitium
3450 547 3463 584 :
3495 539 3548 586 et
3583 533 3675 590 illo

2102 599 2316 671 quidem
2351 601 2623 672 abscisso,
2663 609 2769 663 vim
2817 610 2931 680 ejus
2979 623 3154 671 tamen
3202 633 3531 692 nequaquam
3559 625 3674 680 tolli

2101 695 2338 764 potuisse
2365 695 2430 752 de
2460 700 2702 768 semine;
2734 701 2837 758 hoc
2881 721 3010 761 vero
3052 710 3234 765 vitium
3279 714 3419 783 quod
3462 732 3566 771 non
3593 725 3677 774 est

2101 801 2316 858 corpus,
2345 791 2436 846 sed
2462 793 2708 851 accidens
2726 838 2741 863 ,
2767 813 2886 854 eum
2917 800 3242 874 indulgentia
3275 809 3344 863 sit
3368 811 3672 882 remissum,

2103 878 2156 936 in
2179 882 2382 940 semine
2401 900 2508 941 non
2531 888 2764 957 potuisse
2788 892 3022 950 residere
3045 914 3058 950 :
3083 895 3202 963 hoc,
3233 898 3468 970 inquam,
3494 919 3522 958 a
3544 878 3675 976 quo;

2101 973 2182 1029 vis
2207 975 2550 1033 callidissimo
2577 979 2682 1035 dici
2711 997 2816 1036 non
2859 994 3071 1054 potest,
3100 1002 3220 1042 eum
3259 973 3575 1052 auctoritate
3594 996 3675 1052 di-

2100 1064 2221 1120 vina
2252 1077 2562 1137 superetur,
2592 1085 2694 1141 qua
2737 1071 2848 1142 ipsa
2878 1089 3000 1142 pars
3025 1079 3264 1147 corporis
3293 1082 3362 1136 ob
3401 1082 3502 1140 hoc
3525 1086 3672 1156 jussa

2101 1166 2184 1211 est
2211 1160 2512 1228 amputari,
2538 1170 2595 1216 ut
2639 1161 2740 1218 hoc
2768 1164 2950 1219 vitium
3001 1179 3333 1239 purgaretur.
3377 1173 3527 1242 Quod
3571 1179 3674 1233 nisi

2101 1256 2242 1302 esset
2279 1248 2332 1303 in
2361 1251 2565 1307 semine
2587 1293 2603 1319 ,
2634 1252 2700 1307 ad
2743 1255 2989 1323 parvulos
3010 1298 3026 1325 ,
3058 1258 3246 1327 quibus
3273 1262 3674 1323 circumcisione

2100 1334 2189 1390 illa
2218 1337 2458 1407 corporis
2481 1339 2826 1397 auferendum
2857 1351 2973 1412 est,
3006 1347 3308 1405 nullatenus
3335 1355 3634 1420 perveniret
3659 1375 3673 1411 :

2100 1444 2273 1500 neque
2295 1430 2343 1485 si
2373 1431 2590 1490 minime
2616 1437 2966 1505 pervenisset,
2998 1438 3260 1511 indigeret
3285 1444 3546 1502 ullatenus
3575 1447 3675 1505 hac

2100 1522 2340 1593 corporis
2383 1524 2787 1584 circumcisione
2830 1532 3114 1589 semoveri.
3160 1533 3292 1589 Cum
3335 1545 3514 1592 autem
3551 1554 3677 1609 par-

2098 1613 2255 1668 vulus
2285 1617 2559 1686 proprium
2607 1618 2812 1674 nullum
2859 1619 3051 1677 habeat
3098 1625 3317 1682 omnino
3360 1638 3676 1699 peccatum,

2098 1713 2264 1760 restat
2293 1715 2350 1760 ut
2374 1707 2574 1763 nullum
2606 1710 2779 1767 eidem
2809 1713 2952 1768 aliud
2978 1713 3249 1772 auferatur
3276 1719 3378 1775 nisi
3423 1722 3679 1788 originale

2099 1793 2192 1850 illo
2211 1796 2452 1853 remedio
2473 1799 2589 1856 sine
2609 1815 2714 1871 quo
2735 1803 2876 1872 perit
2899 1804 3076 1860 anima
3102 1807 3216 1876 ejus
3244 1808 3309 1863 de
3332 1812 3525 1880 populo
3543 1827 3676 1881 suo;

2099 1885 2242 1955 quod
2266 1887 2364 1942 sub
2396 1887 2542 1958 justo
2573 1890 2682 1946 Deo
2712 1907 2816 1948 non
2862 1893 3047 1963 ﬁeret,
3080 1898 3180 1952 nisi
3226 1909 3368 1955 esset
3391 1904 3545 1973 culpa
3575 1921 3679 1975 qua

2098 1976 2271 2035 ﬁeret.
2299 1980 2429 2047 Quae
2456 1984 2707 2053 quoniam
2740 1987 2955 2056 propria
2985 1989 3128 2045 nulla
3157 1999 3258 2059 est,
3290 2002 3459 2051 restat
3483 2006 3540 2052 ut
3565 1998 3678 2053 sola

2099 2071 2317 2141 originis
2343 2073 2542 2130 vitiatae
2571 2075 2642 2130 sit
2670 2077 2823 2148 culpa
2855 2077 2919 2151 ¹].

2168 2161 2259 2219 20.
2295 2164 2436 2220 Ecce
2474 2167 2820 2224 circumcisus
2864 2171 3025 2226 tradit
3067 2175 3306 2230 nascenti
3343 2176 3408 2232 de
3445 2179 3540 2247 se',
3573 2193 3680 2250 quo

2098 2256 2268 2311 caruit
2293 2257 2346 2311 in
2374 2272 2433 2314 se
2457 2257 2554 2332 (a).
2576 2258 2714 2327 Quid
2742 2271 2824 2316 est
2843 2277 2969 2333 ergo
2995 2264 3134 2334 quod
3166 2265 3316 2332 dicis,
3347 2268 3477 2324 «Per
3497 2284 3678 2327 rerum

2097 2361 2341 2412 naturam
2369 2353 2484 2408 ﬁeri
2514 2368 2619 2410 non
2664 2369 2843 2425 posse,
2871 2365 2929 2410 ut
2960 2356 3086 2411 illud
3116 2357 3360 2417 homines
3385 2363 3677 2432 probentur

2097 2442 2310 2498 tradere
2330 2485 2346 2511 ,
2371 2458 2479 2515 quo
2515 2446 2751 2502 caruisse
2791 2447 3120 2505 creduntur?
3153 2468 3172 2502 ι
3204 2450 3407 2507 Βοηυιη
3435 2462 3513 2509 est
3540 2469 3678 2525 prie-

2098 2533 2303 2604 putium
2327 2577 2344 2603 ,
2375 2550 2480 2591 non
2504 2545 2588 2592 est
2616 2537 2814 2592 malum
2841 2580 2854 2602 ,
2883 2539 3005 2609 quia
3033 2539 3175 2595 Deus
3200 2541 3323 2596 illud
3351 2543 3478 2600 fecit
3497 2587 3512 2614 ,
3542 2546 3682 2602 sicut

2098 2622 2166 2680 de
2184 2623 2415 2680 oleastro
2431 2625 2800 2696 copiosissime
2825 2627 3124 2700 disputasti.
3150 2631 3523 2704 Respondetur
3544 2636 3636 2691 tibi
3659 2653 3675 2691 :

2097 2714 2276 2772 Bonus
2301 2724 2382 2772 est
2411 2715 2641 2773 oleaster
2667 2718 2721 2772 in
2752 2733 2932 2774 rerum
2955 2729 3162 2787 natura,
3191 2723 3285 2778 sed
3309 2724 3364 2779 in
3393 2727 3679 2797 mysterio-

2098 2819 2216 2860 rum
2256 2807 2522 2877 scriptura
2569 2807 2768 2864 malum
2818 2809 3118 2880 signiﬁcat;
3167 2813 3304 2868 sicut
3347 2814 3494 2886 lupi,
3543 2816 3682 2872 sicut

2098 2895 2284 2967 vulpes
2303 2937 2317 2963 ,
2348 2897 2485 2953 sicut
2509 2913 2603 2955 sus
2629 2899 2735 2954 lota
2762 2900 2816 2955 in
2845 2901 3135 2958 volutabris
3160 2904 3303 2959 omni
3323 2946 3339 2973 ,
3366 2906 3504 2966 sicut
3530 2908 3681 2964 canls

2099 3001 2390 3044 conversus
2414 2989 2484 3044 ad
2511 3005 2667 3046 suum
2698 2991 2953 3047 vomitum
2985 3009 3000 3047 :
3033 2993 3086 3048 in
3113 3009 3292 3050 rerum
3320 3005 3510 3052 natura
3538 2998 3679 3055 bona

2099 3087 2222 3133 sunt
2243 3079 2444 3148 omnia,
2467 3082 2604 3137 sicut
2623 3097 2756 3138 oves
2776 3100 2791 3150 ;
2815 3085 2994 3140 omnia
3014 3086 3209 3156 quippe
3235 3087 3376 3144 Deus
3396 3089 3520 3146 fecit
3539 3091 3679 3147 bona

2099 3169 2254 3227 valde
2283 3169 2443 3242 (Gen.
2472 3188 2512 3240 ι,
2543 3174 2608 3230 31
2632 3173 2652 3247 )
2677 3192 2692 3229 :
2720 3175 2815 3230 sed
2857 3177 2910 3231 in
2949 3179 3148 3233 sanctis
3175 3179 3350 3237 Libris
3377 3182 3485 3252 lupi
3511 3183 3682 3240 malos

2100 3263 2426 3335 signiﬁcant,
2451 3281 2580 3322 oves
2600 3277 2779 3324 autem
2802 3267 2993 3325 bonos.
3019 3269 3128 3326 Nec
3152 3273 3444 3329 secundum
3467 3274 3521 3331 id
3540 3277 3682 3346 quod

2100 3363 2246 3424 sunt,
2274 3356 2687 3435 sed'secundum
2713 3359 2768 3415 id
2793 3361 2933 3431 quod
2959 3362 3278 3433 signiﬁcant,
3308 3365 3376 3421 de
3403 3366 3507 3421 illis
3535 3367 3684 3423 simi-

2101 3444 2351 3504 litudines
2393 3448 2619 3518 damus,
2651 3451 2862 3522 quando
2904 3453 2971 3509 de
3015 3454 3276 3510 bonorum
3318 3456 3684 3528 malorumque

2102 3539 2401 3597 diﬂ'erentia
2444 3541 2794 3614 disputamus.
2844 3544 2934 3601 Sic
2975 3555 3030 3601 et
3075 3549 3391 3618 praeputium
3431 3549 3682 3619 quoniam

2102 3632 2359 3703 particula
2387 3643 2470 3690 est
2497 3635 2713 3692 humani
2743 3638 2982 3708 corporis
3005 3679 3020 3704 ,
3053 3640 3194 3710 quod
3228 3649 3394 3696 totum
3423 3651 3506 3697 est
3539 3642 3679 3700 bona

2103 3725 2446 3795 susbstantta,
2474 3727 2655 3798 utique
2683 3728 2879 3784 bonum
2909 3741 2991 3786 est
3027 3746 3124 3801 per
3148 3741 3422 3800 naturam;
3451 3734 3546 3789 sed
3571 3751 3686 3791 ma-

2103 3814 2212 3870 lum
2239 3816 2502 3888 signiﬁcat
2522 3833 2618 3888 per
2641 3819 2887 3891 ﬁguram,
2911 3837 3031 3878 cum
3054 3823 3142 3878 die
3162 3834 3349 3880 octavo
3374 3825 3685 3885 circumcidi

2103 3906 2411 3977 praecipitur
2439 3909 2706 3981 parvulus,
2733 3920 2949 3983 propter
2979 3909 3262 3980 Christum,
3297 3915 3351 3970 in
3380 3931 3506 3986 quo,
3539 3917 3679 3974 sicut
3704 3963 3706 3966 .

2103 3997 2391 4068 Apostolus
2417 4000 2580 4068 dicit,
2608 4003 2908 4060 circumcisi
2934 4020 3116 4063 sumus
3144 4007 3550 4071 circumcisione
3575 4026 3684 4067 non

2104 4107 2264 4148 manu
2283 4093 2439 4164 facta,
2459 4111 2616 4168 quam
2641 4099 2757 4154 sine
2785 4097 2947 4155 dubio
2971 4103 3330 4173 prmliguravit
3349 4108 3720 4166 circumcisi0°

2104 4203 2266 4243 manu
2291 4188 2450 4244 facta.
2480 4190 2805 4264 Prteputium
2833 4194 3010 4265 itaque
3040 4212 3146 4252 non
3167 4208 3249 4253 est
3269 4209 3562 4269 peccatum,
3587 4202 3685 4258 sed

2105 4278 2370 4350 signiﬁcat
2405 4292 2679 4351 peccatum
2704 4324 2719 4350 ,
2763 4292 2819 4339 et
2847 4286 3076 4342 maxime
3116 4289 3406 4360 originale;
3439 4293 3559 4363 quia
3588 4306 3685 4364 per

2105 4370 2280 4441 ipsum
2326 4373 2622 4429 membrum
2672 4383 2754 4430 est
2800 4376 2952 4447 origo
2995 4381 3362 4449 nascentium,
3405 4398 3502 4452 per
3542 4384 3685 4453 quod

2105 4471 2380 4533 peccatum
2407 4464 2533 4520 dicti
2557 4479 2740 4522 sumus
2769 4477 2956 4522 natura
2983 4469 3077 4524 ﬁlii
3123 4472 3214 4526 ira:
3245 4491 3256 4525 :
3289 4487 3408 4526 nam
3441 4474 3682 4543 etipsum

2108 4554 2404 4610 membrum
2427 4565 2614 4611 natura
2633 4559 2847 4628 proprie
2869 4559 3082 4615 dicitur.
3107 4561 3334 4619 Proinde
3351 4565 3684 4622 circumcisio

2107 4645 2283 4701 carnis
2309 4661 2418 4702 non
2446 4647 2617 4702 solum
2657 4647 2797 4702 illam
2827 4650 2976 4720 quasi
3018 4653 3319 4721 generalem
3364 4657 3683 4712 sententiam

2108 4746 2336 4792 vestram
2360 4739 2476 4794 sine
2499 4737 2842 4808 ambiguitate
2866 4740 3144 4810 subvertit,
3169 4758 3272 4814 qua
3299 4743 3494 4811 dicitis,
3525 4764 3545 4797 ι
3582 4747 3687 4803 Per

2109 4848 2288 4888 rerum
2315 4841 2559 4889 naturam
2599 4833 2714 4890 ﬁeri
2741 4850 2846 4890 non
2887 4851 3075 4905 posse,
3116 4845 3175 4892 ut
3200 4851 3305 4909 quo
3344 4838 3458 4910 ipse
3483 4840 3712 4907 caruit,

2111 4924 2284 4979 tradat
2312 4925 2445 4994 proli
2472 4940 2665 4995 parens
2693 4942 2707 4980 :
2746 4944 2766 4979 ι
2799 4941 2981 4982 verum
3011 4928 3170 4982 etiam
3217 4929 3340 4998 quia
3370 4931 3687 5000 praeputium

2111 5027 2387 5089 peccatum
2415 5017 2676 5089 signiﬁcat
2697 5060 2712 5086 ,
2741 5026 2798 5074 et
2841 5019 3107 5074 invenitur
3131 5019 3183 5074 in
3224 5029 3476 5077 nascente
3500 5061 3516 5089 ,
3544 5021 3688 5092 quod

2109 5110 2218 5182 jam
2239 5127 2346 5167 non
2367 5120 2484 5168 erat
2504 5111 2558 5166 in
2580 5119 2799 5183 parente
2823 5127 2837 5177 ;
2869 5109 3112 5182 profecto
3130 5111 3390 5183 originale
3410 5121 3688 5183 peccatum

2112 5202 2253 5274 quod
2270 5203 2379 5274 jam
2404 5203 2689 5258 remissum
2710 5210 2794 5258 est
2817 5201 3124 5272 parentibus
3144 5201 3442 5273 baptizatis,
3471 5218 3690 5258 manere

2113 5294 2443 5351 demonstrat
2470 5294 2524 5350 in
2553 5293 2805 5364 parvulis,
2850 5293 2954 5350 nisi
2997 5303 3052 5349 et
3095 5293 3196 5363 ipsi
3238 5293 3603 5364 baptizentur,
3636 5291 3692 5347 id

2114 5396 2217 5454 est,
2243 5387 2502 5456 spirituali
2527 5385 2931 5442 circumcisione
2956 5385 3316 5441 mundentur:
3341 5399 3543 5453 vosque
3564 5397 3693 5437 con-

2113 5478 2282 5534 vincit
2298 5493 2419 5534 esse
2441 5478 2777 5534 verissimum
2801 5477 2940 5550 quod
2962 5477 3193 5548 negatis;
3217 5475 3338 5547 quia
3363 5481 3419 5530 et
3439 5473 3554 5544 ipse
3573 5487 3694 5542 par-

2115 5568 2290 5636 vulus,
2312 5567 2380 5624 de
2398 5584 2504 5640 quo
2533 5569 2730 5624 dictum
2753 5575 2856 5636 est,
2881 5567 3072 5622 Peribit
3096 5567 3266 5621 anima
3292 5567 3401 5638 ejus
3420 5565 3482 5620 de
3503 5563 3694 5636 papqu

2180 5681 2198 5713 ι
2232 5681 2440 5748 Vaticani
2459 5686 2581 5748 _tres
2616 5679 2926 5748 manuscripti
2950 5685 3018 5748 et
3061 5677 3220 5748 Gallici
3252 5678 3376 5740 duo,
3417 5679 3468 5748 in
3515 5675 3693 5748 quibus

2120 5748 2205 5804 est
2219 5743 2582 5804 antiquissimus
2603 5740 2912 5790 Floriacensis
2955 5746 3107 5790 totum
3151 5740 3280 5790 hunc
3318 5754 3366 5790 n.
3411 5740 3471 5790 l9
3508 5740 3695 5788 uncinis

2116 5803 2353 5855 inclusum
2377 5810 2689 5865 praetereunt.

2179 5867 2253 5928 (α)
2287 5857 2431 5930 Mor'el
2470 5863 2736 5930 legendum
2768 5871 2960 5928 censet,
2985 5876 3078 5929 quo
3113 5864 3406 5930 caruitipse.
3449 5862 3564 5919 vide
3584 5857 3696 5913 Ele~

2119 5926 2272 5994 mea}.
2289 5927 2474 5992 Critic.,
2495 5939 2606 5992 pag.
2629 5926 2732 5980 157.
2749 5932 2806 5978 at.
