  <div class='ocr_page' id='page_1' title='image "/cluster/home/n/w/nwhite01/storage/ocr_20150623/44-45/uva.x000217727/421.png"; bbox 0 0 4142 6482; ppageno 0'>
   <div class='ocr_carea' id='block_1_1' title="bbox 540 347 647 410">
    <p class='ocr_par' dir='ltr' id='par_1_1' title="bbox 540 347 647 410">
     <span class='ocr_line' id='line_1_1' title="bbox 540 347 647 410; baseline 0 0"><span class='ocrx_word' id='word_1_1' title='bbox 540 347 647 410; x_wconf 76' lang='lat'><strong>835</strong></span> 
     </span>
    </p>
   </div>
   <div class='ocr_carea' id='block_1_2' title="bbox 537 538 2116 637">
    <p class='ocr_par' dir='ltr' id='par_1_2' title="bbox 537 538 2116 637">
     <span class='ocr_line' id='line_1_2' title="bbox 537 538 2116 637; baseline -0.007 -21"><span class='ocrx_word' id='word_1_2' title='bbox 537 558 629 625; x_wconf 73' lang='lat' dir='ltr'><strong>ﬂ,</strong></span> <span class='ocrx_word' id='word_1_3' title='bbox 654 556 779 628; x_wconf 72' lang='lat'><strong>12),</strong></span> <span class='ocrx_word' id='word_1_4' title='bbox 809 553 1046 637; x_wconf 88' lang='lat' dir='ltr'><strong>invenire</strong></span> <span class='ocrx_word' id='word_1_5' title='bbox 1071 548 1169 606; x_wconf 88' lang='lat' dir='ltr'><strong>sub</strong></span> <span class='ocrx_word' id='word_1_6' title='bbox 1189 551 1333 621; x_wconf 91' lang='lat' dir='ltr'><strong>justo</strong></span> <span class='ocrx_word' id='word_1_7' title='bbox 1354 549 1534 622; x_wconf 92' lang='lat' dir='ltr'><strong>judice</strong></span> <span class='ocrx_word' id='word_1_8' title='bbox 1562 538 1655 608; x_wconf 85' lang='lat' dir='ltr'><strong>cur</strong></span> <span class='ocrx_word' id='word_1_9' title='bbox 1681 561 1862 624; x_wconf 88' lang='lat' dir='ltr'><strong>pereat</strong></span> <span class='ocrx_word' id='word_1_10' title='bbox 1889 568 1996 607; x_wconf 89' lang='lat' dir='ltr'><strong>non</strong></span> 
     </span>
    </p>
   </div>
   <div class='ocr_carea' id='block_1_3' title="bbox 536 635 1602 718">
    <p class='ocr_par' dir='ltr' id='par_1_3' title="bbox 536 635 1602 718">
     <span class='ocr_line' id='line_1_3' title="bbox 536 635 1602 718; baseline -0.006 -13"><span class='ocrx_word' id='word_1_11' title='bbox 536 649 708 716; x_wconf 83' lang='lat' dir='ltr'><strong>testis,</strong></span> <span class='ocrx_word' id='word_1_12' title='bbox 741 635 993 718; x_wconf 85' lang='lat' dir='ltr'><strong>negantes</strong></span> <span class='ocrx_word' id='word_1_13' title='bbox 1021 644 1279 717; x_wconf 76' lang='lat' dir='ltr'><strong>originale</strong></span> <span class='ocrx_word' id='word_1_14' title='bbox 1302 654 1602 716; x_wconf 88' lang='lat' dir='ltr'><strong>peccatum.</strong></span> 
     </span>
    </p>
   </div>
   <div class='ocr_carea' id='block_1_4' title="bbox 602 735 2114 808">
    <p class='ocr_par' dir='ltr' id='par_1_4' title="bbox 602 735 2114 808">
     <span class='ocr_line' id='line_1_4' title="bbox 602 735 2114 808; baseline -0.003 -14"><span class='ocrx_word' id='word_1_15' title='bbox 602 738 692 795; x_wconf 77' lang='grc'><strong>21.</strong></span> <span class='ocrx_word' id='word_1_16' title='bbox 718 738 1103 808; x_wconf 71' lang='lat' dir='ltr'><strong>Relinquamus</strong></span> <span class='ocrx_word' id='word_1_17' title='bbox 1123 737 1285 793; x_wconf 87' lang='lat' dir='ltr'><strong>silvas</strong></span> <span class='ocrx_word' id='word_1_18' title='bbox 1314 737 1687 806; x_wconf 90' lang='lat' dir='ltr'><strong>oleastrorum,</strong></span> <span class='ocrx_word' id='word_1_19' title='bbox 1719 746 1772 793; x_wconf 89' lang='lat' dir='ltr'><strong>et</strong></span> <span class='ocrx_word' id='word_1_20' title='bbox 1798 746 2005 792; x_wconf 90' lang='lat' dir='ltr'><strong>montes</strong></span> <span class='ocrx_word' id='word_1_21' title='bbox 2030 735 2114 790; x_wconf 85' lang='lat' dir='ltr'><strong>vel</strong></span> 
     </span>
    </p>
   </div>
   <div class='ocr_carea' id='block_1_5' title="bbox 532 812 2114 898">
    <p class='ocr_par' dir='ltr' id='par_1_5' title="bbox 532 812 2114 898">
     <span class='ocr_line' id='line_1_5' title="bbox 532 812 2114 898; baseline -0.005 -9"><span class='ocrx_word' id='word_1_22' title='bbox 532 832 811 889; x_wconf 83' lang='lat' dir='ltr'><strong>Africanos</strong></span> <span class='ocrx_word' id='word_1_23' title='bbox 865 830 950 887; x_wconf 93' lang='lat' dir='ltr'><strong>vel</strong></span> <span class='ocrx_word' id='word_1_24' title='bbox 1010 812 1168 885; x_wconf 86' lang='lat' dir='ltr'><strong>italos</strong></span> <span class='ocrx_word' id='word_1_25' title='bbox 1223 830 1518 897; x_wconf 83' lang='lat' dir='ltr'><strong>olivarum;</strong></span> <span class='ocrx_word' id='word_1_26' title='bbox 1577 844 1675 884; x_wconf 88' lang='lat' dir='ltr'><strong>nec</strong></span> <span class='ocrx_word' id='word_1_27' title='bbox 1728 830 2114 898; x_wconf 81' lang='lat' dir='ltr'><strong>interrogemus</strong></span> 
     </span>
    </p>
   </div>
   <div class='ocr_carea' id='block_1_6' title="bbox 529 918 2114 995">
    <p class='ocr_par' dir='ltr' id='par_1_6' title="bbox 529 918 2114 995">
     <span class='ocr_line' id='line_1_6' title="bbox 529 918 2114 995; baseline -0.004 -15"><span class='ocrx_word' id='word_1_28' title='bbox 529 922 811 995; x_wconf 84' lang='lat' dir='ltr'><strong>agricolas,</strong></span> <span class='ocrx_word' id='word_1_29' title='bbox 844 922 948 995; x_wconf 70' lang='lat' dir='ltr'><strong>,qui</strong></span> <span class='ocrx_word' id='word_1_30' title='bbox 977 937 1097 978; x_wconf 92' lang='lat' dir='ltr'><strong>cum</strong></span> <span class='ocrx_word' id='word_1_31' title='bbox 1130 921 1221 977; x_wconf 90' lang='lat' dir='ltr'><strong>tibi</strong></span> <span class='ocrx_word' id='word_1_32' title='bbox 1268 920 1411 976; x_wconf 83' lang='lat' dir='ltr'><strong>aliud</strong></span> <span class='ocrx_word' id='word_1_33' title='bbox 1436 962 1451 987; x_wconf 91' lang='lat'><strong>,</strong></span> <span class='ocrx_word' id='word_1_34' title='bbox 1495 920 1626 976; x_wconf 89' lang='lat' dir='ltr'><strong>mihi</strong></span> <span class='ocrx_word' id='word_1_35' title='bbox 1669 918 1811 987; x_wconf 84' lang='lat' dir='ltr'><strong>aliud</strong></span> <span class='ocrx_word' id='word_1_36' title='bbox 1857 918 1990 974; x_wconf 91' lang='lat' dir='ltr'><strong>forte</strong></span> <span class='ocrx_word' id='word_1_37' title='bbox 2021 934 2114 974; x_wconf 88' lang='lat' dir='ltr'><strong>re-</strong></span> 
     </span>
    </p>
   </div>
   <div class='ocr_carea' id='block_1_7' title="bbox 525 1008 2113 1084">
    <p class='ocr_par' dir='ltr' id='par_1_7' title="bbox 525 1008 2113 1084">
     <span class='ocr_line' id='line_1_7' title="bbox 525 1008 2113 1084; baseline -0.004 -12"><span class='ocrx_word' id='word_1_38' title='bbox 525 1013 841 1084; x_wconf 86' lang='lat' dir='ltr'><strong>sponderint</strong></span> <span class='ocrx_word' id='word_1_39' title='bbox 864 1056 879 1082; x_wconf 92' lang='lat'><strong>,</strong></span> <span class='ocrx_word' id='word_1_40' title='bbox 921 1022 1138 1069; x_wconf 85' lang='lat' dir='ltr'><strong>neutros</strong></span> <span class='ocrx_word' id='word_1_41' title='bbox 1178 1027 1459 1084; x_wconf 86' lang='lat' dir='ltr'><strong>possumus</strong></span> <span class='ocrx_word' id='word_1_42' title='bbox 1497 1010 1657 1067; x_wconf 82' lang='lat' dir='ltr'><strong>celeri</strong></span> <span class='ocrx_word' id='word_1_43' title='bbox 1696 1008 2058 1081; x_wconf 74' lang='lat' dir='ltr'><strong>exploratibne</strong></span> <span class='ocrx_word' id='word_1_44' title='bbox 2095 1010 2113 1041; x_wconf 76' lang='grc' dir='ltr'>ί</span> 
     </span>
    </p>
   </div>
   <div class='ocr_carea' id='block_1_8' title="bbox 525 1100 2108 1177">
    <p class='ocr_par' dir='ltr' id='par_1_8' title="bbox 525 1100 2108 1177">
     <span class='ocr_line' id='line_1_8' title="bbox 525 1100 2108 1177; baseline -0.004 -14"><span class='ocrx_word' id='word_1_45' title='bbox 525 1107 848 1163; x_wconf 88' lang='lat' dir='ltr'><strong>convincere</strong></span> <span class='ocrx_word' id='word_1_46' title='bbox 871 1148 884 1173; x_wconf 93' lang='lat'><strong>,</strong></span> <span class='ocrx_word' id='word_1_47' title='bbox 914 1108 957 1162; x_wconf 89' lang='lat' dir='ltr'><strong>si</strong></span> <span class='ocrx_word' id='word_1_48' title='bbox 987 1106 1053 1163; x_wconf 90' lang='lat' dir='ltr'><strong>ad</strong></span> <span class='ocrx_word' id='word_1_49' title='bbox 1081 1106 1182 1162; x_wconf 92' lang='lat' dir='ltr'><strong>hoc</strong></span> <span class='ocrx_word' id='word_1_50' title='bbox 1209 1104 1588 1177; x_wconf 81' lang='lat' dir='ltr'><strong>experiendum</strong></span> <span class='ocrx_word' id='word_1_51' title='bbox 1617 1105 1909 1160; x_wconf 91' lang='lat' dir='ltr'><strong>seminctur</strong></span> <span class='ocrx_word' id='word_1_52' title='bbox 1932 1100 2108 1170; x_wconf 87' lang='lat' dir='ltr'><strong>arbor,</strong></span> 
     </span>
    </p>
   </div>
   <div class='ocr_carea' id='block_1_9' title="bbox 531 1193 2109 1271">
    <p class='ocr_par' dir='ltr' id='par_1_9' title="bbox 531 1193 2109 1271">
     <span class='ocr_line' id='line_1_9' title="bbox 531 1193 2109 1271; baseline -0.005 -15"><span class='ocrx_word' id='word_1_53' title='bbox 531 1201 668 1256; x_wconf 89' lang='lat' dir='ltr'><strong>seris</strong></span> <span class='ocrx_word' id='word_1_54' title='bbox 701 1199 899 1256; x_wconf 87' lang='lat' dir='ltr'><strong>factura</strong></span> <span class='ocrx_word' id='word_1_55' title='bbox 930 1199 1213 1269; x_wconf 89' lang='lat' dir='ltr'><strong>nepotibus</strong></span> <span class='ocrx_word' id='word_1_56' title='bbox 1260 1197 1499 1254; x_wconf 90' lang='lat' dir='ltr'><strong>umbram</strong></span> <span class='ocrx_word' id='word_1_57' title='bbox 1531 1197 1551 1271; x_wconf 93' lang='lat'><strong>(</strong></span> <span class='ocrx_word' id='word_1_58' title='bbox 1580 1196 1756 1269; x_wconf 84' lang='lat' dir='ltr'><strong>Virgil.</strong></span> <span class='ocrx_word' id='word_1_59' title='bbox 1802 1193 1986 1267; x_wconf 81' lang='lat' dir='ltr'><strong>Georg.</strong></span> <span class='ocrx_word' id='word_1_60' title='bbox 2019 1194 2109 1249; x_wconf 86' lang='lat' dir='ltr'><strong>lib.</strong></span> 
     </span>
    </p>
   </div>
   <div class='ocr_carea' id='block_1_10' title="bbox 527 1276 2111 1363">
    <p class='ocr_par' dir='ltr' id='par_1_10' title="bbox 527 1276 2111 1363">
     <span class='ocr_line' id='line_1_10' title="bbox 527 1276 2111 1363; baseline -0.003 -16"><span class='ocrx_word' id='word_1_61' title='bbox 527 1290 587 1361; x_wconf 78' lang='grc'><strong>2,</strong></span> <span class='ocrx_word' id='word_1_62' title='bbox 620 1308 748 1348; x_wconf 80' lang='lat' dir='ltr'><strong>vers.</strong></span> <span class='ocrx_word' id='word_1_63' title='bbox 782 1288 913 1363; x_wconf 85' lang='lat'><strong>58).</strong></span> <span class='ocrx_word' id='word_1_64' title='bbox 948 1276 1217 1348; x_wconf 80' lang='lat' dir='ltr'><strong>Habemus</strong></span> <span class='ocrx_word' id='word_1_65' title='bbox 1244 1276 1413 1347; x_wconf 82' lang='lat' dir='ltr'><strong>oleam</strong></span> <span class='ocrx_word' id='word_1_66' title='bbox 1439 1331 1456 1359; x_wconf 91' lang='lat'><strong>,</strong></span> <span class='ocrx_word' id='word_1_67' title='bbox 1486 1307 1590 1345; x_wconf 92' lang='lat' dir='ltr'><strong>non</strong></span> <span class='ocrx_word' id='word_1_68' title='bbox 1637 1286 1936 1345; x_wconf 85' lang='lat' dir='ltr'><strong>Africanam</strong></span> <span class='ocrx_word' id='word_1_69' title='bbox 1957 1331 1973 1357; x_wconf 95' lang='lat'><strong>,</strong></span> <span class='ocrx_word' id='word_1_70' title='bbox 2005 1305 2111 1344; x_wconf 82' lang='lat' dir='ltr'><strong>non</strong></span> 
     </span>
    </p>
   </div>
   <div class='ocr_carea' id='block_1_11' title="bbox 526 1374 2108 1469">
    <p class='ocr_par' dir='ltr' id='par_1_11' title="bbox 526 1374 2108 1469">
     <span class='ocr_line' id='line_1_11' title="bbox 526 1374 2108 1469; baseline -0.003 -26"><span class='ocrx_word' id='word_1_71' title='bbox 526 1386 734 1456; x_wconf 82' lang='lat' dir='ltr'><strong>Italam,</strong></span> <span class='ocrx_word' id='word_1_72' title='bbox 761 1387 853 1443; x_wconf 86' lang='lat' dir='ltr'><strong>sed</strong></span> <span class='ocrx_word' id='word_1_73' title='bbox 879 1374 1192 1453; x_wconf 72' lang='lat' dir='ltr'><strong>llehrteam;</strong></span> <span class='ocrx_word' id='word_1_74' title='bbox 1224 1385 1311 1441; x_wconf 92' lang='lat' dir='ltr'><strong>cui</strong></span> <span class='ocrx_word' id='word_1_75' title='bbox 1359 1400 1458 1441; x_wconf 90' lang='lat' dir='ltr'><strong>nos</strong></span> <span class='ocrx_word' id='word_1_76' title='bbox 1504 1384 1594 1457; x_wconf 90' lang='lat' dir='ltr'><strong>qui</strong></span> <span class='ocrx_word' id='word_1_77' title='bbox 1639 1383 1830 1469; x_wconf 83' lang='lat' dir='ltr'><strong>fuimus</strong></span> <span class='ocrx_word' id='word_1_78' title='bbox 1858 1383 2108 1469; x_wconf 83' lang='lat' dir='ltr'><strong>oleaster,</strong></span> 
     </span>
    </p>
   </div>
   <div class='ocr_carea' id='block_1_12' title="bbox 525 1472 2105 1555">
    <p class='ocr_par' dir='ltr' id='par_1_12' title="bbox 525 1472 2105 1555">
     <span class='ocr_line' id='line_1_12' title="bbox 525 1472 2105 1555; baseline -0.005 -17"><span class='ocrx_word' id='word_1_79' title='bbox 525 1479 717 1538; x_wconf 85' lang='lat' dir='ltr'><strong>insitos</strong></span> <span class='ocrx_word' id='word_1_80' title='bbox 747 1495 865 1537; x_wconf 90' lang='lat' dir='ltr'><strong>esse</strong></span> <span class='ocrx_word' id='word_1_81' title='bbox 889 1472 1200 1551; x_wconf 77' lang='lat' dir='ltr'><strong>gaudemus.</strong></span> <span class='ocrx_word' id='word_1_82' title='bbox 1231 1478 1308 1535; x_wconf 92' lang='lat' dir='ltr'><strong>llli</strong></span> <span class='ocrx_word' id='word_1_83' title='bbox 1335 1479 1468 1535; x_wconf 81' lang='lat' dir='ltr'><strong>oleae</strong></span> <span class='ocrx_word' id='word_1_84' title='bbox 1492 1476 1616 1533; x_wconf 88' lang='lat' dir='ltr'><strong>data</strong></span> <span class='ocrx_word' id='word_1_85' title='bbox 1642 1486 1725 1533; x_wconf 89' lang='lat' dir='ltr'><strong>est</strong></span> <span class='ocrx_word' id='word_1_86' title='bbox 1749 1475 2105 1555; x_wconf 88' lang='lat' dir='ltr'><strong>circumcisio,</strong></span> 
     </span>
    </p>
   </div>
   <div class='ocr_carea' id='block_1_13' title="bbox 524 1558 2106 1647">
    <p class='ocr_par' dir='ltr' id='par_1_13' title="bbox 524 1558 2106 1647">
     <span class='ocr_line' id='line_1_13' title="bbox 524 1558 2106 1647; baseline -0.004 -19"><span class='ocrx_word' id='word_1_87' title='bbox 524 1588 645 1644; x_wconf 85' lang='lat' dir='ltr'><strong>quae</strong></span> <span class='ocrx_word' id='word_1_88' title='bbox 662 1572 813 1628; x_wconf 89' lang='lat' dir='ltr'><strong>nobis</strong></span> <span class='ocrx_word' id='word_1_89' title='bbox 836 1564 996 1627; x_wconf 84' lang='lat' dir='ltr'><strong>solvit</strong></span> <span class='ocrx_word' id='word_1_90' title='bbox 1017 1572 1169 1627; x_wconf 85' lang='lat' dir='ltr'><strong>istam</strong></span> <span class='ocrx_word' id='word_1_91' title='bbox 1193 1571 1311 1627; x_wconf 87' lang='lat' dir='ltr'><strong>sine</strong></span> <span class='ocrx_word' id='word_1_92' title='bbox 1328 1558 2106 1647; x_wconf 63' lang='lat' dir='ltr'><strong>disceptationequiestionem.</strong></span> 
     </span>
    </p>
   </div>
   <div class='ocr_carea' id='block_1_14' title="bbox 523 1660 2106 1745">
    <p class='ocr_par' dir='ltr' id='par_1_14' title="bbox 523 1660 2106 1745">
     <span class='ocr_line' id='line_1_14' title="bbox 523 1660 2106 1745; baseline -0.004 -25"><span class='ocrx_word' id='word_1_93' title='bbox 523 1662 710 1720; x_wconf 80' lang='lat' dir='ltr'><strong>Trahit</strong></span> <span class='ocrx_word' id='word_1_94' title='bbox 730 1664 1047 1736; x_wconf 69' lang='lat' dir='ltr'><strong>prmputium</strong></span> <span class='ocrx_word' id='word_1_95' title='bbox 1064 1662 1261 1745; x_wconf 88' lang='lat' dir='ltr'><strong>proles,</strong></span> <span class='ocrx_word' id='word_1_96' title='bbox 1284 1661 1422 1734; x_wconf 89' lang='lat' dir='ltr'><strong>quod</strong></span> <span class='ocrx_word' id='word_1_97' title='bbox 1441 1661 1550 1733; x_wconf 84' lang='lat' dir='ltr'><strong>jam</strong></span> <span class='ocrx_word' id='word_1_98' title='bbox 1570 1676 1675 1716; x_wconf 92' lang='lat' dir='ltr'><strong>non</strong></span> <span class='ocrx_word' id='word_1_99' title='bbox 1693 1660 1852 1745; x_wconf 81' lang='lat' dir='ltr'><strong>habet</strong></span> <span class='ocrx_word' id='word_1_100' title='bbox 1878 1674 2071 1744; x_wconf 85' lang='lat' dir='ltr'><strong>parens</strong></span> <span class='ocrx_word' id='word_1_101' title='bbox 2089 1675 2106 1724; x_wconf 87' lang='lat'><strong>;</strong></span> 
     </span>
    </p>
   </div>
   <div class='ocr_carea' id='block_1_15' title="bbox 521 1740 2101 1834">
    <p class='ocr_par' dir='ltr' id='par_1_15' title="bbox 521 1740 2101 1834">
     <span class='ocr_line' id='line_1_15' title="bbox 521 1740 2101 1834; baseline -0.004 -23"><span class='ocrx_word' id='word_1_102' title='bbox 521 1756 713 1824; x_wconf 88' lang='lat' dir='ltr'><strong>caruit,</strong></span> <span class='ocrx_word' id='word_1_103' title='bbox 732 1764 784 1811; x_wconf 91' lang='lat' dir='ltr'><strong>et</strong></span> <span class='ocrx_word' id='word_1_104' title='bbox 800 1764 978 1811; x_wconf 90' lang='lat' dir='ltr'><strong>tamen</strong></span> <span class='ocrx_word' id='word_1_105' title='bbox 1002 1740 1246 1834; x_wconf 74' lang='lat' dir='ltr'><strong>tradidit;</strong></span> <span class='ocrx_word' id='word_1_106' title='bbox 1275 1753 1473 1821; x_wconf 89' lang='lat' dir='ltr'><strong>amisit,</strong></span> <span class='ocrx_word' id='word_1_107' title='bbox 1497 1761 1551 1808; x_wconf 90' lang='lat' dir='ltr'><strong>et</strong></span> <span class='ocrx_word' id='word_1_108' title='bbox 1573 1740 1749 1807; x_wconf 90' lang='lat' dir='ltr'><strong>tamen</strong></span> <span class='ocrx_word' id='word_1_109' title='bbox 1773 1740 2101 1834; x_wconf 72' lang='lat' dir='ltr'><strong>transmisit:</strong></span> 
     </span>
    </p>
   </div>
   <div class='ocr_carea' id='block_1_16' title="bbox 522 1832 2105 1917">
    <p class='ocr_par' dir='ltr' id='par_1_16' title="bbox 522 1832 2105 1917">
     <span class='ocr_line' id='line_1_16' title="bbox 522 1832 2105 1917; baseline -0.006 -13"><span class='ocrx_word' id='word_1_110' title='bbox 522 1855 580 1904; x_wconf 88' lang='lat' dir='ltr'><strong>et</strong></span> <span class='ocrx_word' id='word_1_111' title='bbox 600 1846 703 1902; x_wconf 91' lang='lat' dir='ltr'><strong>hoc</strong></span> <span class='ocrx_word' id='word_1_112' title='bbox 727 1846 1038 1917; x_wconf 75' lang='lat' dir='ltr'><strong>praeputium</strong></span> <span class='ocrx_word' id='word_1_113' title='bbox 1067 1832 1343 1915; x_wconf 85' lang='lat' dir='ltr'><strong>peccatum</strong></span> <span class='ocrx_word' id='word_1_114' title='bbox 1369 1842 1651 1915; x_wconf 87' lang='lat' dir='ltr'><strong>signiﬁcat.</strong></span> <span class='ocrx_word' id='word_1_115' title='bbox 1680 1832 1825 1912; x_wconf 82' lang='lat' dir='ltr'><strong>Ergo</strong></span> <span class='ocrx_word' id='word_1_116' title='bbox 1853 1849 1907 1895; x_wconf 91' lang='lat' dir='ltr'><strong>et</strong></span> <span class='ocrx_word' id='word_1_117' title='bbox 1932 1840 2105 1917; x_wconf 81' lang='lat' dir='ltr'><strong>ipsum</strong></span> 
     </span>
    </p>
   </div>
   <div class='ocr_carea' id='block_1_17' title="bbox 522 1934 2106 2020">
    <p class='ocr_par' dir='ltr' id='par_1_17' title="bbox 522 1934 2106 2020">
     <span class='ocr_line' id='line_1_17' title="bbox 522 1934 2106 2020; baseline -0.004 -24"><span class='ocrx_word' id='word_1_118' title='bbox 522 1947 701 2012; x_wconf 86' lang='lat' dir='ltr'><strong>potest</strong></span> <span class='ocrx_word' id='word_1_119' title='bbox 725 1939 778 1995; x_wconf 89' lang='lat' dir='ltr'><strong>in</strong></span> <span class='ocrx_word' id='word_1_120' title='bbox 809 1939 1115 2010; x_wconf 86' lang='lat' dir='ltr'><strong>parentibus</strong></span> <span class='ocrx_word' id='word_1_121' title='bbox 1138 1936 1359 1993; x_wconf 89' lang='lat' dir='ltr'><strong>interire</strong></span> <span class='ocrx_word' id='word_1_122' title='bbox 1383 1978 1400 2020; x_wconf 79' lang='lat'><strong>,</strong></span> <span class='ocrx_word' id='word_1_123' title='bbox 1428 1945 1485 1993; x_wconf 90' lang='lat' dir='ltr'><strong>et</strong></span> <span class='ocrx_word' id='word_1_124' title='bbox 1514 1946 1691 2009; x_wconf 89' lang='lat' dir='ltr'><strong>tamen</strong></span> <span class='ocrx_word' id='word_1_125' title='bbox 1721 1935 1788 1990; x_wconf 86' lang='lat' dir='ltr'><strong>ad</strong></span> <span class='ocrx_word' id='word_1_126' title='bbox 1818 1934 1956 1990; x_wconf 88' lang='lat' dir='ltr'><strong>ﬁlios</strong></span> <span class='ocrx_word' id='word_1_127' title='bbox 1982 1949 2106 2005; x_wconf 86' lang='lat' dir='ltr'><strong>per-</strong></span> 
     </span>
    </p>
   </div>
   <div class='ocr_carea' id='block_1_18' title="bbox 523 2026 2102 2102">
    <p class='ocr_par' dir='ltr' id='par_1_18' title="bbox 523 2026 2102 2102">
     <span class='ocr_line' id='line_1_18' title="bbox 523 2026 2102 2102; baseline -0.005 -12"><span class='ocrx_word' id='word_1_128' title='bbox 523 2034 772 2090; x_wconf 88' lang='lat' dir='ltr'><strong>transire.</strong></span> <span class='ocrx_word' id='word_1_129' title='bbox 796 2034 1089 2088; x_wconf 87' lang='lat' dir='ltr'><strong>Attestetur</strong></span> <span class='ocrx_word' id='word_1_130' title='bbox 1111 2031 1269 2086; x_wconf 89' lang='lat' dir='ltr'><strong>etiam</strong></span> <span class='ocrx_word' id='word_1_131' title='bbox 1288 2030 1402 2102; x_wconf 88' lang='lat' dir='ltr'><strong>ipse</strong></span> <span class='ocrx_word' id='word_1_132' title='bbox 1419 2028 1614 2097; x_wconf 87' lang='lat' dir='ltr'><strong>infans,</strong></span> <span class='ocrx_word' id='word_1_133' title='bbox 1640 2037 1695 2085; x_wconf 88' lang='lat' dir='ltr'><strong>et</strong></span> <span class='ocrx_word' id='word_1_134' title='bbox 1721 2037 1900 2084; x_wconf 90' lang='lat' dir='ltr'><strong>tacens</strong></span> <span class='ocrx_word' id='word_1_135' title='bbox 1920 2026 2062 2083; x_wconf 88' lang='lat' dir='ltr'><strong>dicat</strong></span> <span class='ocrx_word' id='word_1_136' title='bbox 2088 2044 2102 2081; x_wconf 92' lang='lat'><strong>:</strong></span> 
     </span>
    </p>
   </div>
   <div class='ocr_carea' id='block_1_19' title="bbox 523 2118 2106 2203">
    <p class='ocr_par' dir='ltr' id='par_1_19' title="bbox 523 2118 2106 2203">
     <span class='ocr_line' id='line_1_19' title="bbox 523 2118 2106 2203; baseline -0.007 -19"><span class='ocrx_word' id='word_1_137' title='bbox 523 2125 764 2185; x_wconf 87' lang='lat' dir='ltr'><strong>Peritura</strong></span> <span class='ocrx_word' id='word_1_138' title='bbox 795 2133 879 2181; x_wconf 89' lang='lat' dir='ltr'><strong>est</strong></span> <span class='ocrx_word' id='word_1_139' title='bbox 901 2123 1076 2180; x_wconf 90' lang='lat' dir='ltr'><strong>anima</strong></span> <span class='ocrx_word' id='word_1_140' title='bbox 1105 2138 1225 2180; x_wconf 90' lang='lat' dir='ltr'><strong>mea</strong></span> <span class='ocrx_word' id='word_1_141' title='bbox 1255 2122 1322 2179; x_wconf 91' lang='lat' dir='ltr'><strong>de</strong></span> <span class='ocrx_word' id='word_1_142' title='bbox 1352 2122 1545 2195; x_wconf 88' lang='lat' dir='ltr'><strong>populo</strong></span> <span class='ocrx_word' id='word_1_143' title='bbox 1573 2135 1715 2188; x_wconf 91' lang='lat' dir='ltr'><strong>meo,</strong></span> <span class='ocrx_word' id='word_1_144' title='bbox 1749 2119 1793 2175; x_wconf 92' lang='lat' dir='ltr'><strong>si</strong></span> <span class='ocrx_word' id='word_1_145' title='bbox 1821 2134 1928 2201; x_wconf 87' lang='lat' dir='ltr'><strong>non</strong></span> <span class='ocrx_word' id='word_1_146' title='bbox 1955 2118 2106 2203; x_wconf 73' lang='lat' dir='ltr'><strong>fdere</strong></span> 
     </span>
    </p>
   </div>
   <div class='ocr_carea' id='block_1_20' title="bbox 520 2204 2106 2288">
    <p class='ocr_par' dir='ltr' id='par_1_20' title="bbox 520 2204 2106 2288">
     <span class='ocr_line' id='line_1_20' title="bbox 520 2204 2106 2288; baseline -0.006 -11"><span class='ocrx_word' id='word_1_147' title='bbox 520 2219 871 2277; x_wconf 87' lang='lat' dir='ltr'><strong>circumcisus</strong></span> <span class='ocrx_word' id='word_1_148' title='bbox 900 2204 1088 2275; x_wconf 84' lang='lat' dir='ltr'><strong>octavo</strong></span> <span class='ocrx_word' id='word_1_149' title='bbox 1114 2218 1201 2273; x_wconf 92' lang='lat' dir='ltr'><strong>die</strong></span> <span class='ocrx_word' id='word_1_150' title='bbox 1230 2235 1244 2271; x_wconf 89' lang='lat'><strong>:</strong></span> <span class='ocrx_word' id='word_1_151' title='bbox 1273 2217 1363 2288; x_wconf 86' lang='lat' dir='ltr'><strong>qui</strong></span> <span class='ocrx_word' id='word_1_152' title='bbox 1390 2231 1518 2288; x_wconf 85' lang='lat' dir='ltr'><strong>ergo</strong></span> <span class='ocrx_word' id='word_1_153' title='bbox 1542 2223 1595 2272; x_wconf 91' lang='lat' dir='ltr'><strong>et</strong></span> <span class='ocrx_word' id='word_1_154' title='bbox 1622 2214 1880 2285; x_wconf 79' lang='lat' dir='ltr'><strong>originale</strong></span> <span class='ocrx_word' id='word_1_155' title='bbox 1904 2214 2106 2287; x_wconf 82' lang='lat' dir='ltr'><strong>malum</strong></span> 
     </span>
    </p>
   </div>
   <div class='ocr_carea' id='block_1_21' title="bbox 502 2294 2105 2393">
    <p class='ocr_par' dir='ltr' id='par_1_21' title="bbox 502 2294 2105 2393">
     <span class='ocr_line' id='line_1_21' title="bbox 502 2294 2105 2393; baseline -0.007 -22"><span class='ocrx_word' id='word_1_156' title='bbox 502 2298 844 2381; x_wconf 26' lang='lat' dir='ltr'><strong>.difﬁtemini,</strong></span> <span class='ocrx_word' id='word_1_157' title='bbox 878 2321 935 2368; x_wconf 91' lang='lat' dir='ltr'><strong>et</strong></span> <span class='ocrx_word' id='word_1_158' title='bbox 965 2294 1171 2382; x_wconf 81' lang='lat' dir='ltr'><strong>justum</strong></span> <span class='ocrx_word' id='word_1_159' title='bbox 1194 2310 1362 2365; x_wconf 90' lang='lat' dir='ltr'><strong>Deum</strong></span> <span class='ocrx_word' id='word_1_160' title='bbox 1390 2307 1655 2374; x_wconf 86' lang='lat' dir='ltr'><strong>fatemini,</strong></span> <span class='ocrx_word' id='word_1_161' title='bbox 1686 2306 1814 2378; x_wconf 92' lang='lat' dir='ltr'><strong>quid</strong></span> <span class='ocrx_word' id='word_1_162' title='bbox 1847 2320 2105 2393; x_wconf 55' lang='lat' dir='ltr'><strong>peccatve.</strong></span> 
     </span>
    </p>
   </div>
   <div class='ocr_carea' id='block_1_22' title="bbox 521 2396 2106 2484">
    <p class='ocr_par' dir='ltr' id='par_1_22' title="bbox 521 2396 2106 2484">
     <span class='ocr_line' id='line_1_22' title="bbox 521 2396 2106 2484; baseline -0.007 -22"><span class='ocrx_word' id='word_1_163' title='bbox 521 2406 627 2463; x_wconf 88' lang='lat' dir='ltr'><strong>rim</strong></span> <span class='ocrx_word' id='word_1_164' title='bbox 654 2404 833 2460; x_wconf 86' lang='lat' dir='ltr'><strong>dicite.</strong></span> <span class='ocrx_word' id='word_1_165' title='bbox 874 2403 1007 2458; x_wconf 90' lang='lat' dir='ltr'><strong>Huic</strong></span> <span class='ocrx_word' id='word_1_166' title='bbox 1036 2400 1223 2456; x_wconf 86' lang='lat' dir='ltr'><strong>infanti</strong></span> <span class='ocrx_word' id='word_1_167' title='bbox 1260 2400 1416 2459; x_wconf 90' lang='lat' dir='ltr'><strong>tacite</strong></span> <span class='ocrx_word' id='word_1_168' title='bbox 1452 2398 1701 2475; x_wconf 88' lang='lat' dir='ltr'><strong>clamanti</strong></span> <span class='ocrx_word' id='word_1_169' title='bbox 1738 2397 1988 2470; x_wconf 89' lang='lat' dir='ltr'><strong>quoniam</strong></span> <span class='ocrx_word' id='word_1_170' title='bbox 2027 2396 2106 2484; x_wconf 84' lang='lat' dir='ltr'><strong>lo-</strong></span> 
     </span>
    </p>
   </div>
   <div class='ocr_carea' id='block_1_23' title="bbox 519 2492 2100 2575">
    <p class='ocr_par' dir='ltr' id='par_1_23' title="bbox 519 2492 2100 2575">
     <span class='ocr_line' id='line_1_23' title="bbox 519 2492 2100 2575; baseline -0.005 -21"><span class='ocrx_word' id='word_1_171' title='bbox 519 2497 759 2575; x_wconf 90' lang='lat' dir='ltr'><strong>quacitas</strong></span> <span class='ocrx_word' id='word_1_172' title='bbox 803 2506 983 2555; x_wconf 90' lang='lat' dir='ltr'><strong>vestra</strong></span> <span class='ocrx_word' id='word_1_173' title='bbox 1024 2497 1045 2527; x_wconf 84' lang='grc'><strong><em>²</em></strong></span> <span class='ocrx_word' id='word_1_174' title='bbox 1083 2494 1228 2573; x_wconf 78' lang='lat' dir='ltr'><strong>nulla</strong></span> <span class='ocrx_word' id='word_1_175' title='bbox 1273 2492 1578 2551; x_wconf 86' lang='lat' dir='ltr'><strong>rationabili</strong></span> <span class='ocrx_word' id='word_1_176' title='bbox 1619 2507 1753 2549; x_wconf 85' lang='lat' dir='ltr'><strong>voce</strong></span> <span class='ocrx_word' id='word_1_177' title='bbox 1795 2493 2100 2575; x_wconf 83' lang='lat' dir='ltr'><strong>respondet,</strong></span> 
     </span>
    </p>
   </div>
   <div class='ocr_carea' id='block_1_24' title="bbox 518 2582 2103 2667">
    <p class='ocr_par' dir='ltr' id='par_1_24' title="bbox 518 2582 2103 2667">
     <span class='ocr_line' id='line_1_24' title="bbox 518 2582 2103 2667; baseline -0.007 -20"><span class='ocrx_word' id='word_1_178' title='bbox 518 2601 683 2647; x_wconf 64' lang='lat' dir='ltr'><strong>Voces</strong></span> <span class='ocrx_word' id='word_1_179' title='bbox 734 2588 913 2660; x_wconf 88' lang='lat' dir='ltr'><strong>potius</strong></span> <span class='ocrx_word' id='word_1_180' title='bbox 959 2595 1166 2667; x_wconf 77' lang='lat' dir='ltr'><strong>vestras</strong></span> <span class='ocrx_word' id='word_1_181' title='bbox 1212 2585 1517 2657; x_wconf 84' lang='lat' dir='ltr'><strong>apostolicis</strong></span> <span class='ocrx_word' id='word_1_182' title='bbox 1566 2584 1842 2643; x_wconf 88' lang='lat' dir='ltr'><strong>nobiscum</strong></span> <span class='ocrx_word' id='word_1_183' title='bbox 1885 2582 2103 2643; x_wconf 85' lang='lat' dir='ltr'><strong>vocibus</strong></span> 
     </span>
    </p>
   </div>
   <div class='ocr_carea' id='block_1_25' title="bbox 517 2671 2104 2757">
    <p class='ocr_par' dir='ltr' id='par_1_25' title="bbox 517 2671 2104 2757">
     <span class='ocr_line' id='line_1_25' title="bbox 517 2671 2104 2757; baseline -0.004 -20"><span class='ocrx_word' id='word_1_184' title='bbox 517 2681 742 2755; x_wconf 76' lang='lat' dir='ltr'><strong>iungite.</strong></span> <span class='ocrx_word' id='word_1_185' title='bbox 767 2680 896 2757; x_wconf 85' lang='lat' dir='ltr'><strong>Quae</strong></span> <span class='ocrx_word' id='word_1_186' title='bbox 922 2680 1027 2735; x_wconf 90' lang='lat' dir='ltr'><strong>sint</strong></span> <span class='ocrx_word' id='word_1_187' title='bbox 1052 2679 1197 2749; x_wconf 79' lang='lat' dir='ltr'><strong>enim</strong></span> <span class='ocrx_word' id='word_1_188' title='bbox 1222 2693 1292 2734; x_wconf 79' lang='lat' dir='ltr'><strong>ex</strong></span> <span class='ocrx_word' id='word_1_189' title='bbox 1327 2671 1766 2749; x_wconf 45' lang='lat' dir='ltr'><strong>parentibus,‘vel</strong></span> <span class='ocrx_word' id='word_1_190' title='bbox 1790 2684 1975 2757; x_wconf 82' lang='lat' dir='ltr'><strong>utrum</strong></span> <span class='ocrx_word' id='word_1_191' title='bbox 1995 2675 2104 2755; x_wconf 56' lang='lat' dir='ltr'><strong>sint</strong></span> 
     </span>
    </p>
   </div>
   <div class='ocr_carea' id='block_1_26' title="bbox 517 2769 2104 2845">
    <p class='ocr_par' dir='ltr' id='par_1_26' title="bbox 517 2769 2104 2845">
     <span class='ocr_line' id='line_1_26' title="bbox 517 2769 2104 2845; baseline -0.004 -15"><span class='ocrx_word' id='word_1_192' title='bbox 517 2775 679 2830; x_wconf 82' lang='lat' dir='ltr'><strong>etiam</strong></span> <span class='ocrx_word' id='word_1_193' title='bbox 719 2774 821 2828; x_wconf 88' lang='lat' dir='ltr'><strong>alia</strong></span> <span class='ocrx_word' id='word_1_194' title='bbox 858 2770 1101 2842; x_wconf 90' lang='lat' dir='ltr'><strong>contagia</strong></span> <span class='ocrx_word' id='word_1_195' title='bbox 1147 2780 1527 2845; x_wconf 84' lang='lat' dir='ltr'><strong>peccatorum,</strong></span> <span class='ocrx_word' id='word_1_196' title='bbox 1557 2771 1783 2837; x_wconf 83' lang='lat' dir='ltr'><strong>liberum</strong></span> <span class='ocrx_word' id='word_1_197' title='bbox 1827 2769 1981 2845; x_wconf 79' lang='lat' dir='ltr'><strong>nobis</strong></span> <span class='ocrx_word' id='word_1_198' title='bbox 2021 2777 2104 2843; x_wconf 81' lang='lat' dir='ltr'><strong>est</strong></span> 
     </span>
    </p>
   </div>
   <div class='ocr_carea' id='block_1_27' title="bbox 518 2852 2100 2949">
    <p class='ocr_par' dir='ltr' id='par_1_27' title="bbox 518 2852 2100 2949">
     <span class='ocr_line' id='line_1_27' title="bbox 518 2852 2100 2949; baseline -0.001 -30"><span class='ocrx_word' id='word_1_199' title='bbox 518 2878 798 2939; x_wconf 84' lang='lat' dir='ltr'><strong>quaerere;</strong></span> <span class='ocrx_word' id='word_1_200' title='bbox 819 2863 931 2949; x_wconf 76' lang='lat' dir='ltr'><strong>sive</strong></span> <span class='ocrx_word' id='word_1_201' title='bbox 955 2862 1024 2935; x_wconf 83' lang='lat' dir='ltr'><strong>sit</strong></span> <span class='ocrx_word' id='word_1_202' title='bbox 1049 2859 1228 2937; x_wconf 73' lang='lat' dir='ltr'><strong>facile,</strong></span> <span class='ocrx_word' id='word_1_203' title='bbox 1249 2852 1363 2919; x_wconf 83' lang='lat' dir='ltr'><strong>sive</strong></span> <span class='ocrx_word' id='word_1_204' title='bbox 1381 2860 1619 2931; x_wconf 81' lang='lat' dir='ltr'><strong>difﬁcile,</strong></span> <span class='ocrx_word' id='word_1_205' title='bbox 1638 2861 1750 2917; x_wconf 87' lang='lat' dir='ltr'><strong>sive</strong></span> <span class='ocrx_word' id='word_1_206' title='bbox 1774 2861 2100 2935; x_wconf 77' lang='lat' dir='ltr'><strong>impossibile</strong></span> 
     </span>
    </p>
   </div>
   <div class='ocr_carea' id='block_1_28' title="bbox 515 2952 2100 3031">
    <p class='ocr_par' dir='ltr' id='par_1_28' title="bbox 515 2952 2100 3031">
     <span class='ocr_line' id='line_1_28' title="bbox 515 2952 2100 3031; baseline -0.001 -16"><span class='ocrx_word' id='word_1_207' title='bbox 515 2957 755 3031; x_wconf 77' lang='lat' dir='ltr'><strong>reperire</strong></span> <span class='ocrx_word' id='word_1_208' title='bbox 787 2974 801 3012; x_wconf 88' lang='lat'><strong>:</strong></span> <span class='ocrx_word' id='word_1_209' title='bbox 832 2970 929 3029; x_wconf 91' lang='lat' dir='ltr'><strong>per</strong></span> <span class='ocrx_word' id='word_1_210' title='bbox 952 2970 1118 3011; x_wconf 88' lang='lat' dir='ltr'><strong>unum</strong></span> <span class='ocrx_word' id='word_1_211' title='bbox 1153 2962 1328 3010; x_wconf 89' lang='lat' dir='ltr'><strong>tamen</strong></span> <span class='ocrx_word' id='word_1_212' title='bbox 1367 2953 1640 3011; x_wconf 81' lang='lat' dir='ltr'><strong>hominem</strong></span> <span class='ocrx_word' id='word_1_213' title='bbox 1682 2954 1737 3011; x_wconf 87' lang='lat' dir='ltr'><strong>in</strong></span> <span class='ocrx_word' id='word_1_214' title='bbox 1773 2952 1917 3009; x_wconf 88' lang='lat' dir='ltr'><strong>hunc</strong></span> <span class='ocrx_word' id='word_1_215' title='bbox 1943 2969 2100 3021; x_wconf 77' lang='lat' dir='ltr'><strong>mun-</strong></span> 
     </span>
    </p>
   </div>
   <div class='ocr_carea' id='block_1_29' title="bbox 509 3049 2101 3121">
    <p class='ocr_par' dir='ltr' id='par_1_29' title="bbox 509 3049 2101 3121">
     <span class='ocr_line' id='line_1_29' title="bbox 509 3049 2101 3121; baseline -0.004 -15"><span class='ocrx_word' id='word_1_216' title='bbox 509 3049 644 3109; x_wconf 79' lang='lat' dir='ltr'><strong>dum</strong></span> <span class='ocrx_word' id='word_1_217' title='bbox 674 3049 899 3121; x_wconf 86' lang='lat' dir='ltr'><strong>intrasse</strong></span> <span class='ocrx_word' id='word_1_218' title='bbox 923 3058 1199 3119; x_wconf 87' lang='lat' dir='ltr'><strong>peceatum</strong></span> <span class='ocrx_word' id='word_1_219' title='bbox 1221 3087 1238 3114; x_wconf 95' lang='lat'><strong>,</strong></span> <span class='ocrx_word' id='word_1_220' title='bbox 1270 3054 1325 3102; x_wconf 90' lang='lat' dir='ltr'><strong>et</strong></span> <span class='ocrx_word' id='word_1_221' title='bbox 1350 3061 1443 3116; x_wconf 90' lang='lat' dir='ltr'><strong>per</strong></span> <span class='ocrx_word' id='word_1_222' title='bbox 1464 3054 1740 3117; x_wconf 76' lang='lat' dir='ltr'><strong>peceatum</strong></span> <span class='ocrx_word' id='word_1_223' title='bbox 1769 3054 2021 3115; x_wconf 88' lang='lat' dir='ltr'><strong>mortem,</strong></span> <span class='ocrx_word' id='word_1_224' title='bbox 2045 3053 2101 3103; x_wconf 88' lang='lat' dir='ltr'><strong>et</strong></span> 
     </span>
    </p>
   </div>
   <div class='ocr_carea' id='block_1_30' title="bbox 516 3138 2099 3213">
    <p class='ocr_par' dir='ltr' id='par_1_30' title="bbox 516 3138 2099 3213">
     <span class='ocr_line' id='line_1_30' title="bbox 516 3138 2099 3213; baseline -0.002 -16"><span class='ocrx_word' id='word_1_225' title='bbox 516 3139 591 3213; x_wconf 83' lang='lat' dir='ltr'><strong>ita</strong></span> <span class='ocrx_word' id='word_1_226' title='bbox 638 3141 692 3195; x_wconf 90' lang='lat' dir='ltr'><strong>in</strong></span> <span class='ocrx_word' id='word_1_227' title='bbox 729 3155 916 3196; x_wconf 89' lang='lat' dir='ltr'><strong>omnes</strong></span> <span class='ocrx_word' id='word_1_228' title='bbox 961 3138 1205 3213; x_wconf 84' lang='lat' dir='ltr'><strong>homines</strong></span> <span class='ocrx_word' id='word_1_229' title='bbox 1248 3140 1635 3209; x_wconf 88' lang='lat' dir='ltr'><strong>pertransisse,</strong></span> <span class='ocrx_word' id='word_1_230' title='bbox 1667 3138 1720 3197; x_wconf 85' lang='lat' dir='ltr'><strong>in</strong></span> <span class='ocrx_word' id='word_1_231' title='bbox 1765 3154 1870 3209; x_wconf 80' lang='lat' dir='ltr'><strong>quo</strong></span> <span class='ocrx_word' id='word_1_232' title='bbox 1913 3153 2099 3203; x_wconf 84' lang='lat' dir='ltr'><strong>omnes</strong></span> 
     </span>
    </p>
   </div>
   <div class='ocr_carea' id='block_1_31' title="bbox 516 3210 2096 3310">
    <p class='ocr_par' dir='ltr' id='par_1_31' title="bbox 516 3210 2096 3310">
     <span class='ocr_line' id='line_1_31' title="bbox 516 3210 2096 3310; baseline -0.001 -23"><span class='ocrx_word' id='word_1_233' title='bbox 516 3210 870 3303; x_wconf 83' lang='lat' dir='ltr'><strong>peccaverunt</strong></span> <span class='ocrx_word' id='word_1_234' title='bbox 899 3230 923 3302; x_wconf 96' lang='lat'><em>(</em></span> <span class='ocrx_word' id='word_1_235' title='bbox 942 3212 1095 3286; x_wconf 78' lang='lat' dir='ltr'><strong>Rom.</strong></span> <span class='ocrx_word' id='word_1_236' title='bbox 1130 3244 1182 3295; x_wconf 91' lang='lat' dir='ltr'><strong>v,</strong></span> <span class='ocrx_word' id='word_1_237' title='bbox 1209 3229 1351 3310; x_wconf 45' lang='lat'><strong>.12);</strong></span> <span class='ocrx_word' id='word_1_238' title='bbox 1380 3229 1534 3305; x_wconf 79' lang='lat' dir='ltr'><strong>aliter</strong></span> <span class='ocrx_word' id='word_1_239' title='bbox 1563 3229 1715 3286; x_wconf 90' lang='lat' dir='ltr'><strong>nobis</strong></span> <span class='ocrx_word' id='word_1_240' title='bbox 1737 3229 1820 3291; x_wconf 82' lang='lat' dir='ltr'><strong>fas</strong></span> <span class='ocrx_word' id='word_1_241' title='bbox 1847 3245 1967 3303; x_wconf 85' lang='lat' dir='ltr'><strong>esse</strong></span> <span class='ocrx_word' id='word_1_242' title='bbox 1990 3246 2096 3287; x_wconf 90' lang='lat' dir='ltr'><strong>non</strong></span> 
     </span>
    </p>
   </div>
   <div class='ocr_carea' id='block_1_32' title="bbox 515 3321 2098 3391">
    <p class='ocr_par' dir='ltr' id='par_1_32' title="bbox 515 3321 2098 3391">
     <span class='ocr_line' id='line_1_32' title="bbox 515 3321 2098 3391; baseline 0 -13"><span class='ocrx_word' id='word_1_243' title='bbox 515 3322 888 3378; x_wconf 80' lang='lat' dir='ltr'><strong>existimemus</strong></span> <span class='ocrx_word' id='word_1_244' title='bbox 927 3321 1206 3391; x_wconf 86' lang='lat' dir='ltr'><strong>accipere,</strong></span> <span class='ocrx_word' id='word_1_245' title='bbox 1234 3321 1337 3377; x_wconf 89' lang='lat' dir='ltr'><strong>nisi</strong></span> <span class='ocrx_word' id='word_1_246' title='bbox 1383 3329 1441 3376; x_wconf 90' lang='lat' dir='ltr'><strong>ut</strong></span> <span class='ocrx_word' id='word_1_247' title='bbox 1482 3336 1669 3377; x_wconf 88' lang='lat' dir='ltr'><strong>omnes</strong></span> <span class='ocrx_word' id='word_1_248' title='bbox 1711 3331 1951 3378; x_wconf 89' lang='lat' dir='ltr'><strong>mortuos</strong></span> <span class='ocrx_word' id='word_1_249' title='bbox 1979 3338 2098 3381; x_wconf 88' lang='lat' dir='ltr'><strong>esse</strong></span> 
     </span>
    </p>
   </div>
   <div class='ocr_carea' id='block_1_33' title="bbox 516 3412 2099 3487">
    <p class='ocr_par' dir='ltr' id='par_1_33' title="bbox 516 3412 2099 3487">
     <span class='ocr_line' id='line_1_33' title="bbox 516 3412 2099 3487; baseline 0.001 -16"><span class='ocrx_word' id='word_1_250' title='bbox 516 3413 799 3471; x_wconf 70' lang='lat' dir='ltr'><strong>Credamus</strong></span> <span class='ocrx_word' id='word_1_251' title='bbox 823 3414 872 3468; x_wconf 91' lang='lat' dir='ltr'><strong>in</strong></span> <span class='ocrx_word' id='word_1_252' title='bbox 902 3412 1060 3487; x_wconf 87' lang='lat' dir='ltr'><strong>primi</strong></span> <span class='ocrx_word' id='word_1_253' title='bbox 1089 3412 1325 3471; x_wconf 84' lang='lat' dir='ltr'><strong>hominis</strong></span> <span class='ocrx_word' id='word_1_254' title='bbox 1353 3422 1591 3484; x_wconf 86' lang='lat' dir='ltr'><strong>peccato,</strong></span> <span class='ocrx_word' id='word_1_255' title='bbox 1620 3428 1716 3484; x_wconf 87' lang='lat' dir='ltr'><strong>pro</strong></span> <span class='ocrx_word' id='word_1_256' title='bbox 1742 3414 1932 3486; x_wconf 84' lang='lat' dir='ltr'><strong>quibus</strong></span> <span class='ocrx_word' id='word_1_257' title='bbox 1956 3430 2099 3472; x_wconf 82' lang='lat' dir='ltr'><strong>mor-</strong></span> 
     </span>
    </p>
   </div>
   <div class='ocr_carea' id='block_1_34' title="bbox 514 3504 2096 3582">
    <p class='ocr_par' dir='ltr' id='par_1_34' title="bbox 514 3504 2096 3582">
     <span class='ocr_line' id='line_1_34' title="bbox 514 3504 2096 3582; baseline -0.001 -17"><span class='ocrx_word' id='word_1_258' title='bbox 514 3516 640 3582; x_wconf 82' lang='lat' dir='ltr'><strong>tuus</strong></span> <span class='ocrx_word' id='word_1_259' title='bbox 663 3516 745 3564; x_wconf 89' lang='lat' dir='ltr'><strong>est</strong></span> <span class='ocrx_word' id='word_1_260' title='bbox 772 3506 1032 3572; x_wconf 88' lang='lat' dir='ltr'><strong>Christus,</strong></span> <span class='ocrx_word' id='word_1_261' title='bbox 1064 3514 1118 3562; x_wconf 88' lang='lat' dir='ltr'><strong>et</strong></span> <span class='ocrx_word' id='word_1_262' title='bbox 1144 3521 1332 3567; x_wconf 78' lang='lat' dir='ltr'><strong>ontnes</strong></span> <span class='ocrx_word' id='word_1_263' title='bbox 1364 3504 1503 3578; x_wconf 82' lang='lat' dir='ltr'><strong>mori</strong></span> <span class='ocrx_word' id='word_1_264' title='bbox 1530 3514 1747 3581; x_wconf 84' lang='lat' dir='ltr'><strong>peccato</strong></span> <span class='ocrx_word' id='word_1_265' title='bbox 1779 3506 2096 3580; x_wconf 86' lang='lat' dir='ltr'><strong>quicumque</strong></span> 
     </span>
    </p>
   </div>
   <div class='ocr_carea' id='block_1_35' title="bbox 513 3592 1694 3673">
    <p class='ocr_par' dir='ltr' id='par_1_35' title="bbox 513 3592 1694 3673">
     <span class='ocr_line' id='line_1_35' title="bbox 513 3592 1694 3673; baseline -0.008 -15"><span class='ocrx_word' id='word_1_266' title='bbox 513 3598 853 3673; x_wconf 79' lang='lat' dir='ltr'><strong>haptizantur</strong></span> <span class='ocrx_word' id='word_1_267' title='bbox 882 3600 935 3654; x_wconf 89' lang='lat' dir='ltr'><strong>in</strong></span> <span class='ocrx_word' id='word_1_268' title='bbox 962 3592 1193 3655; x_wconf 78' lang='lat' dir='ltr'><strong>Christo.</strong></span> <span class='ocrx_word' id='word_1_269' title='bbox 1690 3653 1694 3658; x_wconf 56' lang='grc'>,</span> 
     </span>
    </p>
   </div>
   <div class='ocr_carea' id='block_1_36' title="bbox 586 3687 2097 3769">
    <p class='ocr_par' dir='ltr' id='par_1_36' title="bbox 586 3687 2097 3769">
     <span class='ocr_line' id='line_1_36' title="bbox 586 3687 2097 3769; baseline -0.001 -20"><span class='ocrx_word' id='word_1_270' title='bbox 586 3690 811 3769; x_wconf 58' lang='lat' dir='ltr'><strong>CAPUT:</strong></span> <span class='ocrx_word' id='word_1_271' title='bbox 829 3690 937 3767; x_wconf 80' lang='lat' dir='ltr'><strong>Vlll</strong></span> <span class='ocrx_word' id='word_1_272' title='bbox 960 3689 1056 3767; x_wconf 87' lang='lat' dir='ltr'><strong>(a).</strong></span> <span class='ocrx_word' id='word_1_273' title='bbox 1075 3721 1144 3730; x_wconf 94' lang='lat'><strong><em>—</em></strong></span> <span class='ocrx_word' id='word_1_274' title='bbox 1157 3688 1247 3745; x_wconf 71' lang='lat'><strong>22.</strong></span> <span class='ocrx_word' id='word_1_275' title='bbox 1265 3688 1372 3747; x_wconf 85' lang='lat' dir='ltr'><strong>Sed</strong></span> <span class='ocrx_word' id='word_1_276' title='bbox 1388 3687 1442 3744; x_wconf 88' lang='lat' dir='ltr'><strong>in</strong></span> <span class='ocrx_word' id='word_1_277' title='bbox 1457 3688 1575 3746; x_wconf 88' lang='lat' dir='ltr'><strong>aliis</strong></span> <span class='ocrx_word' id='word_1_278' title='bbox 1605 3689 1784 3765; x_wconf 67' lang='lat' dir='ltr'><strong>verbis</strong></span> <span class='ocrx_word' id='word_1_279' title='bbox 1806 3692 1964 3760; x_wconf 84' lang='lat' dir='ltr'><strong>meis,</strong></span> <span class='ocrx_word' id='word_1_280' title='bbox 1977 3707 2097 3764; x_wconf 66' lang='lat' dir='ltr'><strong>qua:</strong></span> 
     </span>
    </p>
   </div>
   <div class='ocr_carea' id='block_1_37' title="bbox 511 3781 2097 3861">
    <p class='ocr_par' dir='ltr' id='par_1_37' title="bbox 511 3781 2097 3861">
     <span class='ocr_line' id='line_1_37' title="bbox 511 3781 2097 3861; baseline 0.001 -19"><span class='ocrx_word' id='word_1_281' title='bbox 511 3782 970 3859; x_wconf 4' lang='lat' dir='ltr'><strong>velutprclellenda</strong></span> <span class='ocrx_word' id='word_1_282' title='bbox 992 3782 1285 3855; x_wconf 89' lang='lat' dir='ltr'><strong>interponis</strong></span> <span class='ocrx_word' id='word_1_283' title='bbox 1310 3781 1654 3861; x_wconf 75' lang='lat' dir='ltr'><strong>disputationi</strong></span> <span class='ocrx_word' id='word_1_284' title='bbox 1676 3791 1799 3852; x_wconf 83' lang='lat' dir='ltr'><strong>tuae,</strong></span> <span class='ocrx_word' id='word_1_285' title='bbox 1814 3784 2097 3853; x_wconf 73' lang='lat' dir='ltr'><strong>dicis,¢me</strong></span> 
     </span>
    </p>
   </div>
   <div class='ocr_carea' id='block_1_38' title="bbox 511 3874 2096 3961">
    <p class='ocr_par' dir='ltr' id='par_1_38' title="bbox 511 3874 2096 3961">
     <span class='ocr_line' id='line_1_38' title="bbox 511 3874 2096 3961; baseline 0.003 -31"><span class='ocrx_word' id='word_1_286' title='bbox 511 3876 727 3949; x_wconf 80' lang='lat' dir='ltr'><strong>vulgum</strong></span> <span class='ocrx_word' id='word_1_287' title='bbox 743 3874 839 3931; x_wconf 92' lang='lat' dir='ltr'><strong>tibi</strong></span> <span class='ocrx_word' id='word_1_288' title='bbox 860 3875 1094 3938; x_wconf 80' lang='lat' dir='ltr'><strong>excitare</strong></span> <span class='ocrx_word' id='word_1_289' title='bbox 1103 3882 1353 3931; x_wconf 88' lang='lat' dir='ltr'><strong>conatum</strong></span> <span class='ocrx_word' id='word_1_290' title='bbox 1374 3889 1393 3940; x_wconf 84' lang='lat'><strong>;</strong></span> <span class='ocrx_word' id='word_1_291' title='bbox 1417 3893 1436 3927; x_wconf 72' lang='grc' dir='ltr'><strong><em>ι</em></strong></span> <span class='ocrx_word' id='word_1_292' title='bbox 1458 3874 1709 3946; x_wconf 86' lang='lat' dir='ltr'><strong>quoniam</strong></span> <span class='ocrx_word' id='word_1_293' title='bbox 1733 3875 1962 3948; x_wconf 78' lang='lat' dir='ltr'><strong>dixi(De</strong></span> <span class='ocrx_word' id='word_1_294' title='bbox 1981 3875 2096 3961; x_wconf 66' lang='lat' dir='ltr'><strong>Na-</strong></span> 
     </span>
    </p>
   </div>
   <div class='ocr_carea' id='block_1_39' title="bbox 513 3964 2095 4043">
    <p class='ocr_par' dir='ltr' id='par_1_39' title="bbox 513 3964 2095 4043">
     <span class='ocr_line' id='line_1_39' title="bbox 513 3964 2095 4043; baseline 0 -18"><span class='ocrx_word' id='word_1_295' title='bbox 513 3969 635 4042; x_wconf 74' lang='lat' dir='ltr'><strong>ptiis</strong></span> <span class='ocrx_word' id='word_1_296' title='bbox 660 3980 708 4023; x_wconf 88' lang='lat' dir='ltr'><strong>et</strong></span> <span class='ocrx_word' id='word_1_297' title='bbox 732 3965 1163 4041; x_wconf 80' lang='lat' dir='ltr'><strong>Concupiscentia,</strong></span> <span class='ocrx_word' id='word_1_298' title='bbox 1191 3968 1279 4043; x_wconf 67' lang='lat' dir='ltr'><strong>lib.</strong></span> <span class='ocrx_word' id='word_1_299' title='bbox 1310 3964 1365 4035; x_wconf 74' lang='grc'><strong>1,</strong></span> <span class='ocrx_word' id='word_1_300' title='bbox 1392 3984 1445 4021; x_wconf 85' lang='lat' dir='ltr'><strong>n.</strong></span> <span class='ocrx_word' id='word_1_301' title='bbox 1471 3966 1583 4040; x_wconf 72' lang='grc'>22),</span> <span class='ocrx_word' id='word_1_302' title='bbox 1618 3987 1637 4020; x_wconf 72' lang='grc' dir='ltr'><strong><em>ι</em></strong></span> <span class='ocrx_word' id='word_1_303' title='bbox 1667 3967 1829 4025; x_wconf 83' lang='lat' dir='ltr'><strong>ﬁdem</strong></span> <span class='ocrx_word' id='word_1_304' title='bbox 1858 3984 1966 4027; x_wconf 82' lang='lat' dir='ltr'><strong>non</strong></span> <span class='ocrx_word' id='word_1_305' title='bbox 1992 3970 2095 4039; x_wconf 64' lang='lat' dir='ltr'><strong>dn-</strong></span> 
     </span>
    </p>
   </div>
   <div class='ocr_carea' id='block_1_40' title="bbox 443 4059 2097 4135">
    <p class='ocr_par' dir='ltr' id='par_1_40' title="bbox 443 4059 2097 4135">
     <span class='ocr_line' id='line_1_40' title="bbox 443 4059 2097 4135; baseline 0.005 -21"><span class='ocrx_word' id='word_1_306' title='bbox 443 4098 468 4130; x_wconf 68' lang='grc'><em>,</em></span> <span class='ocrx_word' id='word_1_307' title='bbox 513 4059 687 4119; x_wconf 90' lang='lat' dir='ltr'><strong>hitare</strong></span> <span class='ocrx_word' id='word_1_308' title='bbox 714 4059 1092 4127; x_wconf 80' lang='lat' dir='ltr'><strong>Christianam,</strong></span> <span class='ocrx_word' id='word_1_309' title='bbox 1144 4075 1305 4131; x_wconf 90' lang='lat' dir='ltr'><strong>quam</strong></span> <span class='ocrx_word' id='word_1_310' title='bbox 1347 4060 1472 4135; x_wconf 81' lang='lat' dir='ltr'><strong>novi</strong></span> <span class='ocrx_word' id='word_1_311' title='bbox 1512 4061 1748 4119; x_wconf 68' lang='lat' dir='ltr'><strong>hmretici</strong></span> <span class='ocrx_word' id='word_1_312' title='bbox 1791 4078 2097 4135; x_wconf 76' lang='lat' dir='ltr'><strong>oppugnare</strong></span> 
     </span>
    </p>
   </div>
   <div class='ocr_carea' id='block_1_41' title="bbox 512 4147 2095 4225">
    <p class='ocr_par' dir='ltr' id='par_1_41' title="bbox 512 4147 2095 4225">
     <span class='ocr_line' id='line_1_41' title="bbox 512 4147 2095 4225; baseline -0.008 -14"><span class='ocrx_word' id='word_1_313' title='bbox 512 4159 790 4221; x_wconf 71' lang='lat' dir='ltr'><strong>coeperunt</strong></span> <span class='ocrx_word' id='word_1_314' title='bbox 814 4192 830 4219; x_wconf 97' lang='lat'><strong>,</strong></span> <span class='ocrx_word' id='word_1_315' title='bbox 858 4160 911 4206; x_wconf 89' lang='lat' dir='ltr'><strong>et</strong></span> <span class='ocrx_word' id='word_1_316' title='bbox 938 4166 1031 4207; x_wconf 91' lang='lat' dir='ltr'><strong>eos</strong></span> <span class='ocrx_word' id='word_1_317' title='bbox 1057 4150 1145 4221; x_wconf 91' lang='lat' dir='ltr'><strong>qui</strong></span> <span class='ocrx_word' id='word_1_318' title='bbox 1176 4147 1388 4206; x_wconf 89' lang='lat' dir='ltr'><strong>lavacro</strong></span> <span class='ocrx_word' id='word_1_319' title='bbox 1426 4153 1846 4225; x_wconf 75' lang='lat' dir='ltr'><strong>regenerationis</strong></span> <span class='ocrx_word' id='word_1_320' title='bbox 1872 4154 2095 4217; x_wconf 71' lang='lat' dir='ltr'><strong>abluun-</strong></span> 
     </span>
    </p>
   </div>
   <div class='ocr_carea' id='block_1_42' title="bbox 513 4230 2094 4317">
    <p class='ocr_par' dir='ltr' id='par_1_42' title="bbox 513 4230 2094 4317">
     <span class='ocr_line' id='line_1_42' title="bbox 513 4230 2094 4317; baseline 0.004 -17"><span class='ocrx_word' id='word_1_321' title='bbox 513 4230 624 4310; x_wconf 67' lang='lat' dir='ltr'><strong>tur,</strong></span> <span class='ocrx_word' id='word_1_322' title='bbox 648 4242 841 4299; x_wconf 87' lang='lat' dir='ltr'><strong>redimi</strong></span> <span class='ocrx_word' id='word_1_323' title='bbox 866 4240 933 4297; x_wconf 92' lang='lat' dir='ltr'><strong>de</strong></span> <span class='ocrx_word' id='word_1_324' title='bbox 961 4241 1154 4297; x_wconf 89' lang='lat' dir='ltr'><strong>diaboli</strong></span> <span class='ocrx_word' id='word_1_325' title='bbox 1182 4250 1469 4314; x_wconf 84' lang='lat' dir='ltr'><strong>potestate;</strong></span> <span class='ocrx_word' id='word_1_326' title='bbox 1510 4240 1565 4299; x_wconf 83' lang='lat' dir='ltr'><strong>et</strong></span> <span class='ocrx_word' id='word_1_327' title='bbox 1606 4259 1701 4300; x_wconf 89' lang='lat' dir='ltr'><strong>eos</strong></span> <span class='ocrx_word' id='word_1_328' title='bbox 1728 4247 1831 4316; x_wconf 82' lang='lat' dir='ltr'><strong>qui.</strong></span> <span class='ocrx_word' id='word_1_329' title='bbox 1860 4248 2094 4317; x_wconf 85' lang='lat' dir='ltr'><strong>nondum</strong></span> 
     </span>
    </p>
   </div>
   <div class='ocr_carea' id='block_1_43' title="bbox 512 4334 2095 4409">
    <p class='ocr_par' dir='ltr' id='par_1_43' title="bbox 512 4334 2095 4409">
     <span class='ocr_line' id='line_1_43' title="bbox 512 4334 2095 4409; baseline 0.003 -16"><span class='ocrx_word' id='word_1_330' title='bbox 512 4335 612 4393; x_wconf 80' lang='lat' dir='ltr'><strong>tali</strong></span> <span class='ocrx_word' id='word_1_331' title='bbox 636 4334 1040 4407; x_wconf 88' lang='lat' dir='ltr'><strong>regenerationc</strong></span> <span class='ocrx_word' id='word_1_332' title='bbox 1067 4335 1328 4409; x_wconf 88' lang='lat' dir='ltr'><strong>redempti</strong></span> <span class='ocrx_word' id='word_1_333' title='bbox 1343 4345 1491 4404; x_wconf 88' lang='lat' dir='ltr'><strong>sunt,</strong></span> <span class='ocrx_word' id='word_1_334' title='bbox 1511 4337 1673 4394; x_wconf 88' lang='lat' dir='ltr'><strong>etiam</strong></span> <span class='ocrx_word' id='word_1_335' title='bbox 1693 4340 1940 4409; x_wconf 79' lang='lat' dir='ltr'><strong>parvulos</strong></span> <span class='ocrx_word' id='word_1_336' title='bbox 1960 4342 2095 4409; x_wconf 81' lang='lat' dir='ltr'><strong>filios</strong></span> 
     </span>
    </p>
   </div>
   <div class='ocr_carea' id='block_1_44' title="bbox 512 4426 2096 4504">
    <p class='ocr_par' dir='ltr' id='par_1_44' title="bbox 512 4426 2096 4504">
     <span class='ocr_line' id='line_1_44' title="bbox 512 4426 2096 4504; baseline 0.004 -19"><span class='ocrx_word' id='word_1_337' title='bbox 512 4426 942 4504; x_wconf 83' lang='lat' dir='ltr'><strong>redemptorum,</strong></span> <span class='ocrx_word' id='word_1_338' title='bbox 995 4426 1094 4483; x_wconf 90' lang='lat' dir='ltr'><strong>sub</strong></span> <span class='ocrx_word' id='word_1_339' title='bbox 1137 4426 1377 4501; x_wconf 87' lang='lat' dir='ltr'><strong>ejusdem</strong></span> <span class='ocrx_word' id='word_1_340' title='bbox 1425 4429 1620 4503; x_wconf 80' lang='lat' dir='ltr'><strong>diaboli</strong></span> <span class='ocrx_word' id='word_1_341' title='bbox 1664 4445 1786 4501; x_wconf 75' lang='lat' dir='ltr'><strong>esse</strong></span> <span class='ocrx_word' id='word_1_342' title='bbox 1835 4441 2096 4504; x_wconf 84' lang='lat' dir='ltr'><strong>potestate</strong></span> 
     </span>
    </p>
   </div>
   <div class='ocr_carea' id='block_1_45' title="bbox 509 4503 2095 4598">
    <p class='ocr_par' dir='ltr' id='par_1_45' title="bbox 509 4503 2095 4598">
     <span class='ocr_line' id='line_1_45' title="bbox 509 4503 2095 4598; baseline 0.004 -19"><span class='ocrx_word' id='word_1_343' title='bbox 509 4503 774 4597; x_wconf 78' lang='lat' dir='ltr'><strong>captivos,</strong></span> <span class='ocrx_word' id='word_1_344' title='bbox 802 4518 907 4577; x_wconf 89' lang='lat' dir='ltr'><strong>nisi</strong></span> <span class='ocrx_word' id='word_1_345' title='bbox 931 4527 987 4575; x_wconf 91' lang='lat' dir='ltr'><strong>et</strong></span> <span class='ocrx_word' id='word_1_346' title='bbox 1010 4519 1110 4597; x_wconf 84' lang='lat' dir='ltr'><strong>ipsi</strong></span> <span class='ocrx_word' id='word_1_347' title='bbox 1133 4519 1320 4576; x_wconf 87' lang='lat' dir='ltr'><strong>eadem</strong></span> <span class='ocrx_word' id='word_1_348' title='bbox 1338 4522 1507 4593; x_wconf 87' lang='lat' dir='ltr'><strong>gratia</strong></span> <span class='ocrx_word' id='word_1_349' title='bbox 1528 4503 1874 4583; x_wconf 85' lang='lat' dir='ltr'><strong>redimantur.</strong></span> <span class='ocrx_word' id='word_1_350' title='bbox 1896 4545 1917 4583; x_wconf 80' lang='grc'>›</span> <span class='ocrx_word' id='word_1_351' title='bbox 1942 4528 2095 4598; x_wconf 86' lang='lat' dir='ltr'><strong>Quod</strong></span> 
     </span>
    </p>
   </div>
   <div class='ocr_carea' id='block_1_46' title="bbox 512 4612 2095 4689">
    <p class='ocr_par' dir='ltr' id='par_1_46' title="bbox 512 4612 2095 4689">
     <span class='ocr_line' id='line_1_46' title="bbox 512 4612 2095 4689; baseline 0.004 -17"><span class='ocrx_word' id='word_1_352' title='bbox 512 4622 579 4689; x_wconf 86' lang='lat' dir='ltr'><strong>ut</strong></span> <span class='ocrx_word' id='word_1_353' title='bbox 600 4612 895 4686; x_wconf 88' lang='lat' dir='ltr'><strong>apostolico</strong></span> <span class='ocrx_word' id='word_1_354' title='bbox 940 4612 1246 4685; x_wconf 85' lang='lat' dir='ltr'><strong>testimonio</strong></span> <span class='ocrx_word' id='word_1_355' title='bbox 1284 4615 1717 4686; x_wconf 83' lang='lat' dir='ltr'><strong>comprobarem,</strong></span> <span class='ocrx_word' id='word_1_356' title='bbox 1770 4620 1879 4677; x_wconf 62' lang='lat' dir='ltr'><strong>«ad</strong></span> <span class='ocrx_word' id='word_1_357' title='bbox 1908 4636 2095 4681; x_wconf 80' lang='lat' dir='ltr'><strong>omnes</strong></span> 
     </span>
    </p>
   </div>
   <div class='ocr_carea' id='block_1_47' title="bbox 511 4705 2093 4785">
    <p class='ocr_par' dir='ltr' id='par_1_47' title="bbox 511 4705 2093 4785">
     <span class='ocr_line' id='line_1_47' title="bbox 511 4705 2093 4785; baseline -0.002 -23"><span class='ocrx_word' id='word_1_358' title='bbox 511 4713 738 4767; x_wconf 61' lang='lat' dir='ltr'><strong>aletes»</strong></span> <span class='ocrx_word' id='word_1_359' title='bbox 771 4705 881 4762; x_wconf 74' lang='lat' dir='ltr'><strong>dixi</strong></span> <span class='ocrx_word' id='word_1_360' title='bbox 915 4705 1224 4776; x_wconf 72' lang='lat' dir='ltr'><strong>«pertinere</strong></span> <span class='ocrx_word' id='word_1_361' title='bbox 1261 4706 1412 4778; x_wconf 61' lang='lat' dir='ltr'><strong>illud,</strong></span> <span class='ocrx_word' id='word_1_362' title='bbox 1452 4708 1520 4766; x_wconf 89' lang='lat' dir='ltr'><strong>de</strong></span> <span class='ocrx_word' id='word_1_363' title='bbox 1542 4725 1650 4781; x_wconf 81' lang='lat' dir='ltr'><strong>quo</strong></span> <span class='ocrx_word' id='word_1_364' title='bbox 1674 4712 1958 4785; x_wconf 70' lang='lat' dir='ltr'><strong>Apostolus</strong></span> <span class='ocrx_word' id='word_1_365' title='bbox 2011 4715 2093 4773; x_wconf 75' lang='lat' dir='ltr'><strong>to-</strong></span> 
     </span>
    </p>
   </div>
   <div class='ocr_carea' id='block_1_48' title="bbox 512 4795 2095 4875">
    <p class='ocr_par' dir='ltr' id='par_1_48' title="bbox 512 4795 2095 4875">
     <span class='ocr_line' id='line_1_48' title="bbox 512 4795 2095 4875; baseline 0.008 -24"><span class='ocrx_word' id='word_1_366' title='bbox 512 4798 714 4871; x_wconf 82' lang='lat' dir='ltr'><strong>quitur,</strong></span> <span class='ocrx_word' id='word_1_367' title='bbox 767 4795 1081 4872; x_wconf 79' lang='lat' dir='ltr'><strong>beneﬁcium</strong></span> <span class='ocrx_word' id='word_1_368' title='bbox 1131 4798 1224 4861; x_wconf 78' lang='lat' dir='ltr'><strong>Dei</strong></span> <span class='ocrx_word' id='word_1_369' title='bbox 1250 4816 1267 4854; x_wconf 84' lang='lat'><strong>:</strong></span> <span class='ocrx_word' id='word_1_370' title='bbox 1289 4798 1395 4869; x_wconf 74' lang='lat' dir='ltr'><strong>Qui</strong></span> <span class='ocrx_word' id='word_1_371' title='bbox 1431 4802 1559 4859; x_wconf 77' lang='lat' dir='ltr'><strong>eruit</strong></span> <span class='ocrx_word' id='word_1_372' title='bbox 1609 4821 1709 4860; x_wconf 74' lang='lat' dir='ltr'><strong>nos</strong></span> <span class='ocrx_word' id='word_1_373' title='bbox 1743 4804 1809 4862; x_wconf 78' lang='lat' dir='ltr'><strong>de</strong></span> <span class='ocrx_word' id='word_1_374' title='bbox 1854 4816 2095 4875; x_wconf 69' lang='lat' dir='ltr'><strong>potestate</strong></span> 
     </span>
    </p>
   </div>
   <div class='ocr_carea' id='block_1_49' title="bbox 515 4880 2086 4969">
    <p class='ocr_par' dir='ltr' id='par_1_49' title="bbox 515 4880 2086 4969">
     <span class='ocr_line' id='line_1_49' title="bbox 515 4880 2086 4969; baseline 0.008 -26"><span class='ocrx_word' id='word_1_375' title='bbox 515 4882 851 4961; x_wconf 70' lang='lat' dir='ltr'><strong>latebrarum,</strong></span> <span class='ocrx_word' id='word_1_376' title='bbox 878 4884 937 4944; x_wconf 26' lang='lat' dir='ltr'><strong>et.</strong></span> <span class='ocrx_word' id='word_1_377' title='bbox 951 4880 1277 4961; x_wconf 66' lang='lat' dir='ltr'><strong>transtulitin</strong></span> <span class='ocrx_word' id='word_1_378' title='bbox 1298 4908 1507 4963; x_wconf 68' lang='lat' dir='ltr'><strong>regnum</strong></span> <span class='ocrx_word' id='word_1_379' title='bbox 1525 4893 1929 4969; x_wconf 68' lang='lat' dir='ltr'><strong>Filiicharitotis</strong></span> <span class='ocrx_word' id='word_1_380' title='bbox 1938 4915 2047 4959; x_wconf 69' lang='lat' dir='ltr'><strong>sua</strong></span> <span class='ocrx_word' id='word_1_381' title='bbox 2066 4919 2086 4954; x_wconf 74' lang='grc' dir='ltr'><strong><em>ι</em></strong></span> 
     </span>
    </p>
   </div>
   <div class='ocr_carea' id='block_1_50' title="bbox 513 4979 2093 5071">
    <p class='ocr_par' dir='ltr' id='par_1_50' title="bbox 513 4979 2093 5071">
     <span class='ocr_line' id='line_1_50' title="bbox 513 4979 2093 5071; baseline 0.006 -34"><span class='ocrx_word' id='word_1_382' title='bbox 513 4980 612 5055; x_wconf 82' lang='lat' dir='ltr'><strong>(Co</strong></span> <span class='ocrx_word' id='word_1_383' title='bbox 622 4980 736 5038; x_wconf 74' lang='lat' dir='ltr'><strong>loss.</strong></span> <span class='ocrx_word' id='word_1_384' title='bbox 761 4979 932 5053; x_wconf 73' lang='lat'><strong>1.13).</strong></span> <span class='ocrx_word' id='word_1_385' title='bbox 962 4979 1020 5037; x_wconf 88' lang='lat' dir='ltr'><strong>Si</strong></span> <span class='ocrx_word' id='word_1_386' title='bbox 1048 4979 1146 5053; x_wconf 80' lang='lat' dir='ltr'><strong>hac</strong></span> <span class='ocrx_word' id='word_1_387' title='bbox 1437 4994 1737 5044; x_wconf 78' lang='lat' dir='ltr'><strong>contra-vos</strong></span> <span class='ocrx_word' id='word_1_388' title='bbox 1764 4988 1955 5060; x_wconf 81' lang='lat' dir='ltr'><strong>vulgus</strong></span> <span class='ocrx_word' id='word_1_389' title='bbox 1976 5006 2093 5071; x_wconf 77' lang='lat' dir='ltr'><strong>mp-</strong></span> 
     </span>
    </p>
   </div>
   <div class='ocr_carea' id='block_1_51' title="bbox 513 5073 2093 5152">
    <p class='ocr_par' dir='ltr' id='par_1_51' title="bbox 513 5073 2093 5152">
     <span class='ocr_line' id='line_1_51' title="bbox 513 5073 2093 5152; baseline 0.004 -19"><span class='ocrx_word' id='word_1_390' title='bbox 513 5083 707 5143; x_wconf 73' lang='lat' dir='ltr'><strong>vetur;</strong></span> <span class='ocrx_word' id='word_1_391' title='bbox 746 5090 925 5132; x_wconf 83' lang='lat' dir='ltr'><strong>nonne</strong></span> <span class='ocrx_word' id='word_1_392' title='bbox 959 5073 1086 5137; x_wconf 76' lang='lat' dir='ltr'><strong>hinc</strong></span> <span class='ocrx_word' id='word_1_393' title='bbox 1126 5085 1180 5132; x_wconf 91' lang='lat' dir='ltr'><strong>te</strong></span> <span class='ocrx_word' id='word_1_394' title='bbox 1215 5076 1405 5148; x_wconf 28' lang='lat' dir='ltr'><strong>potius.</strong></span> <span class='ocrx_word' id='word_1_395' title='bbox 1429 5087 1639 5149; x_wconf 84' lang='lat' dir='ltr'><strong>oportet</strong></span> <span class='ocrx_word' id='word_1_396' title='bbox 1666 5080 1971 5152; x_wconf 68' lang='lat' dir='ltr'><strong>advertere,</strong></span> <span class='ocrx_word' id='word_1_397' title='bbox 2021 5084 2093 5140; x_wconf 83' lang='lat' dir='ltr'><strong>ita</strong></span> 
     </span>
    </p>
   </div>
   <div class='ocr_carea' id='block_1_52' title="bbox 516 5152 2091 5241">
    <p class='ocr_par' dir='ltr' id='par_1_52' title="bbox 516 5152 2091 5241">
     <span class='ocr_line' id='line_1_52' title="bbox 516 5152 2091 5241; baseline 0.004 -8"><span class='ocrx_word' id='word_1_398' title='bbox 516 5183 643 5233; x_wconf 73' lang='lat' dir='ltr'><strong>esse</strong></span> <span class='ocrx_word' id='word_1_399' title='bbox 664 5168 930 5240; x_wconf 61' lang='lat' dir='ltr'><strong>miratam</strong></span> <span class='ocrx_word' id='word_1_400' title='bbox 957 5176 1014 5227; x_wconf 74' lang='lat' dir='ltr'><strong>et</strong></span> <span class='ocrx_word' id='word_1_401' title='bbox 1038 5152 1393 5239; x_wconf 64' lang='grc' dir='ltr'><strong>ψμςιοηὶηεε</strong></span> <span class='ocrx_word' id='word_1_402' title='bbox 1419 5170 1787 5241; x_wconf 69' lang='lat' dir='ltr'><strong>conﬁrmatam</strong></span> <span class='ocrx_word' id='word_1_403' title='bbox 1807 5173 1967 5241; x_wconf 72' lang='lat' dir='ltr'><strong>ismn</strong></span> <span class='ocrx_word' id='word_1_404' title='bbox 1999 5190 2091 5239; x_wconf 75' lang='lat' dir='ltr'><strong>ca-</strong></span> 
     </span>
    </p>
   </div>
   <div class='ocr_carea' id='block_1_53' title="bbox 511 5260 2090 5345">
    <p class='ocr_par' dir='ltr' id='par_1_53' title="bbox 511 5260 2090 5345">
     <span class='ocr_line' id='line_1_53' title="bbox 511 5260 2090 5345; baseline -0.003 -28"><span class='ocrx_word' id='word_1_405' title='bbox 511 5261 769 5328; x_wconf 77' lang='lat' dir='ltr'><strong>tholicam</strong></span> <span class='ocrx_word' id='word_1_406' title='bbox 796 5260 951 5345; x_wconf 75' lang='lat' dir='ltr'><strong>fidem</strong></span> <span class='ocrx_word' id='word_1_407' title='bbox 977 5302 997 5329; x_wconf 94' lang='lat'><strong>,</strong></span> <span class='ocrx_word' id='word_1_408' title='bbox 1038 5270 1095 5317; x_wconf 86' lang='lat' dir='ltr'><strong>ut</strong></span> <span class='ocrx_word' id='word_1_409' title='bbox 1124 5276 1222 5331; x_wconf 76' lang='lat' dir='ltr'><strong>nec</strong></span> <span class='ocrx_word' id='word_1_410' title='bbox 1245 5262 1487 5335; x_wconf 74' lang='lat' dir='ltr'><strong>notitiam</strong></span> <span class='ocrx_word' id='word_1_411' title='bbox 1516 5263 1686 5333; x_wconf 73' lang='lat' dir='ltr'><strong>possit</strong></span> <span class='ocrx_word' id='word_1_412' title='bbox 1711 5263 1894 5336; x_wconf 73' lang='lat' dir='ltr'><strong>fugere</strong></span> <span class='ocrx_word' id='word_1_413' title='bbox 1918 5282 2090 5339; x_wconf 57' lang='lat' dir='ltr'><strong>pop“-</strong></span> 
     </span>
    </p>
   </div>
   <div class='ocr_carea' id='block_1_54' title="bbox 514 5351 2092 5430">
    <p class='ocr_par' dir='ltr' id='par_1_54' title="bbox 514 5351 2092 5430">
     <span class='ocr_line' id='line_1_54' title="bbox 514 5351 2092 5430; baseline 0.007 -22"><span class='ocrx_word' id='word_1_414' title='bbox 514 5352 1212 5425; x_wconf 65' lang='lat' dir='ltr'><strong>laremi-Neeessequime</strong></span> <span class='ocrx_word' id='word_1_415' title='bbox 1238 5351 1444 5422; x_wconf 79' lang='lat' dir='ltr'><strong>fuerat,</strong></span> <span class='ocrx_word' id='word_1_416' title='bbox 1486 5354 1741 5426; x_wconf 79' lang='lat' dir='ltr'><strong>quidquid</strong></span> <span class='ocrx_word' id='word_1_417' title='bbox 1767 5357 1823 5413; x_wconf 91' lang='lat' dir='ltr'><strong>in</strong></span> <span class='ocrx_word' id='word_1_418' title='bbox 1861 5362 2092 5430; x_wconf 80' lang='lat' dir='ltr'><strong>parvulis</strong></span> 
     </span>
    </p>
   </div>
   <div class='ocr_carea' id='block_1_55' title="bbox 509 5445 2088 5530">
    <p class='ocr_par' dir='ltr' id='par_1_55' title="bbox 509 5445 2088 5530">
     <span class='ocr_line' id='line_1_55' title="bbox 509 5445 2088 5530; baseline 0.005 -30"><span class='ocrx_word' id='word_1_419' title='bbox 509 5447 632 5509; x_wconf 67' lang='lat' dir='ltr'><strong>suis</strong></span> <span class='ocrx_word' id='word_1_420' title='bbox 673 5445 906 5517; x_wconf 73' lang='lat' dir='ltr'><strong>ageret&#39;,</strong></span> <span class='ocrx_word' id='word_1_421' title='bbox 950 5446 1092 5518; x_wconf 88' lang='lat' dir='ltr'><strong>quod</strong></span> <span class='ocrx_word' id='word_1_422' title='bbox 1132 5446 1337 5530; x_wconf 74' lang='lat' dir='ltr'><strong>attinet</strong></span> <span class='ocrx_word' id='word_1_423' title='bbox 1360 5446 1433 5513; x_wconf 70' lang='lat' dir='ltr'><strong>ad</strong></span> <span class='ocrx_word' id='word_1_424' title='bbox 1470 5448 1720 5519; x_wconf 83' lang='lat' dir='ltr'><strong>mysteria</strong></span> <span class='ocrx_word' id='word_1_425' title='bbox 1766 5450 2088 5525; x_wconf 70' lang='lat' dir='ltr'><strong>christiana,</strong></span> 
     </span>
    </p>
   </div>
   <div class='ocr_carea' id='block_1_56' title="bbox 581 5604 2091 5734">
    <p class='ocr_par' dir='ltr' id='par_1_56' title="bbox 581 5604 2091 5734">
     <span class='ocr_line' id='line_1_56' title="bbox 581 5604 2091 5734; baseline 0.003 -1"><span class='ocrx_word' id='word_1_426' title='bbox 581 5604 2091 5734; x_wconf 62' lang='grc' dir='ltr'><strong>ριωιωιωι</strong></span> 
     </span>
    </p>
   </div>
   <div class='ocr_carea' id='block_1_57' title="bbox 515 5725 2091 5795">
    <p class='ocr_par' dir='ltr' id='par_1_57' title="bbox 515 5725 2091 5795">
     <span class='ocr_line' id='line_1_57' title="bbox 515 5725 2091 5795; baseline 0.006 -20"><span class='ocrx_word' id='word_1_427' title='bbox 515 5725 744 5795; x_wconf 67' lang='lat' dir='ltr'><strong>quoniam</strong></span> <span class='ocrx_word' id='word_1_428' title='bbox 1082 5731 1258 5795; x_wconf 65' lang='lat' dir='ltr'><strong>uestra.</strong></span> <span class='ocrx_word' id='word_1_429' title='bbox 1282 5730 1358 5795; x_wconf 58' lang='grc' dir='ltr'><strong>ς.</strong></span> <span class='ocrx_word' id='word_1_430' title='bbox 1395 5732 1532 5795; x_wconf 72' lang='lat' dir='ltr'><strong>caret</strong></span> <span class='ocrx_word' id='word_1_431' title='bbox 1568 5725 1833 5793; x_wconf 50' lang='lat' dir='ltr'><strong>ostiaria,</strong></span> <span class='ocrx_word' id='word_1_432' title='bbox 1879 5740 1960 5795; x_wconf 84' lang='lat' dir='ltr'><strong>et;</strong></span> <span class='ocrx_word' id='word_1_433' title='bbox 2004 5735 2091 5783; x_wconf 85' lang='lat' dir='ltr'><strong>sed</strong></span> 
     </span>
    </p>
   </div>
   <div class='ocr_carea' id='block_1_58' title="bbox 516 5786 2089 5858">
    <p class='ocr_par' dir='ltr' id='par_1_58' title="bbox 516 5786 2089 5858">
     <span class='ocr_line' id='line_1_58' title="bbox 516 5786 2089 5858; baseline 0.003 -25"><span class='ocrx_word' id='word_1_434' title='bbox 516 5786 625 5858; x_wconf 73' lang='lat' dir='ltr'><strong>eum</strong></span> <span class='ocrx_word' id='word_1_435' title='bbox 654 5794 766 5858; x_wconf 82' lang='lat' dir='ltr'><strong>t.ov.</strong></span> <span class='ocrx_word' id='word_1_436' title='bbox 794 5786 959 5858; x_wconf 75' lang='lat' dir='ltr'><strong>habet,</strong></span> <span class='ocrx_word' id='word_1_437' title='bbox 986 5786 1272 5858; x_wconf 59' lang='lat' dir='ltr'><strong>peccaverit.</strong></span> <span class='ocrx_word' id='word_1_438' title='bbox 1294 5786 1713 5858; x_wconf 47' lang='lat' dir='ltr'><strong>Emendanuire!</strong></span> <span class='ocrx_word' id='word_1_439' title='bbox 1738 5786 2089 5858; x_wconf 64' lang='grc' dir='ltr'><strong>ωαῇιασιιέίνιιε,</strong></span> 
     </span>
    </p>
   </div>
   <div class='ocr_carea' id='block_1_59' title="bbox 585 5846 2092 5926">
    <p class='ocr_par' dir='ltr' id='par_1_59' title="bbox 585 5846 2092 5926">
     <span class='ocr_line' id='line_1_59' title="bbox 585 5846 2092 5926; baseline 0.007 -25"><span class='ocrx_word' id='word_1_440' title='bbox 585 5849 606 5884; x_wconf 86' lang='grc'>³</span> <span class='ocrx_word' id='word_1_441' title='bbox 634 5857 737 5902; x_wconf 70' lang='grc' dir='ltr'><strong>ω.</strong></span> <span class='ocrx_word' id='word_1_442' title='bbox 767 5855 819 5900; x_wconf 84' lang='lat' dir='ltr'><strong>et</strong></span> <span class='ocrx_word' id='word_1_443' title='bbox 1078 5847 1477 5914; x_wconf 63' lang='lat' dir='ltr'><strong>uss,un</strong></span> <span class='ocrx_word' id='word_1_444' title='bbox 1518 5851 1851 5910; x_wconf 54' lang='lat' dir='ltr'><strong>minentis</strong></span> <span class='ocrx_word' id='word_1_445' title='bbox 1891 5846 2092 5926; x_wconf 65' lang='lat' dir='ltr'><strong>ageret;</strong></span> 
     </span>
    </p>
   </div>
   <div class='ocr_carea' id='block_1_60' title="bbox 1350 338 3003 436">
    <p class='ocr_par' dir='ltr' id='par_1_60' title="bbox 1350 338 3003 436">
     <span class='ocr_line' id='line_1_60' title="bbox 1350 338 3003 436; baseline 0.006 -35"><span class='ocrx_word' id='word_1_446' title='bbox 1350 344 1624 401; x_wconf 67' lang='lat' dir='ltr'><strong>conrna</strong></span> <span class='ocrx_word' id='word_1_447' title='bbox 1661 342 1998 433; x_wconf 67' lang='lat' dir='ltr'><strong>inminuit</strong></span> <span class='ocrx_word' id='word_1_448' title='bbox 2036 341 2496 436; x_wconf 52' lang='lat' dir='ltr'><strong>PEhAGlANUM,</strong></span> <span class='ocrx_word' id='word_1_449' title='bbox 2538 353 2595 410; x_wconf 92' lang='lat' dir='ltr'><strong>s.</strong></span> <span class='ocrx_word' id='word_1_450' title='bbox 2637 338 3003 413; x_wconf 68' lang='lat' dir='ltr'><strong>aucusrmt</strong></span> 
     </span>
    </p>
   </div>
   <div class='ocr_carea' id='block_1_61' title="bbox 537 456 2108 537">
    <p class='ocr_par' dir='ltr' id='par_1_61' title="bbox 537 456 2108 537">
     <span class='ocr_line' id='line_1_61' title="bbox 537 456 2108 537; baseline -0.006 -14"><span class='ocrx_word' id='word_1_451' title='bbox 537 480 664 532; x_wconf 70' lang='lat' dir='ltr'><strong>suo,</strong></span> <span class='ocrx_word' id='word_1_452' title='bbox 690 465 735 521; x_wconf 92' lang='lat' dir='ltr'><strong>si</strong></span> <span class='ocrx_word' id='word_1_453' title='bbox 758 473 945 520; x_wconf 90' lang='lat' dir='ltr'><strong>octavo</strong></span> <span class='ocrx_word' id='word_1_454' title='bbox 967 456 1054 537; x_wconf 85' lang='lat' dir='ltr'><strong>die</strong></span> <span class='ocrx_word' id='word_1_455' title='bbox 1080 472 1185 514; x_wconf 91' lang='lat' dir='ltr'><strong>non</strong></span> <span class='ocrx_word' id='word_1_456' title='bbox 1221 459 1378 515; x_wconf 89' lang='lat' dir='ltr'><strong>fuerit</strong></span> <span class='ocrx_word' id='word_1_457' title='bbox 1413 460 1755 516; x_wconf 88' lang='lat' dir='ltr'><strong>circumcisus</strong></span> <span class='ocrx_word' id='word_1_458' title='bbox 1783 458 1942 534; x_wconf 82' lang='lat' dir='ltr'><strong>(Gen.</strong></span> <span class='ocrx_word' id='word_1_459' title='bbox 1972 474 2108 515; x_wconf 76' lang='lat' dir='ltr'><strong>xvu.</strong></span> 
     </span>
    </p>
   </div>
   <div class='ocr_carea' id='block_1_62' title="bbox 3714 372 3818 431">
    <p class='ocr_par' dir='ltr' id='par_1_62' title="bbox 3714 372 3818 431">
     <span class='ocr_line' id='line_1_62' title="bbox 3714 372 3818 431; baseline 0.029 -3"><span class='ocrx_word' id='word_1_460' title='bbox 3714 372 3818 431; x_wconf 79' lang='lat'><strong>836</strong></span> 
     </span>
    </p>
   </div>
   <div class='ocr_carea' id='block_1_63' title="bbox 2222 467 3811 559">
    <p class='ocr_par' dir='ltr' id='par_1_63' title="bbox 2222 467 3811 559">
     <span class='ocr_line' id='line_1_63' title="bbox 2222 467 3811 559; baseline 0.016 -41"><span class='ocrx_word' id='word_1_461' title='bbox 2222 476 2410 553; x_wconf 86' lang='lat' dir='ltr'><strong>omnes</strong></span> <span class='ocrx_word' id='word_1_462' title='bbox 2456 482 2615 524; x_wconf 90' lang='lat' dir='ltr'><strong>nosse</strong></span> <span class='ocrx_word' id='word_1_463' title='bbox 2645 467 2997 527; x_wconf 81' lang='lat' dir='ltr'><strong>Christianos.</strong></span> <span class='ocrx_word' id='word_1_464' title='bbox 3045 472 3153 529; x_wconf 87' lang='lat' dir='ltr'><strong>Cur</strong></span> <span class='ocrx_word' id='word_1_465' title='bbox 3187 485 3368 555; x_wconf 81' lang='lat' dir='ltr'><strong>autem</strong></span> <span class='ocrx_word' id='word_1_466' title='bbox 3409 477 3569 548; x_wconf 82' lang='lat' dir='ltr'><strong>dicis.</strong></span> <span class='ocrx_word' id='word_1_467' title='bbox 3618 489 3811 559; x_wconf 53' lang='lat' dir='ltr'><strong>(quod</strong></span> 
     </span>
    </p>
   </div>
   <div class='ocr_carea' id='block_1_64' title="bbox 2225 558 3807 648">
    <p class='ocr_par' dir='ltr' id='par_1_64' title="bbox 2225 558 3807 648">
     <span class='ocr_line' id='line_1_64' title="bbox 2225 558 3807 648; baseline 0.015 -38"><span class='ocrx_word' id='word_1_468' title='bbox 2225 558 2533 613; x_wconf 83' lang='lat' dir='ltr'><strong>certaminis</strong></span> <span class='ocrx_word' id='word_1_469' title='bbox 2575 559 2857 637; x_wconf 78' lang='lat' dir='ltr'><strong>singularis</strong></span> <span class='ocrx_word' id='word_1_470' title='bbox 2881 562 3077 620; x_wconf 87' lang='lat' dir='ltr'><strong>oblitus</strong></span> <span class='ocrx_word' id='word_1_471' title='bbox 3102 564 3158 621; x_wconf 90' lang='lat' dir='ltr'><strong>in</strong></span> <span class='ocrx_word' id='word_1_472' title='bbox 3189 569 3402 642; x_wconf 86' lang='lat' dir='ltr'><strong>vulgum</strong></span> <span class='ocrx_word' id='word_1_473' title='bbox 3431 570 3718 648; x_wconf 73' lang='lat' dir='ltr'><strong>refugerirn</strong></span> <span class='ocrx_word' id='word_1_474' title='bbox 3734 558 3769 643; x_wconf 14' lang='grc' dir='ltr'><strong>’ἐν⁵</strong></span> <span class='ocrx_word' id='word_1_475' title='bbox 3788 599 3807 633; x_wconf 74' lang='grc' dir='ltr'>ι</span> 
     </span>
    </p>
   </div>
   <div class='ocr_carea' id='block_1_65' title="bbox 2224 644 3811 739">
    <p class='ocr_par' dir='ltr' id='par_1_65' title="bbox 2224 644 3811 739">
     <span class='ocr_line' id='line_1_65' title="bbox 2224 644 3811 739; baseline 0.016 -38"><span class='ocrx_word' id='word_1_476' title='bbox 2224 644 2352 715; x_wconf 85' lang='lat' dir='ltr'><strong>Quis</strong></span> <span class='ocrx_word' id='word_1_477' title='bbox 2383 649 2479 704; x_wconf 89' lang='lat' dir='ltr'><strong>tibi</strong></span> <span class='ocrx_word' id='word_1_478' title='bbox 2522 646 2775 720; x_wconf 86' lang='lat' dir='ltr'><strong>promisit</strong></span> <span class='ocrx_word' id='word_1_479' title='bbox 2802 669 2979 711; x_wconf 89' lang='lat' dir='ltr'><strong>meum</strong></span> <span class='ocrx_word' id='word_1_480' title='bbox 3022 657 3292 735; x_wconf 77' lang='lat' dir='ltr'><strong>singulare</strong></span> <span class='ocrx_word' id='word_1_481' title='bbox 3332 644 3641 739; x_wconf 46' lang='lat' dir='ltr'><strong>certamen?</strong></span> <span class='ocrx_word' id='word_1_482' title='bbox 3674 644 3811 739; x_wconf 60' lang='lat' dir='ltr'><strong>libi,</strong></span> 
     </span>
    </p>
   </div>
   <div class='ocr_carea' id='block_1_66' title="bbox 2227 741 3812 830">
    <p class='ocr_par' dir='ltr' id='par_1_66' title="bbox 2227 741 3812 830">
     <span class='ocr_line' id='line_1_66' title="bbox 2227 741 3812 830; baseline 0.015 -36"><span class='ocrx_word' id='word_1_483' title='bbox 2227 741 2466 810; x_wconf 88' lang='lat' dir='ltr'><strong>quando,</strong></span> <span class='ocrx_word' id='word_1_484' title='bbox 2496 744 2763 818; x_wconf 90' lang='lat' dir='ltr'><strong>quomodo</strong></span> <span class='ocrx_word' id='word_1_485' title='bbox 2782 788 2799 815; x_wconf 93' lang='lat'><strong>,</strong></span> <span class='ocrx_word' id='word_1_486' title='bbox 2832 748 3024 818; x_wconf 86' lang='lat' dir='ltr'><strong>quibus</strong></span> <span class='ocrx_word' id='word_1_487' title='bbox 3050 754 3420 828; x_wconf 64' lang='lat' dir='ltr'><strong>prmserttibus,</strong></span> <span class='ocrx_word' id='word_1_488' title='bbox 3448 757 3644 830; x_wconf 79' lang='lat' dir='ltr'><strong>quibus</strong></span> <span class='ocrx_word' id='word_1_489' title='bbox 3666 761 3812 827; x_wconf 80' lang='lat' dir='ltr'><strong>arbi-</strong></span> 
     </span>
    </p>
   </div>
   <div class='ocr_carea' id='block_1_67' title="bbox 2227 834 3811 926">
    <p class='ocr_par' dir='ltr' id='par_1_67' title="bbox 2227 834 3811 926">
     <span class='ocr_line' id='line_1_67' title="bbox 2227 834 3811 926; baseline 0.015 -37"><span class='ocrx_word' id='word_1_490' title='bbox 2227 835 2361 926; x_wconf 83' lang='lat' dir='ltr'><strong>tris?</strong></span> <span class='ocrx_word' id='word_1_491' title='bbox 2410 855 2429 893; x_wconf 83' lang='grc'>‹</span> <span class='ocrx_word' id='word_1_492' title='bbox 2452 834 2672 926; x_wconf 87' lang='lat' dir='ltr'><strong>Oblato,</strong></span> <span class='ocrx_word' id='word_1_493' title='bbox 2711 858 2732 893; x_wconf 85' lang='grc'><strong>›</strong></span> <span class='ocrx_word' id='word_1_494' title='bbox 2770 841 2910 919; x_wconf 82' lang='lat' dir='ltr'><strong>sicut</strong></span> <span class='ocrx_word' id='word_1_495' title='bbox 2955 843 3229 915; x_wconf 89' lang='lat' dir='ltr'><strong>loqueris,</strong></span> <span class='ocrx_word' id='word_1_496' title='bbox 3285 866 3304 900; x_wconf 73' lang='grc' dir='ltr'><strong><em>ι</em></strong></span> <span class='ocrx_word' id='word_1_497' title='bbox 3328 848 3525 922; x_wconf 69' lang='lat' dir='ltr'><strong>placuit</strong></span> <span class='ocrx_word' id='word_1_498' title='bbox 3562 857 3811 926; x_wconf 87' lang='lat' dir='ltr'><strong>componi</strong></span> 
     </span>
    </p>
   </div>
   <div class='ocr_carea' id='block_1_68' title="bbox 2222 923 3812 1017">
    <p class='ocr_par' dir='ltr' id='par_1_68' title="bbox 2222 923 3812 1017">
     <span class='ocr_line' id='line_1_68' title="bbox 2222 923 3812 1017; baseline 0.014 -38"><span class='ocrx_word' id='word_1_499' title='bbox 2222 923 2422 1003; x_wconf 70' lang='lat' dir='ltr'><strong>foedere</strong></span> <span class='ocrx_word' id='word_1_500' title='bbox 2451 925 2705 1001; x_wconf 69' lang='lat' dir='ltr'><strong>bellumi(</strong></span> <span class='ocrx_word' id='word_1_501' title='bbox 2722 928 2900 1003; x_wconf 83' lang='lat' dir='ltr'><strong>Virgil.</strong></span> <span class='ocrx_word' id='word_1_502' title='bbox 2916 932 3131 990; x_wconf 67' lang='grc' dir='ltr'><strong>Αςηεεά.</strong></span> <span class='ocrx_word' id='word_1_503' title='bbox 3159 935 3249 993; x_wconf 86' lang='lat' dir='ltr'><strong>lib.</strong></span> <span class='ocrx_word' id='word_1_504' title='bbox 3268 937 3358 1007; x_wconf 73' lang='lat'><strong>12,</strong></span> <span class='ocrx_word' id='word_1_505' title='bbox 3375 955 3504 996; x_wconf 75' lang='grc' dir='ltr'><strong>υενε.</strong></span> <span class='ocrx_word' id='word_1_506' title='bbox 3523 923 3721 1017; x_wconf 70' lang='grc'><strong>109),’‹</strong></span> <span class='ocrx_word' id='word_1_507' title='bbox 3756 956 3812 1001; x_wconf 80' lang='grc' dir='ltr'><strong>ιιι</strong></span> 
     </span>
    </p>
   </div>
   <div class='ocr_carea' id='block_1_69' title="bbox 2225 1020 3811 1105">
    <p class='ocr_par' dir='ltr' id='par_1_69' title="bbox 2225 1020 3811 1105">
     <span class='ocr_line' id='line_1_69' title="bbox 2225 1020 3811 1105; baseline 0.017 -38"><span class='ocrx_word' id='word_1_508' title='bbox 2225 1030 2429 1099; x_wconf 84' lang='lat' dir='ltr'><strong>pugnas</strong></span> <span class='ocrx_word' id='word_1_509' title='bbox 2464 1020 2705 1087; x_wconf 17' lang='lat' dir='ltr'><strong>omnium,</strong></span> <span class='ocrx_word' id='word_1_510' title='bbox 2732 1026 3009 1081; x_wconf 88' lang='lat' dir='ltr'><strong>contentio</strong></span> <span class='ocrx_word' id='word_1_511' title='bbox 3039 1036 3221 1083; x_wconf 85' lang='lat' dir='ltr'><strong>nostra</strong></span> <span class='ocrx_word' id='word_1_512' title='bbox 3251 1030 3566 1105; x_wconf 80' lang='lat' dir='ltr'><strong>dirimeret?</strong></span> <span class='ocrx_word' id='word_1_513' title='bbox 3593 1054 3614 1103; x_wconf 60' lang='grc' dir='ltr'><em>ρ</em></span> <span class='ocrx_word' id='word_1_514' title='bbox 3656 1037 3811 1101; x_wconf 80' lang='lat' dir='ltr'><strong>Absit</strong></span> 
     </span>
    </p>
   </div>
   <div class='ocr_carea' id='block_1_70' title="bbox 2224 1096 3808 1200">
    <p class='ocr_par' dir='ltr' id='par_1_70' title="bbox 2224 1096 3808 1200">
     <span class='ocr_line' id='line_1_70' title="bbox 2224 1096 3808 1200; baseline 0.018 -42"><span class='ocrx_word' id='word_1_515' title='bbox 2224 1096 2442 1200; x_wconf 25' lang='lat' dir='ltr'><strong>nthihi</strong></span> <span class='ocrx_word' id='word_1_516' title='bbox 2468 1110 2608 1180; x_wconf 88' lang='lat' dir='ltr'><strong>apud</strong></span> <span class='ocrx_word' id='word_1_517' title='bbox 2638 1112 3215 1193; x_wconf 79' lang='lat' dir='ltr'><strong>Catholicosarrogem</strong></span> <span class='ocrx_word' id='word_1_518' title='bbox 3237 1161 3253 1187; x_wconf 94' lang='lat'><strong>,</strong></span> <span class='ocrx_word' id='word_1_519' title='bbox 3282 1096 3425 1192; x_wconf 84' lang='lat' dir='ltr'><strong>quod</strong></span> <span class='ocrx_word' id='word_1_520' title='bbox 3455 1133 3509 1183; x_wconf 89' lang='lat' dir='ltr'><strong>te</strong></span> <span class='ocrx_word' id='word_1_521' title='bbox 3540 1096 3631 1195; x_wconf 72' lang='lat' dir='ltr'><strong>tibi</strong></span> 
     </span>
    </p>
   </div>
   <div class='ocr_carea' id='block_1_71' title="bbox 2222 1195 3803 1289">
    <p class='ocr_par' dir='ltr' id='par_1_71' title="bbox 2222 1195 3803 1289">
     <span class='ocr_line' id='line_1_71' title="bbox 2222 1195 3803 1289; baseline 0.016 -38"><span class='ocrx_word' id='word_1_522' title='bbox 2222 1195 2535 1269; x_wconf 79' lang='lat' dir='ltr'><strong>Pelagianos</strong></span> <span class='ocrx_word' id='word_1_523' title='bbox 2560 1202 2813 1276; x_wconf 77' lang='lat' dir='ltr'><strong>arrogare</strong></span> <span class='ocrx_word' id='word_1_524' title='bbox 2842 1223 2950 1263; x_wconf 91' lang='lat' dir='ltr'><strong>non</strong></span> <span class='ocrx_word' id='word_1_525' title='bbox 2988 1210 3171 1280; x_wconf 88' lang='lat' dir='ltr'><strong>pudet.</strong></span> <span class='ocrx_word' id='word_1_526' title='bbox 3199 1211 3349 1289; x_wconf 85' lang='lat' dir='ltr'><strong>Unus</strong></span> <span class='ocrx_word' id='word_1_527' title='bbox 3388 1229 3505 1273; x_wconf 91' lang='lat' dir='ltr'><strong>sum</strong></span> <span class='ocrx_word' id='word_1_528' title='bbox 3534 1232 3567 1273; x_wconf 91' lang='lat' dir='ltr'><strong>e</strong></span> <span class='ocrx_word' id='word_1_529' title='bbox 3590 1195 3803 1288; x_wconf 79' lang='lat' dir='ltr'><strong>multis,</strong></span> 
     </span>
    </p>
   </div>
   <div class='ocr_carea' id='block_1_72' title="bbox 2221 1288 3802 1379">
    <p class='ocr_par' dir='ltr' id='par_1_72' title="bbox 2221 1288 3802 1379">
     <span class='ocr_line' id='line_1_72' title="bbox 2221 1288 3802 1379; baseline 0.018 -38"><span class='ocrx_word' id='word_1_530' title='bbox 2221 1288 2311 1359; x_wconf 90' lang='lat' dir='ltr'><strong>qui</strong></span> <span class='ocrx_word' id='word_1_531' title='bbox 2359 1289 2609 1378; x_wconf 89' lang='lat' dir='ltr'><strong>profanas</strong></span> <span class='ocrx_word' id='word_1_532' title='bbox 2648 1304 2854 1352; x_wconf 88' lang='lat' dir='ltr'><strong>vestras</strong></span> <span class='ocrx_word' id='word_1_533' title='bbox 2900 1300 3163 1358; x_wconf 82' lang='lat' dir='ltr'><strong>novitates</strong></span> <span class='ocrx_word' id='word_1_534' title='bbox 3205 1288 3581 1376; x_wconf 12' lang='lat' dir='ltr'><strong>utipossumus</strong></span> <span class='ocrx_word' id='word_1_535' title='bbox 3605 1310 3802 1379; x_wconf 75' lang='lat' dir='ltr'><strong>refuta-</strong></span> 
     </span>
    </p>
   </div>
   <div class='ocr_carea' id='block_1_73' title="bbox 2218 1375 3803 1473">
    <p class='ocr_par' dir='ltr' id='par_1_73' title="bbox 2218 1375 3803 1473">
     <span class='ocr_line' id='line_1_73' title="bbox 2218 1375 3803 1473; baseline 0.017 -38"><span class='ocrx_word' id='word_1_536' title='bbox 2218 1375 2528 1449; x_wconf 47' lang='lat' dir='ltr'><strong>mus,&#39;sicut</strong></span> <span class='ocrx_word' id='word_1_537' title='bbox 2554 1384 2837 1458; x_wconf 88' lang='lat' dir='ltr'><strong>unicuique</strong></span> <span class='ocrx_word' id='word_1_538' title='bbox 2862 1398 3106 1447; x_wconf 89' lang='lat' dir='ltr'><strong>nostrum</strong></span> <span class='ocrx_word' id='word_1_539' title='bbox 3131 1392 3274 1469; x_wconf 88' lang='lat' dir='ltr'><strong>Deus</strong></span> <span class='ocrx_word' id='word_1_540' title='bbox 3295 1398 3521 1473; x_wconf 84' lang='lat' dir='ltr'><strong>partitus</strong></span> <span class='ocrx_word' id='word_1_541' title='bbox 3545 1410 3631 1458; x_wconf 89' lang='lat' dir='ltr'><strong>est</strong></span> <span class='ocrx_word' id='word_1_542' title='bbox 3648 1375 3803 1461; x_wconf 22' lang='lat' dir='ltr'><strong>lmen-</strong></span> 
     </span>
    </p>
   </div>
   <div class='ocr_carea' id='block_1_74' title="bbox 2217 1471 3803 1571">
    <p class='ocr_par' dir='ltr' id='par_1_74' title="bbox 2217 1471 3803 1571">
     <span class='ocr_line' id='line_1_74' title="bbox 2217 1471 3803 1571; baseline 0.019 -48"><span class='ocrx_word' id='word_1_543' title='bbox 2217 1482 2398 1571; x_wconf 73' lang='lat' dir='ltr'><strong>suram</strong></span> <span class='ocrx_word' id='word_1_544' title='bbox 2442 1471 2565 1529; x_wconf 90' lang='lat' dir='ltr'><strong>ﬁdei</strong></span> <span class='ocrx_word' id='word_1_545' title='bbox 2608 1474 2784 1546; x_wconf 89' lang='lat' dir='ltr'><strong>(Rom.</strong></span> <span class='ocrx_word' id='word_1_546' title='bbox 2826 1495 2933 1548; x_wconf 80' lang='lat' dir='ltr'><strong>xu,</strong></span> <span class='ocrx_word' id='word_1_547' title='bbox 2963 1482 3042 1554; x_wconf 78' lang='grc'><strong>5).</strong></span> <span class='ocrx_word' id='word_1_548' title='bbox 3090 1485 3386 1565; x_wconf 67' lang='lat' dir='ltr'><strong>Anteqnam</strong></span> <span class='ocrx_word' id='word_1_549' title='bbox 3430 1471 3613 1571; x_wconf 57' lang='lat' dir='ltr'><strong>esseni</strong></span> <span class='ocrx_word' id='word_1_550' title='bbox 3646 1504 3803 1567; x_wconf 66' lang='lat' dir='ltr'><strong>natus</strong></span> 
     </span>
    </p>
   </div>
   <div class='ocr_carea' id='block_1_75' title="bbox 2216 1558 3794 1659">
    <p class='ocr_par' dir='ltr' id='par_1_75' title="bbox 2216 1558 3794 1659">
     <span class='ocr_line' id='line_1_75' title="bbox 2216 1558 3794 1659; baseline 0.019 -43"><span class='ocrx_word' id='word_1_551' title='bbox 2216 1558 2344 1619; x_wconf 84' lang='lat' dir='ltr'><strong>huic</strong></span> <span class='ocrx_word' id='word_1_552' title='bbox 2368 1564 2597 1651; x_wconf 84' lang='lat' dir='ltr'><strong>mundo,</strong></span> <span class='ocrx_word' id='word_1_553' title='bbox 2624 1577 2679 1624; x_wconf 91' lang='lat' dir='ltr'><strong>et</strong></span> <span class='ocrx_word' id='word_1_554' title='bbox 2701 1578 2984 1642; x_wconf 87' lang='lat' dir='ltr'><strong>antequam</strong></span> <span class='ocrx_word' id='word_1_555' title='bbox 3013 1558 3189 1653; x_wconf 83' lang='lat' dir='ltr'><strong>essem</strong></span> <span class='ocrx_word' id='word_1_556' title='bbox 3216 1558 3794 1659; x_wconf 32' lang='lat' dir='ltr'><strong>renatusfljeo,‘multa</strong></span> 
     </span>
    </p>
   </div>
   <div class='ocr_carea' id='block_1_76' title="bbox 2215 1653 3800 1751">
    <p class='ocr_par' dir='ltr' id='par_1_76' title="bbox 2215 1653 3800 1751">
     <span class='ocr_line' id='line_1_76' title="bbox 2215 1653 3800 1751; baseline 0.016 -44"><span class='ocrx_word' id='word_1_557' title='bbox 2215 1653 2477 1711; x_wconf 88' lang='lat' dir='ltr'><strong>catholica</strong></span> <span class='ocrx_word' id='word_1_558' title='bbox 2493 1656 2694 1723; x_wconf 87' lang='lat' dir='ltr'><strong>lumina</strong></span> <span class='ocrx_word' id='word_1_559' title='bbox 2721 1670 2926 1718; x_wconf 87' lang='lat' dir='ltr'><strong>vestras</strong></span> <span class='ocrx_word' id='word_1_560' title='bbox 2952 1662 3155 1743; x_wconf 81' lang='lat' dir='ltr'><strong>futuras</strong></span> <span class='ocrx_word' id='word_1_561' title='bbox 3175 1653 3418 1746; x_wconf 78' lang='lat' dir='ltr'><strong>tenebras</strong></span> <span class='ocrx_word' id='word_1_562' title='bbox 3430 1653 3800 1751; x_wconf 53' lang='lat' dir='ltr'><strong>redarguendo</strong></span> 
     </span>
    </p>
   </div>
   <div class='ocr_carea' id='block_1_77' title="bbox 2214 1748 3798 1843">
    <p class='ocr_par' dir='ltr' id='par_1_77' title="bbox 2214 1748 3798 1843">
     <span class='ocr_line' id='line_1_77' title="bbox 2214 1748 3798 1843; baseline 0.016 -43"><span class='ocrx_word' id='word_1_563' title='bbox 2214 1759 2591 1835; x_wconf 82' lang='lat' dir='ltr'><strong>praevenerunt</strong></span> <span class='ocrx_word' id='word_1_564' title='bbox 2621 1769 2636 1806; x_wconf 88' lang='lat'><strong>:</strong></span> <span class='ocrx_word' id='word_1_565' title='bbox 2666 1751 2735 1809; x_wconf 88' lang='lat' dir='ltr'><strong>de</strong></span> <span class='ocrx_word' id='word_1_566' title='bbox 2778 1754 2970 1833; x_wconf 87' lang='lat' dir='ltr'><strong>quibus</strong></span> <span class='ocrx_word' id='word_1_567' title='bbox 3020 1756 3132 1828; x_wconf 81' lang='lat' dir='ltr'><strong>jam</strong></span> <span class='ocrx_word' id='word_1_568' title='bbox 3181 1748 3400 1838; x_wconf 19' lang='lat' dir='ltr'><strong>duobus,</strong></span> <span class='ocrx_word' id='word_1_569' title='bbox 3435 1748 3798 1843; x_wconf 24' lang='lat' dir='ltr'><strong>sgpeﬁrioribus</strong></span> 
     </span>
    </p>
   </div>
   <div class='ocr_carea' id='block_1_78' title="bbox 2216 1837 3799 1931">
    <p class='ocr_par' dir='ltr' id='par_1_78' title="bbox 2216 1837 3799 1931">
     <span class='ocr_line' id='line_1_78' title="bbox 2216 1837 3799 1931; baseline 0.015 -39"><span class='ocrx_word' id='word_1_570' title='bbox 2216 1837 2367 1893; x_wconf 87' lang='lat' dir='ltr'><strong>libris</strong></span> <span class='ocrx_word' id='word_1_571' title='bbox 2383 1841 2517 1927; x_wconf 77' lang='lat' dir='ltr'><strong>meis</strong></span> <span class='ocrx_word' id='word_1_572' title='bbox 2528 1852 2723 1921; x_wconf 82' lang='lat' dir='ltr'><strong>quanta</strong></span> <span class='ocrx_word' id='word_1_573' title='bbox 2743 1846 2890 1927; x_wconf 88' lang='lat' dir='ltr'><strong>potui</strong></span> <span class='ocrx_word' id='word_1_574' title='bbox 2910 1849 3345 1931; x_wconf 79' lang='lat' dir='ltr'><strong>manifestatione</strong></span> <span class='ocrx_word' id='word_1_575' title='bbox 3357 1837 3605 1931; x_wconf 75' lang='lat' dir='ltr'><strong>disserui.</strong></span> <span class='ocrx_word' id='word_1_576' title='bbox 3622 1837 3799 1915; x_wconf 79' lang='lat' dir='ltr'><strong>Habes</strong></span> 
     </span>
    </p>
   </div>
   <div class='ocr_carea' id='block_1_79' title="bbox 2214 1932 3796 2029">
    <p class='ocr_par' dir='ltr' id='par_1_79' title="bbox 2214 1932 3796 2029">
     <span class='ocr_line' id='line_1_79' title="bbox 2214 1932 3796 2029; baseline 0.016 -48"><span class='ocrx_word' id='word_1_577' title='bbox 2214 1942 2319 1998; x_wconf 92' lang='lat' dir='ltr'><strong>quo</strong></span> <span class='ocrx_word' id='word_1_578' title='bbox 2346 1938 2397 1985; x_wconf 90' lang='lat' dir='ltr'><strong>te</strong></span> <span class='ocrx_word' id='word_1_579' title='bbox 2422 1945 2635 2000; x_wconf 84' lang='lat' dir='ltr'><strong>avoccs,</strong></span> <span class='ocrx_word' id='word_1_580' title='bbox 2664 1933 2709 1989; x_wconf 89' lang='lat' dir='ltr'><strong>si</strong></span> <span class='ocrx_word' id='word_1_581' title='bbox 2737 1945 2787 1991; x_wconf 91' lang='lat' dir='ltr'><strong>te</strong></span> <span class='ocrx_word' id='word_1_582' title='bbox 2811 1937 3067 1995; x_wconf 89' lang='lat' dir='ltr'><strong>adversus</strong></span> <span class='ocrx_word' id='word_1_583' title='bbox 3093 1932 3414 2019; x_wconf 77' lang='lat' dir='ltr'><strong>catholicam</strong></span> <span class='ocrx_word' id='word_1_584' title='bbox 3437 1946 3606 2029; x_wconf 69' lang='lat' dir='ltr'><strong>fidem</strong></span> <span class='ocrx_word' id='word_1_585' title='bbox 3623 1947 3796 2023; x_wconf 53' lang='grc' dir='ltr'><strong>ψῃ</strong></span> 
     </span>
    </p>
   </div>
   <div class='ocr_carea' id='block_1_80' title="bbox 2214 2017 2723 2080">
    <p class='ocr_par' dir='ltr' id='par_1_80' title="bbox 2214 2017 2723 2080">
     <span class='ocr_line' id='line_1_80' title="bbox 2214 2017 2723 2080; baseline 0.014 -7"><span class='ocrx_word' id='word_1_586' title='bbox 2214 2017 2448 2076; x_wconf 89' lang='lat' dir='ltr'><strong>insanire</strong></span> <span class='ocrx_word' id='word_1_587' title='bbox 2475 2021 2723 2080; x_wconf 89' lang='lat' dir='ltr'><strong>delectat.</strong></span> 
     </span>
    </p>
   </div>
   <div class='ocr_carea' id='block_1_81' title="bbox 2282 2110 3795 2199">
    <p class='ocr_par' dir='ltr' id='par_1_81' title="bbox 2282 2110 3795 2199">
     <span class='ocr_line' id='line_1_81' title="bbox 2282 2110 3795 2199; baseline 0.019 -35"><span class='ocrx_word' id='word_1_588' title='bbox 2282 2110 2373 2168; x_wconf 70' lang='lat'><strong>25.</strong></span> <span class='ocrx_word' id='word_1_589' title='bbox 2398 2112 2505 2169; x_wconf 80' lang='lat' dir='ltr'><strong>Nec</strong></span> <span class='ocrx_word' id='word_1_590' title='bbox 2529 2117 2745 2173; x_wconf 89' lang='lat' dir='ltr'><strong>nomine</strong></span> <span class='ocrx_word' id='word_1_591' title='bbox 2777 2137 2796 2172; x_wconf 82' lang='lat' dir='ltr'><strong>t</strong></span> <span class='ocrx_word' id='word_1_592' title='bbox 2817 2121 3205 2181; x_wconf 88' lang='lat' dir='ltr'><strong>sellulariorum</strong></span> <span class='ocrx_word' id='word_1_593' title='bbox 3234 2126 3480 2199; x_wconf 87' lang='lat' dir='ltr'><strong>opiﬁcum</strong></span> <span class='ocrx_word' id='word_1_594' title='bbox 3501 2148 3522 2184; x_wconf 85' lang='grc'><strong>›</strong></span> <span class='ocrx_word' id='word_1_595' title='bbox 3552 2128 3795 2192; x_wconf 81' lang='lat' dir='ltr'><strong>derideas</strong></span> 
     </span>
    </p>
   </div>
   <div class='ocr_carea' id='block_1_82' title="bbox 2212 2203 3796 2296">
    <p class='ocr_par' dir='ltr' id='par_1_82' title="bbox 2212 2203 3796 2296">
     <span class='ocr_line' id='line_1_82' title="bbox 2212 2203 3796 2296; baseline 0.015 -39"><span class='ocrx_word' id='word_1_596' title='bbox 2212 2203 2454 2296; x_wconf 66' lang='lat' dir='ltr'><strong>membra</strong></span> <span class='ocrx_word' id='word_1_597' title='bbox 2481 2204 2678 2262; x_wconf 85' lang='lat' dir='ltr'><strong>Christi</strong></span> <span class='ocrx_word' id='word_1_598' title='bbox 2705 2228 2718 2265; x_wconf 88' lang='lat'>:</span> <span class='ocrx_word' id='word_1_599' title='bbox 2743 2210 3014 2270; x_wconf 86' lang='lat' dir='ltr'><strong>memento</strong></span> <span class='ocrx_word' id='word_1_600' title='bbox 3039 2216 3161 2287; x_wconf 88' lang='lat' dir='ltr'><strong>quia</strong></span> <span class='ocrx_word' id='word_1_601' title='bbox 3195 2217 3400 2274; x_wconf 89' lang='lat' dir='ltr'><strong>infirma</strong></span> <span class='ocrx_word' id='word_1_602' title='bbox 3430 2222 3611 2278; x_wconf 89' lang='lat' dir='ltr'><strong>mundi</strong></span> <span class='ocrx_word' id='word_1_603' title='bbox 3636 2224 3796 2296; x_wconf 88' lang='lat' dir='ltr'><strong>elegit</strong></span> 
     </span>
    </p>
   </div>
   <div class='ocr_carea' id='block_1_83' title="bbox 2212 2286 3794 2381">
    <p class='ocr_par' dir='ltr' id='par_1_83' title="bbox 2212 2286 3794 2381">
     <span class='ocr_line' id='line_1_83' title="bbox 2212 2286 3794 2381; baseline 0.015 -33"><span class='ocrx_word' id='word_1_604' title='bbox 2212 2286 2375 2364; x_wconf 87' lang='lat' dir='ltr'><strong>Deus,</strong></span> <span class='ocrx_word' id='word_1_605' title='bbox 2404 2304 2463 2351; x_wconf 93' lang='lat' dir='ltr'><strong>ut</strong></span> <span class='ocrx_word' id='word_1_606' title='bbox 2491 2296 2781 2356; x_wconf 89' lang='lat' dir='ltr'><strong>confundat</strong></span> <span class='ocrx_word' id='word_1_607' title='bbox 2805 2301 2960 2359; x_wconf 89' lang='lat' dir='ltr'><strong>fortia</strong></span> <span class='ocrx_word' id='word_1_608' title='bbox 2984 2302 3025 2376; x_wconf 87' lang='grc' dir='ltr'>(Ι</span> <span class='ocrx_word' id='word_1_609' title='bbox 3056 2286 3173 2362; x_wconf 83' lang='lat' dir='ltr'><strong>Cor.</strong></span> <span class='ocrx_word' id='word_1_610' title='bbox 3204 2309 3227 2363; x_wconf 78' lang='grc'><strong>1</strong></span> <span class='ocrx_word' id='word_1_611' title='bbox 3252 2351 3268 2378; x_wconf 89' lang='grc'><strong><em>,</em></strong></span> <span class='ocrx_word' id='word_1_612' title='bbox 3299 2307 3408 2381; x_wconf 78' lang='lat'><strong>27).</strong></span> <span class='ocrx_word' id='word_1_613' title='bbox 3432 2310 3566 2381; x_wconf 84' lang='lat' dir='ltr'><strong>Quid</strong></span> <span class='ocrx_word' id='word_1_614' title='bbox 3591 2323 3674 2370; x_wconf 86' lang='lat' dir='ltr'><strong>est</strong></span> <span class='ocrx_word' id='word_1_615' title='bbox 3697 2286 3794 2371; x_wconf 65' lang='lat' dir='ltr'><strong>ah-</strong></span> 
     </span>
    </p>
   </div>
   <div class='ocr_carea' id='block_1_84' title="bbox 2192 2388 3795 2472">
    <p class='ocr_par' dir='ltr' id='par_1_84' title="bbox 2192 2388 3795 2472">
     <span class='ocr_line' id='line_1_84' title="bbox 2192 2388 3795 2472; baseline 0.014 -32"><span class='ocrx_word' id='word_1_616' title='bbox 2192 2388 2317 2441; x_wconf 72' lang='lat' dir='ltr'><strong>‘tem</strong></span> <span class='ocrx_word' id='word_1_617' title='bbox 2343 2428 2359 2456; x_wconf 93' lang='lat'><strong>,</strong></span> <span class='ocrx_word' id='word_1_618' title='bbox 2395 2407 2413 2441; x_wconf 71' lang='grc' dir='ltr'><strong>ε</strong></span> <span class='ocrx_word' id='word_1_619' title='bbox 2433 2389 2574 2460; x_wconf 90' lang='lat' dir='ltr'><strong>quod</strong></span> <span class='ocrx_word' id='word_1_620' title='bbox 2602 2391 2679 2447; x_wconf 91' lang='lat' dir='ltr'><strong>eis</strong></span> <span class='ocrx_word' id='word_1_621' title='bbox 2715 2407 2836 2448; x_wconf 90' lang='lat' dir='ltr'><strong>eum</strong></span> <span class='ocrx_word' id='word_1_622' title='bbox 2866 2397 3148 2454; x_wconf 87' lang='lat' dir='ltr'><strong>ostendere</strong></span> <span class='ocrx_word' id='word_1_623' title='bbox 3174 2401 3421 2472; x_wconf 69' lang='lat' dir='ltr'><strong>erepet-is,</strong></span> <span class='ocrx_word' id='word_1_624' title='bbox 3452 2402 3504 2460; x_wconf 91' lang='lat' dir='ltr'><strong>in</strong></span> <span class='ocrx_word' id='word_1_625' title='bbox 3532 2420 3617 2461; x_wconf 91' lang='lat' dir='ltr'><strong>me</strong></span> <span class='ocrx_word' id='word_1_626' title='bbox 3643 2422 3795 2463; x_wconf 85' lang='lat' dir='ltr'><strong>acer-</strong></span> 
     </span>
    </p>
   </div>
   <div class='ocr_carea' id='block_1_85' title="bbox 2208 2475 3794 2572">
    <p class='ocr_par' dir='ltr' id='par_1_85' title="bbox 2208 2475 3794 2572">
     <span class='ocr_line' id='line_1_85' title="bbox 2208 2475 3794 2572; baseline 0.015 -39"><span class='ocrx_word' id='word_1_627' title='bbox 2208 2475 2387 2536; x_wconf 88' lang='lat' dir='ltr'><strong>biores</strong></span> <span class='ocrx_word' id='word_1_628' title='bbox 2436 2481 2598 2538; x_wconf 79' lang='lat' dir='ltr'><strong>fient?</strong></span> <span class='ocrx_word' id='word_1_629' title='bbox 2629 2502 2648 2538; x_wconf 75' lang='grc' dir='ltr'><strong><em>ι</em></strong></span> <span class='ocrx_word' id='word_1_630' title='bbox 2699 2483 2907 2544; x_wconf 81' lang='lat' dir='ltr'><strong>Mentiri</strong></span> <span class='ocrx_word' id='word_1_631' title='bbox 2952 2488 3029 2546; x_wconf 91' lang='lat' dir='ltr'><strong>eis</strong></span> <span class='ocrx_word' id='word_1_632' title='bbox 3074 2492 3203 2558; x_wconf 89' lang='lat' dir='ltr'><strong>noli,</strong></span> <span class='ocrx_word' id='word_1_633' title='bbox 3246 2502 3439 2551; x_wconf 86' lang='lat' dir='ltr'><strong>etnon</strong></span> <span class='ocrx_word' id='word_1_634' title='bbox 3483 2493 3632 2554; x_wconf 68' lang='lat' dir='ltr'><strong>ﬁentl</strong></span> <span class='ocrx_word' id='word_1_635' title='bbox 3680 2498 3794 2572; x_wconf 87' lang='lat' dir='ltr'><strong>Ego</strong></span> 
     </span>
    </p>
   </div>
   <div class='ocr_carea' id='block_1_86' title="bbox 2207 2572 3794 2660">
    <p class='ocr_par' dir='ltr' id='par_1_86' title="bbox 2207 2572 3794 2660">
     <span class='ocr_line' id='line_1_86' title="bbox 2207 2572 3794 2660; baseline 0.013 -35"><span class='ocrx_word' id='word_1_636' title='bbox 2207 2572 2352 2627; x_wconf 86' lang='lat' dir='ltr'><strong>enim</strong></span> <span class='ocrx_word' id='word_1_637' title='bbox 2377 2588 2483 2629; x_wconf 91' lang='lat' dir='ltr'><strong>non</strong></span> <span class='ocrx_word' id='word_1_638' title='bbox 2516 2593 2536 2628; x_wconf 67' lang='grc' dir='ltr'><strong><em>ι</em></strong></span> <span class='ocrx_word' id='word_1_639' title='bbox 2559 2591 2673 2645; x_wconf 92' lang='lat' dir='ltr'><strong>eos,</strong></span> <span class='ocrx_word' id='word_1_640' title='bbox 2706 2596 2725 2631; x_wconf 74' lang='grc' dir='ltr'><strong>ι</strong></span> <span class='ocrx_word' id='word_1_641' title='bbox 2757 2579 2895 2637; x_wconf 80' lang='lat' dir='ltr'><strong>sicut</strong></span> <span class='ocrx_word' id='word_1_642' title='bbox 2922 2582 3285 2653; x_wconf 86' lang='lat' dir='ltr'><strong>calumniaris,</strong></span> <span class='ocrx_word' id='word_1_643' title='bbox 3320 2604 3339 2639; x_wconf 72' lang='grc' dir='ltr'>ι</span> <span class='ocrx_word' id='word_1_644' title='bbox 3363 2603 3613 2644; x_wconf 84' lang='lat' dir='ltr'><strong>asscvero</strong></span> <span class='ocrx_word' id='word_1_645' title='bbox 3634 2605 3794 2660; x_wconf 85' lang='lat' dir='ltr'><strong>pecu-</strong></span> 
     </span>
    </p>
   </div>
   <div class='ocr_carea' id='block_1_87' title="bbox 2206 2660 3791 2751">
    <p class='ocr_par' dir='ltr' id='par_1_87' title="bbox 2206 2660 3791 2751">
     <span class='ocr_line' id='line_1_87' title="bbox 2206 2660 3791 2751; baseline 0.013 -31"><span class='ocrx_word' id='word_1_646' title='bbox 2206 2660 2335 2721; x_wconf 90' lang='lat' dir='ltr'><strong>lium</strong></span> <span class='ocrx_word' id='word_1_647' title='bbox 2357 2664 2576 2735; x_wconf 92' lang='lat' dir='ltr'><strong>diaboli,</strong></span> <span class='ocrx_word' id='word_1_648' title='bbox 2601 2688 2619 2722; x_wconf 77' lang='grc' dir='ltr'><strong><em>ι</em></strong></span> <span class='ocrx_word' id='word_1_649' title='bbox 2641 2686 2776 2741; x_wconf 90' lang='lat' dir='ltr'><strong>quos</strong></span> <span class='ocrx_word' id='word_1_650' title='bbox 2797 2671 3104 2746; x_wconf 87' lang='lat' dir='ltr'><strong>redemptos</strong></span> <span class='ocrx_word' id='word_1_651' title='bbox 3119 2674 3318 2733; x_wconf 89' lang='lat' dir='ltr'><strong>Christi</strong></span> <span class='ocrx_word' id='word_1_652' title='bbox 3338 2678 3594 2751; x_wconf 80' lang='lat' dir='ltr'><strong>sanguine</strong></span> <span class='ocrx_word' id='word_1_653' title='bbox 3615 2680 3724 2739; x_wconf 89' lang='lat' dir='ltr'><strong>scio</strong></span> <span class='ocrx_word' id='word_1_654' title='bbox 3738 2685 3754 2715; x_wconf 84' lang='grc'>¹</span> <span class='ocrx_word' id='word_1_655' title='bbox 3777 2702 3791 2740; x_wconf 91' lang='lat'><strong>:</strong></span> 
     </span>
    </p>
   </div>
   <div class='ocr_carea' id='block_1_88' title="bbox 2214 2758 3790 2853">
    <p class='ocr_par' dir='ltr' id='par_1_88' title="bbox 2214 2758 3790 2853">
     <span class='ocr_line' id='line_1_88' title="bbox 2214 2758 3790 2853; baseline 0.012 -40"><span class='ocrx_word' id='word_1_656' title='bbox 2214 2776 2235 2812; x_wconf 74' lang='grc' dir='ltr'>ι</span> <span class='ocrx_word' id='word_1_657' title='bbox 2257 2772 2356 2816; x_wconf 89' lang='lat' dir='ltr'><strong>nec</strong></span> <span class='ocrx_word' id='word_1_658' title='bbox 2401 2758 2612 2818; x_wconf 88' lang='lat' dir='ltr'><strong>diabolo</strong></span> <span class='ocrx_word' id='word_1_659' title='bbox 2643 2766 2907 2836; x_wconf 84' lang='lat' dir='ltr'><strong>conjugia,</strong></span> <span class='ocrx_word' id='word_1_660' title='bbox 2935 2783 2956 2820; x_wconf 70' lang='grc' dir='ltr'><strong>ι</strong></span> <span class='ocrx_word' id='word_1_661' title='bbox 2990 2767 3043 2823; x_wconf 89' lang='lat' dir='ltr'><strong>in</strong></span> <span class='ocrx_word' id='word_1_662' title='bbox 3073 2779 3329 2840; x_wconf 89' lang='lat' dir='ltr'><strong>quantum</strong></span> <span class='ocrx_word' id='word_1_663' title='bbox 3358 2761 3603 2853; x_wconf 61' lang='lat' dir='ltr'><strong>conjugia</strong></span> <span class='ocrx_word' id='word_1_664' title='bbox 3635 2784 3790 2853; x_wconf 79' lang='lat' dir='ltr'><strong>sunt,</strong></span> 
     </span>
    </p>
   </div>
   <div class='ocr_carea' id='block_1_89' title="bbox 2212 2846 3793 2935">
    <p class='ocr_par' dir='ltr' id='par_1_89' title="bbox 2212 2846 3793 2935">
     <span class='ocr_line' id='line_1_89' title="bbox 2212 2846 3793 2935; baseline 0.012 -29"><span class='ocrx_word' id='word_1_665' title='bbox 2212 2869 2233 2906; x_wconf 75' lang='grc' dir='ltr'>ι</span> <span class='ocrx_word' id='word_1_666' title='bbox 2262 2846 2365 2909; x_wconf 90' lang='lat' dir='ltr'><strong>ulla</strong></span> <span class='ocrx_word' id='word_1_667' title='bbox 2392 2856 2727 2923; x_wconf 87' lang='lat' dir='ltr'><strong>transcribo;</strong></span> <span class='ocrx_word' id='word_1_668' title='bbox 2761 2878 2779 2912; x_wconf 72' lang='grc' dir='ltr'><strong><em>ι</em></strong></span> <span class='ocrx_word' id='word_1_669' title='bbox 2813 2875 2915 2915; x_wconf 91' lang='lat' dir='ltr'><strong>nec</strong></span> <span class='ocrx_word' id='word_1_670' title='bbox 2946 2878 2965 2913; x_wconf 84' lang='grc'><strong><em>‹</em></strong></span> <span class='ocrx_word' id='word_1_671' title='bbox 2985 2878 3105 2917; x_wconf 90' lang='lat' dir='ltr'><strong>eum</strong></span> <span class='ocrx_word' id='word_1_672' title='bbox 3127 2856 3434 2935; x_wconf 82' lang='lat' dir='ltr'><strong>genitalium</strong></span> <span class='ocrx_word' id='word_1_673' title='bbox 3464 2846 3793 2925; x_wconf 84' lang='lat' dir='ltr'><strong>commentor</strong></span> 
     </span>
    </p>
   </div>
   <div class='ocr_carea' id='block_1_90' title="bbox 2203 2946 3790 3016">
    <p class='ocr_par' dir='ltr' id='par_1_90' title="bbox 2203 2946 3790 3016">
     <span class='ocr_line' id='line_1_90' title="bbox 2203 2946 3790 3016; baseline 0.009 -15"><span class='ocrx_word' id='word_1_674' title='bbox 2203 2946 2497 3014; x_wconf 76' lang='lat' dir='ltr'><strong>artificem;</strong></span> <span class='ocrx_word' id='word_1_675' title='bbox 2542 2968 2563 3002; x_wconf 70' lang='grc' dir='ltr'><strong><em>ι</em></strong></span> <span class='ocrx_word' id='word_1_676' title='bbox 2597 2965 2697 3007; x_wconf 90' lang='lat' dir='ltr'><strong>nec</strong></span> <span class='ocrx_word' id='word_1_677' title='bbox 2730 2970 2749 3005; x_wconf 73' lang='grc' dir='ltr'>ε</span> <span class='ocrx_word' id='word_1_678' title='bbox 2778 2953 3124 3012; x_wconf 81' lang='lat' dir='ltr'><strong>excitatorem</strong></span> <span class='ocrx_word' id='word_1_679' title='bbox 3157 2956 3392 3013; x_wconf 86' lang='lat' dir='ltr'><strong>virorum</strong></span> <span class='ocrx_word' id='word_1_680' title='bbox 3435 2957 3533 3014; x_wconf 89' lang='lat' dir='ltr'><strong>nisi</strong></span> <span class='ocrx_word' id='word_1_681' title='bbox 3581 2952 3647 3015; x_wconf 89' lang='lat' dir='ltr'><strong>ad</strong></span> <span class='ocrx_word' id='word_1_682' title='bbox 3687 2952 3790 3016; x_wconf 88' lang='lat' dir='ltr'><strong>illi-</strong></span> 
     </span>
    </p>
   </div>
   <div class='ocr_carea' id='block_1_91' title="bbox 2203 3028 3789 3119">
    <p class='ocr_par' dir='ltr' id='par_1_91' title="bbox 2203 3028 3789 3119">
     <span class='ocr_line' id='line_1_91' title="bbox 2203 3028 3789 3119; baseline 0.009 -26"><span class='ocrx_word' id='word_1_683' title='bbox 2203 3037 2362 3104; x_wconf 65' lang='lat' dir='ltr'><strong>cita,»</strong></span> <span class='ocrx_word' id='word_1_684' title='bbox 2393 3028 2493 3095; x_wconf 80' lang='lat' dir='ltr'><strong>nec</strong></span> <span class='ocrx_word' id='word_1_685' title='bbox 2525 3059 2543 3093; x_wconf 75' lang='grc' dir='ltr'>ι</span> <span class='ocrx_word' id='word_1_686' title='bbox 2567 3038 2965 3119; x_wconf 81' lang='lat' dir='ltr'><strong>fecundatorcm</strong></span> <span class='ocrx_word' id='word_1_687' title='bbox 2994 3045 3334 3115; x_wconf 64' lang='lat' dir='ltr'><strong>mulierum,»</strong></span> <span class='ocrx_word' id='word_1_688' title='bbox 3369 3062 3468 3105; x_wconf 87' lang='lat' dir='ltr'><strong>nec</strong></span> <span class='ocrx_word' id='word_1_689' title='bbox 3503 3068 3521 3102; x_wconf 79' lang='grc' dir='ltr'>ι</span> <span class='ocrx_word' id='word_1_690' title='bbox 3547 3048 3789 3107; x_wconf 90' lang='lat' dir='ltr'><strong>condito-</strong></span> 
     </span>
    </p>
   </div>
   <div class='ocr_carea' id='block_1_92' title="bbox 2202 3134 3790 3212">
    <p class='ocr_par' dir='ltr' id='par_1_92' title="bbox 2202 3134 3790 3212">
     <span class='ocr_line' id='line_1_92' title="bbox 2202 3134 3790 3212; baseline 0.01 -27"><span class='ocrx_word' id='word_1_691' title='bbox 2202 3141 2318 3185; x_wconf 89' lang='lat' dir='ltr'><strong>rem</strong></span> <span class='ocrx_word' id='word_1_692' title='bbox 2341 3147 2363 3183; x_wconf 75' lang='grc' dir='ltr'><strong><em>ι</em></strong></span> <span class='ocrx_word' id='word_1_693' title='bbox 2390 3143 2577 3199; x_wconf 81' lang='lat' dir='ltr'><strong>assero</strong></span> <span class='ocrx_word' id='word_1_694' title='bbox 2611 3150 2630 3185; x_wconf 89' lang='grc'><strong><em>‹</em></strong></span> <span class='ocrx_word' id='word_1_695' title='bbox 2655 3134 3064 3203; x_wconf 67' lang='lat' dir='ltr'><strong>parvulorum.»</strong></span> <span class='ocrx_word' id='word_1_696' title='bbox 3104 3134 3240 3193; x_wconf 82' lang='lat' dir='ltr'><strong>llaec</strong></span> <span class='ocrx_word' id='word_1_697' title='bbox 3281 3154 3410 3212; x_wconf 84' lang='lat' dir='ltr'><strong>ergo</strong></span> <span class='ocrx_word' id='word_1_698' title='bbox 3457 3157 3577 3212; x_wconf 76' lang='lat' dir='ltr'><strong>quze</strong></span> <span class='ocrx_word' id='word_1_699' title='bbox 3622 3157 3661 3199; x_wconf 86' lang='lat' dir='ltr'><strong>a</strong></span> <span class='ocrx_word' id='word_1_700' title='bbox 3701 3158 3790 3201; x_wconf 89' lang='lat' dir='ltr'><strong>me</strong></span> 
     </span>
    </p>
   </div>
   <div class='ocr_carea' id='block_1_93' title="bbox 2201 3216 3786 3311">
    <p class='ocr_par' dir='ltr' id='par_1_93' title="bbox 2201 3216 3786 3311">
     <span class='ocr_line' id='line_1_93' title="bbox 2201 3216 3786 3311; baseline 0.009 -35"><span class='ocrx_word' id='word_1_701' title='bbox 2201 3221 2374 3279; x_wconf 86' lang='lat' dir='ltr'><strong>aliena</strong></span> <span class='ocrx_word' id='word_1_702' title='bbox 2415 3233 2575 3294; x_wconf 91' lang='lat' dir='ltr'><strong>sunt,</strong></span> <span class='ocrx_word' id='word_1_703' title='bbox 2624 3225 2671 3281; x_wconf 90' lang='lat' dir='ltr'><strong>si</strong></span> <span class='ocrx_word' id='word_1_704' title='bbox 2704 3216 2792 3282; x_wconf 80' lang='lat' dir='ltr'><strong>eis</strong></span> <span class='ocrx_word' id='word_1_705' title='bbox 2814 3224 2882 3282; x_wconf 92' lang='lat' dir='ltr'><strong>de</strong></span> <span class='ocrx_word' id='word_1_706' title='bbox 2912 3242 2999 3283; x_wconf 90' lang='lat' dir='ltr'><strong>me</strong></span> <span class='ocrx_word' id='word_1_707' title='bbox 3028 3218 3227 3286; x_wconf 79' lang='lat' dir='ltr'><strong>dixeris</strong></span> <span class='ocrx_word' id='word_1_708' title='bbox 3249 3231 3293 3298; x_wconf 77' lang='lat'><strong>&#39;,</strong></span> <span class='ocrx_word' id='word_1_709' title='bbox 3335 3218 3610 3290; x_wconf 84' lang='lat' dir='ltr'><strong>mentieris</strong></span> <span class='ocrx_word' id='word_1_710' title='bbox 3633 3251 3647 3289; x_wconf 91' lang='lat'><strong>:</strong></span> <span class='ocrx_word' id='word_1_711' title='bbox 3668 3236 3786 3311; x_wconf 74' lang='lat' dir='ltr'><strong>et&#39;si</strong></span> 
     </span>
    </p>
   </div>
   <div class='ocr_carea' id='block_1_94' title="bbox 2202 3312 3790 3405">
    <p class='ocr_par' dir='ltr' id='par_1_94' title="bbox 2202 3312 3790 3405">
     <span class='ocr_line' id='line_1_94' title="bbox 2202 3312 3790 3405; baseline 0.009 -38"><span class='ocrx_word' id='word_1_712' title='bbox 2202 3312 2481 3384; x_wconf 88' lang='lat' dir='ltr'><strong>quisquam</strong></span> <span class='ocrx_word' id='word_1_713' title='bbox 2508 3326 2715 3370; x_wconf 84' lang='lat' dir='ltr'><strong>eorum</strong></span> <span class='ocrx_word' id='word_1_714' title='bbox 2741 3315 2837 3399; x_wconf 82' lang='lat' dir='ltr'><strong>tibi</strong></span> <span class='ocrx_word' id='word_1_715' title='bbox 2860 3317 3086 3374; x_wconf 86' lang='lat' dir='ltr'><strong>credens</strong></span> <span class='ocrx_word' id='word_1_716' title='bbox 3126 3319 3369 3376; x_wconf 85' lang='lat' dir='ltr'><strong>acerbior</strong></span> <span class='ocrx_word' id='word_1_717' title='bbox 3409 3322 3461 3377; x_wconf 90' lang='lat' dir='ltr'><strong>in</strong></span> <span class='ocrx_word' id='word_1_718' title='bbox 3502 3338 3587 3405; x_wconf 84' lang='lat' dir='ltr'><strong>me</strong></span> <span class='ocrx_word' id='word_1_719' title='bbox 3630 3323 3790 3382; x_wconf 85' lang='lat' dir='ltr'><strong>fuerit</strong></span> 
     </span>
    </p>
   </div>
   <div class='ocr_carea' id='block_1_95' title="bbox 2200 3395 3873 3491">
    <p class='ocr_par' dir='ltr' id='par_1_95' title="bbox 2200 3395 3873 3491">
     <span class='ocr_line' id='line_1_95' title="bbox 2200 3395 3873 3491; baseline 0.012 -34"><span class='ocrx_word' id='word_1_720' title='bbox 2200 3399 2393 3473; x_wconf 79' lang='lat' dir='ltr'><strong>factus,</strong></span> <span class='ocrx_word' id='word_1_721' title='bbox 2421 3403 2675 3478; x_wconf 87' lang='lat' dir='ltr'><strong>deceptus</strong></span> <span class='ocrx_word' id='word_1_722' title='bbox 2703 3395 2896 3478; x_wconf 79' lang='lat' dir='ltr'><strong>poterit</strong></span> <span class='ocrx_word' id='word_1_723' title='bbox 2920 3418 3060 3480; x_wconf 82' lang='lat' dir='ltr'><strong>esse,</strong></span> <span class='ocrx_word' id='word_1_724' title='bbox 3086 3427 3192 3467; x_wconf 89' lang='lat' dir='ltr'><strong>non</strong></span> <span class='ocrx_word' id='word_1_725' title='bbox 3216 3412 3452 3471; x_wconf 58' lang='lat' dir='ltr'><strong>doctus“.</strong></span> <span class='ocrx_word' id='word_1_726' title='bbox 3483 3396 3669 3473; x_wconf 80' lang='lat' dir='ltr'><strong>livere</strong></span> <span class='ocrx_word' id='word_1_727' title='bbox 3693 3420 3787 3491; x_wconf 91' lang='lat' dir='ltr'><strong>qui</strong></span> <span class='ocrx_word' id='word_1_728' title='bbox 3866 3414 3873 3421; x_wconf 84' lang='grc'><em>’</em></span> 
     </span>
    </p>
   </div>
   <div class='ocr_carea' id='block_1_96' title="bbox 2202 3494 3783 3580">
    <p class='ocr_par' dir='ltr' id='par_1_96' title="bbox 2202 3494 3783 3580">
     <span class='ocr_line' id='line_1_96' title="bbox 2202 3494 3783 3580; baseline 0.009 -27"><span class='ocrx_word' id='word_1_729' title='bbox 2202 3509 2258 3554; x_wconf 91' lang='lat' dir='ltr'><strong>et</strong></span> <span class='ocrx_word' id='word_1_730' title='bbox 2304 3508 2590 3571; x_wconf 87' lang='lat' dir='ltr'><strong>utrumque</strong></span> <span class='ocrx_word' id='word_1_731' title='bbox 2636 3511 2878 3558; x_wconf 89' lang='lat' dir='ltr'><strong>nostrum</strong></span> <span class='ocrx_word' id='word_1_732' title='bbox 2901 3546 2916 3571; x_wconf 93' lang='lat'><strong>,</strong></span> <span class='ocrx_word' id='word_1_733' title='bbox 2958 3498 3012 3561; x_wconf 84' lang='lat' dir='ltr'><strong>et</strong></span> <span class='ocrx_word' id='word_1_734' title='bbox 3043 3494 3202 3561; x_wconf 85' lang='lat' dir='ltr'><strong>ﬁdem</strong></span> <span class='ocrx_word' id='word_1_735' title='bbox 3233 3504 3549 3564; x_wconf 87' lang='lat' dir='ltr'><strong>catholicam</strong></span> <span class='ocrx_word' id='word_1_736' title='bbox 3577 3506 3783 3580; x_wconf 81' lang='lat' dir='ltr'><strong>sciunt,</strong></span> 
     </span>
    </p>
   </div>
   <div class='ocr_carea' id='block_1_97' title="bbox 2201 3588 3789 3673">
    <p class='ocr_par' dir='ltr' id='par_1_97' title="bbox 2201 3588 3789 3673">
     <span class='ocr_line' id='line_1_97' title="bbox 2201 3588 3789 3673; baseline 0.009 -27"><span class='ocrx_word' id='word_1_737' title='bbox 2201 3589 2407 3648; x_wconf 90' lang='lat' dir='ltr'><strong>discere</strong></span> <span class='ocrx_word' id='word_1_738' title='bbox 2431 3592 2528 3649; x_wconf 88' lang='lat' dir='ltr'><strong>abs</strong></span> <span class='ocrx_word' id='word_1_739' title='bbox 2555 3602 2606 3649; x_wconf 93' lang='lat' dir='ltr'><strong>te</strong></span> <span class='ocrx_word' id='word_1_740' title='bbox 2629 3592 2827 3665; x_wconf 90' lang='lat' dir='ltr'><strong>aliquid</strong></span> <span class='ocrx_word' id='word_1_741' title='bbox 2857 3594 3075 3664; x_wconf 89' lang='lat' dir='ltr'><strong>nolunt;</strong></span> <span class='ocrx_word' id='word_1_742' title='bbox 3106 3596 3202 3654; x_wconf 90' lang='lat' dir='ltr'><strong>sed</strong></span> <span class='ocrx_word' id='word_1_743' title='bbox 3244 3610 3436 3656; x_wconf 91' lang='lat' dir='ltr'><strong>cavent</strong></span> <span class='ocrx_word' id='word_1_744' title='bbox 3464 3588 3674 3673; x_wconf 87' lang='lat' dir='ltr'><strong>potius</strong></span> <span class='ocrx_word' id='word_1_745' title='bbox 3721 3619 3789 3661; x_wconf 89' lang='lat' dir='ltr'><strong>ne</strong></span> 
     </span>
    </p>
   </div>
   <div class='ocr_carea' id='block_1_98' title="bbox 2203 3682 3787 3768">
    <p class='ocr_par' dir='ltr' id='par_1_98' title="bbox 2203 3682 3787 3768">
     <span class='ocr_line' id='line_1_98' title="bbox 2203 3682 3787 3768; baseline 0.008 -30"><span class='ocrx_word' id='word_1_746' title='bbox 2203 3682 2415 3739; x_wconf 84' lang='lat' dir='ltr'><strong>auferas</strong></span> <span class='ocrx_word' id='word_1_747' title='bbox 2438 3684 2587 3756; x_wconf 88' lang='lat' dir='ltr'><strong>quod</strong></span> <span class='ocrx_word' id='word_1_748' title='bbox 2609 3696 2893 3743; x_wconf 89' lang='lat' dir='ltr'><strong>noverunt.</strong></span> <span class='ocrx_word' id='word_1_749' title='bbox 2924 3687 3073 3749; x_wconf 81' lang='lat' dir='ltr'><strong>Multi</strong></span> <span class='ocrx_word' id='word_1_750' title='bbox 3103 3690 3297 3763; x_wconf 87' lang='lat' dir='ltr'><strong>quippe</strong></span> <span class='ocrx_word' id='word_1_751' title='bbox 3325 3702 3452 3747; x_wconf 89' lang='lat' dir='ltr'><strong>sunt</strong></span> <span class='ocrx_word' id='word_1_752' title='bbox 3481 3691 3533 3748; x_wconf 91' lang='lat' dir='ltr'><strong>in</strong></span> <span class='ocrx_word' id='word_1_753' title='bbox 3561 3694 3670 3764; x_wconf 89' lang='lat' dir='ltr'><strong>eis,</strong></span> <span class='ocrx_word' id='word_1_754' title='bbox 3698 3696 3787 3768; x_wconf 91' lang='lat' dir='ltr'><strong>qui</strong></span> 
     </span>
    </p>
   </div>
   <div class='ocr_carea' id='block_1_99' title="bbox 2200 3775 3788 3855">
    <p class='ocr_par' dir='ltr' id='par_1_99' title="bbox 2200 3775 3788 3855">
     <span class='ocr_line' id='line_1_99' title="bbox 2200 3775 3788 3855; baseline 0.008 -25"><span class='ocrx_word' id='word_1_755' title='bbox 2200 3786 2307 3830; x_wconf 84' lang='lat' dir='ltr'><strong>non</strong></span> <span class='ocrx_word' id='word_1_756' title='bbox 2349 3775 2522 3831; x_wconf 90' lang='lat' dir='ltr'><strong>solum</strong></span> <span class='ocrx_word' id='word_1_757' title='bbox 2551 3784 2748 3847; x_wconf 87' lang='lat' dir='ltr'><strong>praeter</strong></span> <span class='ocrx_word' id='word_1_758' title='bbox 2774 3790 2860 3835; x_wconf 88' lang='lat' dir='ltr'><strong>me</strong></span> <span class='ocrx_word' id='word_1_759' title='bbox 2882 3820 2897 3844; x_wconf 92' lang='lat'><strong>,</strong></span> <span class='ocrx_word' id='word_1_760' title='bbox 2946 3795 3131 3836; x_wconf 90' lang='lat' dir='ltr'><strong>verum</strong></span> <span class='ocrx_word' id='word_1_761' title='bbox 3160 3782 3318 3837; x_wconf 88' lang='lat' dir='ltr'><strong>etiam</strong></span> <span class='ocrx_word' id='word_1_762' title='bbox 3348 3783 3553 3855; x_wconf 91' lang='lat' dir='ltr'><strong>priores</strong></span> <span class='ocrx_word' id='word_1_763' title='bbox 3580 3801 3665 3842; x_wconf 94' lang='lat' dir='ltr'><strong>me</strong></span> <span class='ocrx_word' id='word_1_764' title='bbox 3688 3784 3788 3842; x_wconf 80' lang='lat' dir='ltr'><strong>ista</strong></span> 
     </span>
    </p>
   </div>
   <div class='ocr_carea' id='block_1_100' title="bbox 2202 3856 3784 3948">
    <p class='ocr_par' dir='ltr' id='par_1_100' title="bbox 2202 3856 3784 3948">
     <span class='ocr_line' id='line_1_100' title="bbox 2202 3856 3784 3948; baseline 0.009 -27"><span class='ocrx_word' id='word_1_765' title='bbox 2202 3864 2540 3934; x_wconf 86' lang='lat' dir='ltr'><strong>didicerunt,</strong></span> <span class='ocrx_word' id='word_1_766' title='bbox 2582 3856 2706 3940; x_wconf 62' lang='lat' dir='ltr'><strong>quae</strong></span> <span class='ocrx_word' id='word_1_767' title='bbox 2747 3880 2925 3927; x_wconf 90' lang='lat' dir='ltr'><strong>vester</strong></span> <span class='ocrx_word' id='word_1_768' title='bbox 2963 3887 3133 3928; x_wconf 91' lang='lat' dir='ltr'><strong>novus</strong></span> <span class='ocrx_word' id='word_1_769' title='bbox 3161 3889 3312 3929; x_wconf 90' lang='lat' dir='ltr'><strong>error</strong></span> <span class='ocrx_word' id='word_1_770' title='bbox 3337 3885 3619 3948; x_wconf 88' lang='lat' dir='ltr'><strong>oppugnat.</strong></span> <span class='ocrx_word' id='word_1_771' title='bbox 3650 3870 3784 3934; x_wconf 83' lang='lat' dir='ltr'><strong>Cum</strong></span> 
     </span>
    </p>
   </div>
   <div class='ocr_carea' id='block_1_101' title="bbox 2201 3958 3786 4042">
    <p class='ocr_par' dir='ltr' id='par_1_101' title="bbox 2201 3958 3786 4042">
     <span class='ocr_line' id='line_1_101' title="bbox 2201 3958 3786 4042; baseline 0.01 -30"><span class='ocrx_word' id='word_1_772' title='bbox 2201 3968 2331 4028; x_wconf 81' lang='lat' dir='ltr'><strong>ergo</strong></span> <span class='ocrx_word' id='word_1_773' title='bbox 2357 3969 2464 4014; x_wconf 86' lang='lat' dir='ltr'><strong>non</strong></span> <span class='ocrx_word' id='word_1_774' title='bbox 2489 3974 2582 4016; x_wconf 93' lang='lat' dir='ltr'><strong>eos</strong></span> <span class='ocrx_word' id='word_1_775' title='bbox 2603 3958 2717 4033; x_wconf 89' lang='lat' dir='ltr'><strong>ipse</strong></span> <span class='ocrx_word' id='word_1_776' title='bbox 2746 3962 2983 4033; x_wconf 85' lang='lat' dir='ltr'><strong>fecerim,</strong></span> <span class='ocrx_word' id='word_1_777' title='bbox 3011 3963 3105 4020; x_wconf 92' lang='lat' dir='ltr'><strong>sed</strong></span> <span class='ocrx_word' id='word_1_778' title='bbox 3128 3965 3429 4022; x_wconf 86' lang='lat' dir='ltr'><strong>invenerim</strong></span> <span class='ocrx_word' id='word_1_779' title='bbox 3447 3967 3602 4040; x_wconf 84' lang='lat' dir='ltr'><strong>hujus</strong></span> <span class='ocrx_word' id='word_1_780' title='bbox 3627 3986 3786 4042; x_wconf 87' lang='lat' dir='ltr'><strong>quam</strong></span> 
     </span>
    </p>
   </div>
   <div class='ocr_carea' id='block_1_102' title="bbox 2202 4039 3787 4131">
    <p class='ocr_par' dir='ltr' id='par_1_102' title="bbox 2202 4039 3787 4131">
     <span class='ocr_line' id='line_1_102' title="bbox 2202 4039 3787 4131; baseline 0.008 -24"><span class='ocrx_word' id='word_1_781' title='bbox 2202 4039 2409 4123; x_wconf 82' lang='lat' dir='ltr'><strong>negatis</strong></span> <span class='ocrx_word' id='word_1_782' title='bbox 2433 4054 2605 4109; x_wconf 90' lang='lat' dir='ltr'><strong>socios</strong></span> <span class='ocrx_word' id='word_1_783' title='bbox 2630 4054 2873 4112; x_wconf 84' lang='lat' dir='ltr'><strong>veritatis</strong></span> <span class='ocrx_word' id='word_1_784' title='bbox 2895 4098 2910 4124; x_wconf 96' lang='lat'><strong>,</strong></span> <span class='ocrx_word' id='word_1_785' title='bbox 2939 4056 3207 4126; x_wconf 84' lang='lat' dir='ltr'><strong>quomodo</strong></span> <span class='ocrx_word' id='word_1_786' title='bbox 3230 4060 3306 4116; x_wconf 89' lang='lat' dir='ltr'><strong>eis</strong></span> <span class='ocrx_word' id='word_1_787' title='bbox 3333 4075 3432 4131; x_wconf 88' lang='lat' dir='ltr'><strong>ego</strong></span> <span class='ocrx_word' id='word_1_788' title='bbox 3457 4075 3573 4116; x_wconf 89' lang='lat' dir='ltr'><strong>sum</strong></span> <span class='ocrx_word' id='word_1_789' title='bbox 3599 4074 3787 4121; x_wconf 89' lang='lat' dir='ltr'><strong>auctor</strong></span> 
     </span>
    </p>
   </div>
   <div class='ocr_carea' id='block_1_103' title="bbox 2201 4140 3593 4216">
    <p class='ocr_par' dir='ltr' id='par_1_103' title="bbox 2201 4140 3593 4216">
     <span class='ocr_line' id='line_1_103' title="bbox 2201 4140 3593 4216; baseline 0.001 -17"><span class='ocrx_word' id='word_1_790' title='bbox 2201 4140 2359 4216; x_wconf 86' lang='lat' dir='ltr'><strong>hujus</strong></span> <span class='ocrx_word' id='word_1_791' title='bbox 2389 4159 2544 4215; x_wconf 90' lang='lat' dir='ltr'><strong>quem</strong></span> <span class='ocrx_word' id='word_1_792' title='bbox 2571 4146 2766 4216; x_wconf 90' lang='lat' dir='ltr'><strong>putatis</strong></span> <span class='ocrx_word' id='word_1_793' title='bbox 2791 4149 2989 4205; x_wconf 90' lang='lat' dir='ltr'><strong>erroris</strong></span> <span class='ocrx_word' id='word_1_794' title='bbox 3008 4148 3035 4204; x_wconf 73' lang='grc' dir='ltr'><strong><em>ἵ</em></strong></span> <span class='ocrx_word' id='word_1_795' title='bbox 3488 4195 3494 4200; x_wconf 91' lang='grc'><em>.</em></span> <span class='ocrx_word' id='word_1_796' title='bbox 3522 4140 3525 4143; x_wconf 63' lang='grc'><em>’</em></span> <span class='ocrx_word' id='word_1_797' title='bbox 3590 4152 3593 4157; x_wconf 81' lang='lat'><em>‘</em></span> 
     </span>
    </p>
   </div>
   <div class='ocr_carea' id='block_1_104' title="bbox 2214 4230 3785 4320">
    <p class='ocr_par' dir='ltr' id='par_1_104' title="bbox 2214 4230 3785 4320">
     <span class='ocr_line' id='line_1_104' title="bbox 2214 4230 3785 4320; baseline 0.011 -30"><span class='ocrx_word' id='word_1_798' title='bbox 2214 4232 2219 4239; x_wconf 87' lang='grc'><em>’</em></span> <span class='ocrx_word' id='word_1_799' title='bbox 2272 4230 2498 4293; x_wconf 85' lang='lat' dir='ltr'><strong>CAPUT</strong></span> <span class='ocrx_word' id='word_1_800' title='bbox 2526 4236 2616 4292; x_wconf 82' lang='lat' dir='ltr'><strong>IX.</strong></span> <span class='ocrx_word' id='word_1_801' title='bbox 2638 4239 2815 4295; x_wconf 77' lang='grc'><strong>-24,</strong></span> <span class='ocrx_word' id='word_1_802' title='bbox 2857 4259 2875 4293; x_wconf 72' lang='grc' dir='ltr'><strong>ε</strong></span> <span class='ocrx_word' id='word_1_803' title='bbox 2900 4240 3141 4313; x_wconf 77' lang='lat' dir='ltr'><strong>Explica,</strong></span> <span class='ocrx_word' id='word_1_804' title='bbox 3169 4262 3188 4298; x_wconf 73' lang='grc' dir='ltr'><strong>ο</strong></span> <span class='ocrx_word' id='word_1_805' title='bbox 3222 4245 3398 4318; x_wconf 86' lang='lat' dir='ltr'><strong>inquis</strong></span> <span class='ocrx_word' id='word_1_806' title='bbox 3417 4286 3435 4317; x_wconf 92' lang='lat'><strong>,</strong></span> <span class='ocrx_word' id='word_1_807' title='bbox 3473 4267 3493 4303; x_wconf 72' lang='grc' dir='ltr'>ί</span> <span class='ocrx_word' id='word_1_808' title='bbox 3516 4250 3785 4320; x_wconf 89' lang='lat' dir='ltr'><strong>quomodo</strong></span> 
     </span>
    </p>
   </div>
   <div class='ocr_carea' id='block_1_105' title="bbox 2184 4326 3785 4414">
    <p class='ocr_par' dir='ltr' id='par_1_105' title="bbox 2184 4326 3785 4414">
     <span class='ocr_line' id='line_1_105' title="bbox 2184 4326 3785 4414; baseline 0.011 -32"><span class='ocrx_word' id='word_1_809' title='bbox 2184 4326 2476 4397; x_wconf 38' lang='lat' dir='ltr'><strong>‘pcecatum</strong></span> <span class='ocrx_word' id='word_1_810' title='bbox 2509 4344 2751 4401; x_wconf 82' lang='lat' dir='ltr'><strong>personae</strong></span> <span class='ocrx_word' id='word_1_811' title='bbox 2777 4331 2851 4386; x_wconf 87' lang='lat' dir='ltr'><strong>illi</strong></span> <span class='ocrx_word' id='word_1_812' title='bbox 2875 4330 3021 4403; x_wconf 92' lang='lat' dir='ltr'><strong>juste</strong></span> <span class='ocrx_word' id='word_1_813' title='bbox 3048 4336 3218 4406; x_wconf 91' lang='lat' dir='ltr'><strong>possit</strong></span> <span class='ocrx_word' id='word_1_814' title='bbox 3244 4336 3473 4396; x_wconf 90' lang='lat' dir='ltr'><strong>adscribi</strong></span> <span class='ocrx_word' id='word_1_815' title='bbox 3497 4382 3514 4409; x_wconf 91' lang='lat'><strong>,</strong></span> <span class='ocrx_word' id='word_1_816' title='bbox 3543 4357 3661 4414; x_wconf 69' lang='lat' dir='ltr'><strong>qua:</strong></span> <span class='ocrx_word' id='word_1_817' title='bbox 3688 4338 3785 4401; x_wconf 80' lang='lat' dir='ltr'><strong>nec</strong></span> 
     </span>
    </p>
   </div>
   <div class='ocr_carea' id='block_1_106' title="bbox 2200 4419 3783 4506">
    <p class='ocr_par' dir='ltr' id='par_1_106' title="bbox 2200 4419 3783 4506">
     <span class='ocr_line' id='line_1_106' title="bbox 2200 4419 3783 4506; baseline 0.009 -30"><span class='ocrx_word' id='word_1_818' title='bbox 2200 4419 2370 4477; x_wconf 82' lang='lat' dir='ltr'><strong>voluit</strong></span> <span class='ocrx_word' id='word_1_819' title='bbox 2420 4437 2661 4492; x_wconf 86' lang='lat' dir='ltr'><strong>peccare,</strong></span> <span class='ocrx_word' id='word_1_820' title='bbox 2712 4440 2811 4481; x_wconf 88' lang='lat' dir='ltr'><strong>nec</strong></span> <span class='ocrx_word' id='word_1_821' title='bbox 2857 4427 3045 4497; x_wconf 86' lang='lat' dir='ltr'><strong>potuit.</strong></span> <span class='ocrx_word' id='word_1_822' title='bbox 3073 4446 3093 4481; x_wconf 73' lang='grc' dir='ltr'><strong><em>ι</em></strong></span> <span class='ocrx_word' id='word_1_823' title='bbox 3142 4426 3297 4486; x_wconf 83' lang='lat' dir='ltr'><strong>Aliud</strong></span> <span class='ocrx_word' id='word_1_824' title='bbox 3340 4440 3421 4487; x_wconf 88' lang='lat' dir='ltr'><strong>est</strong></span> <span class='ocrx_word' id='word_1_825' title='bbox 3464 4435 3783 4506; x_wconf 88' lang='lat' dir='ltr'><strong>perpetratio</strong></span> 
     </span>
    </p>
   </div>
   <div class='ocr_carea' id='block_1_107' title="bbox 2198 4511 3777 4596">
    <p class='ocr_par' dir='ltr' id='par_1_107' title="bbox 2198 4511 3777 4596">
     <span class='ocr_line' id='line_1_107' title="bbox 2198 4511 3777 4596; baseline 0.009 -30"><span class='ocrx_word' id='word_1_826' title='bbox 2198 4511 2577 4583; x_wconf 89' lang='lat' dir='ltr'><strong>propriorum,</strong></span> <span class='ocrx_word' id='word_1_827' title='bbox 2622 4514 2765 4570; x_wconf 87' lang='lat' dir='ltr'><strong>aliud</strong></span> <span class='ocrx_word' id='word_1_828' title='bbox 2808 4516 3104 4575; x_wconf 90' lang='lat' dir='ltr'><strong>alienorum</strong></span> <span class='ocrx_word' id='word_1_829' title='bbox 3132 4524 3378 4595; x_wconf 87' lang='lat' dir='ltr'><strong>contagio</strong></span> <span class='ocrx_word' id='word_1_830' title='bbox 3407 4534 3777 4596; x_wconf 87' lang='lat' dir='ltr'><strong>peccatorum,</strong></span> 
     </span>
    </p>
   </div>
   <div class='ocr_carea' id='block_1_108' title="bbox 2200 4606 3776 4687">
    <p class='ocr_par' dir='ltr' id='par_1_108' title="bbox 2200 4606 3776 4687">
     <span class='ocr_line' id='line_1_108' title="bbox 2200 4606 3776 4687; baseline 0.008 -28"><span class='ocrx_word' id='word_1_831' title='bbox 2200 4614 2453 4677; x_wconf 87' lang='lat' dir='ltr'><strong>quantum</strong></span> <span class='ocrx_word' id='word_1_832' title='bbox 2482 4606 2692 4681; x_wconf 91' lang='lat' dir='ltr'><strong>quidem</strong></span> <span class='ocrx_word' id='word_1_833' title='bbox 2720 4607 2787 4665; x_wconf 87' lang='lat' dir='ltr'><strong>ad</strong></span> <span class='ocrx_word' id='word_1_834' title='bbox 2814 4626 2925 4665; x_wconf 68' lang='lat' dir='ltr'><strong>sua:</strong></span> <span class='ocrx_word' id='word_1_835' title='bbox 2948 4610 3206 4685; x_wconf 91' lang='lat' dir='ltr'><strong>cujusque</strong></span> <span class='ocrx_word' id='word_1_836' title='bbox 3224 4614 3347 4669; x_wconf 61' lang='lat' dir='ltr'><strong>vitaz</strong></span> <span class='ocrx_word' id='word_1_837' title='bbox 3368 4616 3597 4686; x_wconf 88' lang='lat' dir='ltr'><strong>pertinet</strong></span> <span class='ocrx_word' id='word_1_838' title='bbox 3612 4617 3776 4687; x_wconf 82' lang='lat' dir='ltr'><strong>actio-</strong></span> 
     </span>
    </p>
   </div>
   <div class='ocr_carea' id='block_1_109' title="bbox 2200 4698 3773 4764">
    <p class='ocr_par' dir='ltr' id='par_1_109' title="bbox 2200 4698 3773 4764">
     <span class='ocr_line' id='line_1_109' title="bbox 2200 4698 3773 4764; baseline 0.004 -8"><span class='ocrx_word' id='word_1_839' title='bbox 2200 4715 2347 4756; x_wconf 89' lang='lat' dir='ltr'><strong>nem.</strong></span> <span class='ocrx_word' id='word_1_840' title='bbox 2377 4698 2511 4759; x_wconf 82' lang='lat' dir='ltr'><strong>Nam</strong></span> <span class='ocrx_word' id='word_1_841' title='bbox 2539 4700 2584 4757; x_wconf 88' lang='lat' dir='ltr'><strong>si</strong></span> <span class='ocrx_word' id='word_1_842' title='bbox 2612 4717 2708 4757; x_wconf 90' lang='lat' dir='ltr'><strong>vos</strong></span> <span class='ocrx_word' id='word_1_843' title='bbox 2737 4705 3054 4759; x_wconf 88' lang='lat' dir='ltr'><strong>sententiam</strong></span> <span class='ocrx_word' id='word_1_844' title='bbox 3086 4715 3287 4762; x_wconf 91' lang='lat' dir='ltr'><strong>rectam</strong></span> <span class='ocrx_word' id='word_1_845' title='bbox 3318 4704 3371 4762; x_wconf 93' lang='lat' dir='ltr'><strong>in</strong></span> <span class='ocrx_word' id='word_1_846' title='bbox 3400 4719 3632 4764; x_wconf 87' lang='lat' dir='ltr'><strong>vestrum</strong></span> <span class='ocrx_word' id='word_1_847' title='bbox 3663 4717 3773 4763; x_wconf 92' lang='lat' dir='ltr'><strong>tor-</strong></span> 
     </span>
    </p>
   </div>
   <div class='ocr_carea' id='block_1_110' title="bbox 2200 4790 3873 4887">
    <p class='ocr_par' dir='ltr' id='par_1_110' title="bbox 2200 4790 3873 4887">
     <span class='ocr_line' id='line_1_110' title="bbox 2200 4790 3873 4887; baseline 0.002 -37"><span class='ocrx_word' id='word_1_848' title='bbox 2200 4800 2316 4851; x_wconf 89' lang='lat' dir='ltr'><strong>tum</strong></span> <span class='ocrx_word' id='word_1_849' title='bbox 2345 4790 2556 4850; x_wconf 84' lang='lat' dir='ltr'><strong>sensum</strong></span> <span class='ocrx_word' id='word_1_850' title='bbox 2601 4805 2850 4868; x_wconf 89' lang='lat' dir='ltr'><strong>torquere</strong></span> <span class='ocrx_word' id='word_1_851' title='bbox 2894 4792 3137 4885; x_wconf 86' lang='lat' dir='ltr'><strong>nolletis,</strong></span> <span class='ocrx_word' id='word_1_852' title='bbox 3185 4800 3437 4883; x_wconf 81' lang='lat' dir='ltr'><strong>audiretis</strong></span> <span class='ocrx_word' id='word_1_853' title='bbox 3458 4801 3774 4887; x_wconf 67' lang='lat' dir='ltr'><strong>Apostolum</strong></span> <span class='ocrx_word' id='word_1_854' title='bbox 3864 4848 3873 4853; x_wconf 87' lang='lat'><strong>-</strong></span> 
     </span>
    </p>
   </div>
   <div class='ocr_carea' id='block_1_111' title="bbox 2198 4876 3774 4973">
    <p class='ocr_par' dir='ltr' id='par_1_111' title="bbox 2198 4876 3774 4973">
     <span class='ocr_line' id='line_1_111' title="bbox 2198 4876 3774 4973; baseline 0.004 -30"><span class='ocrx_word' id='word_1_855' title='bbox 2198 4885 2303 4943; x_wconf 81' lang='lat' dir='ltr'><strong>hoc</strong></span> <span class='ocrx_word' id='word_1_856' title='bbox 2343 4886 2575 4944; x_wconf 88' lang='lat' dir='ltr'><strong>breviter</strong></span> <span class='ocrx_word' id='word_1_857' title='bbox 2604 4876 2962 4961; x_wconf 78' lang='lat' dir='ltr'><strong>explicantem</strong></span> <span class='ocrx_word' id='word_1_858' title='bbox 2986 4932 3003 4961; x_wconf 92' lang='lat'><strong>,</strong></span> <span class='ocrx_word' id='word_1_859' title='bbox 3050 4890 3138 4963; x_wconf 84' lang='lat' dir='ltr'><strong>qui</strong></span> <span class='ocrx_word' id='word_1_860' title='bbox 3181 4878 3341 4973; x_wconf 82' lang='lat' dir='ltr'><strong>unum</strong></span> <span class='ocrx_word' id='word_1_861' title='bbox 3369 4891 3502 4947; x_wconf 78' lang='lat' dir='ltr'><strong>dixit</strong></span> <span class='ocrx_word' id='word_1_862' title='bbox 3529 4876 3692 4950; x_wconf 78' lang='lat' dir='ltr'><strong>fuisse</strong></span> <span class='ocrx_word' id='word_1_863' title='bbox 3720 4876 3774 4950; x_wconf 78' lang='lat' dir='ltr'><strong>in</strong></span> 
     </span>
    </p>
   </div>
   <div class='ocr_carea' id='block_1_112' title="bbox 2198 4981 3777 5067">
    <p class='ocr_par' dir='ltr' id='par_1_112' title="bbox 2198 4981 3777 5067">
     <span class='ocr_line' id='line_1_112' title="bbox 2198 4981 3777 5067; baseline 0.004 -33"><span class='ocrx_word' id='word_1_864' title='bbox 2198 4993 2305 5051; x_wconf 92' lang='lat' dir='ltr'><strong>quo</strong></span> <span class='ocrx_word' id='word_1_865' title='bbox 2350 4993 2538 5062; x_wconf 81' lang='lat' dir='ltr'><strong>omnes</strong></span> <span class='ocrx_word' id='word_1_866' title='bbox 2585 4993 2955 5051; x_wconf 82' lang='lat' dir='ltr'><strong>peccaverunt.</strong></span> <span class='ocrx_word' id='word_1_867' title='bbox 3011 4982 3070 5039; x_wconf 84' lang='lat' dir='ltr'><strong>In</strong></span> <span class='ocrx_word' id='word_1_868' title='bbox 3113 4981 3206 5036; x_wconf 91' lang='lat' dir='ltr'><strong>illo</strong></span> <span class='ocrx_word' id='word_1_869' title='bbox 3254 4997 3361 5038; x_wconf 90' lang='lat' dir='ltr'><strong>uno</strong></span> <span class='ocrx_word' id='word_1_870' title='bbox 3408 4983 3605 5067; x_wconf 76' lang='lat' dir='ltr'><strong>mortui</strong></span> <span class='ocrx_word' id='word_1_871' title='bbox 3652 4994 3777 5067; x_wconf 79' lang='lat' dir='ltr'><strong>sunt</strong></span> 
     </span>
    </p>
   </div>
   <div class='ocr_carea' id='block_1_113' title="bbox 2198 5056 3777 5159">
    <p class='ocr_par' dir='ltr' id='par_1_113' title="bbox 2198 5056 3777 5159">
     <span class='ocr_line' id='line_1_113' title="bbox 2198 5056 3777 5159; baseline 0.004 -34"><span class='ocrx_word' id='word_1_872' title='bbox 2198 5085 2419 5140; x_wconf 91' lang='lat' dir='ltr'><strong>omnes,</strong></span> <span class='ocrx_word' id='word_1_873' title='bbox 2458 5056 2517 5129; x_wconf 78' lang='lat' dir='ltr'><strong>ut</strong></span> <span class='ocrx_word' id='word_1_874' title='bbox 2552 5060 2849 5159; x_wconf 82' lang='lat' dir='ltr'><strong>moreretur</strong></span> <span class='ocrx_word' id='word_1_875' title='bbox 2871 5074 3005 5128; x_wconf 91' lang='lat' dir='ltr'><strong>alius</strong></span> <span class='ocrx_word' id='word_1_876' title='bbox 3042 5088 3180 5128; x_wconf 90' lang='lat' dir='ltr'><strong>unus</strong></span> <span class='ocrx_word' id='word_1_877' title='bbox 3203 5088 3302 5144; x_wconf 91' lang='lat' dir='ltr'><strong>pro</strong></span> <span class='ocrx_word' id='word_1_878' title='bbox 3326 5060 3594 5159; x_wconf 81' lang='lat' dir='ltr'><strong>omnibus.</strong></span> <span class='ocrx_word' id='word_1_879' title='bbox 3632 5062 3777 5159; x_wconf 62' lang='lat' dir='ltr'><strong>Unas</strong></span> 
     </span>
    </p>
   </div>
   <div class='ocr_carea' id='block_1_114' title="bbox 2198 5148 3777 5253">
    <p class='ocr_par' dir='ltr' id='par_1_114' title="bbox 2198 5148 3777 5253">
     <span class='ocr_line' id='line_1_114' title="bbox 2198 5148 3777 5253; baseline 0.006 -37"><span class='ocrx_word' id='word_1_880' title='bbox 2198 5162 2341 5235; x_wconf 85' lang='lat' dir='ltr'><strong>enim</strong></span> <span class='ocrx_word' id='word_1_881' title='bbox 2378 5179 2470 5234; x_wconf 84' lang='lat' dir='ltr'><strong>pro</strong></span> <span class='ocrx_word' id='word_1_882' title='bbox 2516 5158 2765 5219; x_wconf 35' lang='lat' dir='ltr'><strong>onmibns’</strong></span> <span class='ocrx_word' id='word_1_883' title='bbox 2794 5148 3016 5218; x_wconf 63' lang='lat' dir='ltr'><strong>mortuus</strong></span> <span class='ocrx_word' id='word_1_884' title='bbox 3059 5173 3133 5219; x_wconf 72' lang='lat' dir='ltr'><strong>est</strong></span> <span class='ocrx_word' id='word_1_885' title='bbox 3165 5158 3328 5253; x_wconf 57' lang='lat' dir='ltr'><strong>terge</strong></span> <span class='ocrx_word' id='word_1_886' title='bbox 3367 5152 3540 5223; x_wconf 62' lang='lat' dir='ltr'><strong>omines</strong></span> <span class='ocrx_word' id='word_1_887' title='bbox 3589 5148 3777 5227; x_wconf 60' lang='lat' dir='ltr'><strong>mortui</strong></span> 
     </span>
    </p>
   </div>
   <div class='ocr_carea' id='block_1_115' title="bbox 2192 5240 3774 5345">
    <p class='ocr_par' dir='ltr' id='par_1_115' title="bbox 2192 5240 3774 5345">
     <span class='ocr_line' id='line_1_115' title="bbox 2192 5240 3774 5345; baseline 0.004 -31"><span class='ocrx_word' id='word_1_888' title='bbox 2192 5244 2314 5314; x_wconf 58' lang='lat' dir='ltr'><strong>sunt</strong></span> <span class='ocrx_word' id='word_1_889' title='bbox 2340 5254 2409 5329; x_wconf 90' lang='grc' dir='ltr'><strong>(ΙΙ</strong></span> <span class='ocrx_word' id='word_1_890' title='bbox 2425 5240 2626 5326; x_wconf 57' lang='lat' dir='ltr'><strong>eam,</strong></span> <span class='ocrx_word' id='word_1_891' title='bbox 2663 5254 2772 5332; x_wconf 68' lang='grc'><strong>16),</strong></span> <span class='ocrx_word' id='word_1_892' title='bbox 2800 5275 2895 5345; x_wconf 85' lang='lat' dir='ltr'><strong>pro</strong></span> <span class='ocrx_word' id='word_1_893' title='bbox 2917 5246 3109 5330; x_wconf 83' lang='lat' dir='ltr'><strong>quibus</strong></span> <span class='ocrx_word' id='word_1_894' title='bbox 3131 5240 3376 5318; x_wconf 76' lang='lat' dir='ltr'><strong>Christus</strong></span> <span class='ocrx_word' id='word_1_895' title='bbox 3404 5274 3651 5345; x_wconf 76' lang='lat' dir='ltr'><strong>mortuus</strong></span> <span class='ocrx_word' id='word_1_896' title='bbox 3671 5275 3774 5345; x_wconf 80' lang='lat' dir='ltr'><strong>est.</strong></span> 
     </span>
    </p>
   </div>
   <div class='ocr_carea' id='block_1_116' title="bbox 2196 5342 3773 5441">
    <p class='ocr_par' dir='ltr' id='par_1_116' title="bbox 2196 5342 3773 5441">
     <span class='ocr_line' id='line_1_116' title="bbox 2196 5342 3773 5441; baseline 0.006 -34"><span class='ocrx_word' id='word_1_897' title='bbox 2196 5348 2340 5435; x_wconf 80' lang='lat' dir='ltr'><strong>Nega</strong></span> <span class='ocrx_word' id='word_1_898' title='bbox 2380 5350 2538 5423; x_wconf 88' lang='lat' dir='ltr'><strong>igitur</strong></span> <span class='ocrx_word' id='word_1_899' title='bbox 2564 5342 2832 5441; x_wconf 80' lang='lat' dir='ltr'><strong>Christum</strong></span> <span class='ocrx_word' id='word_1_900' title='bbox 2870 5352 3029 5441; x_wconf 80' lang='lat' dir='ltr'><strong>etiam</strong></span> <span class='ocrx_word' id='word_1_901' title='bbox 3067 5368 3182 5441; x_wconf 20' lang='lat' dir='ltr'><strong>pro.</strong></span> <span class='ocrx_word' id='word_1_902' title='bbox 3207 5342 3735 5441; x_wconf 15' lang='lat' dir='ltr'><strong>parvulis‘morvttmm</strong></span> <span class='ocrx_word' id='word_1_903' title='bbox 3758 5398 3773 5425; x_wconf 87' lang='lat'><strong>,</strong></span> 
     </span>
    </p>
   </div>
   <div class='ocr_carea' id='block_1_117' title="bbox 2264 5558 3771 5703">
    <p class='ocr_par' dir='ltr' id='par_1_117' title="bbox 2264 5558 3771 5703">
     <span class='ocr_line' id='line_1_117' title="bbox 2264 5558 3771 5703; baseline -0.003 -31"><span class='ocrx_word' id='word_1_904' title='bbox 3257 5566 3379 5682; x_wconf 63' lang='lat' dir='ltr'><strong>quos</strong></span> <span class='ocrx_word' id='word_1_905' title='bbox 3398 5612 3602 5697; x_wconf 60' lang='grc' dir='ltr'><strong>ναι-ιιι</strong></span> <span class='ocrx_word' id='word_1_906' title='bbox 3629 5611 3771 5703; x_wconf 55' lang='grc' dir='ltr'><strong>σιτε-</strong></span> 
     </span>
    </p>
   </div>
   <div class='ocr_carea' id='block_1_118' title="bbox 2196 5680 3264 5807">
    <p class='ocr_par' dir='ltr' id='par_1_118' title="bbox 2196 5680 3264 5807">
     <span class='ocr_line' id='line_1_118' title="bbox 2196 5680 3264 5807; baseline 0 0"><span class='ocrx_word' id='word_1_907' title='bbox 2196 5680 2730 5807; x_wconf 55' lang='grc' dir='ltr'><em>Ἥᾜῗὲἒι</em></span> <span class='ocrx_word' id='word_1_908' title='bbox 2959 5748 3038 5789; x_wconf 75' lang='lat' dir='ltr'><strong>me</strong></span> 
     </span>
    </p>
   </div>
   <div class='ocr_carea' id='block_1_119' title="bbox 2261 5794 3771 5867">
    <p class='ocr_par' dir='ltr' id='par_1_119' title="bbox 2261 5794 3771 5867">
     <span class='ocr_line' id='line_1_119' title="bbox 2261 5794 3771 5867; baseline 0.013 -26"><span class='ocrx_word' id='word_1_909' title='bbox 2261 5800 2419 5867; x_wconf 46' lang='lat' dir='ltr'><strong>tam.</strong></span> <span class='ocrx_word' id='word_1_910' title='bbox 2443 5794 2593 5867; x_wconf 57' lang='lat' dir='ltr'><strong>sues</strong></span> <span class='ocrx_word' id='word_1_911' title='bbox 2624 5795 2810 5860; x_wconf 83' lang='lat' dir='ltr'><strong>aliquot</strong></span> <span class='ocrx_word' id='word_1_912' title='bbox 2826 5800 3276 5867; x_wconf 42' lang='lat' dir='ltr'><strong>pannum.</strong></span> <span class='ocrx_word' id='word_1_913' title='bbox 3300 5808 3430 5867; x_wconf 71' lang='grc' dir='ltr'><strong>ωι,</strong></span> <span class='ocrx_word' id='word_1_914' title='bbox 3453 5811 3548 5855; x_wconf 77' lang='lat' dir='ltr'><strong>non</strong></span> <span class='ocrx_word' id='word_1_915' title='bbox 3567 5794 3771 5861; x_wconf 59' lang='lat' dir='ltr'><strong>W2</strong></span> 
     </span>
    </p>
   </div>
   <div class='ocr_carea' id='block_1_120' title="bbox 2202 5859 3848 5927">
    <p class='ocr_par' dir='ltr' id='par_1_120' title="bbox 2202 5859 3848 5927">
     <span class='ocr_line' id='line_1_120' title="bbox 2202 5859 3848 5927; baseline 0.006 -13"><span class='ocrx_word' id='word_1_916' title='bbox 2202 5859 2991 5927; x_wconf 57' lang='lat' dir='ltr'><strong>struem-resme</strong></span> <span class='ocrx_word' id='word_1_917' title='bbox 3414 5859 3428 5867; x_wconf 85' lang='grc'><em>’</em></span> <span class='ocrx_word' id='word_1_918' title='bbox 3618 5886 3623 5893; x_wconf 62' lang='grc' dir='ltr'>ν</span> <span class='ocrx_word' id='word_1_919' title='bbox 3714 5859 3770 5891; x_wconf 76' lang='grc'><em>”</em></span> <span class='ocrx_word' id='word_1_920' title='bbox 3841 5892 3848 5903; x_wconf 72' lang='grc' dir='ltr'><strong><em>ο</em></strong></span> 
     </span>
    </p>
   </div>
  </div>
