4142 6512
394 428 500 517 ss?

393 522 698 613 ut'eximas
736 561 832 603 eos
858 543 926 602 de
955 550 1181 603 numero
1208 544 1540 595 mortuorum
1564 576 1579 603 ,
1620 534 1724 591 hoc
1761 542 1871 603 est,
1916 533 1985 588 de

394 644 641 715 contagio
671 647 1033 712 peccatorum.
1068 654 1088 689 ι
1114 634 1215 703 Qui
1237 632 1356 690 ﬁeri
1380 640 1575 704 potest,
1605 649 1623 683 ι
1657 627 1851 698 inquis,
1886 645 1906 680 ι
1928 633 1987 681 ut

396 753 485 796 res
523 733 728 791 arbitrii
769 727 1065 788 conditioni
1095 727 1354 782 seminum
1384 721 1708 780 misceatur?
1736 739 1756 773 ι
1789 718 1845 775 Si
1873 717 1986 772 ﬁeri

397 844 504 889 non
532 830 733 899 posset,
762 838 873 878 non
896 827 1041 877 esset
1066 818 1210 875 unde
1234 816 1483 888 parvulos
1510 813 1743 871 nondum
1775 808 1841 865 dc
1867 823 1988 864 cor-

326 966 327 969 η
396 934 527 993 pore
567 929 817 991 egressos
855 920 1098 968 mortuos
1126 910 1449 968 diceremus.
1477 906 1609 974 Quia
1656 904 1702 959 si
1741 900 1987 959 Christus

348 1016 355 1023 ’
398 1024 452 1072 et
480 1028 576 1086 pro
607 1012 737 1087 ipsis
763 1019 1006 1066 mortuus
1036 1013 1153 1072 est,
1200 1019 1329 1076 ergo
1371 1011 1426 1059 et
1463 1002 1561 1072 ipsi
1604 999 1797 1057 mortui
1822 1004 1983 1052 sunt:

325 1124 332 1156 1-
398 1107 641 1179 quoniam
670 1104 714 1161 si
739 1120 867 1159 unus
895 1118 987 1172 pro
1012 1097 1239 1154 omnibus
1278 1104 1505 1151 mortuus
1532 1101 1631 1162 est,
1673 1107 1791 1163 ergo
1819 1105 1988 1144 omnes

321 1194 335 1251 ’,
401 1198 590 1254 mortui
619 1206 753 1253 sunt.
775 1193 1042 1260 Audisne,
1088 1188 1333 1246 Juliane?
1373 1187 1487 1242 hmc
1520 1182 1762 1257 Apostoli
1789 1181 1947 1237 verba
1969 1222 1985 1249 ,

408 1308 518 1347 non
552 1305 667 1346 mea
698 1296 834 1344 sunt.
866 1284 1003 1356 Quid
1042 1300 1072 1339 a
1102 1299 1188 1338 me
1230 1279 1461 1357 quieris,
1514 1296 1533 1330 ι
1562 1292 1668 1349 quo
1696 1274 1764 1330 sit
1794 1273 1987 1329 factum

406 1382 589 1449 modo,
622 1399 640 1433 ›
672 1394 789 1435 cum
817 1376 998 1432 videas
1044 1372 1239 1429 factum
1282 1387 1400 1426 esse
1429 1382 1764 1441 quocumque
1794 1364 1987 1433 modo,

406 1475 450 1530 si
478 1471 729 1543 Apostolo
752 1467 937 1526 credas
962 1467 1142 1539 aliquo
1181 1464 1362 1531 modo,
1395 1462 1483 1534 qui
1512 1460 1578 1516 de
1602 1458 1815 1515 Christo
1845 1466 1897 1513 et
1923 1456 1995 1512 de

302 1585 307 1589 '
402 1562 487 1621 his
515 1542 610 1637 pro
647 1562 838 1635 quibus
865 1568 1106 1633 mortuus
1135 1567 1214 1614 est
1240 1556 1514 1619 Christus,
1562 1553 1772 1610 mentiri
1820 1542 1992 1625 potuit

402 1657 551 1716 nullo
574 1652 777 1712 modo?

473 1747 566 1804 25.
596 1746 783 1803 Potest
823 1752 999 1801 autem
1043 1743 1148 1801 dici
1187 1743 1326 1800 Deus
1354 1742 1422 1798 ab
1454 1741 1579 1807 alio,
1612 1740 1796 1812 quales
1826 1738 1989 1807 estis,

410 1838 698 1916 perverSo,
750 1838 844 1898 sed
885 1853 1068 1895 errore
1111 1837 1356 1903 diverso;
1407 1842 1582 1915 potest
1623 1848 1841 1905 prorsus
1887 1832 1993 1889 dici

405 1932 568 2003 Deus,
600 1933 743 2005 quod
774 1947 871 1989 nos
898 1933 1099 1989 sentire
1122 1930 1189 1987 de
1216 1930 1448 2003 parvulis
1473 1928 1625 1996 dicis,
1663 1946 1681 1981 ι
1705 1927 1772 1984 ad
1794 1927 1993 1984 inimici

406 2026 488 2083 sui
518 2025 725 2083 lucrum
753 2039 967 2095 semper
991 2022 1321 2089 industrius;
1350 2039 1367 2074 ι
1404 2020 1526 2092 quia
1548 2017 1642 2077 eos
1663 2034 1798 2090 quos
1823 2018 1991 2091 novit,

411 2134 521 2176 non
549 2117 615 2174 ad
662 2126 873 2188 tempus
918 2115 1018 2171 sub
1060 2114 1270 2172 diabolo
1314 2112 1560 2183 futuros,
1608 2109 1709 2169 sed
1751 2126 1873 2168 cum
1902 2109 1996 2167 illo

402 2225 620 2283 semper
645 2224 885 2276 arsuros,
918 2222 1027 2263 non
1061 2206 1259 2264 desinit
1286 2220 1490 2272 creare,
1521 2202 1748 2272 nutrire,
1774 2202 1991 2269 vestire,

405 2306 592 2380 eisque
639 2302 1064 2379 pertinacissima
1115 2300 1393 2377 iniquitate
1439 2299 1782 2372 peccantibus
1825 2298 1995 2356 vitam

405 2397 743 2471 salutemque
771 2393 1196 2453 subministrare.
1246 2392 1353 2451 Sed
1390 2390 1516 2448 iacit
1560 2392 1664 2447 hoc
1692 2392 1835 2448 Deus
1859 2405 1996 2463 quo-

405 2489 570 2548 modo
608 2490 784 2549 sciens
827 2486 968 2545 bene
996 2487 1072 2543 uti
1100 2496 1155 2543 et
1184 2486 1340 2544 bonis
1367 2495 1420 2542 et
1446 2484 1634 2553 malis;
1680 2484 1834 2555 cujus
1876 2499 1993 2542 ma-

365 2622 370 2627 .
410 2570 621 2657 jestatis
639 2578 843 2646 usibus,
873 2595 979 2635 non
1010 2577 1184 2634 solum
1224 2592 1318 2634 eos
1346 2590 1484 2649 quos
1512 2576 1707 2648 premit
1730 2585 1824 2633 aut
1849 2575 1995 2635 deci-

324 2694 325 2697 η
410 2662 513 2744 pit,
536 2671 633 2729 sed
661 2686 760 2728 nec
782 2685 839 2729 se
859 2671 1029 2745 ipsum
1055 2668 1403 2744 malignitatis
1430 2669 1588 2739 ullius
1610 2677 1726 2729 arte
1754 2668 1998 2726 diabolus

318 2748 323 2757 ’
410 2763 703 2833 subtrahit.
727 2766 806 2821 Ac
837 2780 930 2835 per
950 2763 1054 2823 hoc
1076 2779 1183 2820 non
1210 2765 1482 2835 pertinent
1500 2764 1570 2820 ad
1593 2763 1882 2830 diabolum,
1904 2766 1997 2836 qui

409 2842 673 2912 eruuntur
696 2854 766 2912 de
794 2854 987 2913 diaboli
1016 2864 1280 2927 potestate
1304 2873 1317 2911 :
1341 2855 1432 2927 qui
1468 2870 1597 2912 vero
1626 2854 1697 2915 ad
1720 2870 1842 2913 cum
1871 2870 1997 2926 per-

326 2978 329 2989 ι
409 2948 603 3027 tinent,
633 2948 689 3005 in
715 2949 828 3015 Dei,
858 2948 997 3025 sicut
1023 2949 1158 3020 ipse,
1185 2957 1311 3007 sunt
1338 2957 1621 3022 potestate.

320 3028 333 3091 '.
450 3032 453 3035 ⁷
480 3040 572 3097 26.
596 3040 764 3113 Quam
786 3054 981 3115 vanum
1003 3050 1085 3097 est
1110 3041 1290 3113 igitur,
1318 3040 1461 3111 quod
1484 3041 1695 3109 acutule
1723 3050 1775 3097 te
1799 3039 1999 3099 dixisse

407 3130 721 3200 arbitraris,
761 3132 914 3203 quasi
959 3146 1301 3201 asseramus,
1350 3150 1370 3186 ι
1392 3130 1496 3188 hoc
1541 3132 1680 3193 inter
1720 3147 1782 3189 se
1824 3130 1999 3195 fmdus

408 3224 595 3305 iniisse
620 3222 896 3281 diabolum
922 3233 979 3281 et
1008 3224 1175 3281 Deum
1199 3265 1216 3291 ,
1263 3232 1322 3280 ut
1348 3223 1608 3296 quidquid
1634 3222 1995 3295 perfunditur,

409 3315 592 3386 Deus;
640 3316 895 3393 quidquid
926 3317 1162 3377 nascitur
1181 3359 1199 3387 ,
1239 3316 1481 3383 diabolus
1510 3316 1612 3377 sibi
1644 3316 1911 3377 vindicet:
1936 3330 2001 3374 ea

411 3396 601 3491 tamen
630 3411 769 3488 lege,
795 3431 815 3467 ι
858 3413 996 3469 sicut
1018 3411 1174 3481 dicis,
1219 3430 1241 3466 ι
1271 3421 1329 3468 nt
1353 3412 1525 3483 ipsam
1565 3412 2000 3483 commixtionem

415 3496 580 3581 quam
605 3504 847 3579 diabolus
874 3505 1138 3574 instituit,
1164 3505 1310 3564 Deus
1336 3504 1566 3563 obnoxia
1587 3504 1790 3561 virtute
1818 3504 2003 3562 fecun-

416 3596 555 3675 ςιθεῖ
585 3616 619 3673 »1
636 3596 863 3669 Prorsus
888 3613 987 3659 nec
1011 3598 1245 3661 instituit
1270 3598 1515 3661 diabolus
1542 3599 1999 3669 commixtionem,

417 3690 676 3769 quoniam
701 3700 843 3748 esset
867 3701 921 3748 et
946 3692 991 3749 si
1016 3706 1181 3753 nemo
1200 3701 1506 3763 peccasset;
1537 3691 1635 3748 sed
1661 3692 1734 3747 ita
1759 3699 1922 3759 esset,
1944 3699 2006 3748 ut

415 3788 511 3863 Qua
556 3781 632 3840 ibi
672 3792 920 3856 suscepta
956 3783 1043 3845 vel
1086 3783 1232 3840 nulla
1275 3791 1441 3854 esset,
1488 3783 1573 3839 vel
1616 3783 1851 3854 inquieta
1893 3797 2002 3839 non

413 3886 562 3951 esset
584 3894 599 3934 :
621 3893 727 3952 nec
747 3876 978 3935 obnoxia
1014 3878 1247 3946 virtute,
1277 3877 1373 3935 sed
1403 3877 1571 3934 libera
1599 3885 1657 3934 et
1691 3877 2003 3950 potentissi-

416 3982 504 4046 ma
548 3969 691 4028 Deus
735 3970 988 4027 fecundat
1031 3979 1212 4031 uterus
1257 3968 1574 4027 feminarum
1598 4010 1615 4037 ,
1668 3968 1830 4025 etiam
1877 3983 2004 4025 vasa

416 4061 676 4137 diabolica
702 4063 993 4135 parituros.
1025 4062 1174 4120 Sicut
1199 4061 1341 4120 enim
1375 4061 1683 4118 hominibus
1707 4061 1861 4118 malis
1884 4101 1900 4129 ,
1932 4062 2005 4116 ita

419 4166 476 4239 et
500 4155 794 4223 seminibus
812 4172 880 4217 ex
904 4156 1108 4228 origine
1133 4155 1353 4220 vitiatis,
1375 4155 1434 4213 in
1454 4155 1646 4227 quibus
1671 4154 1811 4211 bona
1836 4162 1921 4211 est
1938 4154 2006 4211 ab

420 4244 511 4321 illo
538 4261 721 4306 creata
747 4249 1065 4314 substantia,
1096 4249 1511 4316 incrementum,
1539 4248 1787 4316 formam,
1821 4248 2003 4315 vitam,

423 4342 758 4421 salutemque
779 4343 1003 4412 largitur
1028 4342 1253 4415 gratuita
1292 4341 1548 4407 bonitate,
1580 4341 1723 4399 nulla
1768 4340 2007 4397 necessio

425 4439 560 4505 late,
589 4432 934 4507 insuperabili
964 4442 1242 4504 potestate,
1271 4430 1741 4504 irreprehensibili.
1762 4431 2005 4488 veritate.

425 4522 562 4593 Cum
591 4539 721 4596 ergo
763 4532 1044 4596 utrumque
1087 4527 1143 4582 in
1182 4533 1446 4597 potestate
1492 4524 1563 4581 sit
1609 4524 1725 4589 Dei,
1773 4532 1830 4579 et
1866 4522 2009 4595 quod

424 4613 764 4686 perfunditur
798 4614 1022 4682 scilicet,
1068 4624 1122 4672 et
1165 4615 1309 4688 quod
1349 4616 1609 4683 nascitur,
1654 4630 1685 4670 a
1727 4615 1880 4686 cujus
1911 4630 2012 4686 po-

422 4712 618 4791 testate
648 4706 858 4767 alienus
902 4721 1001 4766 nec
1042 4708 1155 4778 ipse
1198 4708 1445 4765 diabolus
1487 4709 1777 4778 invenitur,
1822 4717 1877 4764 tu
1904 4708 2011 4765 duo

421 4796 523 4875 ista
548 4799 823 4872 quomodo
861 4800 1128 4871 posuisti?
1172 4799 1364 4858 Utrum
1403 4801 1593 4866 melius
1637 4816 1758 4858 esse
1798 4800 2012 4858 voluisti

421 4889 574 4957 nasci
599 4906 760 4962 quam
810 4890 1095 4965 perfundi?
1121 4891 1208 4949 An
1233 4893 1425 4948 melius
1444 4906 1564 4948 esse
1589 4891 1855 4962 perfundi,
1884 4893 2007 4964 quia

424 4982 498 5063 ibi
526 4992 610 5043 est
633 4994 694 5046 et
720 4986 906 5042 nasci?
930 4985 1049 5043 Non
1067 4987 1213 5043 enim
1250 4987 1491 5058 perfundi
1517 4989 1713 5060 poterit
1739 4989 1830 5059 qui
1854 4997 2013 5045 natus

428 5092 537 5141 non
564 5078 740 5139 fuerit.
770 5081 853 5138 An
891 5088 1179 5152 utrumque
1222 5096 1375 5151 aqua
1418 5082 1571 5137 lance
1609 5082 1932 5153 perpendis?
1958 5082 2014 5140 SI

430 5167 580 5229 nasci
603 5176 757 5238 putas
779 5186 901 5228 esse
925 5171 1141 5241 melius,
1173 5173 1564 5244 regenerationi
1593 5174 1855 5245 spirituali
1884 5174 2015 5232 facis

429 5259 697 5332 mium,
723 5262 807 5320 cui
831 5266 1235 5336 generationem
1255 5266 1524 5323 carnalem
1553 5268 1812 5339 sacrilego
1831 5283 2015 5325 errore

428 5353 722 5424 monis.
746 5352 863 5412 Mn
889 5358 1031 5413 enim
1063 5356 1259 5413 frustra
1289 5357 1531 5415 crederis
1554 5359 1786 5416 noluisse
1812 5359 2012 5430 dicere,

427 5443 589 5513 Quod
615 5446 946 5515 renascitur;
990 5448 1111 5515 sed,
1140 5467 1159 5503 ι
1189 5448 1331 5521 quod
1352 5449 1717 5521 perfunditur:
1746 5470 1764 5505 ι
1792 5462 1851 5507 ιιι
1879 5467 2014 5524 quo~

426 5535 572 5592 niam
600 5535 875 5593 diabolutn
914 5549 967 5596 et
995 5541 1163 5598 Deum
1187 5542 1342 5613 quasi
1366 5554 1545 5614 partes
1583 5544 1724 5599 inter
1744 5558 1803 5600 se
1828 5543 2017 5602 fecisse

426 5643 524 5711 per
550 5639 797 5713 nostrum
827 5645 1044 5701 sensum
1073 5634 1447 5695 demonstrare
1473 5636 1726 5706 cupiebas
1750 5678 1764 5704 ,
1810 5646 2017 5711 partem

425 5720 521 5780 Dei
564 5721 776 5805 faceres
812 5722 963 5782 verbi
992 5726 1196 5784 vilitate
1221 5727 1484 5785 viliorem.
1516 5727 1738 5787 Potuisti
1767 5729 1911 5787 enim
1938 5729 2021 5786 di-'

424 5826 569 5884 cere,
596 5817 753 5885 Quod
782 5818 1117 5885 renascitur;
1167 5818 1407 5890 potuisti,
1448 5812 1606 5888 Quod
1633 5831 2014 5893 regeneratur;

422 5908 646 6005 Ψωίδιί
690 5919 989 5985 Ροειῐθωο,
1036 5911 1191 5983 Quod
1229 5913 1529 6005 baptigatur
1555 5930 1569 5973 i
1599 5911 1700 6001 hoc
1725 5914 1868 5975 enim
1893 5931 2017 5976 ver-

1782 418 1985 497 LIBER
2021 412 2331 477 SEXTUS.

3568 416 3673 489 838

2091 529 2215 585 bum
2258 543 2323 583 ex
2369 540 2544 598 graeco
2588 527 2751 585 latina
2778 530 3109 612 consuetudo
3134 532 3212 590 sic
3240 532 3439 605 habet,
3483 545 3542 596 ut
3566 512 3678 612 non

2092 621 2261 686 soleat
2278 619 2403 675 alibi
2424 620 2526 676 nisi
2548 621 2602 677 in
2622 606 2968 681 Sacramento
2990 628 3411 708 regenerationis
3429 606 3673 706 intelligi.

2090 711 2237 768 Nihil
2266 711 2455 767 herum
2486 713 2668 770 dicere
2690 716 2925 785 voluisti,
2968 706 3293 793 'sedrelegisti
3323 723 3545 782 verbum
3570 741 3677 799 quo

2094 806 2246 862 fleret
2272 806 2675 877 contemptibile
2703 810 2843 881 quod
2870 811 3104 869 dicebas.
3131 813 3300 872 Nemo
3326 819 3467 873 enim
3497 810 3679 892 legen-

2092 898 2223 952 tium
2260 897 2517 970 praeferre
2558 908 2737 968 posset
2767 907 2947 957 natum
2978 912 3185 972 renato,
3233 906 3318 961 vel
3344 921 3677 980 regenerato,

2092 988 2178 1044 vel
2203 989 2501 1059 haptizato;
2535 992 2629 1045 sed
2658 989 2813 1047 facile
2838 995 3030 1062 putasti
3058 1005 3239 1052 natum
3264 992 3501 1068 praeferri
3523 1018 3683 1074 posse

2093 1081 2327 1151 perfuso.
2379 1081 2438 1138 Si
2481 1091 2659 1139 autem
2704 1095 2957 1155 quantum
3003 1087 3164 1144 distat
3210 1091 3407 1147 coelum
3435 1110 3467 1151 a
3497 1104 3678 1166 terra,

2091 1181 2241 1229 tanto
2270 1174 2461 1230 melius
2490 1183 2573 1231 est
2603 1174 2850 1247 perfundi
2893 1187 2949 1233 ut
2978 1188 3219 1250 portetur
3248 1181 3478 1242 hominis
3507 1186 3682 1261 imago

2095 1265 2350 1332 caelestis,
2394 1281 2557 1337 quam
2586 1268 2731 1322 nasci
2761 1278 2818 1324 ut
2846 1280 3086 1340 portetur
3114 1270 3346 1330 hominis
3378 1274 3549 1348 imago
3579 1288 3684 1334 ter-

2092 1356 2208 1412 reni
2239 1354 2298 1428 (l
2327 1355 2447 1413 Cor.
2482 1374 2569 1426 xv,
2601 1359 2731 1430 49);
2780 1361 2995 1416 evanuit
3032 1361 3142 1434 jam
3179 1373 3265 1419 tua
3295 1365 3395 1420 ista
3426 1365 3684 1424 invidiosa

2093 1448 2329 1518 partitio.
2360 1447 2544 1520 Neque
2584 1450 2725 1531 enim
2767 1451 3071 1508 mirandum
3102 1464 3185 1511 est
3208 1498 3222 1523 ,
3252 1456 3297 1511 si
3323 1457 3560 1514 caelestis
3583 1457 3684 1515 lto-

2094 1537 2255 1594 miuis
2301 1538 2608 1611 imaginem,
2656 1558 2774 1612 quae
2826 1559 2977 1599 sacra
3025 1543 3330 1616 perfusione
3378 1549 3683 1621 suscipitur,

2096 1630 2197 1685 sibi
2224 1630 2454 1686 vindicat
2498 1631 2676 1700 Deus;
2723 1634 3175 1706 imaginem‘vero
3217 1642 3413 1697 terreni
3454 1640 3686 1700 hominis

2096 1730 2311 1779 terrena
2338 1722 2457 1780 labe
2484 1725 2789 1781 sordentem
2815 1728 2942 1784 sinit
2969 1745 3089 1787 esse
3114 1732 3214 1787 sub
3240 1724 3452 1792 diabolo
3477 1752 3490 1791 :
3515 1735 3687 1794 donec

2098 1814 2165 1871 ad
2193 1816 2591 1886 suscipiendam
2614 1819 2849 1877 ccelcstis
2872 1820 3107 1880 hominis
3130 1820 3418 1896 imaginem
3441 1843 3688 1887 renasca-

2098 1915 2187 1963 tur
2210 1908 2265 1962 in
2292 1907 2528 1964 Christo.

2166 1997 2257 2053 27.
2297 1998 2464 2056 Porro
2496 2001 2542 2057 si
2579 2002 2820 2073 perfundi
2847 2012 2901 2059 et
2938 2006 3083 2061 nasci
3121 2008 3314 2079 tequali
3350 2008 3447 2066 abs
3477 2018 3529 2068 te
3553 2026 3687 2084 pcn-

2097 2098 2283 2147 santur
2307 2094 2580 2161 examine,
2611 2103 2669 2152 ut
2712 2094 2833 2152 ideo
2868 2098 3074 2169 parvuli
3102 2086 3338 2159 nondum
3378 2105 3550 2173 renati
3578 2110 3703 2164 non

2097 2182 2384 2238 credantur
2409 2200 2529 2242 esse
2555 2186 2655 2242 sub
2681 2185 2894 2245 diabolo
2911 2231 2928 2259 ,
2958 2206 3025 2247 ne
3047 2202 3228 2263 partes
3271 2196 3506 2267 aequales
3548 2179 3691 2255 inter

2098 2290 2160 2333 se
2205 2277 2345 2334 Deus
2383 2287 2439 2334 et
2475 2279 2718 2338 diabolus
2758 2283 2932 2340 facere
2970 2284 3280 2358 videantur,
3324 2289 3369 2344 si
3408 2289 3550 2347 Deus
3586 2292 3691 2349 sibi

2098 2366 2364 2438 perfusos,
2406 2369 2650 2428 diabolus
2691 2382 2869 2430 autem
2918 2375 3150 2435 vindicat
3198 2388 3395 2436 natos:
3450 2382 3692 2452 profecto

2098 2461 2223 2532 quia
2273 2462 2568 2519 secundum
2624 2465 2784 2521 istum
2841 2483 3057 2525 sensum
3112 2479 3318 2528 tantum
3369 2473 3510 2531 valet
3562 2490 3689 2546 per-

2100 2553 2250 2611 fundi
2291 2565 2548 2628 quantum
2589 2557 2731 2615 valet
2775 2562 2956 2630 nasci,
3000 2564 3325 2635 superﬂuum
3358 2568 3692 2641 persuadetis

2099 2659 2220 2701 esse
2247 2647 2526 2717 perfundi;
2559 2650 2834 2727 quoniam,
2864 2651 3007 2723 quod
3037 2655 3365 2713 tantumdem
3391 2658 3551 2727 valet,
3583 2660 3696 2717 suf-

2102 2734 2212 2791 ficit
2252 2736 2417 2792 nasci.
2448 2739 2514 2794 Et
2558 2749 2737 2796 tamen
2777 2742 2984 2814 agimus
3018 2744 3237 2815 gratias,
3279 2747 3404 2818 quia
3444 2763 3551 2804 non
3588 2749 3694 2808 hoc

2097 2827 2320 2907 putatis.
2351 2827 2468 2884 Non
2495 2826 2637 2885 enim
2665 2830 2734 2887 ad
2763 2848 2985 2904 regnum
3010 2834 3106 2893 Dei
3136 2847 3309 2907 natos,
3342 2839 3445 2894 nisi
3471 2841 3690 2912 perfun-

2101 2917 2297 2976 dantur
2321 2962 2335 2989 ,
2377 2922 2654 2980 admittitis
2683 2943 2695 2979 :
2744 2935 2904 2998 atque
2928 2926 3002 2982 ita
3030 2927 3279 3000 perfundi
3300 2932 3469 2990 multo
3497 2935 3693 2999 melius

2098 3011 2348 3084 iudicatis
2376 3029 2497 3071 esse
2523 3031 2680 3087 quam
2708 3018 2871 3074 nasci.
2902 3016 3021 3074 iam
3047 3020 3228 3093 itaque
3260 3022 3408 3080 vobis
3433 3023 3539 3096 ipsi
3560 3025 3691 3083 red-

2103 3104 2211 3160 dite
2239 3107 2527 3175 rationem,
2556 3124 2626 3165 ne
2650 3111 2848 3181 putetis
2868 3112 3164 3184 indignum,
3189 3116 3355 3188 utqui
3374 3131 3482 3173 non
3500 3117 3696 3176 admit-

2102 3203 2288 3253 tuntur
2333 3199 2387 3254 in
2444 3215 2667 3272 regnum
2712 3201 2841 3269 Dei,
2871 3203 2978 3260 sint
3006 3204 3104 3261 sub
3149 3206 3239 3263 illo
3275 3209 3368 3279 qui
3405 3208 3600 3266 cecidit
3625 3210 3695 3267 de

2102 3303 2270 3360 regno
2295 3289 2421 3359 Dei;
2449 3300 2503 3348 et
2530 3292 2621 3364 qui
2649 3308 2755 3350 non
2782 3293 2981 3352 habent
3008 3297 3202 3367 vitam,
3230 3299 3338 3377 sint
3360 3300 3461 3359 sub
3488 3301 3582 3360 illo
3605 3303 3698 3376 qui

2103 3381 2336 3455 perdidit
2387 3384 2570 3443 vitam.
2614 3384 2733 3442 Non
2774 3394 2952 3447 autem
2993 3389 3190 3447 habere
3229 3392 3481 3464 parvulos
3506 3394 3693 3465 vitam,

2103 3473 2208 3530 nisi
2251 3474 2480 3532 habeant
2514 3475 2783 3535 Christum
2838 3478 3036 3553 (quem
3072 3483 3257 3554 procul
3296 3484 3458 3543 dubio
3498 3486 3698 3544 habere

2103 3581 2213 3623 non
2238 3578 2494 3640 possunt,
2525 3571 2627 3625 nisi
2653 3571 2926 3629 induerint
2951 3589 3073 3630 eum
3099 3617 3115 3644 ,
3146 3590 3212 3633 eo
3240 3578 3403 3647 modo
3431 3595 3536 3652 quo
3563 3582 3697 3643 seri-

2104 3666 2255 3730 ptum
2285 3667 2386 3727 est,
2420 3659 2671 3732 Quotquot
2682 3662 2747 3728 in
2775 3661 2973 3721 Chn’sto
2999 3665 3241 3739 baptismi
3264 3669 3413 3736 satis,
3442 3669 3697 3728 Christum

2105 3747 2341 3804 induistis
2366 3742 2561 3822 [Galat.
2594 3767 2681 3822 nt,
2708 3750 2826 3827 27])
2847 3772 2861 3808 :
2881 3770 2988 3810 non
3014 3770 3141 3828 ergo
3165 3771 3261 3814 eos
3285 3757 3484 3816 habere
3510 3761 3694 3834 vitam,

2107 3841 2209 3896 nisi
2239 3841 2462 3898 habeant
2493 3842 2787 3913 Christum,
2819 3845 3052 3905 Joannes
3081 3851 3408 3925 evangelista
3435 3861 3694 3926 testatur,

2107 3933 2293 4015 dicens
2332 3933 2383 3990 in
2421 3935 2655 4007 Epistola
2681 3953 2807 4007 sua,
2842 3939 2944 4009 Qui
2977 3941 3123 3997 habet
3160 3940 3579 4012 Filium,-Itabet
3602 3950 3698 4009 Vvi-

2110 4038 2254 4096 tam;
2288 4029 2375 4101 qui
2403 4047 2503 4085 non
2530 4030 2676 4086 habet
2711 4030 2934 4099 Filium,
2963 4033 3118 4092 vitam
3145 4052 3247 4093 non
3285 4037 3432 4099 habet
3475 4039 3514 4113 (ι
3537 4040 3696 4098 Joan.

2110 4137 2147 4178 v
2171 4164 2185 4192 ,
2216 4121 2328 4196 12).
2362 4123 2548 4180 Merito
2579 4140 2707 4198 ergo
2734 4126 3100 4199 intelliguntur
3124 4131 3322 4188 mortui
3350 4132 3443 4203 qui
3472 4147 3579 4189 non
3606 4133 3701 4192 ha-

2110 4214 2239 4271 bent
2276 4215 2437 4271 vitam
2458 4258 2474 4285 ,
2506 4231 2604 4288 pro
2640 4217 2833 4297 quibus
2858 4216 2940 4274 est
2962 4217 3206 4279 Christus
3232 4231 3476 4281 mortuus
3514 4233 3573 4283 ut
3600 4224 3700 4282 ba-

2110 4302 2292 4365 beant.
2321 4308 2466 4366 Unus
2490 4310 2634 4367 enim
2657 4329 2748 4383 pro
2772 4314 3003 4370 omnibus
3022 4324 3248 4371 mortuus
3267 4326 3361 4386 est,
3387 4333 3509 4391 ergo
3529 4336 3701 4377 omnes

2112 4403 2299 4457 mortui
2324 4411 2459 4458 sunt.
2486 4402 2611 4462 ideo
2639 4412 2817 4462 autem
2854 4416 3099 4465 mortuus
3126 4419 3228 4479 est,
3257 4410 3396 4471 sicut
3420 4411 3612 4487 legitur
3632 4413 3702 4470 ad

2113 4491 2369 4574 Hebraeos
2391 4535 2407 4561 ,
2438 4504 2490 4550 ut
2521 4512 2609 4566 per
2629 4505 2839 4553 mortem
2864 4508 3126 4565 evacuate:
3154 4514 3269 4557 eum
3294 4502 3381 4573 qui
3406 4512 3701 4574 potestatem

2121 4572 2332 4641 habebat
2360 4586 2566 4655 mortis,
2598 4588 2652 4642 id
2675 4598 2778 4655 est,
2811 4589 3066 4646 diabolum
3104 4589 3288 4664 (Hebr.
3310 4572 3389 4661 in,
3407 4572 3533 4665 ﬁ“).
3562 4595 3703 4662 Quid

2115 4692 2245 4761 ergo
2269 4678 2464 4749 mirum
2483 4721 2499 4747 ,
2526 4680 2574 4741 si
2598 4681 2837 4753 parvuli,
2868 4682 3121 4755 quamdiu
3147 4685 3342 4743 mortui
3365 4695 3490 4743 sunt
3508 4696 3704 4755 ,“ante

2115 4788 2278 4855 quam
2301 4770 2559 4848 incipiant
2580 4790 2703 4847 eum
2727 4775 2930 4845 habere
2956 4778 3047 4848 qui
3071 4788 3314 4839 mortuus
3333 4789 3421 4837 est
3439 4794 3542 4852 pro
3562 4796 3706 4839 mor-

2116 4868 2245 4937 tuis,
2278 4868 2376 4925 sub
2405 4884 2470 4924 eo
2498 4878 2624 4926 sunt
2650 4870 2742 4941 qui
2770 4879 3092 4942 potestatem
3116 4871 3277 4929 habet
3300 4874 3527 4931 mortis?

2189 4960 2414 5033 CAPUT
2452 4961 2521 5019 Χ.
2547 4991 2616 5004 --
2636 4962 2729 5029 28.
2768 4964 3062 5021 Ennmeras
3089 4981 3210 5038 quae
3240 4966 3373 5023 ﬁdes
3400 4982 3526 5024 vere
3550 4970 3567 5002 ¹
3598 4984 3704 5026 non

2116 5052 2323 5130 dubitet
2351 5052 2677 5123 christiana;
2716 5055 2768 5111 in
2807 5055 3000 5126 quibus
3028 5073 3091 5114 ea
3119 5073 3543 5128 commemoras,
3584 5077 3705 5134 qua:

2116 5160 2255 5218 pene
2278 5146 2455 5202 omnia
2496 5147 2848 5218 praedicamus
2889 5158 2951 5205 et
2971 5165 3104 5219 nos,
3134 5160 3192 5209 et
3225 5150 3296 5210 de
3332 5152 3523 5224 quibus
3556 5153 3706 5224 nullo

2118 5237 2281 5299 modo
2317 5237 2667 5309 dubitandum
2705 5257 2826 5298 esse
2869 5257 3186 5311 censemus;
3236 5259 3405 5317 usque
3455 5245 3591 5303 adeo
3638 5254 3705 5308 ,ιιι

2121 5329 2284 5399 etiam
2330 5328 2458 5385 illud
2488 5330 2630 5401 quod
2671 5329 2827 5400 dicis,
2878 5351 2901 5387 ι
2931 5332 3061 5391 Sine
3105 5349 3269 5404 cpere
3308 5334 3462 5390 liberi
3497 5332 3704 5389 arbitrii

2121 5422 2329 5493 nullum
2356 5421 2585 5480 hominis
2614 5437 2737 5483 esse
2762 5438 2921 5495 posse
2961 5433 3271 5496 peceatum,
3319 5442 3345 5477 ι
3374 5439 3554 5483 verum
3584 5438 3705 5480 esse

2121 5512 2406 5572 fateamur.
2429 5513 2546 5571 Non
2572 5515 2715 5573 enim
2736 5524 2789 5573 et
2815 5515 2918 5575 hoc
2943 5526 3091 5575 esset
3107 5524 3403 5587 peceatum,
3429 5515 3571 5586 quod
3600 5516 3701 5571 eri-

2122 5606 2299 5682 giuale
2323 5606 2622 5664 traheretur
2644 5650 2659 5675 ,
2691 5609 2808 5667 sine
2835 5623 3003 5680 opere
3026 5608 3181 5666 liberi
3214 5607 3439 5677 arbitrii,
3463 5623 3568 5678 quo
3597 5608 3702 5679 prio

2121 5714 2247 5756 mus
2271 5700 2433 5757 homo
2468 5701 2741 5770 peccavit,
2771 5716 2867 5772 per
2893 5716 3051 5770 quem
3095 5710 3369 5772 peccatum
3409 5700 3633 5756 intrarit
3652 5701 3708 5756 in

2120 5790 2413 5857 mundum,
2464 5791 2595 5846 etin
2633 5808 2822 5849 omnes
2876 5792 3119 5851 homines
3163 5793 3466 5866 pertransiit
3508 5792 3705 5871 (Rom.

2193 5928 2212 5964 ⁸
2245 5926 2471 5991 Plerique
2493 5936 2761 6005 MSS..qu

3172 6002 3191 6012 ν
3200 5990 3259 6016 ψ’,
3302 5982 3315 5990 ⁷
3709 5996 3738 6008 ρ
