4142 6520
518 609 584 662 v,
613 593 726 664 12).
753 589 904 658 Quod
931 595 1109 643 autem
1133 583 1288 654 dicis,
1322 603 1344 638 ί
1374 585 1576 641 Alienis
1605 586 1836 656 peccatis
1865 585 2090 642 alterum

518 683 801 740 obnoxium
827 697 933 736 non
955 679 1156 746 teneri;
1188 699 1208 732 ι
1239 679 1462 736 interest
1482 669 1907 750 quatenus'recte
1929 680 2096 750 possit

517 771 756 841 intelligi.
773 770 954 840 Neque
977 784 1116 825 nunc
1136 785 1256 841 ago,
1282 769 1422 840 quod
1445 772 1682 840 peccavit
1707 770 1891 836 David,
1918 779 1973 825 et
1997 785 2094 840 pro

519 870 736 933 peccato
747 860 863 932 ejus
881 871 956 916 tot
971 860 1242 917 hominum
1259 861 1420 916 millia
1438 863 1742 918 ceciderunt
1755 862 1820 932 (ll
1839 863 2090 933 Regﬂi);

517 963 569 1011 ct
594 954 732 1026 quod
759 954 827 1010 de
854 954 1189 1010 anathemate
1217 963 1398 1010 contra
1427 955 1763 1010 interdictum
1791 956 1912 1024 quia
1939 971 2094 1010 usur-

513 1048 658 1119 pavit
687 1063 820 1102 unus
843 1088 858 1114 ,
888 1047 937 1101 in
962 1062 1054 1103 eos
1080 1047 1169 1118 qui
1208 1046 1310 1102 hoc
1335 1061 1442 1102 non
1487 1047 1744 1114 fecerant,
1773 1063 1872 1102 nec
1896 1046 2093 1101 factum

515 1139 680 1194 fuisse
711 1148 1004 1208 noverant,
1043 1140 1273 1196 vindicta
1309 1142 1567 1211 processit
1609 1139 1785 1212 (Iosue
1815 1141 1951 1212 vn):
1993 1141 2094 1196 alia

515 1230 799 1300 disputatio
825 1239 942 1298 est,
973 1246 1145 1302 neque
1171 1246 1310 1286 nunc
1341 1241 1521 1288 tenere
1548 1247 1644 1286 nos
1671 1231 1864 1299 debet,
1903 1231 1970 1286 de
1995 1231 2096 1287 hoc

513 1335 708 1392 genere
739 1331 1073 1390 peccatorum
1111 1322 1224 1377 sive
1261 1337 1560 1392 poenarum.
1590 1322 1876 1378 Parentum
1915 1331 2094 1378 autem

519 1421 731 1481 peccata
752 1412 911 1468 modo
931 1413 1157 1483 quodam
1178 1413 1424 1476 dicuntur
1444 1412 1638 1478 aliena,
1661 1421 1712 1468 et
1731 1429 1915 1469 rursus
1937 1413 2094 1469 modo

517 1504 743 1574 quodam
786 1505 1120 1574 reperiuntur
1161 1512 1216 1561 et
1250 1514 1469 1560 nostra:
1520 1505 1691 1562 aliena
1731 1507 1926 1578 quippe
1967 1521 2092 1578 pro-

517 1595 740 1665 prietate
777 1601 901 1650 sunt
927 1593 1182 1661 actionis,
1211 1603 1389 1650 nostra
1416 1605 1538 1650 sunt
1577 1604 1753 1651 autem
1781 1597 2094 1668 contagione

517 1686 838 1756 prepaginis.
884 1685 1034 1755 Quod
1069 1686 1114 1741 si
1142 1685 1327 1740 falsum
1367 1693 1536 1754 esset,
1566 1686 1799 1756 profecto
1823 1703 1983 1758 grave
2005 1687 2095 1758 ju-

517 1791 642 1848 gum
670 1787 827 1848 snper
853 1778 987 1833 ﬁlios
1008 1778 1176 1832 Adam
1195 1793 1269 1856 ,_a
1297 1778 1382 1833 die
1407 1778 1576 1834 exitus
1600 1777 1667 1835 de
1690 1789 1874 1848 ventre
1912 1781 2094 1836 matris

516 1881 700 1923 eorum
729 1867 908 1937 (Eccli.
937 1885 1006 1923 χι,
1025 1910 1040 1934 ,
1071 1869 1147 1940 l),
1177 1869 1320 1924 nullo
1347 1870 1507 1926 modo
1535 1870 1736 1941 justum
1765 1881 1926 1928 esset.

588 1961 677 2015 29.
718 1959 866 2028 Quod
895 1967 1070 2017 autem
1098 1962 1408 2032 Apostolum
1437 1963 1636 2019 dixisse
1661 1979 2048 2021 commemoras
2074 2007 2090 2034 ,

521 2049 704 2106 Omnes
729 2067 818 2104 nos
846 2051 1162 2120 manifestari
1190 2061 1386 2122 Oportet
1408 2063 1524 2108 ante
1549 2053 1767 2109 tribunal
1791 2055 2009 2122 Christi,
2038 2065 2094 2110 ut

515 2149 731 2211 reportet
772 2143 1109 2212 unusquisque
1141 2145 1345 2214 pr0pria
1365 2145 1586 2215 corporis
1619 2147 1696 2200 sui
1731 2157 1878 2216 prout
1901 2148 2050 2218 gessit
2073 2189 2089 2216 ,

514 2233 617 2286 sive
638 2231 820 2286 bonum
839 2274 854 2300 ,
885 2234 986 2286 sive
1019 2233 1208 2288 malum
1236 2235 1303 2304 (Il
1334 2234 1451 2291 Cor.
1496 2253 1529 2291 v
1552 2278 1566 2302 ,
1598 2236 1721 2308 10);
1749 2238 2014 2307 quomodo
2039 2239 2093 2294 in

515 2324 751 2394 parvulis
784 2325 1028 2395 accipis?
1055 2335 1229 2380 utrum
1271 2337 1325 2382 et
1353 2327 1452 2397 ipsi
1479 2337 1601 2383 ante
1644 2327 1869 2384 tribunal
1898 2328 2093 2385 Christi

517 2415 990 2472 manifestabuntur
1012 2460 1026 2486 ,
1057 2433 1124 2473 an
1166 2419 1314 2473 non?
1344 2419 1399 2474 Si
1435 2436 1540 2474 non
1583 2420 2090 2491 manifestabuntur,

517 2507 642 2577 quid
665 2515 714 2562 te
738 2507 947 2578 adjuvat
971 2509 1070 2564 ista
1095 2511 1378 2578 sententia,
1402 2511 1612 2580 quando
1637 2511 1704 2566 ad
1729 2527 1822 2567 eos
1847 2529 1952 2567 non
1975 2528 2095 2583 per-

517 2597 681 2664 tinet,
722 2613 944 2668 quonnn
985 2615 1125 2654 nunc
1161 2601 1333 2670 agitur
1371 2603 1568 2657 causa?
1603 2602 1660 2658 Si
1703 2612 1880 2659 autem
1925 2605 2094 2660 mani-

517 2685 880 2757 festabuntur,
909 2691 1176 2760 quomodo
1217 2701 1453 2764 reportat
1490 2709 1672 2750 eorum
1707 2694 1928 2766 quisque
1953 2695 2094 2767 quod

518 2780 708 2850 gessit,
751 2781 840 2851 qui
877 2781 1006 2836 nihil
1047 2785 1242 2852 gessit;
1285 2785 1384 2839 nisi
1422 2785 1542 2855 quia
1581 2779 1808 2858 pertinet
1851 2785 1920 2842 ad
1963 2803 2091 2856 eos,

519 2871 658 2942 quod
687 2887 781 2942 per
805 2871 966 2928 corda
995 2879 1048 2928 et
1071 2889 1162 2928 ora
1186 2876 1501 2946 gestantium
1522 2918 1538 2944 ,
1563 2877 1675 2932 sive
1698 2877 1954 2947 credunt,
1981 2879 2094 2936 sive

519 2977 623 3018 non
661 2963 925 3019 credunt?
964 2963 1187 3036 Propria
1215 2968 1440 3037 corporis
1461 2967 1543 3023 sui
1578 2969 1719 3024 enim
1757 2967 1921 3036 dixit,
1950 2970 2094 3042 quod

517 3053 583 3109 ad
611 3069 1040 3128 unumquemque
1071 3059 1124 3113 in
1155 3074 1211 3114 se
1252 3061 1365 3130 ipso
1399 3061 1507 3130 jam
1537 3061 1798 3117 viventem
1843 3065 2090 3134 pertinet.

510 3141 650 3222 ‘Nam
684 3147 949 3216 quomodo
977 3158 1214 3218 reportat
1238 3151 1431 3204 bonum
1453 3193 1468 3215 ,
1513 3161 1568 3206 ut
1594 3151 1752 3207 intret
1782 3153 1832 3207 in
1870 3169 2093 3224 regnum

518 3237 613 3297 Dei
634 3279 649 3304 ,
681 3238 726 3293 si
755 3239 858 3294 hoc
893 3249 1129 3310 reportat
1167 3241 1388 3312 quisque
1415 3241 1554 3312 quod
1597 3244 1797 3313 gessit;
1825 3245 1927 3300 nisi
1970 3246 2092 3316 quia

519 3329 748 3398 pertinet
773 3331 839 3385 ad
867 3331 1140 3401 parvulum
1171 3333 1329 3387 etiam
1361 3333 1501 3403 quod
1527 3349 1622 3404 per
1647 3334 1872 3390 alterum
1903 3337 2087 3406 gessit,

518 3417 571 3474 id
597 3427 706 3486 est,
739 3421 1002 3477 credidit?
1031 3423 1174 3477 Sicut
1202 3423 1376 3492 itaque
1402 3422 1542 3493 quod
1571 3423 1832 3490 credidit,
1861 3427 2092 3496 pertinet

516 3507 582 3564 ad
605 3526 759 3578 eum,
794 3520 852 3566 ut
891 3521 1126 3584 reportet
1151 3513 1346 3568 bonum
1367 3555 1382 3581 ,
1418 3514 1518 3569 hoc
1553 3523 1663 3583 est,
1701 3517 1955 3587 percipiat
1995 3517 2090 3575 Dei

519 3615 740 3674 regnum
769 3621 784 3660 :
829 3604 906 3660 sic
931 3603 994 3660 ad
1022 3620 1140 3660 eum
1170 3607 1397 3676 pertinet
1422 3607 1602 3673 etiam,
1631 3607 1675 3661 si
1699 3623 1806 3663 non
1830 3610 2087 3680 credidit,

519 3699 580 3747 ut
605 3704 841 3764 reportet
876 3695 1332 3752 condemnationis
1368 3697 1656 3768 judicium;
1696 3701 1818 3770 quia
1858 3717 2087 3774 evange-

515 3785 613 3840 lica
639 3793 722 3841 est
757 3795 810 3842 et
837 3787 950 3858 ipsa
991 3790 1260 3844 sententia'
1281 3791 1330 3854 ⁸,
1364 3790 1462 3855 Qui
1490 3807 1590 3845 non
1639 3793 1935 3862 crediderit,
1962 3813 2086 3850 con-

513 3879 826 3934 demnabitur
873 3879 1061 3954 (Marc.
1090 3898 1182 3936 xvi
1205 3923 1220 3949 ,
1265 3883 1376 3954 16).
1402 3883 1468 3939 Et
1505 3885 1790 3954 Apostolus
1818 3885 2044 3942 dicendo
2067 3929 2084 3954 ,

517 3968 700 4024 Omnes
727 3987 817 4025 nos
848 3972 1160 4044 manifestari
1189 3983 1411 4044 Oportet,
1440 3984 1494 4028 ut
1519 3976 1726 4046 recipiat
1751 3978 2088 4049 unusquisque

426 4080 428 4083 ·
515 4069 664 4130 prout
688 4062 868 4130 gessit,
899 4063 1000 4116 sive
1025 4063 1237 4130 bonum,
1268 4063 1370 4117 sive
1399 4065 1584 4118 malum
1595 4081 1616 4132 ;
1643 4065 1772 4146 nihil
1798 4065 1962 4122 voluit
1998 4069 2082 4123 in-

514 4149 678 4222 telligi
703 4153 955 4208 medium.
989 4153 1121 4210 Vide
1147 4171 1273 4226 ergo
1299 4172 1455 4227 quam
1479 4157 1778 4227 importune
1804 4160 1938 4216 nolis
1962 4176 2084 4232 par-

516 4243 694 4298 vulum
733 4244 798 4299 de
837 4246 1010 4300 alieno
1036 4255 1256 4316 peccato
1294 4258 1563 4318 reportare
1600 4251 1818 4320 malum,
1858 4262 1913 4308 et
1951 4255 2082 4312 velis

511 4347 634 4388 eum
655 4333 728 4412 Ide
749 4334 921 4390 alieno
950 4344 1093 4392 recte
1116 4336 1254 4394 facto
1277 4349 1549 4410 reportare
1573 4342 1791 4411 bonum,
1823 4359 1928 4399 non
1949 4361 2082 4417 qua-

511 4420 808 4496 lecumque,
841 4425 936 4481 sed
963 4427 1054 4482 Dei
1076 4443 1318 4498 regnum.
1349 4429 1594 4486 Alienum
1621 4433 1812 4503 quippe
1841 4449 1974 4505 opus
2000 4445 2082 4493 est

510 4528 630 4570 cum
655 4515 825 4570 credit
847 4531 942 4586 per
968 4517 1191 4574 alterum
1211 4561 1226 4587 ,
1255 4519 1389 4574 sicut
1411 4519 1640 4576 alienum
1666 4538 1798 4594 opus
1822 4522 1921 4579 fuit
1957 4541 2080 4582 cum

511 4607 748 4676 peccavit
767 4608 818 4662 in
838 4607 1024 4664 altero.
1046 4608 1156 4664 Nec
1180 4625 1277 4665 nos
1297 4611 1596 4668 dubitamus
1615 4613 1736 4684 quia
1758 4613 2080 4686 Baptismate

511 4699 760 4754 delictum
802 4713 957 4755 omne
995 4701 1305 4771 mandetur,
1347 4703 1441 4759 sed
1486 4707 1816 4764 renascendo
1855 4710 2078 4780 quisque

511 4791 814 4846 mandatur.
846 4793 998 4858 Quod
1041 4809 1168 4864 ergo
1208 4809 1312 4850 non
1347 4795 1530 4852 adimit
1568 4799 1672 4855 nisi
1707 4802 2071 4871 regeneratio,

509 4895 616 4936 non
642 4891 814 4936 cessat
839 4882 1046 4938 trahere
1070 4885 1358 4954 generatio.

579 4973 668 5029 30.
709 4973 848 5028 Sane
892 4973 1114 5030 dicendo
1157 4995 1177 5028 ‹
1209 4979 1686 5048 concupiscentiam
1727 4996 1834 5038 non
1878 4999 2074 5055 usque-

507 5079 713 5134 quaque
755 5065 932 5120 animo
975 5066 1226 5124 rebellem
1252 5110 1266 5135 ,
1317 5087 1336 5121 ι
1367 5071 1547 5140 procul
1595 5071 1754 5126 dubio
1804 5073 2074 5132 confiteris

507 5156 756 5211 rebellem
783 5175 798 5213 :
825 5165 878 5212 et
900 5159 1210 5229 supplicium
1236 5176 1338 5216 non
1377 5161 1574 5228 fateris,
1611 5178 1716 5234 quo
1748 5163 2001 5220 adversus
2023 5175 2074 5224 te

503 5247 676 5318 ipsum
704 5249 896 5306 bellum
923 5251 1106 5320 geris?
1140 5269 1160 5304 ς
1190 5252 1420 5320 Dicatur,
1447 5271 1466 5305 ι
1488 5253 1680 5324 inquis,
1707 5258 2072 5325 «parvulorum

503 5347 709 5396 creator
733 5339 870 5395 Deus
897 5342 1096 5409 talium,
1124 5343 1308 5412 quales
1331 5343 1424 5398 Dei
1449 5343 1690 5400 manibus
1703 5345 1845 5415 digni
1870 5357 2014 5416 sunt;
2044 5367 2066 5402 ι

499 5439 558 5484 et
577 5429 748 5498 addis,
781 5450 801 5484 ‹
827 5432 879 5487 id
907 5441 1018 5499 est,
1043 5434 1424 5490 innocentium.
1453 5453 1472 5489 ι
1507 5435 1692 5494 Nonne
1718 5447 1768 5495 te
1791 5439 1984 5510 pietate
2015 5451 2071 5502 et

501 5525 596 5582 Dei
623 5525 924 5583 laudatione
945 5528 1158 5585 vincere
1181 5528 1404 5598 videtur,
1433 5530 1522 5600 qui
1550 5531 1747 5588 dixerit
1769 5534 1927 5590 etiam
1952 5537 2069 5607 pul-

497 5618 624 5674 chra
671 5628 728 5676 et
761 5635 890 5676 sana
935 5635 1094 5692 opera
1136 5621 1326 5678 decere
1373 5637 1560 5679 manus
1603 5625 1732 5681 Dei?
1778 5625 1847 5682 Et
1890 5636 2067 5686 tamen

508 5711 650 5767 multi
685 5710 985 5784 deformes,
1014 5713 1162 5768 multi
1189 5713 1452 5784 morbidi,
1499 5716 1649 5772 multi
1679 5716 1876 5774 horridi
1909 5733 2064 5776 mon-

499 5865 830 5984 n,Iet
847 5883 954 5936 ipsa
981 5869 1212 5925 sententia
1235 5869 1456 5926 dicendo.
1481 5873 1641 5940 Abest,
1671 5871 1893 5944 dicendo,
1915 5889 1945 5938 a
1961 5892 2062 5942 nta-

859 6047 978 6066 -’··-ιι.κ
1015 6057 1030 6064 ..
1099 6057 1146 6064 Δ..-

1336 470 1606 528 CONTRA
1645 461 1981 530 .IULIANUM
2019 461 2481 540 PELAGIANUM,
2521 472 2578 528 S.
2619 473 2987 530 AUGUSTINI

2199 585 2460 656 strosique
2488 597 2813 652 nascuntur;
2854 605 2954 644 nec
2991 589 3110 645 ideo
3151 590 3294 647 illam
3323 601 3490 651 totam
3527 598 3780 656 substan.

2199 677 2326 731 tiam
2344 718 2360 744 ,
2403 692 2691 748 omnesque
2717 690 2894 750 partes
2921 679 3070 750 ejus,
3101 691 3154 738 et
3183 684 3438 756 quidquid
3468 687 3522 742 in
3548 705 3608 746 ea
3649 693 3778 748 sub-

2197 767 2512 822 stantialiter
2539 768 2716 824 existit
2736 778 2790 825 et
2814 771 2961 839 vivit,
2993 775 3161 842 potuit
3201 790 3386 831 creare
3412 778 3512 833 nisi
3535 779 3702 838 bonus
3728 791 3782 839 et

2197 874 2354 914 verus
2377 859 2518 916 Deus
2540 860 2579 914 ’.

2267 950 2355 1004 51.
2395 949 2559 1006 Jubes
2580 960 2640 1007 ut
2665 967 2921 1020 asseram,
2956 974 2976 1007 ι
3003 957 3449 1026 quemadmodum
3473 961 3522 1017 in
3544 962 3775 1030 Christo,

2198 1036 2250 1092 id
2277 1047 2358 1094 est
2400 1039 2450 1094 in
2496 1041 2692 1097 virtute
2732 1043 2868 1113 ejus,
2910 1056 3119 1101 creatos
3166 1049 3412 1118 parvulos
3449 1053 3552 1108 sibi
3589 1057 3780 1111 audeat

2197 1129 2438 1186 diabolus
2477 1133 2763 1190 vindicare.
2798 1156 2817 1189 ›
2851 1135 2932 1191 Tu
2959 1153 3174 1206 assere,
3220 1140 3267 1196 si
3297 1151 3445 1210 potes
3466 1185 3480 1209 ,
3512 1148 3778 1215 quomodo

2197 1220 2319 1286 sibi,
2341 1237 2452 1302 (non
2479 1223 2722 1290 obscure,
2748 1227 2842 1282 sed
2863 1238 3046 1298 aperte
3071 1230 3336 1286 vindicet’
3355 1235 3628 1305 parvulos,
3646 1253 3780 1308 quos

2197 1299 2454 1368 immundi
2487 1316 2704 1382 Spiritus
2741 1327 2952 1372 vexant.
2985 1318 3040 1374 Si
3080 1321 3128 1374 ei
3171 1299 3390 1379 traditos
3419 1324 3551 1380 dicis
3577 1299 3780 1385 :vvide-

2196 1416 2316 1457 mus
2339 1403 2496 1459 ambo
2526 1407 2862 1476 supplicium,
2891 1419 2945 1463 tu
2969 1410 3056 1466 dic
3083 1413 3330 1468 meritum
3355 1433 3368 1482 ;
3400 1417 3559 1474 ambo
3596 1421 3776 1476 cerni-

2197 1511 2315 1551 mus
2352 1513 2583 1568 poenam,
2624 1507 2679 1553 tu
2705 1501 2794 1571 qui
2831 1502 2974 1557 nulla
3002 1504 3138 1558 mala
3177 1508 3366 1563 merita
3405 1510 3538 1566 dicis
3575 1527 3640 1568 ex
3679 1529 3776 1584 pa-

2197 1586 2435 1642 rentibus
2482 1586 2655 1654 trahi,
2700 1604 2818 1644 cum
2867 1591 3031 1646 Deum
3069 1593 3268 1663 justum
3309 1599 3466 1654 ambo
3492 1599 3773 1671 fateamur,

2197 1675 2500 1732 demonstra
2529 1679 2626 1733 ista
2667 1695 2822 1749 pmna
2857 1681 3072 1752 dignam
3109 1684 3154 1739 si
3201 1695 3351 1756 potes
3391 1689 3444 1744 in
3486 1690 3777 1748 infantibus

2198 1766 2426 1834 culpam.
2477 1767 2560 1822 An
2597 1783 2725 1824 vero
2764 1785 2868 1825 non
2917 1774 3159 1842 agnoscis
3197 1777 3354 1830 etiam
3394 1778 3496 1834 hoc
3534 1781 3600 1834 ad
3649 1782 3778 1838 illud

2195 1873 2356 1928 grave
2378 1858 2562 1930 jugum
2595 1862 2880 1930 pertinere,
2909 1865 3048 1934 quod
3075 1876 3158 1921 est
3180 1882 3341 1938 super
3371 1870 3507 1928 filios
3533 1872 3724 1942 Adam,
3747 1889 3778 1930 a

2195 1949 2282 2006 die
2326 1951 2498 2005 exitus
2525 1951 2594 2007 de
2629 1963 2818 2009 ventre
2859 1957 3041 2011 matris
3083 1972 3302 2026 eorum,
3349 1976 3515 2032 usque
3560 1963 3613 2018 in
3640 1964 3777 2022 diem

2194 2041 2480 2111 sepulturae
2507 2039 2562 2097 in
2587 2051 2812 2098 matrem
2842 2047 3122 2102 omnium?
3147 2048 3256 2104 Sub
3280 2067 3384 2121 quo
3403 2054 3532 2123 jugo
3552 2054 3777 2113 diversis

2194 2133 2432 2188 cladibus
2460 2135 2530 2189 ita
2557 2138 2852 2192 conteritur
2882 2154 3050 2209 genus
3090 2141 3411 2212 humanum,
3442 2155 3498 2202 ut
3523 2159 3778 2218 appareat

2197 2223 2298 2279 hoc
2318 2225 2456 2294 quod
2485 2240 2552 2280 ex
2582 2227 2706 2282 filiis
2737 2227 2828 2282 ira:
2855 2229 2985 2283 fiunt
3015 2230 3255 2288 homines
3283 2242 3528 2306 tanquam
3559 2237 3777 2308 pignore

2195 2325 2410 2384 accepto
2438 2314 2528 2370 ﬁlii
2558 2317 2935 2373 misericordia:
2956 2359 2972 2387 ,
3005 2321 3057 2374 in
3089 2321 3321 2378 futurum
3351 2327 3602 2381 saeculum
3635 2343 3775 2400 pra:-

2193 2409 2404 2479 parari:
2433 2410 2486 2464 in
2507 2409 2610 2466 hoc
2630 2422 2802 2467 autem
2829 2414 3025 2469 saeculo
3045 2430 3072 2467 a
3095 2415 3181 2471 die
3201 2425 3350 2472 ortus
3370 2434 3539 2490 usque
3559 2421 3612 2476 in
3633 2421 3774 2480 diem

2195 2500 2395 2568 obitus,
2445 2503 2607 2557 etiam
2636 2503 2779 2573 ipsos
2813 2504 2914 2560 sub
2957 2505 3144 2561 eodem
3182 2509 3330 2578 gravi
3368 2510 3495 2582 jugo
3545 2515 3772 2570 conteri.

2196 2589 2634 2661 Quandoquidem
2654 2595 2812 2649 etiam
2838 2595 3085 2665 baptizati
3113 2601 3316 2668 parvuli
3343 2602 3480 2656 inter
3499 2603 3606 2658 alia
3631 2605 3770 2661 mala

2195 2678 2320 2734 vitze
2346 2681 2500 2752 hujus
2525 2697 2901 2755 nonnunquam
2931 2695 2986 2742 et
3013 2689 3143 2743 istos
3172 2689 3472 2746 daemonum
3502 2694 3773 2764 patiuntur

2195 2772 2470 2838 incursus;
2500 2776 2739 2844 quamvis
2759 2778 2896 2832 eruti
2924 2777 2991 2833 de
3013 2787 3276 2850 potestate
3302 2783 3638 2841 tenebrarum
3659 2827 3674 2855 ,
3703 2803 3774 2845 ne

2195 2864 2263 2920 ab
2290 2865 2369 2920 eis
2395 2866 2672 2921 trahantur
2701 2868 2754 2923 in
2782 2870 3100 2940 supplicium
3129 2874 3534 2944 sempiternum.

2267 2955 2354 3012 52.
2396 2955 2592 3012 Iterum
2627 2958 2760 3015 dicis
2779 3003 2794 3025 ,
2820 2961 2963 3031 quod
2997 2962 3107 3032 jam
3133 2965 3346 3034 quidem
3371 2967 3585 3037 dixisti,
3613 2979 3774 3044 atque

2194 3046 2446 3116 respondi
2473 3047 2689 3120 (Supra,
2714 3050 2800 3104 lib.
2822 3052 2876 3120 '5,
2902 3069 2990 3106 nn.
3019 3054 3073 3121 8,
3097 3055 3174 3126 9),
3205 3057 3299 3112 sed
3325 3059 3482 3114 etiam
3505 3077 3643 3118 nunc
3665 3077 3770 3121 non

2195 3135 2366 3192 debeo
2389 3140 2664 3208 praeterire
2686 3183 2701 3208 ,
2738 3160 2758 3195 ι
2791 3142 2944 3209 Quod
2968 3161 3088 3199 cum
3115 3145 3258 3202 Deus
3281 3150 3515 3220 parvulis
3545 3153 3672 3208 nihil
3703 3153 3772 3211 de

2194 3230 2410 3298 proprio
2440 3237 2546 3284 tam
2572 3230 2696 3286 boni
2735 3247 2892 3304 quam
2927 3235 3051 3290 mali
3082 3239 3409 3296 merentibus
3431 3241 3653 3312 gloriam
3681 3261 3771 3301 re-

2191 3323 2549 3392 generationis
2571 3323 2592 3356 ³
2617 3326 2880 3394 attribuit,
2907 3328 3010 3384 hoc
3033 3330 3148 3400 ipso
3174 3347 3269 3389 eos
3297 3333 3366 3388 ad
3389 3349 3536 3391 suam
3557 3353 3764 3408 curam,

2191 3414 2260 3468 ad
2300 3429 2455 3470 suum
2495 3416 2604 3486 jus,
2649 3417 2716 3472 ad
2745 3433 2898 3474 suum
2936 3419 3232 3478 dominium
3273 3427 3536 3494 pertinere
3573 3428 3767 3500 docet,

2191 3505 2332 3576 quod
2378 3521 2562 3562 eorum
2613 3509 2938 3566 voluntatem
2987 3512 3265 3570 ineifabilis
3311 3519 3566 3586 przevenit
3605 3520 3769 3577 bene-

2191 3595 2296 3650 ﬁcii
2339 3595 2603 3668 largitate.
2633 3617 2652 3652 ι
2685 3599 2820 3667 Quid
2864 3602 3022 3672 igitur
3059 3619 3180 3659 eum
3225 3606 3585 3678 offenderunt,
3633 3627 3771 3683 quos

2190 3688 2389 3756 pariter
2413 3690 2753 3758 innocentes,
2789 3695 3036 3764 mundos,
3066 3712 3096 3751 a
3123 3713 3184 3753 se
3211 3698 3278 3754 ad
3307 3701 3590 3773 imaginem
3615 3720 3766 3760 suam

2190 3790 2426 3846 creatos,
2459 3783 2871 3842 innumerabiles
2908 3789 2978 3844 ab
3003 3789 3105 3845 isto
3143 3807 3362 3863 munere
3400 3795 3633 3866 alienat,
3665 3813 3765 3854 nec

2189 3887 2374 3928 eorum
2400 3876 2720 3932 voluntatem
2747 3877 2899 3949 hujus
2919 3881 3209 3938 eneﬂ‘abilis
3237 3888 3490 3955 praevenit
3517 3888 3764 3947 beneficii

2187 3961 2454 4034 largitate,
2482 3980 2735 4037 separans
2763 3977 2840 4024 tot
2865 3969 3124 4042 imagines
3149 3991 3272 4030 suas
3299 3993 3328 4031 a
3358 3993 3521 4049 regno
3545 3980 3681 4036 suo?
3703 3980 3763 4038 Si

2188 4053 2291 4110 hoc
2327 4055 2406 4110 eis
2431 4071 2538 4111 non
2571 4059 2676 4112 erit
2698 4060 2922 4129 malum,
2952 4079 3058 4118 non
3086 4081 3214 4137 ergo
3250 4069 3501 4125 amabunt
3537 4087 3764 4143 regnum

2186 4139 2282 4202 Dei
2309 4155 2386 4202 tot
2411 4148 2722 4231 innocentes
2749 4152 3006 4224 imagines
3035 4157 3146 4213 Dei.
3179 4157 3234 4214 Si
3259 4169 3435 4216 autem
3463 4139 3756 4235 amabunt,

2185 4245 2239 4291 et
2260 4243 2462 4293 tantum
2480 4239 2750 4309 amabunt,
2769 4253 3020 4313 quantum
3041 4249 3348 4306 innocentes
3367 4267 3549 4310 amare
3567 4254 3762 4313 debent

2185 4341 2408 4398 regnum
2445 4330 2580 4402 ejus,
2623 4347 2656 4387 a
2693 4349 2800 4406 quo
2843 4336 2911 4392 ad
2953 4338 3118 4409 ipsius
3161 4341 3444 4415 imaginem
3491 4356 3758 4418 creantur,

2184 4420 2389 4479 nihilne
2445 4425 2568 4480 mali
2617 4426 2687 4482 de
2746 4427 2845 4485 hac
2896 4431 3008 4502 ipsa
3067 4437 3401 4504 separatione
3453 4441 3762 4510 patientur?

2183 4510 2494 4580 Postremo,
2525 4516 2745 4573 ubilibet
2771 4520 2914 4586 sint,
2951 4525 3352 4592 quomodolibet
3377 4530 3484 4584 sint
3520 4530 3621 4585 sub
3648 4531 3758 4586 Deo

2177 4599 2378 4672 judice,
2405 4605 2495 4675 qui
2523 4621 2624 4661 nec
2645 4607 2756 4664 fato
2777 4611 3039 4679 premitur
3055 4655 3070 4680 ,
3101 4630 3200 4671 nec
3226 4631 3569 4686 personarum
3595 4635 3752 4675 acce-

2181 4693 2364 4762 ptione
2382 4698 2762 4768 corrumpitur;
2785 4702 2839 4757 in
2859 4703 3002 4760 illius
3019 4708 3168 4778 regni
3186 4708 3430 4766 felicitate
3447 4725 3550 4766 non
3573 4717 3756 4783 erunt,

2181 4783 2274 4840 ubi
2313 4795 2470 4843 erunt
2503 4789 2592 4859 qui
2621 4792 2819 4860 pariter
2845 4794 2977 4850 nihil
3025 4796 3147 4852 boni
3190 4799 3380 4855 malive
3423 4811 3751 4861 meruerunt.

2180 4869 2286 4930 Sed
2309 4875 2357 4930 si
2383 4877 2512 4934 nihil
2535 4883 2854 4939 meruissent
2880 4887 3022 4952 mali,
3047 4903 3310 4959 nunquam
3339 4891 3671 4960 privarentur
3697 4893 3753 4950 in

2179 4969 2450 5026 communi
2474 4985 2632 5028 causa
2659 4977 3029 5032 communione
3057 4979 3192 5033 tanti
3216 4979 3358 5034 boni.
3387 4981 3442 5036 In
3473 4983 3552 5038 eis
3579 4999 3708 5055 ergo
3731 5027 3748 5054 ,

2179 5066 2238 5114 ut
2275 5074 2416 5132 saepe
2449 5061 2711 5134 diximus,
2751 5068 2846 5123 irae
2887 5070 3027 5125 vasis
3066 5081 3219 5127 notas
3257 5071 3409 5139 facit,
3457 5077 3750 5133 secundum

2177 5151 2486 5221 Apostolum
2507 5197 2522 5224 ,
2551 5156 2692 5214 Deus
2717 5159 2923 5215 divitias
2959 5161 3141 5232 gloria:
3167 5177 3278 5218 sua:
3306 5165 3360 5218 in
3383 5181 3506 5220 vasa
3538 5167 3750 5224 miseri-

2176 5242 2370 5300 cordize
2395 5244 2568 5316 (Rom.
2595 5263 2650 5304 tx
2669 5290 2685 5317 ,
2711 5247 2782 5304 22
2799 5290 2816 5316 ,
2841 5249 2933 5320 23)
2954 5291 2970 5318 ,
2999 5267 3066 5306 ne
3093 5253 3384 5323 glorientur
3407 5265 3658 5329 tanquam
3681 5258 3752 5316 de

2175 5334 2378 5389 meritis
2405 5336 2526 5392 vitae
2547 5353 2680 5406 sum,
2707 5353 2828 5396 eum
2847 5354 3179 5412 cognoscunt
3201 5345 3304 5402 hoc
3329 5347 3432 5402 sibi
3452 5349 3750 5419 justissima

2173 5422 2322 5480 reddi
2349 5427 2603 5498 potuisse,
2631 5430 2773 5502 quod
2796 5431 2978 5490 vident
2999 5435 3149 5492 reddi
3172 5437 3392 5508 paribus
3413 5443 3750 5498 consortibus

2172 5517 2361 5574 mortis
2387 5533 2498 5578 sua:
2524 5520 2567 5576 ⁸.

2235 5629 2255 5662 ι
2289 5631 2426 5706 Editi,
2460 5633 2553 5710 nisi
2588 5649 2712 5690 tum
2735 5637 2882 5691 bonus
2913 5645 2960 5693 et
2990 5655 3130 5696 verus
3172 5651 3320 5697 Deus.
3344 5647 3520 5711 Abest,
3555 5659 3692 5711 imus,
3714 5657 3743 5699 a

2171 5702 2520 5759 tmpuscrtptts.

2173 5751 2462 5870 "£52,255
2485 5795 2498 5820 ’
2524 5759 2798 5815 vindicem:
2831 5772 2996 5830 recte,
3037 5767 3081 5818 εί
3103 5776 3270 5832 Postea
3286 5770 3540 5834 legeretur
3565 5785 3576 5820 :
3599 5771 3648 5822 si
3668 5770 3740 5822 eis

2233 5875 2254 5956 ξ
2285 5883 2491 5956 Σᾳιξοθηὶ
2514 5885 2730 5956 quinque
2745 5894 2881 5956 Mss,
2895 5889 3102 5954 gratiam
3123 5891 3488 5956 regenerationis

2163 6024 2171 6033 .
2221 5936 2262 6030 ,⁸,
2288 5947 2410 6012 rost,
2433 5936 2599 6005 mor'tis
2615 5936 2735 6018 sua,
2757 5936 2884 6015 aliud
3125 5936 3738 6012 amatamamatam:-

3674 473 3882 547 840-
