2071 3248
190 167 238 197 BM

220 222 267 251 35.
282 221 311 249 Si
324 227 388 256 ergo
399 223 470 247 recte
482 218 522 245 vis
535 224 640 252 sapere,
650 216 730 244 etiam
739 215 773 243 de
786 213 903 250 parvulis
912 220 976 248 sape

184 267 255 304 quod
270 266 309 294 ait
331 264 475 300 Apostolus
492 263 526 291 de
540 263 596 290 Deo
617 262 713 294 Patre,
733 260 783 294 Qui
801 259 865 287 eruit
886 266 932 286 nos
946 257 978 285 de

186 302 309 348 potestate
322 311 496 342 tenebrarum,
511 312 534 335 et
547 307 673 334 transtulit
686 306 713 333 in
726 312 830 340 regnum
842 302 905 330 Filii
917 302 978 329 cltu-

186 358 267 385 ritatis
282 363 335 384 sua:
348 355 458 390 (Colon.
474 361 499 386 ι,
514 352 559 387 15)
574 361 580 379 :
600 356 627 379 et
640 351 704 378 illud
718 351 832 377 alterum
845 370 852 381 ,
870 348 978 375 Fuimus

187 403 252 431 enim
273 406 296 428 et
317 409 363 427 nos
382 398 519 433 aliquando
534 401 624 424 natura
641 396 689 430 ﬁlii
702 396 757 429 ira,
772 395 836 422 sicut
850 397 874 421 et
895 392 978 420 ceteri

188 448 294 484 (Epiros.
309 455 337 478 Il,
349 447 388 481 5).
403 446 501 471 Omnes
512 444 582 470 enim
602 447 730 470 eruuntur
741 441 774 468 de
786 444 916 475 potestate
939 443 977 465 te-

187 493 330 521 nebrarum
345 496 371 518 et
384 490 430 517 lilii
444 490 489 516 inn
512 493 597 519 erant,
614 487 658 522 qui
684 490 791 521 peccato
818 484 975 511 moriuntur.

186 539 287 566 Omnes
300 541 387 563 autem
403 539 431 562 ut
446 535 499 561 Deo
514 534 621 565 vivant,
635 537 743 566 peccato
758 530 916 561 moriuntur,
933 528 976 562 qui

188 584 215 611 in
230 587 316 610 tnorte
333 581 429 609 Christi
444 580 620 613 baptizantur.
643 577 740 605 Omnes
755 583 833 610 porro
852 575 878 601 in
894 578 977 600 morte

190 630 250 664 ejus
264 628 442 662 baptizantur,
459 626 617 660 quicumque
631 623 796 657 baptizantur
818 622 844 647 in
859 620 975 647 Christo.

191 674 263 708 Ergo
277 674 336 708 quia
349 677 374 699 et
396 671 496 706 parvuli
508 670 674 704 baptizautur
687 668 713 694 in
726 667 831 694 Christo
842 686 848 698 ,
869 670 977 700 peccato

190 719 349 748 moriuntur,
361 722 387 744 et
402 724 416 743 a
429 720 560 751 potestate
574 714 751 744 tenebrarum,
768 711 812 738 ubi
826 714 919 737 natura
931 710 976 736 lilii

188 765 235 792 ira:
252 764 374 796 fuerant,
397 767 534 789 eruuntur.
555 759 630 793 Quod
653 764 740 785 autem
756 757 831 788 dicis,
848 765 857 781 (
872 755 921 783 Ubi
941 755 978 781 ait

188 810 342 844 Apostolus,
355 812 446 834 natura
459 806 505 841 ﬁlii
518 806 573 838 iraa,
586 812 662 839 posse
676 802 793 836 intelligi,
808 802 920 828 Prorsus
931 799 977 825 ﬁlii

188 855 253 883 inn:
270 863 279 880 ›
297 860 385 880 nonne
399 853 458 879 hinc
472 850 608 877 admoneri
623 848 746 880 debuisti,
762 847 896 880 antiquam
912 852 977 871 con-

188 905 228 928 tra
243 907 289 926 vos
301 898 407 926 defendi
420 897 575 925 catholicam
590 896 685 926 tidem;
700 894 760 928 quia
774 901 825 920 non
839 891 895 919 fere
906 892 978 918 inve—

189 946 260 973 nitur
282 945 378 971 latmus
402 942 504 973 codex,
530 941 551 969 si
573 948 623 967 non
646 947 661 966 a
682 939 757 965 vobis
779 945 847 964 nunc
871 936 979 970 incipiat

188 989 336 1023 emendari,
348 989 389 1016 vel
403 987 488 1023 potius
503 988 529 1014 in
545 986 669 1013 mendum
683 984 789 1015 mutari,
807 984 849 1010 ubi
863 990 915 1009 non
930 990 977 1008 ua-

190 1042 248 1062 tura
261 1036 295 1062 sit
309 1035 435 1069 seriptum
452 1034 487 1068 (a)
500 1033 510 1059 ?
523 1032 598 1066 Quod
614 1032 703 1065 utique
716 1037 809 1057 cavere
831 1029 920 1055 debuit
935 1028 977 1054 in-

190 1086 335 1116 terpretum
347 1080 488 1114 antiquitas
498 1099 506 1111 ,
523 1078 572 1104 nisi
585 1077 664 1104 etiam
679 1076 738 1103 ﬁdei
755 1075 811 1102 hmc
824 1079 893 1102 esset
908 1073 977 1100 anti-

190 1127 286 1162 quitas,
302 1126 344 1152 cui
357 1130 444 1152 vestra
458 1123 539 1157 erepit
549 1123 674 1149 resistere
689 1121 802 1147 novitas.

225 1170 338 1199 CAPUT
351 1170 440 1197 XL—
453 1170 497 1196 54.
513 1167 566 1195 Sed
581 1167 660 1193 homo
686 1165 818 1200 egregius,
844 1164 871 1190 in
899 1170 980 1198 grege

192 1224 245 1245 non
257 1217 297 1244 vis
311 1224 370 1244 esse
384 1215 495 1250 vulgari.
509 1214 612 1240 RurSus
634 1212 705 1239 enim
729 1210 885 1238 sententiam
911 1209 979 1243 vulgi

193 1262 306 1297 respuis,
322 1265 380 1296 post
391 1265 471 1293 tanta,
483 1260 578 1294 quibus
593 1266 654 1286 eum
679 1256 782 1284 reddita
805 1255 910 1282 ratione
935 1254 981 1280 ad-

195 1315 288 1335 versus
313 1314 355 1334 me
375 1305 552 1333 concitaveras
570 1303 686 1338 gravius,
709 1309 789 1337 quam
809 1301 834 1328 in
850 1305 875 1327 te
897 1300 981 1326 fuerat

195 1352 354 1380 concitatus.
369 1350 422 1378 Sed
436 1350 558 1377 nimirum
586 1353 629 1375 tua
651 1347 783 1382 disputata
799 1345 979 1376 considerans,

194 1397 261 1425 nihil
276 1402 301 1424 te
315 1396 409 1424 talibus
418 1395 581 1431 argumentis
595 1393 663 1428 apud
674 1392 799 1427 populum
809 1391 834 1418 in
845 1390 982 1417 catholica:

195 1442 257 1470 tidci
271 1442 382 1469 veritate
396 1446 422 1469 et
437 1441 593 1476 antiquitate
609 1439 746 1466 fundatum
771 1444 850 1472 agere
866 1436 982 1471 potuisse

194 1489 236 1516 vel
250 1495 328 1523 posse
342 1486 460 1514 sensisti.
477 1486 551 1514 Unde
562 1485 594 1512 ad
608 1493 668 1512 cum
688 1482 868 1519 spernendum
890 1486 983 1508 contu-

193 1534 278 1562 macia
292 1541 385 1561 rursus
404 1540 452 1560 ora
466 1532 609 1564 convertis,
637 1531 747 1565 ejusque
772 1533 860 1564 partes
886 1527 983 1563 quibus

193 1585 306 1614 constat,
323 1588 376 1608 non
387 1580 522 1607 immerito
535 1579 609 1606 vobis
633 1577 843 1605 Christianorum
860 1575 983 1602 inl‘ensis-

193 1627 260 1654 sima
271 1625 424 1658 multitudo,
436 1624 589 1660 singillatim
607 1620 783 1650 dcscribendo
796 1625 822 1647 et
837 1619 983 1647 deridcudo

194 1673 339 1708 percurris,
361 1672 387 1699 in
403 1671 500 1707 quibus
521 1675 548 1698 et
564 1680 573 1696 ι
590 1667 760 1696 auditoriales
780 1666 953 1694 scholasticos
972 1675 980 1691 ι

196 1718 291 1754 tangis,
307 1722 335 1745 et
344 1717 411 1745 dicis
425 1721 519 1744 contra
539 1723 583 1742 me
599 1714 770 1745 clamaturos,
788 1722 796 1737 ι
814 1712 835 1739 Ο
849 1716 982 1745 tempora,

197 1771 215 1791 ο
225 1771 314 1791 mores
324 1771 334 1789 ι
349 1762 455 1798 (Cicero,
464 1760 615 1789 Oratione!
630 1760 656 1786 in
665 1759 740 1786 Catil.
755 1762 778 1784 et
788 1761 836 1783 act.
851 1757 867 1783 6
879 1756 905 1782 in
923 1755 984 1782 Ver-

198 1808 293 1845 rem)!
317 1813 344 1835 et
371 1813 457 1836 tamen
481 1806 551 1841 vulgi
583 1805 710 1840 judicium
745 1802 911 1833 reformidas,
940 1800 983 1828 ubi

199 1860 252 1883 tam
267 1855 398 1882 clamosus
413 1853 458 1881 tibi
470 1852 657 1886 suifragatores
671 1849 790 1876 invenire
809 1847 927 1882 potuisti,
940 1846 984 1881 qui

199 1901 328 1930 Tullianis
338 1908 381 1928 me
394 1900 500 1928 vocibus
514 1898 653 1929 territent;
668 1895 738 1931 quod
757 1904 766 1920 ‹
782 1893 889 1921 aliunde
906 1900 984 1927 quam

198 1948 268 1976 unde
281 1952 365 1974 totum
378 1950 428 1977 est,
443 1953 502 1973 esse
520 1949 609 1979 putem
627 1941 767 1977 genitalem
789 1939 909 1974 corporis
927 1946 986 1972 par-

198 1998 261 2022 tem.
279 2003 289 2020 ι
303 1992 404 2026 Quibus
418 1998 468 2026 ego
481 1997 542 2017 cum
556 1988 681 2019 retulero,
697 1986 753 2014 Non
768 1985 818 2012 hoc
831 1985 901 2017 dico,
912 1992 986 2010 meu-

198 2041 280 2067 titur:
295 2037 433 2066 libidinem
445 2036 534 2070 culpo,
549 2042 602 2061 non
616 2032 735 2060 membra
746 2040 752 2063 ;
765 2031 856 2057 vitium
872 2029 982 2060 deuoto,

199 2092 251 2112 non
263 2089 383 2112 naturam
400 2091 407 2110 :
422 2081 472 2108 iste
490 2085 579 2107 autem
592 2078 637 2113 qui
661 2077 725 2104 mihi
739 2075 808 2111 apud
824 2082 871 2101 vos
887 2074 987 2101 calum-

200 2130 297 2162 niatur,
312 2127 392 2156 audet
412 2127 438 2154 in
451 2125 569 2153 Ecclesia
592 2122 691 2151 Christi
716 2126 777 2148 ante
791 2119 944 2154 magistrum
960 2119 986 2144 in

202 2175 270 2204 coelo
283 2174 419 2202 sedentem
429 2173 541 2200 recitare
553 2169 670 2198 libidinis
685 2167 806 2199 laudem;
823 2165 894 2201 quod
904 2165 928 2192 ei
942 2172 987 2192 re-

203 2219 349 2251 citandum,
364 2219 386 2246 si
402 2217 540 2245 vobiscum
556 2215 686 2245 studeret,
703 2213 890 2247 magistrorum
909 2217 988 2237 nemo

203 2267 375 2301 proponeret,
392 2270 426 2291 ne
433 2262 577 2290 offenderet
585 2259 703 2288 omnium
715 2262 833 2285 vestrum
843 2255 969 2290 pudorem
980 2263 985 2280 :

202 2318 292 2338 nonne
312 2310 364 2337 alia
386 2309 412 2336 in
430 2313 455 2335 te
471 2307 588 2335 Tulliana
614 2313 678 2333 vere
701 2302 886 2331 convenientia
908 2300 987 2327 verba

201 2360 371 2389 convcrtent,
400 2355 518 2383 dicentes
537 2352 593 2386 tibi,
635 2351 698 2379 «Ex
722 2350 772 2376 hac
803 2352 877 2383 parte
905 2346 989 2381 pudor

201 2406 311 2439 pugnat,
327 2402 375 2429 abs
409 2405 435 2428 te
459 2399 619 2435 petulantia:
635 2397 697 2424 hinc
723 2393 896 2426 continentia,
917 2391 989 2420 illinc

202 2449 284 2477 libith
304 2458 315 2475 ι
332 2447 427 2484 (Idem,
445 2445 565 2473 Oratione
577 2443 595 2471 Ξ
608 2444 634 2470 in
646 2440 804 2477 Catilinam).

236 2494 282 2522 55.
295 2493 391 2521 Nescio
409 2498 476 2527 quos
496 2490 575 2518 etiam
588 2489 662 2525 quasi
685 2488 836 2515 desertores
859 2483 990 2519 dogmatis

204 2539 286 2566 vestri
303 2538 334 2566 ad
351 2538 431 2565 [idem
446 2535 604 2564 catholicam
623 2540 768 2561 conversos
783 2530 872 2565 arguis
891 2528 933 2556 vel
946 2536 989 2555 re-

206 2592 307 2612 versos.
331 2584 402 2618 Quos
426 2588 514 2610 tamen
538 2580 691 2616 signiﬁcasti
708 2579 742 2606 ita
760 2583 785 2605 te
810 2582 938 2608 metuere,
962 2579 991 2601 ut

205 2636 299 2658 eorum
311 2629 417 2656 nomina
438 2627 588 2662 exprimere
601 2633 653 2652 non
669 2624 796 2655 auderes;
813 2629 845 2648 ne
865 2622 932 2648 forte
945 2627 992 2646 au-

205 2675 313 2702 dientes
325 2673 372 2700 abs
385 2677 412 2700 te
431 2680 478 2700 sua
501 2672 566 2699 falsa
590 2670 712 2700 crimina.
736 2676 798 2695 mox
821 2667 878 2698 tibi,
900 2666 921 2692 si
939 2673 990 2691 non

205 2734 260 2762 litos
273 2730 297 2762 in
309 2732 450 2762 contextum
457 2729 551 2762 transiit
562 2726 771 2762 marginalishhaee
781 2723 900 2762 adnotatiq
913 2729 918 2746 :
933 2721 992 2762 nire

204 2754 337 2793 compleris
346 2759 473 2793 upostolus
483 2754 630 2793 testimoniis
636 2756 720 2793 usserit
729 2754 920 2793 parvulaeque
927 2755 992 2793 quite:

204 2782 589 2817 Eilié"iaiébiaJ-{lﬁi"élui'eum
603 2787 711 2816 creti-ris,
729 2782 752 2811 'et
764 2789 851 2810 natura
869 2790 920 2817 esse
930 2782 993 2817 ﬁlios

203 2814 265 2855 ire},
277 2814 373 2855 rt
380 2814 476 2855 caeteri,
488 2819 545 2855 quia
556 2822 653 2855 peccato
661 2814 804 2846 moriuntur,
817 2821 871 2841 cum
882 2814 907 2840 in
918 2819 963 2839 mo:
971 2816 994 2838 te

206 2850 294 2878 turi-1i
305 2851 457 2883 baptizatum
468 2850 609 2883 inc/triste.

235 2884 271 2916 (ιι)
288 2878 346 2907 \‘idc
355 2884 526 2914 Hieronymum
537 2882 561 2904 in
575 2881 652 2911 ipsum
663 2878 750 2903 locum.

343 2925 457 2955 SANCT.
485 2924 622 2952 AUGUST.
642 2921 682 2950 Χ.

850 184 854 185 γ
867 150 968 180 LIBER
983 149 1131 179 SEXTUS.

1765 159 1815 185 επ

1033 220 1105 245 vera.
1121 217 1196 241 certe
1215 214 1381 243 eredibillora
1406 219 1575 251 reponerent.
1608 216 1683 250 Quod
1708 217 1814 252 quidem

1029 258 1189 293 quicumque
1202 264 1264 287 sunt
1274 260 1328 292 isti,
1337 261 1360 287 si
1370 262 1608 296 gravitersapiuut,
1620 269 1671 289 non
1685 261 1813 293 facerent,

1030 309 1056 332 et
1069 310 1209 340 parcerent
1221 307 1267 333 tibi
1277 307 1422 335 secundum
1434 308 1594 342 apostolum,
1609 316 1659 335 non
1679 308 1811 336 reddentur

1030 351 1189 378 maledictum
1209 360 1254 387 pro
1278 353 1412 380 maledicto
1435 353 1455 389 (Ι
1468 353 1539 380 Petr.
1553 361 1593 387 in,
1606 354 1646 388 9).
1661 353 1700 381 Tu
1725 358 1814 381 autem

1030 397 1123 425 saltem
1136 397 1211 424 illum
1224 402 1377 425 monentem
1392 406 1426 426 ne
1438 398 1589 434 dedignaris
1601 399 1702 432 audire,
1717 399 1751 427 de
1763 407 1811 427 cu-

1027 441 1071 477 jus
1085 441 1180 469 Iittcrts
1193 442 1343 470 exclamare
1356 448 1382 471 te
1404 443 1489 477 libuit,
1507 453 1517 470 ‹
1535 443 1558 471 Ο
1575 448 1705 479 tempora,
1719 453 1736 472 o
1756 453 1813 472 mo-

1029 489 1090 516 res!
1109 498 1119 515 ι
1133 488 1243 521 Saltem,
1260 489 1378 524 inquam,
1400 490 1486 524 ipsum
1500 490 1572 523 audi,
1591 498 1601 516 ι
1616 495 1645 517 ιιι
1658 496 1785 526 quantum
1797 499 1813 519 a

1029 541 1118 561 rerum
1133 534 1294 569 turpitudine
1311 534 1375 562 abes
1388 544 1398 561 ι
1410 535 1432 562 si
1445 540 1532 563 tamen
1548 536 1745 569 abes,itantum
1761 542 1787 565 te
1797 546 1812 564 a

1030 580 1171 608 verborum
1185 581 1306 608 libertate
1321 581 1461 616 sejungas;
1483 586 1511 609 et
1524 588 1555 608 ea
1570 581 1597 608 in
1616 582 1712 610 alteros
1726 590 1759 610 ne
1771 582 1814 610 di-

1029 633 1085 659 cas,
1099 633 1158 661 quae
1170 634 1231 653 cum
1245 626 1292 654 tibi
1302 626 1369 653 falso
1382 626 1486 661 objecta
1493 626 1556 660 sint,
1570 627 1722 655 erubescas.
1743 637 1752 654 ι
1764 629 1816 655 'I'a-

1031 670 1064 698 lia
1078 675 1103 698 te
1112 678 1177 699 sane
1189 672 1215 698 in
1227 671 1292 699 istos
1318 672 1408 699 nescio
1428 679 1495 707 quos
1519 671 1618 699 dixisse
1640 674 1686 707 qui
1710 672 1814 707 legunt,

1029 717 1148 750 sciant‘,
1168 717 1255 752 qualia
1276 717 1303 744 in
1325 717 1458 752 aliquibus
1481 718 1590 745 omnino
1603 725 1656 745 non
1682 718 1815 749 novimus.

1029 769 1096 796 quos
1109 762 1135 788 in
1150 762 1286 797 proposito
1309 763 1478 790 continentia:
1497 763 1643 791 recessisse
1662 771 1677 791 a
1697 764 1815 799 Pelagia-

1029 807 1071 834 nis
1093 807 1226 836 hzereticis
1248 809 1381 836 novimus.
1395 808 1443 836 Tui
1459 816 1525 836 vero
1533 809 1575 837 vel
1587 813 1639 836 tum
1651 810 1746 845 quales
1761 810 1816 837 sint

1030 853 1095 880 nihil
1108 861 1167 880 mea
1181 853 1303 888 interest,
1316 861 1384 889 quos
1403 858 1432 881 tu
1445 854 1486 881 vel
1501 861 1568 889 quas
1587 858 1615 882 tu
1629 854 1669 882 sic
1682 854 1761 887 fallis,
1785 860 1815 882 ut

1029 897 1103 925 dicas
1117 906 1158 925 me
1168 898 1289 931 deﬁnire,
1308 908 1319 925 ι
1337 906 1386 927 nec
1400 900 1427 926 in
1442 899 1546 927 carioso
1570 899 1676 935 quidem
1702 908 1815 936 corporo

1030 943 1166 971 libidinem
1180 951 1258 978 posse
1270 943 1379 971 frenari.
1393 953 1402 970 ι
1420 944 1476 972 lmo
1489 945 1550 980 quia
1570 944 1667 973 frenari
1688 953 1770 980 posse
1788 952 1816 974 et

1030 987 1128 1015 frenari
1139 993 1263 1023 oportere
1275 988 1399 1023 decerno,
1412 989 1472 1017 ideo
1482 989 1582 1017 malum
1595 990 1723 1026 intelligo.
1737 991 1814 1025 Quod

1030 1033 1075 1069 qui
1088 1038 1166 1068 negat
1188 1034 1296 1067 malum,
1317 1033 1414 1061 viderit
1436 1035 1569 1070 quomodo
1587 1034 1684 1063 habeat
1704 1036 1812 1068 bonum,

1030 1079 1073 1106 cui
1084 1083 1284 1114 repugnantem,
1299 1079 1362 1107 velit
1376 1080 1451 1112 nolit,
1471 1079 1567 1107 fatetur
1581 1080 1737 1108 frenandam
1753 1088 1814 1109 esse

1031 1122 1177 1151 libidinem.
1191 1123 1247 1159 Ego
1261 1124 1349 1159 itaque
1362 1132 1415 1152 non
1428 1125 1514 1151 solum
1529 1132 1544 1151 a
1557 1125 1675 1159 senibus,
1684 1133 1776 1154 verum
1788 1132 1816 1154 et

1031 1176 1046 1195 a
1058 1168 1200 1204 juvenibus
1212 1168 1271 1196 dico
1284 1169 1418 1197 libidinem
1430 1176 1507 1204 posse
1515 1169 1612 1197 frenari
1624 1179 1630 1197 :
1642 1171 1688 1198 sed
1703 1172 1814 1199 multum

1032 1213 1115 1240 miror
1127 1222 1143 1241 a
1154 1213 1351 1241 continentibus
1364 1214 1502 1242 libidinem
1514 1221 1593 1249 posse
1608 1215 1720 1242 laudari.

1068 1258 1113 1286 56.
1126 1258 1191 1292 Quis
1205 1264 1293 1286 autem
1302 1263 1422 1286 nostrum
1441 1259 1517 1291 dicit,
1533 1268 1543 1286 ι
1560 1259 1656 1287 Malum
1676 1259 1727 1288 hoc
1744 1261 1815 1295 quod

1033 1305 1138 1340 parvuli
1151 1304 1315 1339 originalitcr
1334 1305 1452 1338 trahunt,
1472 1305 1531 1332 sine
1549 1305 1696 1332 substantia
1720 1306 1747 1333 in
1760 1314 1814 1341 qua

1032 1355 1083 1384 est,
1097 1355 1142 1378 aut
1153 1359 1211 1378 esse
1225 1358 1312 1385 posse,
1333 1355 1378 1378 aut
1391 1358 1506 1386 unquam
1521 1350 1620 1378 fuisse?
1634 1360 1643 1378 ι
1661 1351 1737 1386 Quod
1753 1356 1815 1380 tan-

1033 1404 1112 1431 quam
1125 1396 1254 1430 dicamus,
1271 1396 1306 1423 ita
1320 1397 1417 1431 quaeris
1430 1396 1585 1424 dialecticos
1600 1396 1715 1432 judiccs.
1740 1401 1768 1425 et
1782 1397 1819 1425 ir-

1033 1441 1105 1469 rides
1118 1442 1233 1477 vulgum,
1249 1441 1323 1476 quasi
1339 1441 1372 1468 ad
1385 1441 1470 1477 ipsum
1491 1446 1516 1469 te
1533 1441 1648 1477 judicem
1674 1442 1812 1474 adducam.

1034 1494 1050 1514 ι
1064 1494 1116 1522 quo
1125 1486 1238 1522 judicari
1251 1486 1301 1514 ista
1316 1493 1369 1514 non
1384 1490 1495 1522 possunt
1508 1495 1515 1513 :
1530 1494 1588 1521 quae
1604 1491 1630 1513 tu
1645 1487 1667 1514 si
1681 1494 1734 1514 non
1747 1487 1818 1514 didi-

1034 1534 1128 1565 cisses,
1145 1532 1277 1567 Pelagiani
1288 1531 1419 1567 dogmatis
1444 1531 1567 1559 machina
1592 1531 1650 1559 sine
1672 1532 1818 1561 architecto

1035 1578 1187 1606 necessario
1201 1577 1386 1606 remansisset.
1400 1576 1428 1605 Si
1440 1577 1480 1604 vis
1487 1577 1586 1610 vivere,
1598 1577 1652 1604 noli
1667 1584 1758 1605 amare
1774 1584 1820 1604 sa-

1036 1624 1162 1658 pientiam
1177 1622 1261 1655 verbi,
1283 1630 1336 1658 qua
1349 1626 1492 1649 evacuatur
1511 1629 1577 1649 crux
1598 1621 1697 1649 Christi
1719 1622 1743 1658 (Ι
1755 1621 1817 1649 Cor.

1035 1678 1055 1703 ι,
1072 1668 1275 1706 l7).Quomodo
1286 1667 1320 1696 de
1333 1667 1393 1695 aliis
1405 1667 1559 1695 substantiis
1571 1667 1599 1694 in
1614 1667 1680 1694 alias
1694 1667 1820 1695 substan-

1037 1715 1087 1742 tias
1097 1714 1139 1741 vel
1153 1714 1230 1741 bonae
1244 1713 1286 1740 vel
1300 1713 1377 1740 malat
1388 1716 1525 1740 transeant
1537 1713 1690 1748 qualitates,
1706 1720 1758 1739 non
1771 1712 1822 1739 mi—

1036 1759 1147 1795 grando,
1159 1758 1206 1786 sed
1215 1757 1367 1791 aiticiendo,
1386 1757 1441 1792 jam
1457 1757 1524 1784 libro
1534 1757 1672 1792 superiore
1691 1758 1817 1785 tractavi-

1037 1814 1097 1835 mus
1116 1805 1225 1841 (Supra,
1247 1804 1292 1831 lib.
1315 1804 1343 1837 5,
1358 1812 1384 1831 ιι.
1401 1803 1457 1838 51).
1482 1803 1511 1831 Si
1533 1803 1605 1838 vulgi
1627 1802 1731 1837 spernis
1747 1801 1821 1837 judi-

1039 1853 1122 1888 cium,
1136 1853 1195 1880 illos
1213 1851 1316 1886 iudices
1340 1850 1454 1883 intuere,
1468 1856 1536 1884 quos
1553 1849 1600 1876 tibi
1613 1848 1717 1875 duobus
1728 1848 1823 1883 priori-

1038 1901 1087 1929 bus
1113 1901 1180 1929 meis
1200 1899 1276 1927 libris
1295 1896 1506 1925 luculentissima
1535 1896 1562 1923 in
1582 1895 1701 1923 Ecclesia
1724 1894 1823 1922 Christi

1038 1948 1164 1984 praeditos
1176 1945 1332 1974 auctoritate
1345 1944 1480 1979 proposui.

1073 1992 1185 2021 CAPUT
1196 1992 1253 2020 XII.
1269 2005 1304 2011 —
1318 1991 1362 2019 57.
1378 1989 1461 2023 Quale
1471 1992 1513 2016 est
1524 1992 1623 2021 autem,
1647 1986 1718 2023 quod
1738 1987 1823 2014 beata:

1039 2038 1175 2067 memoria:
1204 2037 1338 2077 Zosimum
1372 2034 1533 2070 Apostolica:
1559 2032 1636 2061 Sedis
1656 2032 1822 2067 episcopum.

1038 2084 1104 2111 utin
1115 2088 1159 2110 tua
1170 2081 1298 2118 pravitate
1311 2080 1449 2116 persislas,
1459 2076 1684 2114 praevaricationis
1696 2076 1824 2104 accusas?

1038 2129 1090 2163 Qui
1104 2136 1158 2157 non
1172 2127 1282 2155 recessit
1291 2134 1306 2153 a
1321 2133 1370 2153 suo
1377 2124 1557 2161 prmeessore'
1569 2122 1732 2156 Innocentio,
1746 2129 1824 2157 quem

1040 2181 1068 2204 tu
1081 2175 1218 2204 nominare
1243 2172 1367 2204 timuisti;
1392 2170 1439 2199 sed
1459 2169 1574 2197 maluisti
1596 2169 1743 2201 Zosimum,
1764 2167 1824 2203 quia

1040 2222 1094 2258 egit
1108 2221 1230 2257 primitus
1253 2219 1339 2246 lenius
1351 2225 1411 2245 cum
1436 2216 1565 2244 leestio
1579 2223 1585 2241 :
1601 2214 1725 2250 quoniam
1742 2221 1773 2241 se
1797 2213 1823 2240 iu

1041 2268 1082 2295 his
1093 2266 1216 2294 sensibus
1228 2264 1324 2295 vestris
1338 2263 1360 2291 si
1374 2261 1438 2297 quid
1448 2260 1611 2295 displiceret,
1631 2263 1750 2294 paratum
1764 2266 1826 2286 esse

1041 2313 1148 2340 dixerat
1168 2310 1276 2345 corrigi,
1297 2312 1325 2336 et
1348 2306 1495 2335 Innocentii
1514 2305 1611 2333 litteris
1630 2310 1826 2332 consensurum

1040 2365 1100 2386 esse
1108 2356 1276 2392 promiserat.

1076 2403 1121 2431 58.
1132 2402 1265 2430 Memento
1274 2407 1340 2428 sane
1352 2396 1572 2435 quemadmodum
1587 2395 1621 2423 de
1641 2394 1827 2423 constituendo
1843 2417 1848 2423 .

1041 2450 1166 2485 episeopo
1184 2447 1378 2476 dissensionem
1391 2443 1481 2480 populi
1498 2441 1610 2470 Romani
1619 2440 1827 2474 lnSultabundus

1042 2496 1159 2531 objectas
1174 2494 1224 2531 (a).
1239 2492 1315 2527 Quod
1325 2491 1373 2519 abs
1386 2496 1411 2520 te
1424 2497 1525 2532 quaero,
1539 2493 1629 2516 utrum
1642 2487 1766 2515 homines
1780 2495 1828 2515 sua

1043 2541 1154 2569 fecerint
1166 2539 1311 2566 voluntate.
1325 2535 1401 2571 Quod
1415 2535 1438 2563 sl
1447 2542 1540 2570 negas,
1564 2533 1698 2569 quomodo
1716 2532 1828 2560 liberum

1076 2626 1084 2642 ⁸
1103 2629 1152 2649 Am.
1165 2626 1201 2647 Er.
1215 2625 1241 2647 et
1259 2620 1349 2652 aliquot
1359 2623 1422 2652 Mss,
1434 2617 1519 2652 sciunt.
1539 2616 1650 2652 meliores
1671 2616 1827 2652 manuscripti

1044 2646 1179 2684 cum'ifovJ
1187 2646 1271 2678 sciunt.
1284 2646 1333 2676 Non
1344 2650 1396 2686 vult
1412 2646 1557 2685 Augustinus
1566 2666 1573 2677 ,
1585 2651 1613 2672 ut
1625 2653 1657 2683 ea
1665 2646 1765 2681 crimina
1773 2652 1829 2699 (pia:

1044 2688 1103 2699 ιλιι..-
1114 2685 1175 2699 διε-σο
1195 2684 1345 2699 ηιι-ηιιιιιηιιη·
1373 2681 1412 2699 Im-
1423 2686 1467 2699 nm-
1486 2685 1564 2699 [nsum
1573 2680 1687 2699 noverint
1695 2682 1737 2699 out
1756 2679 1784 2699 Ju
1795 2681 1829 2699 la-

1044 2679 1104 2712 l‘also
1114 2679 1176 2710 ferte
1195 2684 1345 2713 ob;ectantur
1354 2698 1362 2712 ,
1373 2681 1412 2706 hic
1423 2679 1467 2712 per
1486 2679 1564 2710 ipsum
1573 2679 1687 2703 noverint
1695 2679 1737 2707 qui
1756 2679 1829 2700 Julia-

1045 2724 1103 2743 num
1118 2723 1166 2740 non
1176 2714 1270 2745 legunt.
1428 2740 1433 2745 _
1567 2743 1575 2745 _
1614 2744 1619 2745 γ

1076 2739 1142 2771 ῗίι-ιῖέ
1159 2750 1185 2771 et
1196 2739 1266 2773 ἄμμ,
1278 2749 1347 2768 asuo
1365 2740 1540 2774 praedecessore
1565 2739 1707 2763 innocentia.
1731 2739 1782 2760 Am.
1802 2739 1828 2760 et

1046 2783 1109 2808 Mss,
1122 2781 1273 2809 prmcessore.

1077 2796 1113 2839 ῖιῦ
1122 2796 1342 2839 νέέἴιῖἕιῖἔὲέίιίοθι
1352 2802 1430 2839 quad»
1446 2796 1832 2839 “sittaEﬂP'lﬁ‘EaEﬂff’lE‘EE‘

1047 2826 1415 2866 tiii'inEFiiiBTsﬁﬁar‘EJu‘ési,
1423 2826 1479 2866 cum
1490 2831 1607 2866 adversus
1618 2828 1760 2853 Bonifacium
1771 2826 1834 2859 legis

1049 2860 1223 2897 uiﬁe'élé'cimh
1234 2860 1413 2891 contenderent
1418 2863 1458 2887 alii
1467 2868 1510 2893 [uo
1521 2860 1619 2885 Eulalio.

1445 2901 1672 2944 (νέηαι-ειμι.)
