4142 6500
485 355 590 411 διδ

490 470 731 527 defendis
752 464 1066 523 arbitrium?
1091 462 1145 516 Si
1175 469 1350 516 autem
1393 457 1597 526 fateris,
1630 456 1896 530 quomodo
1937 470 2054 510 eam

487 578 649 620 vocas
673 581 692 614 ι
723 561 972 615 ultionem
1000 556 1114 621 Dei,
1143 572 1161 606 ι
1187 560 1345 622 atque
1372 567 1402 606 a
1429 560 1610 606 vestro
1629 549 1878 622 dogmate
1902 563 2058 604 exor-

489 655 647 718 hitas,
672 650 796 705 dum
839 645 1009 717 putari
1051 641 1301 699 divinitus
1328 642 1624 696 vindicatus
1649 641 1666 673 ⁸
1693 639 1946 695 allectus?
1975 637 2053 691 An

489 743 700 798 tandem
743 735 1029 806 aliquando
1095 732 1382 800 concedis,
1454 732 1595 802 quod
1641 729 2054 786 obstinatissima

486 829 828 886 contentione
875 839 1185 897 negaveras,
1213 824 1425 878 occulto
1456 823 1547 880 Dei
1573 821 1773 892 judicio
1818 820 1953 883 ﬁeri,
1999 826 2057 872 ut

486 923 542 976 in
577 920 707 989 ipsis
747 917 1023 972 hominum
1078 914 1441 969 voluntatibus
1488 913 1786 966 inveniatur
1834 909 2049 979 aliquid,

486 1009 628 1080 quod
653 1017 707 1064 et
731 1018 1005 1078 peccatum
1031 1005 1174 1061 sitet
1201 1018 1356 1073 pteua
1385 1002 1626 1074 peccati?
1651 1002 1761 1055 lloe
1785 999 1926 1054 enim
1956 998 2054 1053 nisi

485 1104 536 1157 in
559 1101 657 1155 ista
681 1110 767 1155 tua
796 1098 1059 1153 sententia
1085 1096 1375 1166 sapuisses,
1395 1095 1540 1148 nullo
1558 1091 1718 1147 modo
1743 1092 1934 1145 factum
1965 1089 2059 1143 ho-

485 1192 686 1245 minum
710 1189 967 1242 ultionem
995 1187 1090 1241 Dei
1117 1201 1236 1240 esse
1264 1184 1514 1239 dixisses.
1547 1181 1652 1238 Sed
1684 1180 1894 1251 quando
1934 1190 2057 1234 ante

486 1297 654 1336 annos
684 1281 940 1349 plttrimos
962 1278 1068 1334 tale
1094 1277 1164 1332 ihi
1195 1276 1445 1346 quiddam
1467 1275 1534 1330 de
1559 1274 1715 1328 beato
1742 1273 1966 1326 Damaso
2004 1281 2058 1326 et

486 1371 736 1428 Ursicino
775 1372 796 1402 ³
831 1369 1076 1438 contigit,
1098 1367 1328 1422 nondum
1352 1365 1660 1436 Pelagianos
1696 1363 1928 1419 Ecclesia
1953 1361 2059 1415 llo-

485 1479 640 1518 mana
671 1463 1035 1518 damnaverat.

554 1553 641 1609 59.
702 1553 861 1613 Dicis,
915 1566 1042 1607 «me
1081 1565 1292 1621 quoque
1337 1549 1508 1619 ipsum
1550 1548 1832 1602 innovasse
1865 1558 2053 1600 sensus

481 1661 646 1709 meos,
671 1655 724 1700 et
757 1645 907 1699 initio
935 1643 1301 1698 conversionis
1339 1657 1474 1698 mea:
1501 1641 1606 1697 hoc
1649 1640 1884 1695 sensisse
1912 1638 2054 1710 quod

482 1751 599 1792 tua
630 1737 734 1793 Sed
789 1738 946 1806 fallis,
977 1745 1068 1790 aut
1116 1734 1343 1800 falleris,
1386 1734 1501 1789 sive
1549 1729 2055 1795 calumniandobis

480 1845 598 1899 qua:
627 1843 765 1883 nunc
783 1827 926 1892 dico,
953 1827 1064 1880 sive
1092 1841 1197 1880 non
1226 1823 1591 1895 intelligendo,
1619 1824 1707 1878 vel
1735 1822 1912 1892 potius
1942 1834 2048 1875 non

481 1920 705 1990 legendo
730 1935 790 1973 ea
817 1934 936 1988 qua:
967 1927 1094 1971 tunc
1114 1917 1248 1971 dixi.
1275 1915 1406 1970 Nam
1428 1930 1529 1986 ego
1555 1931 1652 1986 per
1680 1931 1840 1970 unum
1881 1913 2053 1969 homi-

481 2027 601 2065 nem
629 2011 681 2064 in
710 2007 965 2064 mundum
994 2007 1221 2062 intrasse
1250 2015 1548 2075 peceatum,
1579 2015 1633 2060 et
1651 2020 1748 2076 per
1774 2013 2050 2076 peccatum

479 2109 724 2164 mortem,
770 2108 823 2153 et
878 2098 948 2151 ita
975 2097 1028 2152 in
1073 2112 1260 2152 omnes
1306 2097 1551 2152 homines
1594 2095 1966 2167 pertransiSse,
1997 2095 2049 2149 itt

476 2207 580 2261 quo
605 2199 959 2262 peccaverunt
978 2203 1166 2244 omnes
1188 2187 1368 2260 (Rom.
1391 2203 1444 2254 ν,
1469 2186 1581 2260 12);
1627 2186 1696 2241 ab
1727 2186 1880 2241 initio
1919 2201 2050 2239 eon-

479 2283 736 2336 versionis
761 2296 896 2335 mere
921 2281 999 2334 sic
1049 2281 1192 2335 tenui
1231 2294 1466 2349 semper,
1513 2287 1571 2333 ut
1603 2286 1776 2333 teneo.
1833 2278 2050 2332 Exstant

477 2372 594 2427 libri
624 2386 758 2443 quos
783 2371 957 2426 adhuc
975 2370 1142 2427 laicus
1169 2370 1541 2424 recentissima
1562 2383 1682 2424 mea
1702 2367 2051 2424 conversione

473 2464 910 2535 conscripsi,cLsi
936 2462 1172 2518 nondum
1211 2463 1349 2517 sicut
1396 2470 1577 2532 postea
1627 2461 1796 2516 sacris
1837 2461 2051 2515 Litteris

479 2556 738 2619 eruditus,
771 2564 947 2609 tamen
981 2554 1112 2608 nihil
1141 2553 1209 2609 de
1231 2553 1328 2608 hac
1377 2568 1436 2607 re
1476 2552 1586 2622 jam
1616 2561 1761 2626 tunc.
1790 2551 2048 2614 sentiens,

474 2655 527 2700 et
554 2647 642 2700 ubi
667 2645 972 2715 disputandi
994 2645 1131 2700 ratio
1164 2653 1482 2714 poposcerat
1508 2643 1716 2707 dicens,
1760 2642 1861 2696 nisi
1909 2643 2050 2712 quod

473 2735 764 2806 antiquitus
807 2736 974 2792 discit
1015 2735 1036 2767 ³
1061 2743 1117 2791 et
1160 2735 1318 2790 docet
1353 2734 1527 2790 omnis
1572 2735 1806 2790 Ecclesia
1833 2735 1918 2789 :in
1956 2734 2052 2789 has

474 2830 724 2885 videlicet
766 2843 987 2900 magnas
1029 2829 1444 2899 manifestasque
1485 2826 1752 2894 miserias,
1781 2828 1833 2882 in
1863 2826 2053 2898 quibus

474 2922 632 2977 homo
681 2922 896 2977 vanitati
939 2921 1126 2976 similis
1162 2920 1331 2976 factus
1383 2928 1486 2987 est,
1521 2928 1581 2975 ut
1615 2919 1733 2976 dies
1770 2918 1888 2990 ejus
1916 2919 2052 2974 sicut

473 3016 659 3071 umbra
687 3023 1007 3086 prtetereant
1036 3013 1207 3085 (Psal.
1236 3027 1418 3078 cxutt,
1455 3010 1538 3083 4),
1586 3020 1642 3067 et
1691 3010 1762 3066 sit
1802 3011 2053 3066 universa

474 3107 680 3162 vanitas
722 3107 897 3161 omnis
922 3106 1084 3160 homo
1107 3104 1480 3174 vivens(Psal.
1516 3119 1738 3170 xxxvm,
1772 3103 1850 3174 6),
1892 3101 2055 3158 meri-

477 3211 531 3253 to
583 3198 784 3268 peccati
823 3184 1094 3266 originalis
1142 3211 1310 3267 genus
1347 3195 1632 3250 humanum
1684 3194 1847 3250 fuisse
1887 3194 2054 3249 colla-

475 3307 648 3360 psum;
665 3289 803 3345 unde
815 3305 918 3344 non
936 3289 1121 3345 liberat
1136 3289 1233 3344 nisi
1251 3289 1338 3358 qui
1355 3288 1504 3352 dixit,
1523 3286 1715 3342 Veritas
1730 3285 1956 3341 liberabit
1972 3302 2056 3342 vos

479 3380 658 3444 (Joan.
687 3395 782 3435 vnt
802 3420 817 3444 ,
848 3378 963 3448 32);
990 3387 1064 3446 et,
1094 3375 1207 3449 Ego
1231 3394 1341 3432 sunt
1371 3377 1552 3431 ueritas
1582 3375 1689 3449 (Id.
1713 3391 1822 3444 xtv,
1852 3375 1931 3448 6);
1976 3385 2052 3442 et,

475 3471 537 3525 Si
561 3487 647 3526 vos
683 3469 853 3526 Filius
900 3469 1201 3534 liberaverit,
1261 3478 1378 3522 tunc
1419 3483 1531 3522 uere
1573 3467 1716 3522 liberi
1761 3466 1896 3521 eritis
1942 3465 2050 3538 (Id.

475 3561 720 3630 vnt,56).
739 3560 856 3616 Non
895 3561 1036 3616 enim
1065 3575 1096 3614 a
1117 3561 1349 3614 vanitate
1377 3559 1474 3613 nisi
1501 3558 1698 3613 veritas
1713 3556 1934 3623 liberat;
1960 3557 2053 3612 sed

475 3651 765 3707 secundum
789 3652 1040 3722 gratiam,
1063 3665 1169 3706 non
1191 3651 1482 3704 secundum
1509 3648 1768 3713 debitum;
1814 3664 1908 3718 per
1954 3651 2055 3703 ml-

475 3741 838 3805 serieordiam,
897 3757 1002 3795 non
1041 3756 1139 3812 per
1186 3741 1454 3796 meritum.
1496 3739 1640 3795 Sicut
1685 3738 1828 3794 enim
1873 3738 2055 3809 judicii

476 3834 576 3889 fuit
599 3843 656 3888 ut
675 3833 890 3888 vanitati
920 3832 1335 3902 suhjiceremur;
1366 3831 1436 3886 ita
1465 3829 1849 3886 misericordia:
1885 3840 1968 3885 est
1998 3839 2056 3884 ut

475 3925 700 3980 veritate
724 3924 1033 3990 liberemur,
1060 3931 1116 3978 et
1144 3923 1257 3993 ipsa
1277 3922 1417 3977 bona
1468 3923 1659 3977 merita
1688 3931 1871 3976 nostra
1913 3935 2053 3976 non-

431 4079 434 4082 ,
480 4016 581 4071 nisi
612 4016 703 4070 Dei
725 4016 864 4070 dona
890 4029 1011 4070 esse
1042 4013 1323 4070 fateamur.

547 4104 772 4162 CAPUT
797 4104 912 4160 Xlll
943 4104 1115 4175 (a).—
1132 4104 1221 4160 40.
1243 4104 1359 4160 1am
1380 4119 1521 4159 nunc
1547 4104 1688 4158 illam
1718 4113 1860 4159 tuam
1881 4103 2056 4159 discu-

478 4199 672 4252 tiamus
687 4197 1025 4261 calumniam,
1053 4211 1156 4266 qua
1177 4211 1263 4252 me
1291 4196 1486 4252 dixisse
1501 4197 1816 4260 criminaris,
1842 4215 1861 4249 ι
1888 4197 2057 4268 bapti-

477 4298 627 4341 zatos
668 4302 739 4341 ex
764 4295 918 4357 parte
944 4286 1211 4342 mundari.
1246 4286 1396 4354 Quod
1432 4289 1619 4342 melius
1651 4306 1670 4340 ι
1699 4287 1834 4343 dicis
1866 4306 1887 4340 ι
1914 4289 2049 4345 meis

479 4377 815 4451 sermonibus
837 4390 1094 4447 apparere
1121 4393 1136 4430 :
1167 4395 1187 4428 ι
1213 4391 1414 4448 eosque
1435 4393 1709 4434 sermones
1739 4395 1911 4445 meos,
1933 4382 2052 4451 qui-

479 4468 580 4522 bus
611 4467 712 4522 hoc
737 4449 995 4537 apparere
1026 4480 1182 4536 posse
1209 4481 1504 4534 asseveras,
1545 4449 1966 4526 considerandos
1999 4472 2055 4527 in

481 4568 568 4612 tua
590 4557 948 4627 disputatione
991 4558 1264 4627 proponis.
1298 4558 1412 4628 Ago
1455 4560 1678 4629 gratias,
1723 4576 1920 4632 nempe
1972 4563 2055 4617 isti

479 4661 646 4705 sunt:
682 4671 700 4702 s
735 4651 944 4713 Carnis,
982 4668 1000 4703 s
1033 4651 1268 4720 inquam,
1325 4669 1344 4704 ι
1371 4654 1800 4723 concupiscentia
1839 4670 1946 4710 non
1973 4665 2057 4710 est

483 4741 682 4812 nuptiis
709 4740 1037 4812 imputanda,
1081 4742 1173 4796 sed
1205 4743 1497 4799 toleranda.
1525 4744 1639 4802 Non
1679 4747 1821 4802 enim
1865 4756 1948 4802 est
1984 4763 2053 4803 ex

482 4831 710 4896 naturali
733 4832 1000 4899 connubio
1021 4834 1236 4888 veniens
1255 4836 1468 4902 bonum,
1485 4837 1576 4892 sed
1598 4853 1665 4894 ex
1687 4839 1906 4910 antiquo
1927 4855 2054 4910 pec-

482 4933 604 4980 cato
619 4923 868 4980 accidens
892 4923 1104 4978 malum.
1136 4924 1360 4994 Propter
1387 4927 1522 4988 hanc
1547 4943 1676 4999 ergo
1704 4929 1782 4996 ﬁt,
1811 4940 1869 4985 ut
1895 4932 2056 4986 etiam

482 5016 550 5070 de
571 5013 730 5085 iustis
753 5021 810 5069 et
838 5013 1083 5083 legitimis
1132 5016 1332 5086 nuptiis
1373 5017 1602 5072 liliorum
1649 5019 1762 5085 Dei,
1805 5035 1909 5074 non
1961 5021 2055 5076 lilii

487 5105 601 5170 Dei,
628 5103 722 5160 sed
748 5103 840 5159 lilii
865 5105 1043 5160 saeculi
1071 5116 1394 5177 generentur
1417 5125 1430 5162 :
1473 5110 1598 5179 quia
1614 5118 1668 5165 et
1697 5111 1748 5164 Iti
1782 5111 1872 5180 qui
1895 5126 2055 5182 gene-

483 5205 626 5264 rant,
670 5198 715 5252 si
755 5195 866 5268 jam
922 5198 1216 5268 regenerati
1259 5208 1401 5265 sunt,
1437 5215 1542 5255 non
1573 5217 1637 5256 ex
1667 5201 1770 5256 hoc
1798 5216 2059 5273 generant

519 5367 530 5378 _
553 5307 694 5378 tua.
721 5313 776 5358 et
809 5312 922 5378 L01.
963 5342 979 5368 ,
1028 5304 1337 5378 uindicatam.
1365 5315 1437 5378 _At
1481 5318 1578 5378 Am.
1629 5318 1680 5362 et
1717 5324 1888 5378 omnes
1929 5321 2053 5372 Mss,

483 5367 770 5437 vindicatus.
807 5430 820 5437 _
859 5367 990 5437 Hanc
1043 5368 1305 5437 lectionem
1323 5430 1335 5437 _
1363 5371 1634 5437 improbant
1701 5367 2052 5437 tovanieuses,

483 5444 582 5481 non
605 5430 670 5480 ob
692 5429 841 5491 aliud,
866 5430 959 5493 nisi
973 5429 1112 5493 (quod
1137 5429 1235 5480 illic
1257 5430 1336 5493 agi
1359 5429 1530 5493 putent
1563 5434 1627 5482 de
1648 5436 1907 5486 schismate
1931 5429 2056 5489 inter

487 5500 741 5557 Damasum
763 5499 817 5557 et
838 5491 1124 5552 Ursicinum,
1156 5491 1495 5556 quodeo—cidit,
1521 5493 1759 5557 inquiunt,
1784 5505 1898 5549 ante
1921 5503 2055 5551 andi-

486 5563 590 5604 tum
610 5551 785 5603 Juliani
805 5565 1008 5602 nomen.

491 5615 731 5724 m'ﬁggud
756 5623 856 5663 tun.
876 5617 951 5662 Er.
979 5619 1030 5664 et
1049 5610 1312 5666 Gallicanos
1331 5621 1439 5667 Mss.
1478 5629 1750 5684 omnesque
1791 5621 2052 5684 t'atieaaos,

533 5687 680 5725 rssno.

549 5745 572 5798 τ
601 5746 780 5798 manes
802 5746 952 5798 prope
973 5739 1103 5795 MSS...
1127 5733 1263 5790 tlitil.

545 5795 619 5859 (ο)
652 5797 780 5860 Αριιά
803 5795 904 5847 Am;
923 5804 974 5847 et
997 5803 1090 5862 PL,
1111 5798 1158 5848 5.

1298 345 1565 400 CONTRA
1606 341 1939 430 JULIANUM
1981 340 2438 412 PELAGIANUM,
2479 343 2536 398 S.
2579 345 2944 402 AUGUSTI-Nl

2163 467 2267 524 quo
2295 454 2387 508 ﬁlii
2421 455 2513 510 Dei
2537 467 2679 524 sunt,
2710 459 2803 514 sed
2831 475 2895 515 ex
2921 474 3027 531 quo
3047 459 3218 518 adhuc
3255 462 3347 517 lilii
3391 464 3593 522 saeculi.
3625 468 3727 523 Do-

2166 546 2355 600 miniea
2385 547 2578 617 quippe
2605 552 2865 606 sententia
2892 561 2977 606 est
3005 571 3021 608 :
3047 553 3174 608 Filii
3200 555 3351 626 hujus
3387 558 3557 611 saeculi
3583 574 3731 630 gene-

2165 645 2277 690 rant
2303 646 2347 691 et
2365 649 2662 707 generantur
2687 658 2706 692 ι
2730 640 2879 711 (Luc.
2902 658 2998 708 xx,
3021 643 3132 717 3t).
3171 646 3278 700 «Ex
3310 663 3414 717 quo
3439 649 3614 718 itaque
3638 663 3730 704 su-

2165 742 2281 782 mus
2301 727 2474 782 adhuc
2503 729 2593 783 ﬁlii
2623 730 2774 800 hujus
2811 734 3012 799 saeculi,
3059 739 3299 791 exterior
3341 738 3502 794 homo
3545 751 3730 797 noster

2163 819 2537 888 corrumpitur,
2552 833 2616 874 ex
2638 819 2739 875 hoc
2759 830 2812 876 et
2833 821 2989 892 hujus
3014 826 3190 879 saeculi
3216 827 3304 880 lilii
3327 840 3646 898 generantur
3677 833 3692 864 ⁸
3717 849 3730 886 :

2165 923 2228 962 ex
2255 923 2360 978 quo
2385 924 2568 966 sumus
2594 912 2688 966 ﬁlii
2717 913 2831 980 Dei,
2866 914 3086 969 interior
3110 928 3396 973 renovatur
3447 920 3516 976 de
3565 921 3652 976 die
3681 923 3733 977 in

2165 999 2302 1053 diem
2332 1018 2351 1052 ι
2376 1000 2446 1070 (ll
2468 1001 2587 1056 Cor.
2608 1019 2681 1071 tv,
2708 1004 2818 1075 16).
2851 1021 2871 1057 t
2902 1005 3152 1071 Quamvis
3169 1015 3223 1062 et
3246 1008 3362 1078 ipse
3385 1011 3617 1065 exterior
3640 1028 3732 1081 per

2164 1089 2428 1148 lavacrum
2446 1095 2805 1149 sanctilicatus
2848 1096 2937 1163 sit,
2976 1105 3028 1151 et
3072 1111 3219 1167 spem
3269 1101 3455 1153 luturte
3493 1100 3731 1155 incorru-

2166 1181 2359 1248 ptionis
2385 1185 2668 1251 acceperit,
2698 1195 2913 1255 propter
2925 1186 3064 1257 quod
3081 1197 3134 1242 ct
3151 1190 3403 1257 templum
3425 1189 3516 1245 Dei
3542 1192 3735 1246 merito

2164 1269 2356 1326 dicitur
2382 1289 2401 1323 ι
2428 1271 2604 1343 (lCor.
2637 1291 2716 1341 ιιι,
2742 1275 2826 1348 16)
2853 1295 2872 1329 ι
2909 1295 2922 1331 :
2948 1277 3039 1332 sed
3071 1280 3170 1334 hoc
3194 1294 3297 1333 non
3325 1281 3494 1335 solum
3517 1291 3733 1353 propter

2165 1371 2478 1429 praeeuntem
2496 1366 2987 1436 sanctiﬁcationem,
3015 1370 3110 1425 sed
3125 1379 3344 1442 propter
3370 1374 3393 1407 ³
3423 1375 3564 1428 illam
3583 1389 3734 1444 spem

2165 1452 2364 1507 dictum
2385 1464 2488 1521 est,
2514 1454 2582 1511 de
2628 1472 2728 1527 qua
2759 1457 2971 1525 dicitur,
3021 1461 3085 1514 Et
3115 1479 3205 1515 nos
3247 1464 3348 1534 ipsi
3372 1467 3616 1535 primitias
3641 1469 3733 1521 ha-

2163 1544 2327 1598 bentes
2365 1545 2568 1614 spiritus
2617 1549 3006 1619 ingemiscimus,
3060 1553 3380 1624 adeptionem
3403 1555 3423 1586 ³
3443 1566 3734 1626 exspectan-

2164 1643 2246 1700 tes,
2275 1636 2663 1708 redemptionem
2681 1642 2908 1710 corporis
2931 1637 3090 1696 nostri
3118 1662 3137 1695 ι
3157 1645 3332 1714 (Rom.
3354 1662 3463 1713 vnt,
3491 1647 3642 1722 25).t
3671 1649 3732 1705 Si

2161 1741 2288 1796 ergo
2312 1727 2611 1798 redemptio
2641 1733 2881 1801 corporis
2905 1735 3068 1789 nostri
3100 1737 3389 1792 secundum
3418 1741 3732 1808 Apostolum

2160 1827 2515 1887 exspectatur,
2543 1821 2782 1891 profecto
2807 1824 2948 1894 quod
2972 1835 3312 1894 exspectatur
3337 1828 3514 1885 adhuc
3543 1844 3729 1900 spera-

2161 1916 2264 1975 tur,
2291 1909 2525 1965 nondum
2572 1920 2811 1968 teneturs
2845 1913 2946 1986 (De
2975 1914 3182 1986 Nuptiis
3219 1926 3266 1970 et
3294 1915 3730 1988 Concupiscentia,

2159 2001 2245 2054 tib.
2271 2003 2322 2066 l,
2360 2018 2448 2056 nn.
2481 2003 2571 2071 l9,
2606 2002 2723 2077 20).
2783 2006 2927 2062 Nihil
2972 2008 3172 2064 habent
3232 2011 3344 2065 lucc
3384 2012 3546 2066 verba
3608 2027 3729 2068 mea

2157 2093 2298 2163 quod
2315 2109 2421 2149 non
2451 2095 2501 2150 in
2526 2111 2585 2152 se
2611 2096 2910 2167 baptizatus
2930 2109 3202 2169 agnoscat,
3221 2102 3308 2171 qui
3333 2115 3453 2155 cum
3473 2102 3736 2172 Apostoln

2157 2186 2285 2240 dicit
2313 2204 2326 2242 :
2358 2186 2427 2241 Et
2453 2188 2551 2257 ipsi
2588 2190 2642 2243 in
2667 2191 3038 2263 nobismetipsis
3061 2194 3450 2264 ingemiseimus.
3497 2193 3649 2251 Unde
3676 2205 3736 2250 et

2157 2278 2282 2333 alibi
2303 2279 2375 2334 ait
2408 2298 2422 2335 :
2453 2278 2656 2335 Etenim
2683 2282 2768 2352 qui
2788 2299 2960 2337 sumus
2999 2285 3049 2338 in
3077 2284 3170 2338 hac
3215 2284 3538 2352 habitatione,
3586 2286 3728 2358 inge-

2157 2369 2414 2424 miscimus
2439 2371 2635 2441 gravati
2655 2371 2722 2442 (ll
2743 2371 2859 2427 Cor.
2880 2389 2930 2439 ν,
2955 2374 3032 2444 4).
3060 2373 3174 2440 Quo
3200 2374 3436 2444 pertinet
3455 2376 3614 2430 etiam
3659 2376 3724 2429 il-

2157 2457 2268 2526 lud,
2310 2459 2451 2528 quod
2479 2460 2530 2514 in
2562 2460 2699 2515 libro
2745 2461 3028 2532 Sapientiae
3073 2463 3296 2534 legimus
3325 2463 3556 2535 :Corpus
3593 2466 3728 2518 enim

2157 2547 2480 2618 corruptibile
2499 2561 2740 2621 aggravat
2768 2553 3008 2619 animam,
3031 2562 3078 2606 el
3104 2553 3336 2623 deprimit
3361 2563 3557 2606 terrena
3582 2554 3729 2606 in/ta-

2159 2638 2330 2693 bitatio
2355 2655 2557 2693 sensum
2577 2641 2738 2695 multa
2765 2643 3062 2712 cogitantem
3091 2643 3244 2713 (Sap.
3273 2659 3348 2707 tx,
3384 2643 3494 2713 15).
3525 2643 3630 2698 Sed
3673 2653 3732 2698 tu

2161 2739 2406 2801 tanquam
2449 2732 2501 2786 in
2524 2733 2661 2788 etelo
2676 2733 2784 2803 jam
2823 2734 2958 2788 inter
2981 2734 3212 2804 Angelos
3241 2735 3615 2789 immortaliter
3636 2734 3730 2789 ha-

2158 2821 2352 2888 bitans,
2381 2823 2539 2878 verba
2567 2823 2885 2878 inﬁrmitatis
2912 2831 2965 2878 et
2994 2825 3331 2879 mortalitatis
3351 2825 3567 2890 irrides;
3596 2837 3647 2880 et
3669 2841 3732 2881 ea

2158 2925 2431 2982 exponens
2453 2928 2557 2968 non
2599 2914 2891 2968 secundum
2929 2929 3108 2968 meum
3153 2929 3389 2983 sensum,
3419 2915 3510 2970 sed
3542 2931 3733 2971 secun-

2159 3001 2282 3056 dum
2304 3002 2485 3057 dolum
2511 3013 2675 3070 tuum,
2709 3004 2907 3060 dixisse
2936 3021 3022 3060 me
3068 3005 3322 3067 afﬁrmas,
3361 3024 3378 3057 ι
3403 3007 3540 3076 quod
3567 3007 3732 3078 gratia

2159 3107 2266 3146 non
2287 3092 2520 3162 perfecte
2547 3094 2812 3150 hominem
2832 3111 3026 3150 novum
3049 3095 3223 3149 faciat.
3256 3114 3273 3146 ι
3301 3097 3412 3150 Νοιι
3445 3093 3545 3150 hoc
3565 3097 3686 3152 dico
3716 3117 3729 3152 :

2167 3182 2383 3240 attende
2398 3184 2541 3254 quod
2569 3185 2708 3240 dico.
2741 3187 2917 3242 Gratia
2959 3187 3193 3256 perfecte
3239 3186 3505 3242 hominem
3541 3203 3732 3242 novum

2160 3273 2304 3340 facit;
2351 3274 2779 3346 quandoquidem
2807 3285 2862 3332 et
2907 3277 2975 3331 ad
3021 3278 3260 3348 corporis
3286 3278 3734 3334 immortalitatem

2159 3363 2801 3436 plenamquefelicitatem
2827 3368 2939 3439 ipsa
2963 3369 3225 3440 perducit.
3245 3369 3395 3425 Nunc
3424 3371 3584 3425 etiam
3609 3385 3732 3440 per-

2161 3456 2299 3512 fecte
2325 3458 2544 3514 innovat
2571 3460 2862 3527 hominem,
2913 3470 3170 3532 quantttm
3201 3463 3390 3518 attinet
3428 3463 3494 3517 ad
3535 3462 3736 3517 libera-

2163 3550 2363 3606 tionem
2388 3551 2456 3606 ab
2483 3553 2731 3608 omnibus
2771 3554 2990 3611 omnino
3032 3556 3286 3625 peccatis.
3329 3570 3433 3609 non
3478 3565 3734 3625 quantum

2161 3642 2226 3696 ad
2249 3642 2616 3700 liberationem
2647 3644 2834 3702 attinet
2856 3646 2924 3701 ab
2941 3646 3186 3700 omnibus
3217 3647 3394 3714 malis,
3417 3657 3472 3702 et
3493 3647 3560 3702 ab
3589 3648 3735 3701 omni

2162 3734 2505 3805 corruptione
2547 3736 2905 3803 mortalitatis,
2935 3752 3037 3808 qua
3083 3751 3224 3792 nunc
3259 3751 3454 3808 corpus
3483 3747 3728 3809 aggravat

2161 3825 2412 3879 animam.
2439 3824 2592 3882 Unde
2612 3835 2694 3882 est
2712 3827 2963 3897 gemitus,
2989 3843 3147 3898 quem
3189 3843 3345 3883 suum
3375 3843 3584 3899 quoque
3609 3844 3738 3882 con-

2164 3913 2342 3970 litetur
2369 3915 2654 3986 Apostolus
2673 3916 2876 3985 dicens,
2904 3917 2972 3972 Et
2991 3918 3091 3990 ipsi
3113 3920 3167 3973 in
3192 3918 3557 3987 nobismetipsis
3589 3920 3732 3990 inge-

2163 4006 2440 4061 miscimus.
2475 4007 2583 4064 Sed
2619 4009 2684 4063 ad
2731 4009 2875 4064 illam
2937 4025 3149 4082 quoque
3197 4012 3571 4081 perfectionem
3617 4027 3735 4081 qute

2162 4107 2424 4168 speratur,
2447 4099 2638 4154 eodem
2668 4099 3013 4171 Baptismate,
3044 4101 3184 4172 quod
3205 4102 3292 4156 hic
3312 4103 3586 4171 accipitur,
3610 4117 3734 4172 ρει·-

2163 4188 2393 4244 venitur.
2419 4188 2536 4244 Non
2562 4198 2743 4246 autem
2773 4205 2959 4246 omnes
2982 4192 3071 4246 ﬁlii
3102 4192 3280 4247 smeuli
3328 4193 3419 4246 ﬁlii
3450 4202 3574 4246 sunt
3617 4192 3735 4246 dia-

2164 4279 2294 4347 boli,
2319 4282 2561 4351 quamvis
2584 4296 2772 4338 omnes
2793 4284 2885 4337 ﬁlii
2907 4282 3103 4339 diaboli
3135 4284 3223 4340 lilii
3242 4287 3350 4340 sint
3375 4286 3575 4340 saeculi.
3601 4285 3738 4342 Sunt

2162 4371 2303 4427 enim
2325 4373 2484 4428 etiam
2513 4373 2607 4428 ﬁlii
2637 4374 2756 4440 Dei,
2805 4375 2892 4445 qui
2937 4385 3111 4431 tamen
3153 4375 3326 4431 adhuc
3352 4376 3443 4431 ﬁlii
3470 4387 3592 4432 sunt
3632 4392 3739 4432 sm-

2165 4463 2303 4527 culi;
2343 4473 2560 4534 propter
2583 4465 2725 4535 quod
2750 4476 2803 4521 et
2827 4467 3072 4538 coniugio
3095 4468 3410 4543 copulantur
3436 4487 3448 4523 :
3473 4469 3566 4524 sed
3604 4469 3742 4524 ﬁlios

2167 4555 2258 4609 Dei
2287 4571 2447 4612 carne
2471 4573 2578 4612 non
2603 4559 2845 4629 gignunt,
2890 4561 3012 4631 quia
3055 4569 3110 4617 et
3158 4561 3259 4632 ipsi
3309 4573 3366 4617 ut
3416 4571 3603 4619 essent
3636 4563 3730 4618 lilii

2166 4646 2278 4712 Dei,
2307 4661 2411 4701 non
2441 4662 2506 4702 ex
2528 4663 2711 4716 carne,
2737 4666 2842 4706 non
2868 4666 2934 4706 ex
2961 4653 3240 4722 sanguine,
3270 4668 3376 4707 non
3431 4669 3496 4708 ex
3546 4654 3734 4707 volun-

2167 4745 2272 4793 tate
2298 4738 2418 4806 viri,
2449 4754 2621 4811 neque
2646 4755 2712 4795 ex
2743 4743 3014 4798 voluntate
3039 4743 3236 4811 carnis,
3287 4744 3380 4798 sed
3407 4759 3472 4799 ex
3500 4744 3606 4798 Deo
3628 4743 3737 4795 nati

2165 4839 2287 4884 sunt
2315 4829 2491 4902 (Joan.
2516 4847 2556 4898 ι,
2583 4832 2696 4904 15).
2724 4832 3085 4890 Sanctiﬁcatio
3115 4851 3243 4906 ergo
3285 4851 3381 4905 per
3409 4835 3735 4905 Baptismum

2165 4922 2320 4974 etiam
2369 4936 2510 4977 nunc
2537 4922 2812 4979 confertur
2836 4933 2890 4979 et
2936 4925 3168 4994 corpori,
3220 4941 3326 4980 non
3375 4934 3550 4979 tamen
3597 4939 3738 4978 nunc

2164 5015 2439 5084 corruptio
2465 5015 2580 5086 ejus
2599 5015 2857 5085 aufertur,
2885 5034 3002 5088 quae
3037 5018 3204 5087 ipsam
3245 5033 3454 5087 quoque
3489 5028 3739 5087 aggravat

2164 5109 2415 5162 animam.
2440 5107 2510 5164 Et
2537 5108 2658 5164 ideo
2707 5111 2945 5181 quamvis
2985 5119 3130 5164 casta
3179 5109 3285 5163 sint
3321 5123 3567 5178 corpora,
3616 5124 3736 5162 cum

2164 5199 2441 5256 desideriis
2467 5203 2668 5272 peccati
2699 5202 2934 5258 membra
2957 5216 3061 5256 non
3078 5202 3336 5267 serviunt,
3358 5211 3580 5272 propter
3601 5199 3738 5270 quod

2164 5289 2228 5342 ad
2257 5291 2510 5362 templum
2535 5293 2626 5348 Dei
2655 5293 2918 5362 pertinere
2946 5300 3225 5363 cmperunt
3255 5310 3266 5347 :
3299 5299 3380 5346 est
3403 5300 3579 5346 tamen
3601 5289 3740 5360 quod

2229 5501 2242 5531 ¹
2281 5500 2412 5562 tlic_a
2432 5498 2619 5562 .tuliano
2644 5501 3017 5562 praetermissum
3035 5533 3057 5559 ,.
3095 5513 3182 5550 nec
3203 5497 3296 5562 lilii
3321 5496 3410 5548 Dei
3425 5496 3526 5562 (nisi
3551 5509 3722 5560 regem

2166 5560 2468 5636 renturﬁnnt
2494 5560 2653 5636 :nsled.’
2667 5562 2777 5610 \ide
2796 5561 2971 5611 librum
2988 5563 3194 5630 primum
3204 5560 3280 5610 'de
3298 5561 3481 5624 Nuptiis
3503 5566 3552 5612 et
3569 5567 3744 5610 conas-

2163 5631 2488 5734 lﬁicetldulil’nli;
2503 5623 2656 5748 Ergino
2679 5682 2743 5732 dc
2765 5684 2947 5746 Nuptiis
2971 5691 3020 5733 et
3042 5684 3454 5746 Concupiscentia,
3479 5681 3566 5734 sed
3587 5691 3744 5732 main.

2165 5759 2248 5808 me
2271 5753 2480 5808 propter.

2232 5807 2253 5838 ³
2285 5814 2384 5856 Iun.
2433 5813 2505 5856 Er.
2551 5815 2602 5858 et
2647 5815 2750 5860 stes.
2794 5807 3052 5870 omittunt,
3101 5807 3410 5871 adaptt’mtem.
