2071 3245
163 162 226 194 διδ,

163 220 249 256 gratia
265 218 292 245 in
306 220 359 244 tota
372 217 422 243 is'ta
433 213 609 243 aedificatione
620 212 750 248 perﬁciat,
761 211 886 247 quamdiu
897 218 960 239 caro

162 262 335 297 concupiscit
359 260 489 287 adversus
511 258 635 293 spiritum
660 262 689 284 ut
707 261 796 284 motus
817 256 903 284 malos
915 256 962 290 qui

165 308 319 337 refrenandi
333 312 395 334 sunt
414 307 519 337 incitet,
534 310 560 332 et
584 305 693 339 spiritus
706 303 835 330 adversus
854 310 961 330 carnem

166 355 265 390 (Gulat.
279 362 305 385 v,
324 354 367 386 Π)
381 356 409 378 ut
421 351 550 378 sanctitas
567 354 727 384 perseveret.

202 399 315 427 CAPUT
326 398 395 425 XIV.
407 411 443 416 ——
453 396 496 423 41.
510 396 573 428 Quis
586 400 674 421 autem
690 394 775 421 nescit
788 394 796 408 ¹
807 392 878 428 quod
888 392 964 419 nobis

168 446 289 481 egregius
302 445 394 471 doctor
405 442 533 473 inculcas,
552 451 562 467 ‹
580 441 639 468 ideo
652 440 702 467 dici
718 447 825 467 carnem
840 438 966 473 concupi-

170 499 253 522 scere,
266 490 326 525 quia
338 489 480 516 carnaliter
493 488 579 513 anima
592 485 778 521 concupiscit?
798 494 807 511 ›
821 484 878 512 Non
892 484 963 512 enim

169 537 226 564 sine
235 537 322 563 anima
333 535 384 561 ulla
398 539 485 569 potest
497 541 555 560 esse
564 532 651 559 carnis
660 530 886 566 concupiscentia.
897 529 963 556 Nam

170 583 261 616 utique
273 581 460 614 concupiscere
471 579 583 605 viventis
594 577 786 611 sentientisque
796 580 897 603 natura:
906 579 946 602 est
958 583 964 600 :

172 626 208 651 ita
223 628 252 651 ttt
265 632 317 650 non
329 623 394 650 desit
407 621 633 655 concupiscentia,
649 627 728 654 quant
740 618 887 653 spadonum
901 624 965 652 quo-

172 678 225 705 que
244 670 350 697 castitas
369 668 454 694 frenet
468 667 584 699 ;'minns
602 666 709 700 quidem
733 664 883 697 laboriosa,
905 663 966 698 quia

175 715 217 742 ubi
240 714 375 740 materiam
402 712 435 739 de
456 720 506 746 qua
525 716 649 746 operetur
670 718 721 737 non
741 709 858 742 invenit,
879 709 967 736 minus

171 761 297 786 adversus
318 767 376 786 eam
396 758 477 785 libido
490 757 630 791 consurgit
648 766 653 782 2
676 760 718 783 est
732 760 839 789 tamen,
855 755 966 790 pudice-

170 813 221 839 quc
245 804 446 838 comprimitur,
468 811 501 829 ne
521 801 715 829 concuntbettdi
737 801 860 836 quamvis
877 801 967 828 irritus

171 851 227 885 ipse
242 855 354 877 conatus
370 871 376 881 ,
400 850 425 875 in
442 856 500 875 eam
522 848 714 882 turpitudinem
734 846 843 879 veniat,
860 850 968 881 propter

171 904 249 930 quam
275 895 442 929 Calligontun
473 893 650 921 Valentiniani
672 893 787 927 junioris
816 892 967 920 eunuchum

171 942 258 976 gladio
282 942 405 968 novimus
424 941 511 967 ultore
526 940 663 974 puttitum,
686 938 836 966 meretricis
856 937 968 966 confes-

172 989 245 1014 sione
260 988 424 1014 conviclum.
440 986 532 1021 Neque
548 986 618 1013 enim
633 990 660 1012 et
674 986 700 1012 in
715 985 784 1012 libro
798 984 967 1012 Ecclesiasti-

172 1041 204 1060 co
217 1032 387 1059 adhiberetur
403 1031 463 1058 inde
476 1030 622 1058 similitudo
632 1051 638 1062 ,
654 1034 734 1065 atque
746 1030 882 1057 diceretur
891 1050 899 1062 ,
921 1028 968 1056 Vi-

173 1078 233 1104 dens
244 1078 322 1104 oculis
334 1082 356 1103 et
368 1077 541 1112 ingemiscens.
558 1076 631 1110 quasi
644 1075 725 1110 spado
736 1075 903 1110 complectens
916 1075 967 1101 uir-

173 1125 255 1158 ginem
265 1129 287 1150 et
300 1124 432 1158 suspirans
447 1123 455 1158 (
468 1122 548 1149 Ecclt‘.
564 1130 631 1154 xxx,
647 1122 678 1148 2|
691 1121 701 1157 )
717 1130 724 1154 ς
741 1120 791 1148 nisi
805 1125 832 1148 et
846 1120 895 1155 ipsi
910 1128 969 1148 mo-

171 1174 299 1196 verentur
312 1168 537 1203 concupiscentiae
552 1167 666 1194 carnalis
680 1166 829 1200 ail‘eetibus,
846 1166 908 1193 licet
923 1166 970 1193 dc-

172 1214 258 1240 stituti
284 1214 372 1240 carnis
395 1213 543 1240 ettectibus.
566 1212 679 1238 Motibus
700 1211 780 1246 igitur
803 1211 859 1238 suis
882 1210 969 1238 anima

175 1266 242 1293 quos
257 1258 338 1285 habet
352 1258 497 1285 secundum
509 1258 630 1293 spiritum
643 1277 650 1288 ,
668 1256 827 1284 adversatur
839 1256 898 1283 aliis
913 1263 971 1283 mo-

179 1304 250 1330 tibus
269 1304 324 1330 suis
341 1311 408 1338 quos
421 1303 500 1330 habet
520 1302 666 1329 sceundmu
682 1309 809 1335 carnem;
826 1306 853 1329 et
866 1309 969 1334 rursus,

179 1349 297 1376 motibus
310 1349 364 1375 suis
379 1356 444 1383 quos
456 1348 534 1375 habet
553 1347 699 1375 secundum
711 1354 830 1379 carnem,
843 1346 969 1374 adversa-

176 1399 220 1420 tur
231 1394 289 1420 aliis
303 1394 417 1421 motibus
428 1394 481 1421 suis
496 1402 563 1428 quos
574 1393 653 1420 habet
665 1392 810 1420 secundum
824 1392 946 1427 spiritum
962 1402 970 1420 :

174 1446 202 1468 et
216 1441 275 1468 ideo
289 1441 384 1468 dicitur
393 1462 400 1472 ,
416 1448 478 1468 caro
491 1440 682 1474 concupiscere
694 1439 822 1467 adversus
833 1439 969 1474 spiritum,

175 1492 203 1514 et
219 1487 325 1521 spiritus
338 1488 466 1514 adversus
488 1494 606 1514 carnem.
631 1486 683 1514 Sed
702 1489 810 1520 propter
829 1485 880 1512 ltoc
894 1489 922 1513 et
938 1485 972 1512 de

174 1533 230 1568 ipsa
241 1533 328 1559 anima
342 1532 440 1559 dictutn
449 1536 499 1564 est,
512 1531 656 1558 Renovalur
667 1531 698 1558 de
707 1523 748 1557 die
758 1530 783 1557 in
794 1530 860 1557 diem
869 1530 902 1565 (ll
910 1529 970 1557 Cor.

177 1586 214 1612 tv,
231 1578 290 1613 16).
307 1578 397 1612 Neque
412 1578 482 1604 enim
500 1578 554 1612 ipsa
571 1578 596 1604 in
617 1576 757 1604 sanctitate
779 1584 831 1604 non
850 1576 971 1611 proﬁcit,

176 1632 235 1651 eum
246 1625 330 1658 magis
345 1625 482 1658 magisque
497 1624 590 1650 minuit
602 1631 647 1650 eas
659 1643 666 1655 ,
681 1622 777 1658 quibus
790 1629 843 1649 non
857 1629 974 1650 consen-

176 1669 227 1701 tit,
241 1670 362 1696 carnales
378 1669 546 1704 cupiditates.
564 1668 622 1695 .lant
640 1668 778 1702 baptizatis
791 1668 890 1702 quippe
902 1669 975 1694 (iteca

178 1714 223 1741 bat
243 1714 385 1748 Apostolus
397 1735 404 1746 ,
429 1713 581 1748 Mortiﬁcate
607 1712 718 1739 membra
738 1717 820 1740 uestra
838 1720 894 1746 qute
916 1716 975 1738 sunt

179 1767 256 1793 super
268 1763 369 1785 terram.
385 1758 422 1785 lbi
436 1763 463 1785 et
478 1758 616 1785 foruicatio
628 1779 634 1790 ,
655 1762 681 1785 et
694 1757 764 1784 mala
781 1757 975 1792 concupiscen-

180 1805 216 1831 tia
227 1826 234 1837 ,
248 1810 274 1831 et
286 1804 393 1831 avaritia
416 1805 568 1831 nominatur
584 1803 699 1838 (Calosr.
719 1810 764 1836 ttt,
777 1801 822 1838 5).
836 1802 976 1835 Quomodo

181 1857 246 1885 ergo
261 1850 403 1877 tuortiticat
422 1849 475 1884 jam
491 1849 638 1884 baptizatus
657 1847 874 1882 fornicationem,
895 1855 976 1883 quant

181 1902 235 1921 non
253 1894 307 1928 jam
325 1899 473 1929 perpetrat,
490 1898 518 1921 et
534 1894 680 1921 secundutn
695 1897 721 1921 te
739 1902 749 1919 t
770 1900 821 1921 nec
835 1892 916 1921 habet
927 1893 976 1920 ali-

180 1939 243 1974 quid
266 1939 336 1974 quod
350 1940 491 1966 morlilicet
506 1940 517 1966 ?
536 1949 546 1965 ι
564 1938 713 1972 Quomodo,
730 1938 837 1973 inquam
849 1959 856 1970 ,
872 1939 977 1966 obtem-

181 1989 256 2018 perat
268 1984 398 2018 Apostolo
411 1984 522 2015 dicenti,
538 1983 691 2018 Mortiﬁcate
700 1982 891 2018 fornicationem
905 1991 915 2015 ;
927 1983 976 2010 nisi

180 2038 241 2057 cum
262 2029 394 2058 desideria
417 2031 475 2065 ejus
489 2030 584 2064 quibus
607 2037 659 2055 non
679 2029 813 2057 consentit
824 2033 977 2064 expugnat,

182 2084 240 2110 qua:
264 2076 289 2103 in
314 2077 382 2104 bene
397 2076 597 2111 proficientibus
612 2077 622 2090 ¹
634 2096 641 2108 ,
664 2079 692 2102 ct
706 2074 814 2102 omnino
829 2082 882 2102 non
898 2074 979 2102 forni-

182 2121 319 2154 cantibus,
344 2128 392 2147 nec
409 2120 601 2151 consensione,
622 2127 671 2147 nec
685 2127 765 2153 opere
775 2140 783 2152 ,
800 2120 850 2147 etsi
865 2127 918 2147 non
932 2119 980 2147 de-

186 2170 258 2197 sunt,
280 2170 368 2192 tanten
381 2165 498 2200 quotidie
511 2166 666 2192 minuttttlur
680 2164 691 2191 ?
704 2164 760 2191 Hoc
771 2164 857 2199 agitur
867 2164 894 2192 in
909 2169 979 2192 tem-

186 2211 233 2245 plo
252 2211 319 2245 Dei,
341 2211 445 2246 quando
459 2212 600 2246 adjuvante
615 2212 668 2238 Deo
683 2211 770 2246 agitur
782 2211 854 2246 quod
879 2219 980 2246 praece-

186 2257 227 2291 pit
249 2256 329 2284 Deus.
356 2255 441 2291 Opera
467 2257 574 2291 spiritus
603 2257 759 2290 eriguntur,
787 2263 867 2290 opera
892 2257 980 2284 carnis

186 2301 390 2328 mortiﬁcamur.
407 2301 438 2328 Si
456 2301 522 2328 enim
534 2302 666 2328 secundant
680 2309 781 2328 carnem
795 2301 905 2328 vixeritis
917 2322 925 2332 ,
941 2301 981 2328 itt-

186 2347 262 2381 quit,
276 2347 438 2373 moriemini:
452 2347 473 2373 si
488 2351 567 2373 autent
585 2347 675 2380 spiritu
695 2346 762 2382 facta
778 2347 862 2373 carnis
876 2347 983 2381 morti/i-

186 2392 300 2419 caueritis
311 2413 319 2425 ,
339 2392 434 2418 vinetis.
450 2392 482 2418 Et
501 2395 530 2419 ut
541 2392 641 2418 scirent
654 2399 683 2418 se
700 2392 751 2419 hoc
764 2399 816 2418 non
829 2391 917 2419 facere
931 2392 982 2419 nisi

186 2438 270 2473 gratia
286 2438 334 2466 Dei
347 2459 354 2471 ,
367 2438 496 2465 continuo
512 2438 629 2465 subdidit
644 2447 649 2464 :
667 2437 794 2473 Quotquot
813 2438 877 2465 enim
892 2438 982 2473 spiritu

188 2483 236 2509 Dei
247 2488 357 2518 aguntur
367 2504 376 2517 ,
391 2483 418 2509 hi
432 2483 480 2517 ﬁlii
490 2487 548 2510 sunt
559 2482 627 2519 Dei(
641 2483 786 2515 Rom-vni,
803 2483 847 2516 13,
864 2482 928 2520 14).
944 2485 983 2511 Ac

190 2536 237 2563 per
251 2529 302 2557 hoc
324 2530 484 2564 quicumque
505 2534 619 2564 aguntur
640 2529 687 2557 Dei
710 2529 822 2565 spiritu,
845 2529 895 2564 ipsi
915 2529 983 2557 facta

224 2596 232 2612 ι
253 2599 320 2627 Ante,
334 2596 386 2627 quis
397 2598 477 2621 autem
488 2596 576 2625 nescit.
586 2596 671 2621 haecin
683 2596 756 2627 editis
771 2600 821 2620 Am.
835 2598 872 2620 Er.
891 2600 918 2621 et
928 2600 981 2621 ιω.

193 2627 268 2660 verba
280 2626 384 2660 delenda
401 2631 473 2660 sunt;
488 2627 544 2652 Ideo
553 2626 627 2660 dicis,
640 2626 780 2660 (vt-indici)
790 2633 889 2660 carnem
899 2633 985 2660 conqu-

191 2656 293 2691 piscere,
307 2656 363 2687 quia
374 2657 504 2691 carnaliter
516 2657 598 2682 anima
610 2656 775 2691 tonettpiscat.
789 2656 813 2681 si
823 2657 921 2691 quidem
933 2657 984 2683 sine

192 2688 273 2722 tritinia
285 2693 342 2712 caro
352 2693 396 2722 nec
407 2688 499 2713 sentiat.
523 2688 697 2722 concupiscere
720 2691 800 2722 autem
819 2688 985 2722 t't'tmttisl‘sen-

191 2718 316 2749 tientiatu
327 2720 420 2752 natura:
439 2722 473 2744 est
484 2736 491 2749 ,
511 2718 621 2752 sinequo
637 2725 706 2743 "-cnsu
720 2718 828 2752 membra
839 2718 926 2743 moveri
938 2725 985 2744 non

191 2748 303 2782 1)0§Jttt]il,
324 2748 351 2773 id
369 2751 419 2779 est,
433 2748 615 2782 persentetipsu
633 2749 800 2782 concupiserre
811 2752 931 2782 nequeunt
947 2752 985 2777 -ει

191 2779 244 2833 guis-
255 2786 342 2815 sensus
349 2779 495 2811 concupiscit
507 2779 580 2806 etimit
587 2780 646 2816 sine
657 2779 771 2805 membris
778 2797 785 2808 ,
797 2784 822 2815 tu
870 2780 984 2816 spatiant-

207 2817 242 2833 αδ.
262 2813 291 2833 ω
302 2817 394 2833 numne
405 2811 493 2833 absunt
509 2818 522 2833 a
534 2811 677 2833 melioribus
685 2814 851 2833 manusmanus
862 2810 984 2833 Gallicanis

191 2810 394 2866 23365;ng
405 2810 493 2835 absunt
509 2818 522 2835 a
534 2811 677 2835 melioribus
685 2811 851 2841 manuscriptis
862 2810 985 2836 Gallicanis

223 2862 384 2897 ίξέῖίςῖη
393 2872 461 2904 editi,
475 2872 500 2897 in
511 2873 568 2897 bene
577 2872 728 2903 ﬁtriutttbus.
972 2862 989 2877 ”

851 152 953 182 LIBER
972 151 1116 182 SEXTUS.

1758 156 1809 182 διε

1020 210 1107 237 carnis
1121 209 1279 237 mortiﬁcant
1290 208 1393 244 spiritu.

1051 254 1097 281 42.
1114 254 1217 281 Habent
1244 262 1308 290 ergo
1327 254 1381 290 jam
1401 254 1525 290 haptizati
1548 255 1611 291 quid
1626 259 1705 290 agant
1726 255 1754 282 in
1780 263 1811 283 se

1016 300 1095 335 ipsis,
1119 300 1170 327 hoc
1185 306 1241 334 est,
1265 301 1290 328 iit
1309 301 1355 328 Dei
1376 302 1488 336 templo,
1502 302 1572 336 quod
1591 301 1739 329 :ediiicatur
1757 301 1809 328 hoc

1017 351 1137 380 tempore
1148 367 1155 378 ,
1168 345 1343 373 utdedicetur
1358 346 1383 373 itt
1401 347 1463 374 line.
1478 346 1637 375 IEdlﬁcatur
1649 352 1738 374 autem
1752 353 1812 382 post

1016 390 1223 424 captivitatem‘,
1235 390 1302 417 sicut
1313 390 1390 426 hujus
1404 391 1442 418 rei
1455 396 1497 419 est
1509 391 1588 418 index
1602 391 1691 419 titulus
1705 392 1811 426 psalmi,

1017 435 1102 471 cjecto
1117 436 1217 464 scilicet
1239 436 1309 463 foras
1322 437 1367 472 qui
1388 438 1567 472 captivaverat
1585 438 1703 465 inimico.
1723 438 1751 466 ltt
1767 446 1813 466 or.

1017 481 1080 509 dine
1094 482 1192 517 quippe
1204 482 1371 509 Psalmorum
1384 503 1391 515 ,
1408 483 1477 517 quod
1491 483 1588 510 mirum
1606 483 1690 511 videri
1704 489 1791 519 potest
1803 505 1811 517 ,

1019 526 1091 560 prior
1115 531 1158 554 est
1180 526 1299 561 psalmus
1318 527 1492 555 dedicationis
1512 528 1607 556 domus
1619 550 1626 562 ,
1642 533 1669 557 et
1682 530 1815 564 posterior

1019 572 1210 600 a-diticationis.
1226 572 1279 600 Sed
1294 573 1469 600 dedicationis
1484 574 1544 602 ideo
1555 575 1628 609 prior
1640 580 1689 608 est,
1703 576 1764 611 quia
1778 577 1813 603 il-

1020 617 1070 644 lam
1083 617 1191 645 domum
1204 622 1310 652 cantat,
1325 618 1359 645 de
1371 626 1422 653 qua
1438 618 1495 654 ejus
1510 619 1669 647 architectus
1681 620 1735 654 ait,
1752 620 1815 648 Sol-

1019 663 1067 689 vite
1084 662 1203 699 templum
1224 663 1288 695 hac,
1303 668 1327 690 et
1345 664 1372 690 in
1386 663 1464 690 tribus
1478 664 1564 691 diebus
1583 665 1737 692 exsuscitabo
1751 665 1815 692 illud

1020 707 1116 743 (Joan.
1130 716 1164 742 tt,
1179 707 1241 745 i9).
1257 708 1308 737 Isle
1321 713 1409 737 autem
1432 710 1565 744 posterior
1579 730 1586 741 ,
1600 710 1706 745 quando
1719 710 1815 737 domus

1020 753 1200 781 tediiicabatur
1211 758 1275 789 post
1289 755 1467 789 captivitatem
1480 775 1487 787 ,
1504 755 1649 782 Ecclesiant
1670 754 1815 790 propheta-

1020 799 1066 827 vil.
1079 799 1199 835 Denique
1211 805 1239 827 et
1257 800 1296 827 sic
1313 799 1405 834 incipit
1419 810 1426 827 :
1441 800 1546 828 Caritate
1562 800 1672 828 Domino
1690 794 1816 828 canticum

1020 853 1112 872 novum
1123 854 1133 878 ,'
1148 850 1249 872 cantate
1257 845 1377 880 Domino,
1389 847 1470 873 omnis
1481 851 1547 873 terra
1557 846 1644 882 (Paul.
1658 855 1719 881 xcv,
1735 848 1761 879 1,
1775 847 1814 883 Ξ).

1020 890 1105 918 Nemo
1128 890 1207 926 igitur
1220 891 1255 918 ita
1272 891 1402 926 desipiat,
1418 897 1447 919 ut
1462 900 1677 928 unumquemque
1697 893 1816 928 baptiza-

1020 941 1077 964 tum
1092 937 1151 965 ideo
1166 938 1301 965 existimet
1313 938 1368 973 jam
1383 945 1442 966 esse
1453 938 1604 974 perfectum
1614 960 1620 970 ,
1635 939 1696 975 quia
1715 939 1814 967 dictum

1020 987 1059 1010 est
1071 1004 1080 1016 ,
1093 982 1226 1019 Templum
1239 983 1288 1010 Dei
1307 988 1422 1010 sanctum
1440 989 1494 1017 est,
1509 985 1576 1020 quod
1589 985 1649 1011 estis
1660 993 1702 1011 vos
1715 985 1740 1020 (l
1755 984 1814 1012 Cor.

1020 1036 1059 1061 ιιι,
1071 1028 1124 1062 17)
1140 1033 1196 1061 :et,
1212 1028 1321 1055 Nescitis
1344 1029 1403 1064 quia
1422 1037 1529 1064 corpora
1543 1034 1623 1056 vestra
1646 1030 1767 1064 templum
1789 1030 1816 1056 in

1021 1075 1089 1101 vobis
1108 1079 1144 1102 est
1157 1074 1271 1110 Spiritus
1285 1075 1365 1102 sancti
1377 1096 1384 1106 ,
1404 1083 1478 1110 quem
1493 1075 1588 1102 Ittrbetis
1601 1084 1616 1102 tt
1630 1075 1683 1102 Deo
1698 1075 1707 1112 (
1720 1074 1762 1102 Id.
1779 1083 1813 1108 vt,

1022 1119 1056 1147 19
1069 1120 1077 1155 )
1088 1120 1100 1147 ?
1113 1125 1140 1148 et
1153 1120 1179 1148 in
1192 1120 1245 1148 alio
1262 1121 1320 1148 loco
1335 1141 1343 1153 ,
1360 1119 1417 1148 Nos
1433 1121 1499 1148 enim
1513 1121 1634 1156 templum
1648 1121 1695 1148 Dei
1707 1122 1755 1148 vivi
1772 1130 1815 1149 stt-

1022 1174 1078 1192 tnur
1097 1165 1141 1200 (ll
1155 1165 1213 1193 Cor.
1232 1174 1277 1200 vt,
1298 1165 1351 1201 16)
1373 1175 1379 1194 :
1400 1170 1428 1194 et
1448 1171 1544 1194 caetera
1570 1166 1733 1202 httjusmodi.
1756 1167 1816 1194 Jam

1022 1212 1092 1238 enim
1108 1212 1159 1239 ltoc
1171 1216 1281 1239 vocatur
1297 1220 1304 1245 ;
1317 1216 1415 1239 etcum
1428 1212 1585 1244 mdit‘tcatur,
1601 1213 1794 1240 mortificamur
1805 1213 1815 1228 '

1022 1256 1065 1284 hic
1085 1257 1204 1284 membra
1219 1261 1310 1285 nostra
1322 1278 1329 1291 ,
1341 1265 1400 1292 qua:
1417 1262 1573 1294 suutsuper
1592 1262 1699 1285 terram.
1719 1258 1816 1291 Quam-

1022 1302 1063 1330 vis
1079 1302 1153 1334 enim
1167 1302 1222 1337 jam
1239 1308 1349 1338 peccato
1368 1303 1481 1336 mortui,
1498 1303 1552 1331 Deo
1566 1304 1686 1331 vivamus
1701 1314 1707 1331 :
1725 1309 1766 1331 est
1779 1310 1817 1332 ta-

1023 1356 1084 1376 men
1100 1349 1170 1384 quod
1183 1349 1207 1376 in
1222 1349 1299 1376 nobis
1311 1349 1505 1377 mortificemus
1517 1370 1524 1383 ,
1537 1353 1566 1377 ut
1579 1358 1633 1377 non
1649 1355 1740 1385 regnet
1756 1358 1818 1386 pec-

1023 1400 1111 1422 catum
1135 1395 1160 1422 in
1186 1400 1278 1423 nostro
1301 1395 1407 1423 mortali
1428 1403 1557 1431 corpore,
1581 1396 1614 1423 ad
1640 1396 1816 1423 obediendum

1023 1440 1245 1475 concupiscentiis
1257 1441 1315 1476 ejus
1330 1440 1424 1477 (Rom.
1440 1449 1465 1468 γι
1476 1461 1483 1474 ,
1508 1442 1537 1468 ll
1553 1446 1575 1468 et
1591 1441 1643 1476 £2)
1659 1449 1666 1473 ;
1688 1449 1702 1468 a
1717 1442 1815 1476 quibus

1024 1493 1074 1513 nos
1086 1486 1182 1519 solvit,
1198 1494 1232 1514 ne
1247 1486 1288 1514 his
1300 1493 1421 1514 essemus
1434 1486 1542 1513 obnoxii
1553 1507 1560 1517 ,
1579 1486 1656 1521 plena
1671 1491 1750 1521 atque
1763 1494 1821 1521 per-

1023 1532 1091 1560 lecta
1110 1532 1233 1560 remissio
1247 1537 1433 1567 peccatorum,
1450 1536 1477 1559 et
1496 1536 1682 1559 remanserunt
1697 1532 1723 1559 in
1741 1532 1818 1560 nobis

1024 1584 1085 1604 cum
1104 1577 1200 1612 quibus
1221 1581 1347 1612 gerantur
1366 1577 1434 1605 bella
1455 1581 1597 1604 castorum.
1613 1577 1652 1604 Ex
1670 1577 1711 1604 his
1729 1583 1772 1605 est
1793 1582 1821 1605 et

1026 1622 1069 1649 illa
1095 1630 1146 1658 qua
1172 1623 1283 1657 pudicus
1304 1623 1372 1650 bene
1386 1622 1469 1650 utitur
1483 1622 1640 1657 conjugattts
1662 1631 1669 1649 :
1691 1622 1738 1650 sed
1760 1630 1820 1650 cum

1025 1667 1094 1696 bene
1108 1668 1146 1702 lit,
1164 1668 1197 1695 (le
1210 1668 1280 1695 malo
1292 1669 1408 1696 nascitur
1424 1668 1521 1696 bonum
1538 1676 1591 1696 non
1606 1668 1665 1695 sine
1684 1668 1755 1696 malo
1772 1676 1779 1702 ;
1793 1673 1821 1696 e‘.

1026 1712 1087 1741 ideo
1101 1715 1259 1747 renascitur,
1274 1718 1302 1741 ut
1315 1714 1443 1742 liberetur
1453 1722 1467 1741 a
1481 1714 1562 1741 malo.
1577 1714 1654 1747 Quod
1664 1715 1736 1742 enim
1753 1715 1822 1743 Deus

1027 1764 1102 1786 creat
1115 1763 1143 1787 et
1160 1759 1242 1787 honto
1252 1764 1361 1795 generat
1374 1781 1382 1793 ,
1399 1760 1519 1794 proiecto
1532 1760 1630 1787 bonum
1645 1765 1687 1788 est
1701 1760 1727 1788 in
1740 1769 1823 1796 quan-

1028 1808 1083 1832 tum
1096 1804 1177 1832 honto
1190 1809 1231 1832 est
1245 1814 1252 1832 :
1266 1805 1314 1832 sed
1329 1805 1389 1832 ideo
1402 1813 1455 1832 non
1470 1806 1527 1833 sine
1541 1805 1623 1840 malo,
1637 1806 1698 1841 quia
1711 1806 1766 1833 sola
1778 1814 1821 1833 rc-

1027 1852 1164 1886 generatio
1190 1851 1269 1878 solvit
1296 1858 1312 1878 a
1339 1851 1428 1885 malo,
1443 1851 1515 1886 quod
1537 1852 1617 1879 traltit
1636 1853 1774 1887 generatio
1788 1852 1822 1880 dc

1029 1895 1115 1931 primo
1128 1903 1277 1930 magnoque
1293 1900 1412 1930 peccato.

1065 1941 1109 1968 4'5.
1131 1941 1175 1968 Sic
1200 1945 1289 1968 autem
1313 1940 1476 1977 incredibile
1492 1941 1533 1968 vis
1557 1941 1660 1974 videri,
1678 1951 1687 1967 ι
1704 1942 1775 1977 quod
1795 1942 1822 1969 iit

1030 1994 1106 2017 utero
1121 1989 1260 2024 baptizata:
1270 2010 1278 2021 ,
1292 1988 1366 2023 cujus
1381 1996 1478 2023 corpus
1492 1993 1534 2016 est
1545 1990 1671 2024 templum
1687 1990 1733 2017 Dei
1744 2010 1752 2023 ,
1767 1989 1823 2017 for-

1031 2039 1118 2062 matur
1128 2035 1208 2062 homo
1221 2034 1325 2062 futurus
1336 2035 1386 2062 sub
1399 2034 1516 2067 diabolo,
1531 2035 1582 2062 ttisi
1597 2035 1653 2062 Deo
1668 2040 1824 2063 renascatur

1031 2088 1065 2108 ex
1080 2081 1135 2108 Deo
1153 2089 1159 2108 :
1180 2090 1190 2106 ι
1207 2081 1283 2115 quasi
1297 2087 1348 2107 non
1365 2080 1474 2114 majoris
1491 2080 1675 2107 admirationis
1688 2081 1732 2114 sit,
1752 2082 1823 2116 quod

1032 2127 1102 2154 Deus
1116 2130 1144 2154 et
1157 2127 1201 2153 ubi
1224 2134 1277 2153 non
1298 2126 1397 2154 ltabital
1411 2130 1545 2161 operatur.
1565 2126 1623 2154 Non
1638 2127 1709 2154 ettittt
1725 2127 1826 2155 habitat

1032 2174 1060 2201 in
1071 2180 1183 2208 corpore
1206 2172 1313 2201 subdito
1334 2173 1448 2208 peccatis
1461 2172 1470 2208 (
1485 2173 1549 2208 Sap.
1566 2181 1584 2206 t,
1600 2173 1638 2210 ιι)
1656 2183 1663 2201 :
1687 2181 1713 2201 et
1738 2178 1825 2201 tamen

1032 2223 1158 2255 operatur
1171 2219 1307 2246 hominem
1322 2219 1349 2247 in
1369 2223 1446 2246 utero
1460 2219 1618 2258 meretricis.
1634 2219 1743 2254 Attingit
1755 2220 1825 2246 enim

1033 2266 1130 2300 ubique
1148 2270 1256 2300 propter
1271 2273 1345 2292 suam
1360 2265 1527 2298 munditiam,
1544 2269 1570 2292 et
1583 2265 1646 2292 nihil
1661 2266 1826 2301 iuqttittatutn

1033 2311 1060 2338 in
1075 2318 1136 2338 eum
1148 2310 1257 2338 incurrit
1271 2310 1325 2345 (Id.
1337 2318 1384 2343 vn,
1398 2310 1530 2346 2&et25).
1544 2311 1578 2337 Et
1589 2311 1660 2345 quod
1684 2311 1767 2338 multo
1786 2318 1827 2338 est

1034 2356 1190 2386 mirabilius,
1205 2355 1347 2390 aliquando
1361 2356 1470 2391 adoptat
1485 2356 1510 2382 in
1532 2356 1622 2388 ﬁliuni,
1640 2364 1719 2391 quem
1732 2357 1828 2384 format

1035 2403 1061 2430 in
1082 2408 1157 2430 tttero
1174 2402 1392 2430 immundissima:
1414 2402 1541 2435 feminm;
1562 2407 1589 2429 et
1609 2402 1754 2438 aliquando
1773 2411 1827 2431 ncn
1844 2418 1848 2420 ~

1036 2449 1092 2476 vult
1104 2455 1164 2476 esse
1177 2455 1254 2475 suum
1267 2448 1351 2475 ﬁlium
1361 2469 1369 2481 ,
1389 2455 1467 2483 quctn
1484 2447 1581 2475 format
1595 2448 1620 2475 in
1635 2453 1711 2475 utero
1725 2456 1780 2476 sua:
1795 2449 1827 2475 ﬁ-

1036 2496 1088 2523 liae.
1103 2495 1150 2523 Ille
1162 2495 1260 2530 quippe
1273 2494 1306 2522 ad
1322 2494 1482 2529 baptismum
1497 2494 1588 2522 nescio
1607 2501 1658 2529 qua
1677 2494 1829 2529 provisione

1055 2566 1076 2599 ..ι
1085 2562 1486 2599 ﬂuctuquibusdammanttsct'iptis
1494 2565 1519 2586 et
1528 2561 1550 2585 in
1560 2561 1735 2599 antiquipribus
1743 2562 1830 2599 mlitio-

1038 2594 1110 2628 nihus
1119 2592 1252 2628 immissum
1264 2597 1318 2618 erat
1326 2592 1520 2628 istud-glossema
1533 2596 1590 2628 :_ne
1603 2592 1698 2628 [figulum
1708 2592 1751 2623 qui
1761 2592 1829 2628 prius

1038 2625 1213 2650 dedicationem
1232 2624 1317 2649 domus
1327 2622 1446 2655 prwdicat
1454 2626 1480 2655 et
1500 2626 1551 2655 post
1569 2622 1765 2655 wtliﬁcatiotietn;
1784 2623 1829 2647 sui

1038 2655 1157 2687 dedicatio
1169 2655 1201 2679 ad
1208 2686 1211 2687 ν
1221 2657 1293 2686 caput
1302 2652 1387 2679 domus
1397 2652 1514 2687 pertinet,
1526 2652 1570 2687 Ito;
1581 2652 1626 2684 est,
1637 2655 1669 2687 (ut
1689 2652 1829 2687 Cltt't'slttnt_;

1037 2685 1168 2718 adi/icutio
1179 2686 1212 2718 ad
1223 2683 1310 2718 corpus
1327 2683 1402 2710 totum
1413 2684 1509 2718 (toruus,
1519 2714 1524 2718 _
1533 2683 1559 2709 id
1570 2683 1621 2718 est,
1636 2684 1669 2709 ad
1687 2683 1828 2718 ecclesiam.

1041 2713 1096 2742 Ideo
1107 2717 1173 2749 prior
1186 2713 1314 2745 dedicatio,
1327 2722 1399 2747 quant
1408 2713 1537 2749 ludiﬁcatio
1552 2717 1595 2749 est:
1608 2713 1770 2739 tovauienscs
1782 2721 1829 2738 non

1038 2748 1083 2773 ltoc
1100 2745 1178 2773 solum
1199 2745 1394 2777 expunxerunt,
1406 2745 1542 2777 sed'etiatn
1560 2745 1752 2777 Sttlsequentetn
1773 2750 1829 2768 vcr-

1038 2785 1106 2809 sum,
1127 2778 1189 2804 sicut
1207 2774 1278 2808 huius
1289 2777 1325 2803 rei
1336 2780 1370 2802 est
1380 2774 1462 2802 index
1472 2774 1555 2801 titulus
1564 2774 1656 2809 psalmi
1665 2792 1680 2809 ε.
1693 2776 1735 2807 qui
1747 2778 1829 2799 tamen

1038 2810 1068 2834 ad
1092 2806 1243 2834 contextum
1259 2809 1382 2840 pertinet,
1411 2810 1541 2837 exstatque
1563 2807 1588 2830 in
1610 2806 1722 2832 omnibus
1743 2811 1829 2830 manu-

1038 2841 1140 2871 scriptis.

1072 2868 1163 2900 "Apud
1175 2873 1230 2895 Lor.
1244 2869 1282 2894 ltic
1294 2868 1396 2897 additur,
1411 2873 1473 2892 cum.
