4142 6510
503 391 605 450 8Π

509 505 747 577 pervenit
778 521 793 572 ;
824 503 923 563 iste
954 498 1226 569 repentina
1257 509 1430 553 morte
1470 514 1575 553 non
1618 500 1876 569 pervenit.
1913 499 2086 568 Atque

508 597 582 651 ita
623 597 763 651 Deus
786 633 801 659 ,
850 593 902 646 in
943 589 1095 658 cujus
1123 596 1385 659 potestate
1412 596 1537 643 sunt
1575 589 1751 644 omnia
1779 631 1792 651 ,
1822 589 1944 643 facit
1972 602 2091 643 esse

514 687 568 741 in
595 683 788 742 Christi
813 680 1082 737 consortio
1107 722 1122 748 ,
1151 695 1308 751 quem
1340 679 1588 734 formavit
1613 681 1666 734 in
1693 679 1888 735 diaboli
1919 679 2090 734 domi-

510 780 632 835 cilio
663 794 677 844 ;
708 784 763 832 ct
803 790 908 830 non
948 774 1060 830 vult
1085 789 1207 830 esse
1245 774 1297 828 in
1329 787 1492 844 regno
1533 787 1631 829 suo
1654 815 1670 841 ,
1709 788 1866 844 quem
1903 772 2092 828 forma-

509 869 585 922 vit
625 868 677 922 in
722 865 919 938 templo
959 880 1077 922 suo.
1124 866 1232 922 Aut
1259 864 1303 919 si
1332 864 1484 930 vult,
1512 879 1610 920 cur
1629 879 1740 928 non
1790 863 1913 918 facit
1949 862 2091 934 quod

505 957 618 1012 vult
644 957 668 1011 ?
695 955 809 1010 Non
853 956 994 1012 enim
1045 955 1184 1027 quod
1229 953 1415 1010 soletis
1441 953 1511 1010 de
1539 953 1830 1024 majoribus
1868 953 2046 1008 dicere
2074 995 2092 1020 ,

478 1049 650 1106 .Deus
678 1048 821 1115 vult,
863 1057 918 1104 et
951 1049 1199 1120 parvulus
1239 1063 1347 1104 non
1393 1047 1526 1102 vult.
1555 1045 1712 1102 Certe
1749 1045 1836 1102 hic
1869 1046 1957 1101 ubi
1997 1045 2090 1100 fati

507 1138 652 1194 nulla
675 1148 754 1193 est
778 1127 1152 1206 immobilitas,
1181 1139 1324 1194 nulla
1361 1137 1584 1193 fortuna:
1606 1138 1879 1192 temeritas
1900 1179 1914 1202 ,
1949 1137 2090 1192 nulla

507 1245 752 1302 persona:
776 1230 1003 1302 dignitas
1022 1272 1038 1297 ,
1069 1231 1195 1302 quid
1222 1239 1389 1287 restat
1409 1230 1510 1286 nisi
1539 1229 1922 1286 misericordiae
1948 1227 2090 1284 veri-

507 1323 735 1392 tatisque
765 1320 1097 1392 profunditas
1131 1321 1155 1375 ?
1192 1320 1260 1376 Ut
1301 1321 1534 1376 sciamus
1564 1328 1619 1375 et
1657 1335 1721 1375 ex
1754 1319 1854 1375 hoc
1884 1320 2088 1374 incom-

509 1414 852 1484 prehensihili
877 1412 1395 1486 comprehendamus
1419 1455 1434 1481 ,
1461 1412 1612 1483 juxta
1638 1412 1772 1467 duos
1803 1411 2048 1467 homines
2069 1453 2085 1479 ,

505 1520 668 1560 unum
699 1520 792 1575 per
817 1520 974 1574 quem
1014 1513 1289 1574 peccatum
1319 1505 1534 1559 intravit
1560 1504 1610 1558 in
1636 1503 1892 1559 mundum
1912 1545 1928 1572 ,
1960 1503 2092 1558 alte-

505 1611 625 1651 rum
655 1596 743 1666 qui
769 1596 908 1650 tollit
945 1606 1218 1665 peccatum
1247 1593 1466 1659 mundi,
1504 1609 1691 1650 omnes
1721 1593 1857 1649 ﬁlios
1885 1607 2088 1648 concu-

504 1686 776 1757 piscentiae
813 1686 1041 1740 carnalis
1073 1687 1441 1756 undecumque
1464 1693 1781 1750 nascantur,
1808 1684 1873 1739 ad
1900 1684 2087 1754 jugum

501 1791 666 1848 grave
693 1775 920 1830 ﬁliorum
953 1775 1120 1830 Adam
1148 1776 1336 1831 merito
1365 1775 1630 1844 pertinere
1654 1792 1669 1840 ;
1695 1785 1747 1830 et
1767 1790 1831 1830 ex
1860 1773 1942 1829 his
1970 1790 2086 1828 om-

507 1881 605 1921 nes
639 1865 775 1921 ﬁlios
819 1867 1004 1936 gratia:
1034 1866 1323 1936 spiritualis
1357 1866 1728 1936 undecumque
1766 1874 2086 1933 nascantur,

503 1957 570 2012 ad
599 1957 782 2029 jugum
812 1972 974 2012 suave
1011 1956 1241 2011 ﬁliorum
1272 1955 1366 2011 Dei
1396 1957 1512 2012 sine
1554 1956 1746 2011 merito
1783 1954 2084 2026 pervenire.

507 2050 736 2112 Proinde
776 2049 1134 2105 conditionem
1193 2063 1344 2104 suam
1402 2049 1579 2120 gerit,
1635 2048 1724 2118 qui
1770 2049 1824 2103 in
1867 2046 2088 2103 alterius

505 2157 733 2212 corpore
753 2185 769 2210 ,
797 2141 939 2213 quod
969 2149 1052 2198 est
1091 2141 1347 2212 templum
1377 2140 1506 2206 Dei,
1536 2140 1609 2194 ita
1639 2137 1987 2204 construitur,
2029 2148 2088 2194 ut

503 2249 613 2288 non
652 2233 770 2288 ideo
807 2233 873 2287 sit
899 2241 954 2288 et
982 2232 1094 2302 ipse
1121 2232 1374 2303 templum
1397 2231 1526 2302 Dei,
1551 2231 1676 2303 quia
1701 2230 1994 2287 aediﬁcatur
2030 2229 2085 2285 in

502 2323 702 2393 templo
737 2321 851 2377 Dei.
898 2321 1076 2377 Matris
1106 2321 1302 2392 quippe
1339 2335 1534 2392 corpus
1561 2330 1618 2376 ut
1652 2328 1797 2378 esset
1829 2320 2083 2391 templum

505 2411 634 2480 Dei,
665 2412 847 2483 gratiae
875 2411 1191 2467 beneﬁcium
1218 2420 1320 2478 est,
1351 2426 1455 2466 non
1484 2419 1687 2466 naturae
1715 2429 1728 2466 :
1756 2427 1876 2481 quae
1916 2411 2084 2482 gratia

514 2519 618 2559 non
647 2505 994 2575 conceptione
1017 2545 1032 2570 ,
1063 2504 1157 2561 sed
1197 2504 1601 2576 regeneratione
1628 2503 1922 2560 confertur.
1951 2503 2084 2560 Nam

501 2595 545 2650 si
568 2595 634 2650 ad
661 2595 848 2651 matris
875 2611 1070 2667 corpus
1095 2595 1148 2652 id
1185 2595 1325 2666 Quod
1360 2595 1412 2650 in
1441 2611 1504 2651 ea
1531 2596 1828 2667 concipitur
1853 2597 2087 2666 pertine-

500 2695 618 2754 ret,
651 2687 722 2742 ita
759 2696 816 2742 ut
858 2687 974 2759 ejus
1013 2703 1135 2758 pars
1160 2688 1506 2760 deputaretur
1546 2706 1561 2756 ;
1591 2705 1696 2744 nou
1728 2689 2086 2760 baptizaretur

503 2776 680 2833 infans
704 2820 719 2845 ,
746 2780 918 2848 cujus
951 2788 1123 2834 mater
1150 2779 1411 2850 baptizata
1451 2787 1532 2834 est
1557 2779 1735 2850 aliquo
1776 2779 1961 2834 mortis
1990 2795 2082 2834 ur-

497 2877 654 2940 gente
696 2870 932 2939 periculo
956 2911 972 2937 ,
1009 2885 1130 2925 eum
1169 2884 1294 2926 eum
1340 2878 1573 2940 gestaret
1614 2869 1666 2924 in
1717 2879 1889 2928 utero.
1930 2869 2084 2926 Nunc

498 2976 627 3017 vero
655 2976 775 3017 cum
797 2957 799 2960 ⁴
819 2962 980 3016 etiam
1023 2961 1139 3032 ipse
1167 2960 1463 3031 baptizatur
1483 3003 1497 3027 ,
1531 2976 1638 3016 non
1678 2961 1858 3032 utique
1881 2960 1963 3016 bis
1984 2961 2080 3017 ba-

497 3052 722 3122 ptizatus
747 3052 1045 3109 habebitur.
1086 3052 1199 3108 Non
1232 3053 1406 3123 itaque
1429 3051 1496 3108 ad
1523 3062 1822 3108 maternum
1845 3067 2078 3122 corpus,

493 3154 618 3194 cum
644 3150 786 3196 esset
810 3143 860 3195 in
899 3150 1080 3210 utero,
1111 3140 1405 3212 pertinebat
1436 3159 1450 3195 :
1481 3150 1538 3196 et
1582 3151 1759 3196 tamen
1801 3143 2083 3198 creabatur

498 3233 551 3286 in
583 3233 898 3302 templo‘Dei
941 3247 1046 3288 non
1083 3233 1336 3304 templum
1365 3232 1477 3288 Dei.
1512 3232 1584 3288 Ita
1619 3234 1673 3289 in
1710 3231 1905 3288 femina
1940 3233 2081 3289 ﬁdeli

498 3333 709 3378 creatus
734 3332 814 3379 est
836 3323 1066 3379 inﬁdelis
1083 3364 1098 3390 ,
1125 3333 1177 3378 et
1204 3325 1258 3378 in
1280 3339 1402 3379 eum
1429 3334 1675 3395 parentes
1710 3323 2080 3380 inﬁdelitatem

502 3415 863 3483 trajecerunt,
896 3427 1066 3485 quam
1113 3429 1218 3469 non
1263 3414 1532 3470 habebant
1583 3414 1794 3486 quando
1835 3431 1902 3472 ex
1951 3415 2083 3486 ipsis

499 3513 655 3560 natus
683 3515 794 3571 est,
826 3505 921 3560 sed
961 3504 1378 3560 tunc'habcbant
1401 3505 1612 3576 quando
1633 3516 1686 3562 et
1711 3507 1810 3577 ipsi
1835 3507 2083 3564 similiter

498 3590 608 3649 uati
648 3602 792 3649 sunt.
843 3595 1194 3666 Trajecerunt
1231 3611 1392 3666 ergo,
1421 3597 1558 3668 quod
1582 3597 1691 3668 jam
1741 3613 1845 3653 non
1882 3606 1997 3654 erat
2026 3599 2080 3655 in

497 3688 577 3742 eis
599 3727 616 3754 ,
653 3695 872 3758 propter
907 3701 1089 3742 semen
1127 3687 1399 3758 spirituale
1434 3704 1538 3758 quo
1568 3689 1863 3760 regenerati
1906 3699 2033 3746 sunt
2065 3708 2080 3758 ;

497 3778 592 3834 sed
635 3787 750 3834 erat
781 3779 832 3834 in
863 3793 1050 3834 eorum
1091 3779 1289 3834 carnali
1313 3782 1517 3836 semine
1536 3822 1550 3847 ,
1576 3795 1682 3852 quo
1707 3795 1829 3837 eum
1859 3796 2082 3853 genera-

499 3878 709 3926 verunt.

568 3961 656 4016 44.
692 3960 1151 4032 Quamvis‘itaque
1185 3977 1338 4017 sacro
1365 3961 1691 4032 Baptismate
1714 3953 2077 4019 sauctiﬁcetur

401 4085 404 4088 ~
498 4062 551 4108 et
579 4066 771 4122 corpus
802 4050 906 4117 ;ad
933 4051 1228 4108 hoetameu
1249 4053 1612 4107 sanetilicatur
1633 4093 1647 4118 ,
1677 4061 1735 4107 ut
1761 4068 1856 4123 per
1879 4055 2072 4110 remis-

497 4144 702 4199 sionem
741 4150 1085 4214 peccatorum
1143 4157 1247 4198 non
1290 4143 1463 4198 solum
1511 4145 1794 4214 prmteritis
1847 4144 2083 4215 peccatis

498 4235 747 4290 omnibus
769 4275 783 4298 ,
813 4250 999 4289 verum
1038 4234 1196 4288 etiam
1239 4234 1339 4305 ipsi
1371 4250 1488 4303 qum
1520 4236 1657 4291 inest
1680 4236 1858 4291 carnis
1883 4251 2078 4293 concu-

503 4325 771 4395 piscentia:
795 4340 899 4380 non
927 4327 995 4380 sit
1020 4325 1340 4393 obnoxium;
1363 4326 1446 4380 cui
1469 4341 1690 4382 necesse
1714 4336 1796 4383 est
1823 4329 2083 4385 obnoxius

504 4415 681 4470 omnis
722 4414 881 4469 homo
923 4409 1209 4483 nascatur,
1254 4416 1413 4470 etiam
1459 4417 1745 4472 moriturus
1786 4417 2078 4486 obnoxius,

500 4506 546 4561 si
568 4518 672 4560 nou
700 4515 1028 4561 renascatur.
1056 4504 1157 4561 Ubi
1178 4521 1305 4577 ergo
1331 4519 1417 4560 me
1442 4505 1635 4562 audisti
1669 4507 1782 4563 sive
1807 4507 1979 4579 legisti
2003 4509 2084 4564 di-

503 4609 749 4665 centem,
784 4616 804 4650 ‹
853 4614 958 4653 non
1005 4598 1247 4654 innovari
1293 4597 1538 4654 homines
1581 4615 1678 4670 per
1719 4599 2077 4671 Baptismum,

506 4689 601 4743 sed
622 4688 774 4760 quasi
818 4689 1058 4743 innovari
1086 4705 1101 4754 ;
1135 4703 1240 4744 non
1271 4688 1505 4756 liberari,
1534 4689 1627 4746 sed
1649 4691 1798 4761 quasi
1825 4691 2038 4747 liberari
2064 4709 2078 4757 ;

507 4794 612 4834 non
641 4779 864 4844 salvari,
907 4779 1001 4835 sed
1039 4781 1204 4849 quasi,
1228 4781 1418 4835 salvari
1449 4780 1474 4835 ἲ
1507 4799 1527 4855 ξ
1565 4781 1718 4838 Absit
1752 4793 1808 4837 ut
1833 4797 1932 4853 ego
1971 4784 2084 4837 ina-

507 4885 630 4925 nem
656 4869 899 4924 dicerem
939 4871 1160 4939 gratiam
1205 4869 1398 4925 lavacri
1439 4871 1611 4940 illius,
1656 4872 1708 4927 in
1735 4887 1841 4943 quo
1868 4882 2084 4927 renatus

509 4977 628 5018 sum
655 4976 722 5017 ex
745 4976 880 5032 aqua
922 4970 980 5017 et
999 4961 1218 5032 spiritu,
1259 4977 1359 5033 qua
1407 4963 1659 5020 liberatus
1700 4978 1818 5019 sum
1857 4979 1886 5018 a
1931 4975 2082 5021 reatu

507 5055 744 5109 Omnium
785 5067 1152 5124 peccatorum,
1195 5055 1275 5110 uel
1321 5069 1439 5126 qua:
1482 5056 1750 5112 nascendo
1787 5060 2082 5124 traxeram,

508 5147 592 5201 vel
631 5162 750 5218 qua:
775 5145 914 5202 male
939 5146 1166 5202 vivendo
1200 5157 1571 5204 contraxeram
1612 5167 1628 5203 :
1664 5163 1766 5220 qua
1801 5149 1997 5205 liberer
2025 5160 2083 5206 ut

509 5235 674 5291 sciam
703 5237 720 5268 ¹
748 5250 818 5292 ne
859 5235 1050 5292 intretn
1079 5236 1131 5291 in
1173 5237 1550 5304 tentationem,
1590 5253 1619 5290 a
1652 5238 2080 5308 concupiscentia

509 5342 630 5383 mea
657 5327 954 5384 abstractus
980 5335 1035 5383 et
1060 5325 1268 5383 illectus
1287 5368 1303 5392 ,
1341 5336 1503 5397 atque
1533 5335 1591 5382 ut
1621 5328 1876 5384 cxaudiar
1901 5330 2082 5385 dicens

507 5433 631 5474 cum
678 5417 1014 5474 consortibus
1046 5418 1184 5473 meis
1207 5456 1222 5481 ,
1273 5415 1483 5472 Dimitte
1523 5416 1664 5473 nobis
1703 5417 1869 5473 debita
1912 5429 2084 5474 nostra

505 5509 721 5579 (Matth.
745 5525 818 5576 vt,
849 5506 942 5580 η)
964 5523 1100 5579 ;qua
1125 5507 1409 5576 liberabor,
1429 5517 1486 5564 ut
1511 5522 1690 5580 spero,
1719 5510 1775 5565 in
1802 5519 2081 5578 aeternum,

507 5599 595 5654 ubi
630 5603 740 5670 jam
790 5598 938 5656 nulla
975 5598 1062 5654 lex
1098 5597 1152 5653 it:
1192 5599 1448 5656 membris
1498 5600 1631 5656 meis
1675 5612 1934 5674 repugnet
1974 5603 2074 5676 legi

506 5691 700 5746 mentis
724 5705 858 5747 mea:
896 5687 1091 5761 (Rom.
1117 5703 1189 5745 vn
1209 5729 1227 5756 ,
1254 5687 1328 5746 25
1345 5689 1389 5762 ).
1415 5690 1530 5748 Non
1559 5690 1717 5764 igitur
1742 5708 1841 5766 ego
1868 5694 2077 5752 inanem

579 5819 599 5852 ι
625 5821 697 5870 sic
719 5828 842 5884 Msa,
870 5826 923 5871 At
944 5819 1060 5872 editi
1075 5854 1091 5883 ,
1115 5825 1167 5872 ut
1187 5819 1302 5873 scio.

1292 385 1562 442 CONTRA
1605 382 1940 442 JULIANUM
1977 378 2444 450 PELAGMNUM,
2483 380 2540 437 S.
2585 383 2948 442 AUGUSTINI

2201 493 2458 577 facioDei
2485 497 2708 566 gratiam
2741 515 2754 551 :
2783 496 2878 552 sed
2906 507 2959 553 tu
2985 497 3100 570 ejus
3131 496 3376 558 inimicus
3402 501 3617 561 inanem
3639 523 3784 579 quzc.

2194 585 2328 640 sisse
2374 584 2570 640 videris
2603 589 2952 656 )actantiam,
2998 590 3135 644 utin
3179 601 3322 646 tuam
3363 592 3781 663 disputationem

2196 675 2562 731 introduceres
2603 675 2925 746 Epicurum,
2978 698 2998 732 ι
3044 682 3131 751 qui
3179 685 3388 754 negavit
3427 701 3550 742 esse
3590 704 3784 761 corpus

2195 765 2414 820 deorum
2436 807 2451 832 ,
2480 765 2573 820 sed
2607 775 2855 837 tanquam
2886 783 3081 840 corpus
3107 789 3122 838 ;
3151 788 3253 829 nec
3289 778 3602 846 sanguinem
3629 822 3645 848 ,
3683 783 3777 838 sed

2197 861 2445 926 tanquam
2471 856 2784 926 sanguinem
2815 877 2834 911 ι
2867 857 3079 929 (Cicero
3101 903 3116 927 ,
3141 863 3228 916 lib.
3269 865 3304 920 '5
3343 866 3406 920 de
3433 865 3639 924 Natura
3664 872 3785 928 deo-

2193 961 2305 998 rum
2333 945 2390 1016 );
2440 953 2494 1000 et
2537 946 2636 1001 hac
2671 948 2952 1005 occasione
3005 949 3075 1006 de
3112 951 3552 1027 philosophorum
3595 959 3784 1019 litteris

2196 1035 2262 1090 ad
2294 1052 2408 1091 rem
2439 1041 2556 1107 qum
2581 1039 2718 1094 inter
2741 1055 2838 1094 nos
2860 1041 3034 1110 agitur
3054 1058 3160 1098 non
3191 1048 3575 1114 pertinentibus
3594 1093 3612 1118 ,
3635 1059 3782 1110 tanto

2197 1128 2427 1199 ineptius
2469 1141 2669 1200 quanto
2712 1137 2858 1188 velut
2885 1135 3093 1192 doctius
3131 1138 3408 1196 delirares.
3448 1142 3576 1210 Quis
3603 1156 3780 1205 autem
3837 1180 3841 1184 ν

2195 1229 2433 1274 nostrum
2472 1220 2639 1288 dicit,
2686 1241 2706 1275 ι
2743 1221 3008 1295 Quidquid
3043 1228 3097 1282 in
3140 1232 3388 1298 prtesenti
3431 1235 3628 1290 saeculo
3670 1239 3782 1308 agi-

2194 1321 2299 1375 tur,
2327 1326 2446 1367 csse
2474 1313 2794 1382 culpandum
2825 1333 2839 1382 ;
2872 1334 2890 1369 ι
2936 1333 3056 1372 cum
3091 1319 3176 1377 hic
3203 1321 3316 1391 ipse
3349 1323 3595 1382 Christus
3633 1337 3779 1384 tanta

2202 1401 2557 1483 egeritbona,
2589 1404 2684 1458 sed
2716 1414 2771 1460 ut
2798 1421 2896 1462 nos
2935 1409 3146 1465 erueret
3184 1411 3252 1468 de
3296 1416 3546 1484 prtescuti
3585 1420 3782 1476 sarculo

2193 1491 2334 1546 malo
2358 1492 2383 1544 ?
2717 1517 2724 1522 -

2262 1581 2635 1675 CAPUT.XV.
2668 1615 2737 1627 -
2763 1587 2853 1643 45.
2885 1587 3052 1655 Quam
3084 1605 3242 1660 porro
3267 1593 3547 1666 diligenter
3571 1607 3624 1654 et
3649 1614 3780 1655 con-

2189 1682 2442 1742 gruenter
2474 1688 2708 1744 exponas
2735 1678 3087 1747 apostolicum
3116 1683 3474 1741 testimonium
3499 1729 3514 1753 ,
3547 1688 3637 1743 ubi
3664 1691 3736 1744 ait
3760 1731 3776 1757 ,

2191 1762 2299 1833 Spe
2342 1764 2471 1818 salvi
2517 1767 2638 1836 facti
2679 1784 2886 1835 sumus,
2936 1779 2990 1825 et
3027 1783 3219 1827 caetera
3244 1816 3260 1842 ,
3296 1790 3464 1846 usque
3492 1777 3560 1832 ad
3584 1780 3779 1833 redem-

2189 1853 2408 1924 ptionem
2450 1857 2676 1925 corporis
2723 1860 2882 1913 nostri
2927 1859 3102 1931 (Rom.
3145 1878 3272 1932 vut,
3310 1862 3415 1932 24,
3445 1866 3575 1937 23),
3600 1883 3778 1939 opera:

2190 1943 2416 2014 pretium
2456 1955 2540 2001 est
2582 1947 2798 2004 intueri.
2844 1951 2986 2007 Dicis
3026 1954 3167 2009 enim
3193 1957 3335 2026 quod
3370 1959 3389 2010 ὸ
3424 1959 3510 2014 illa
3539 1953 3778 2020 resurre-

2187 2037 2295 2093 ctio
2334 2053 2439 2092 non
2479 2051 2694 2110 peccata
2723 2041 2956 2099 dimittat
2983 2046 3280 2117 aliquorum
3305 2092 3322 2119 ,
3350 2051 3443 2107 sed
3469 2066 3725 2124 expurget
3754 2057 3770 2090 '

2186 2129 2378 2183 merita
2399 2130 2748 2200 singulorum.
2775 2133 2971 2190 Reddit
2994 2136 3137 2192 enim
3164 2141 3444 2211 unicuique
3463 2185 3479 2211 ,
3513 2163 3533 2198 ι
3562 2145 3770 2218 inquis,

2193 2237 2212 2272 ι
2243 2221 2534 2278 secundum
2563 2238 2725 2295 Opera
2747 2240 2842 2281 sua
2863 2267 2878 2292 ,
2912 2244 2932 2279 ι
2959 2243 3057 2284 nec
3081 2239 3256 2286 tamen
3282 2232 3414 2288 dicis
3433 2275 3448 2301 ,
3480 2237 3772 2294 secundum

2186 2325 2306 2380 quze
2349 2326 2512 2382 opera
2553 2328 2650 2369 sua
2688 2330 2911 2386 regnum
2941 2317 3034 2374 Dei
3061 2323 3293 2391 parvulis
3317 2323 3523 2380 reddat.
3558 2325 3624 2383 Et
3645 2344 3773 2400 pec-

2186 2408 2305 2455 cata
2331 2402 2545 2473 quidem
2577 2403 2718 2459 nulla
2748 2407 3089 2464 remittuntur
3116 2410 3167 2465 in
3199 2427 3364 2483 regno
3395 2432 3408 2468 :
3438 2416 3531 2471 sed
3561 2417 3606 2472 si
3632 2420 3774 2476 nulla

2186 2491 2584 2546 remitterentur
2627 2493 2678 2548 in
2720 2494 2920 2565 judicio
2961 2498 3054 2554 illo
3096 2501 3420 2570 novissimo,
3465 2516 3594 2576 puto
3629 2508 3772 2578 quod

2186 2578 2442 2636 Dominus
2480 2597 2584 2637 non
2625 2583 2846 2651 dixisset
2885 2586 2952 2642 de
2989 2589 3216 2658 quodam
3255 2604 3508 2663 peccato,
3542 2595 3663 2651 Non
3689 2615 3773 2654 re-

2184 2669 2408 2724 mittetur
2445 2687 2608 2743 neque
2650 2674 3068 2756 inrhocvsteculo,
3097 2696 3255 2749 neque
3281 2681 3332 2736 in
3363 2687 3535 2754 futuro
3561 2685 3770 2756 (Matth.

2185 2776 2256 2816 xu
2277 2802 2294 2828 ,
2331 2759 2462 2834 '52);
2503 2763 2716 2834 quando
2752 2766 2852 2822 sibi
2881 2769 3076 2824 remitti
3102 2771 3349 2842 sperabat
3374 2773 3508 2829 latro
3538 2776 3655 2844 ille,
3683 2780 3772 2849 qui

2183 2850 2430 2923 dicebat,
2473 2853 2728 2911 Memento
2769 2858 2902 2926 mei,
2945 2877 3061 2916 cum
3098 2865 3290 2918 veneris
3322 2867 3376 2920 in
3400 2884 3609 2938 regnum
3633 2879 3772 2926 tuum

2185 2942 2336 3018 (Luc.
2387 2961 2518 3001 χχιιι
2539 2988 2554 3014 ,
2592 2945 2705 3018 42).
2733 2947 2812 3004 De
2836 2965 2938 3020 qua
2961 2967 3021 3007 re
3043 2994 3058 3020 ,
3087 2954 3337 3024 quoniam
3363 2956 3783 3027 profuntlissima'

2182 3036 2410 3105 quaestio
2455 3045 2576 3105 est,
2617 3053 2723 3094 non
2764 3049 2848 3095 cst
2885 3043 3046 3098 modo
3081 3047 3457 3118 prtecipitanda
3483 3052 3767 3110 sententia.

2183 3124 2292 3180 Cur
2327 3135 2503 3182 autem
2541 3128 2595 3183 in
2626 3144 2791 3200 regno
2819 3131 2965 3186 nulla
2994 3143 3206 3204 peccata
3233 3139 3455 3194 remittit
3484 3142 3620 3198 Deus
3648 3145 3771 3202 ﬁliis

2182 3217 2325 3285 suis,
2366 3218 2467 3274 nisi
2495 3220 2616 3290 quia
2645 3235 2751 3276 non
2781 3222 2984 3278 invenit
3011 3226 3454 3296 quodnremittat?
3478 3231 3592 3288 Non
3625 3234 3769 3292 enim

2182 3316 2436 3379 poterunt
2460 3308 2530 3364 ibi
2561 3324 2681 3366 esse
2707 3321 2922 3381 peceata
2944 3355 2959 3379 ,
2990 3315 3079 3370 ubi
3105 3305 3350 3387 spiritus,
3383 3335 3488 3375 non
3513 3320 3632 3376 dico
3663 3336 3773 3379 non

2181 3398 2449 3454 consentit
2482 3401 2929 3470 concupiscentiae
2954 3407 3129 3460 carnis
3147 3447 3163 3473 ,
3195 3407 3290 3463 sed
3318 3424 3418 3465 nec
3442 3413 3773 3483 concupiscit

2183 3490 2438 3549 adversus
2479 3510 2699 3553 carnem
2720 3537 2736 3566 ,
2775 3501 2898 3570 quia
2927 3517 3029 3558 nec
3054 3517 3180 3559 caro
3207 3503 3464 3561 adversus
3489 3523 3610 3563 eum
3636 3526 3651 3575 ;
3682 3509 3770 3566 illa

2183 3575 2436 3641 incﬁ‘abili
2477 3587 2646 3646 salute
2691 3591 2959 3662 perfecta,
3005 3611 3124 3666 quae
3167 3612 3310 3652 nunc
3346 3614 3453 3654 non
3492 3599 3552 3655 ﬁt
3588 3600 3640 3656 in
3666 3601 3771 3656 Ba-

2185 3675 2380 3743 ptismo
2403 3717 2418 3742 ,
2455 3677 2542 3759 ubi
2569 3681 2910 3737 remittuntur
2933 3683 3145 3753 quidem
3177 3698 3366 3742 cuncta
3395 3688 3611 3759 peccata
3630 3733 3646 3759 ,
3674 3690 3770 3747 sed

2183 3776 2466 3821 remanent
2502 3748 2794 3826 carnalium
2838 3774 3388 3844 coneupisceutiarum
3433 3780 3604 3849 mala,
3648 3795 3769 3836 cum

2183 3855 2378 3926 quibus
2413 3867 2535 3928 post
2571 3860 2897 3932 Baptismum
2921 3905 2938 3932 ,
2977 3865 3021 3920 si
3065 3873 3244 3922 tamen
3279 3869 3770 3938 proﬁciunt,exer-

2183 3956 2340 4002 ceant
2363 3948 2475 4004 sive
2499 3950 2766 4022 eonjugati
2787 3952 3017 4022 gloriosa
3038 3997 3054 4021 ,
3085 3956 3198 4011 sive
3221 3958 3556 4015 continentes
3573 3959 3770 4030 glorio-

2183 4035 2323 4091 siora
2362 4039 2651 4095 certamina
2677 4059 2690 4095 :
2719 4042 2862 4112 quod
2903 4051 2959 4099 et
2980 4043 3095 4114 ipse
3119 4046 3391 4105 conﬁteris
3416 4047 3646 4121 (Supra,
3677 4048 3764 4104 tib.

2183 4127 2311 4188 3,21.
2340 4128 2466 4200 42);
2490 4131 2584 4186 sed
2605 4133 2784 4190 nescio
2803 4149 2906 4204 qua
2931 4136 3164 4205 miseria,
3181 4140 3394 4210 quando
3418 4155 3516 4211 pro
3547 4143 3770 4198 veritate

2184 4219 2416 4290 loqueris
2438 4262 2453 4288 ,
2483 4231 2607 4277 tunc
2635 4231 2687 4278 te
2719 4224 2832 4294 ipse
2858 4241 2962 4280 non
2989 4227 3160 4284 audis.
3309 4233 3315 4238 '

2256 4311 2345 4367 46.
2390 4313 2707 4370 Describens
2733 4317 2929 4388 quippe
2956 4319 3097 4374 illam
3128 4336 3387 4377 summam
3416 4324 3766 4380 resurrectio-

2184 4403 2267 4459 nis
2306 4403 2645 4476 felicitatem,
2688 4407 2853 4476 dicis,
2900 4411 3229 4482 (neminem
3268 4415 3380 4485 jam
3410 4415 3479 4471 ibi
3501 4416 3767 4488 justorum

2185 4495 2401 4551 lividum
2441 4495 2618 4554 facere
2654 4513 2850 4570 corpus
2887 4515 3040 4557 suum
3061 4545 3077 4569 ,
3113 4513 3169 4560 et
3202 4506 3442 4562 servituti
3466 4507 3764 4578 subjicere;

2186 4588 2452 4644 neminem
2475 4588 2756 4647 humiliare
2779 4593 3012 4650 animam
3039 4611 3188 4652 suam
3214 4599 3394 4653 stratis
3417 4599 3566 4655 duris
3586 4609 3640 4656 et
3662 4615 3770 4671 pa:-
3870 4650 3876 4656 .

2185 4679 2319 4737 dore
2361 4681 2744 4737 membrorum.
2792 4703 2812 4738 a
2855 4685 3140 4757 Responde
3180 4705 3309 4761 ergo
3333 4706 3428 4746 cur
3454 4691 3540 4746 hic
3564 4693 3663 4746 ista
3689 4689 3768 4746 fa-

2186 4769 2293 4824 ciat
2315 4812 2329 4835 ,
2355 4770 2444 4841 qui
2472 4771 2618 4826 omni
2645 4773 2785 4829 malo
2811 4773 2864 4829 in
2892 4773 3218 4848 Baptismate
3243 4781 3413 4834 caruit
3439 4798 3453 4833 :
3485 4795 3581 4834 cur
3605 4769 3766 4835 audet

2187 4857 2405 4914 lividum
2447 4859 2621 4917 facere
2658 4863 2914 4934 templum
2958 4867 3098 4922 Dei?
3136 4867 3324 4924 Nonne
3365 4868 3601 4924 membra
3645 4867 3766 4940 ejus

2187 4952 2426 5008 membra
2466 4947 2591 5008 sunt
2613 4955 2796 5025 utique
2825 4958 3008 5027 templi
3038 4958 3167 5013 Dei?
3189 4958 3298 5013 Cur
3320 4973 3450 5029 ergo
3479 4973 3586 5014 non
3615 4963 3765 5018 suavi

2187 5040 2388 5108 odore,
2435 5043 2528 5098 sed
2576 5044 2787 5114 paedore
2822 5047 3004 5117 templi
3033 5047 3176 5118 ejus,
3205 5057 3296 5102 aut
3320 5049 3505 5104 invitat
3530 5065 3768 5120 praesen-

2189 5133 2314 5188 tiam
2335 5176 2351 5200 ,
2394 5143 2486 5189 aut
2524 5135 2772 5207 impetrat
2811 5137 3261 5206 misericordiam,
3297 5149 3391 5194 aut
3423 5132 3601 5210 placat
3633 5141 3766 5198 iram

2185 5224 2344 5295 ejus?
2366 5225 2579 5284 Nihilne
2608 5229 2730 5283 mali
2757 5229 3009 5300 castigat,
3039 5230 3258 5299 domat,
3284 5232 3451 5288 vineit
3470 5274 3486 5300 ,
3515 5234 3770 5306 Opprimit

2187 5315 2241 5370 in
2285 5317 2482 5388 tempio
2522 5319 2613 5374 Dei
2635 5360 2651 5384 ,
2695 5321 2853 5375 etiam
2881 5319 3047 5377 livore
3071 5330 3128 5377 et
3157 5323 3368 5392 pedore
3393 5325 3564 5395 ipsius
3586 5327 3766 5397 templi

2188 5406 2284 5466 Dei
2303 5408 2328 5449 ν
2350 5407 2538 5464 Nonne
2563 5409 2792 5465 attendis
2813 5451 2830 5478 ,
2860 5425 3039 5468 nonne
3067 5415 3324 5484 perSpicis
3344 5456 3358 5481 ,
3390 5417 3512 5488 quia
3535 5427 3642 5473 tam
3669 5433 3765 5474 ve-

2186 5497 2462 5557 hementer
2501 5516 2695 5572 corpus
2727 5515 2882 5558 suum
2909 5517 3239 5576 persequens
3261 5549 3275 5570 ,
3304 5508 3348 5563 si
3379 5508 3512 5563 nihil
3542 5509 3612 5565 ibi
3641 5524 3764 5580 per-

2184 5595 2422 5664 sequitur
2445 5594 2588 5666 quod
2611 5593 2854 5666 displicet
2873 5597 3005 5665 Deo,
3028 5598 3220 5655 frustra
3247 5599 3612 5671 persequendo
3634 5611 3767 5657 tem-

2246 5709 2421 5777 f__'l‘res
2440 5721 2470 5757 e
2503 5709 2738 5760 Vaticanis
2760 5716 2889 5771 Mss,
2910 5722 3171 5777 expungat.
3191 5712 3277 5777 Alii
3298 5713 3394 5763 duo
3415 5727 3526 5777 eum
3551 5713 3769 5777 pluribus

2480 5777 2738 5835 expurgat.
2777 5768 2900 5834 Arni,
2926 5768 3188 5838 eipug'uat.
3232 5768 3726 5826 t-‘toriacensis'codex
3745 5809 3764 5838 ,
