2071 3237
188 151 240 182 819

189 210 263 243 plum
279 207 336 242 ejus
348 206 409 233 facit
425 204 545 239 injuriam
558 210 678 238 magnam
691 202 763 230 Deo?
775 202 842 235 Quid
855 202 980 236 tergiver-

189 253 256 279 saris
267 273 273 283 ,
296 251 359 286 quid
380 250 513 277 cunctaris
531 249 647 282 apertius
660 248 802 275 confiteri?
818 246 882 273 lllud
896 246 983 280 profe-

189 304 248 330 rto,
271 295 333 323 illud
355 299 397 323 est
415 294 484 329 quod
503 294 552 320 iste
564 314 572 324 ,
586 293 661 327 cujus
676 293 784 319 livorem
800 292 983 326 pmdorrmque

190 342 336 377 przcdicas,
360 341 386 367 in
409 347 455 366 sua
481 347 560 365 carne
586 339 769 373 persequitur,
795 337 865 364 unde
878 338 983 364 dicebat

192 386 354 422 Apostolus,
379 384 440 412 Scio
461 384 520 418 quia
542 392 591 409 non
614 383 708 409 habitat
730 384 756 409 in
777 391 834 415 me,
849 383 895 408 hoc
909 386 943 408 est
958 382 985 407 in

191 440 266 459 carne
278 439 347 462 mea,
364 430 455 456 bonum
471 428 556 463 (Rom.
573 436 618 459 vn,
633 428 687 463 18).
700 428 782 461 Quam
795 435 886 454 vocem
900 427 985 461 bapti-

193 477 243 504 zati
264 483 323 503 esse
342 483 390 502 cur
403 482 500 509 negas,
517 482 576 501 cum
591 482 671 508 opera
683 474 755 500 vocis
770 474 847 508 hujus
862 474 887 500 in
904 473 986 500 livore

191 522 312 557 corporis
332 526 359 548 et
380 521 560 547 membrorum
582 520 688 553 pscdore
710 520 875 554 cognoscas?
895 520 986 554 Neque

194 568 265 595 enim
278 567 335 593 lucc
348 566 444 598 sancti,
461 565 501 592 vel
519 565 562 591 Dei
578 565 703 599 flagellis,
719 565 759 591 vel
774 565 807 592 ab
822 565 934 592 inimicis
946 570 987 591 to-

195 614 283 641 lerant
298 611 434 647 patiendo,
449 611 495 638 sed
513 611 561 645 ip~i
573 611 621 638 sibi
636 611 758 645 ingerunt
769 611 939 638 continendo.
954 611 988 638 Et

198 658 290 693 utquid
310 657 376 689 hoc,
399 656 448 683 nisi
469 661 561 684 contra
581 656 668 683 carnis
680 657 920 690 concupiscentiam
936 656 989 690 spi-

197 704 247 730 ritu
265 702 496 736 concupiscendo?
519 701 593 734 Quod
615 702 739 728 nimirum
758 706 784 728 ct
800 702 856 736 ipse
870 699 987 729 sensisti.

195 749 260 775 Cum
282 748 354 775 enim
377 748 532 775 describens
546 747 696 775 felicitatem
711 748 805 775 futura:
819 749 880 775 vita:
893 770 899 780 ,
915 748 990 775 addi-

195 794 280 821 disses
303 798 383 828 atque
400 794 512 821 dixisses
526 814 533 826 ,
552 803 560 819 ‹
582 793 666 821 Nemo
679 794 806 821 conviciis
820 794 923 821 felicem
940 794 990 821 im-

195 838 366 874 pudentiam,
389 846 468 865 nemo
490 838 611 866 maxillas
633 839 743 873 palmis,
768 847 847 866 nemo
868 839 989 873 subjiciet

196 888 270 920 terga
293 884 468 916 verberibus;
495 892 543 912 nec
561 884 678 911 conﬂare
699 885 814 912 studebit
833 885 866 912 dc
882 885 990 913 infirmi—

198 935 253 958 tate
272 931 417 963 virtutem;
443 938 492 957 nec
514 938 573 957 cum
595 931 681 965 inopia
697 931 850 966 frugalitas,
868 939 916 958 nec
930 940 990 960 cum

198 976 359 1003 mmroribns
378 976 582 1011 magnanimitas
603 986 609 1003 :
632 986 642 1002 ι
666 985 747 1011 quare
761 977 849 1004 dicere
865 978 990 1009 noluisti,

199 1021 252 1048 Nec
273 1029 333 1048 cum
357 1021 445 1048 carnis
466 1022 678 1056 concupiscentia
693 1022 800 1049 castitas
815 1023 839 1055 ¹;
855 1023 902 1050 sed
918 1023 990 1049 festi-

199 1067 267 1093 nasti
280 1073 387 1093 sensum
402 1065 560 1093 concludere
572 1086 579 1098 ,
593 1071 672 1101 atque
683 1066 785 1099 dixisti,
805 1076 814 1093 ι
833 1075 882 1094 nec
893 1068 992 1101 patien-

200 1113 235 1139 tia
249 1119 308 1139 cum
322 1112 414 1139 dolore
426 1111 585 1144 luctabitur;
603 1121 612 1138 ι
623 1112 690 1139 nihil
699 1112 769 1139 aliud
780 1121 993 1140 commemorans

201 1159 253 1186 nisi
274 1158 344 1194 quod
368 1158 516 1186 forinsecus
539 1159 644 1186 irruens
666 1159 822 1187 fortitudine
847 1161 992 1194 toleratur,

202 1211 255 1232 non
269 1204 339 1240 quod
352 1204 423 1232 intus
436 1212 465 1232 se
478 1212 649 1232 commovens
662 1206 783 1234 castitate
793 1207 993 1241 comprimitur?

203 1250 244 1278 An
265 1251 331 1277 forte
353 1257 402 1277 nos
423 1250 512 1285 arguis
532 1250 682 1284 tarditatis,
705 1252 748 1286 qui
764 1260 815 1279 non
832 1252 993 1280 intellexeris

205 1302 265 1322 mus
278 1316 285 1329 ,
301 1295 352 1323 hoc
364 1299 390 1323 te
400 1295 453 1330 jam
466 1295 630 1331 significasse
643 1297 764 1332 superius
774 1319 782 1331 ,
794 1306 854 1325 cum
865 1299 899 1326 de
912 1299 994 1327 livore

204 1343 326 1376 corporis
347 1341 446 1369 diceres
467 1345 493 1369 et
515 1342 605 1370 labore
625 1350 656 1371 ac
671 1344 777 1378 pmdore
791 1346 994 1374 membrorum?

204 1386 317 1420 Quando
338 1387 407 1414 enim
428 1395 479 1414 non
501 1387 534 1415 ab
556 1388 651 1422 hoste,
675 1390 721 1416 sed
744 1397 759 1417 a
782 1398 811 1418 se
827 1391 885 1426 ipso
897 1391 993 1427 afﬂigi-

204 1435 249 1460 tur
272 1431 359 1465 fortis,
375 1433 400 1459 in
414 1433 471 1467 ipso
493 1433 563 1461 intus
573 1438 614 1461 est
627 1435 670 1469 qui
685 1435 829 1463 vincendus
842 1440 882 1463 est
898 1436 992 1464 hostis.

239 1478 284 1505 47.
298 1477 428 1505 Memento
441 1485 507 1506 sane
519 1486 571 1505 non
588 1483 614 1506 te
627 1481 781 1514 exposuisse
791 1488 838 1508 cur
852 1482 994 1516 Apostolus

203 1523 320 1557 dixerit,
343 1523 503 1559 adoptionem
521 1530 690 1559 exspectantes
712 1525 768 1561 (Id.
788 1534 847 1559 vni,
866 1527 930 1563 23),
949 1528 993 1562 qui

202 1568 256 1604 jam
278 1569 304 1596 in
325 1569 431 1597 lavacro
448 1571 655 1605 regenerationis
675 1571 760 1599 fuerat
776 1572 926 1607 adoptatus.
942 1573 993 1601 lte-

204 1622 263 1642 rum
278 1614 345 1643 dicis
357 1637 364 1649 ,
383 1625 393 1642 (
412 1617 482 1651 quod
494 1624 600 1644 carnem
612 1625 687 1645 suam
701 1619 791 1646 nullus
801 1619 897 1647 oderit.
912 1629 922 1646 ι
931 1620 995 1654 Quis

204 1660 276 1688 enim
291 1660 342 1688 hoc
356 1661 518 1697 negat?Sed
535 1668 621 1690 tamen
637 1664 783 1699 disciplina:
791 1665 883 1700 Tigore
898 1666 994 1694 asseris

209 1707 406 1735 conterendam.
428 1709 525 1736 iterum
545 1717 608 1745 ergo
629 1718 677 1745 pro
694 1711 803 1738 veritate
822 1712 952 1747 loqueris,
967 1718 995 1741 et

210 1752 302 1780 audire
324 1758 349 1780 te
363 1761 414 1781 non
430 1754 478 1782 vis.
493 1755 545 1782 Cur
559 1756 629 1783 enim
644 1764 706 1784 caro
721 1758 868 1785 conteritur
880 1766 893 1784 a
910 1759 995 1787 fideli-

209 1797 260 1825 bus
272 1819 280 1831 ,
290 1798 314 1826 si
326 1798 390 1826 nihil
403 1800 527 1827 remansit
539 1801 564 1827 in
576 1801 711 1836 Baptismo
721 1803 791 1837 quod
804 1803 931 1831 adversus
941 1805 997 1839 spi-

208 1844 289 1871 ritum
313 1845 501 1880 concupiscat?
522 1854 586 1880 cur,
613 1847 739 1881 inquam,
764 1849 910 1876 conteritur
931 1857 945 1876 a
968 1857 997 1877 se

208 1890 268 1924 ipso
281 1890 407 1925 templum
419 1890 482 1924 Dei,
498 1892 519 1918 si
532 1892 596 1918 nihil
609 1892 643 1919 ibi
657 1897 698 1919 est
711 1893 781 1926 quod
795 1894 900 1921 resistat
913 1894 998 1929 Spiri-

207 1935 244 1962 tui
265 1935 331 1963 Dei?
348 1935 404 1963 Non
418 1940 505 1964 autem
521 1941 621 1964 tantum
635 1938 750 1971 inesset,
766 1947 856 1966 verum
871 1944 897 1966 ct
909 1941 998 1975 gravi-

207 1985 248 2008 ter
265 1982 389 2015 obesset,
407 1982 458 2010 nisi
480 1987 569 2010 reatus
590 1991 642 2018 quo
656 1984 666 1998 ¹
678 1992 727 2011 nos
740 1984 919 2012 obstrinxerat
930 2006 938 2016 .
953 1994 1000 2021 per

207 2027 390 2055 remissionem
413 2032 582 2062 peccatorum
595 2029 696 2056 solutus
711 2034 791 2056 esset.
808 2029 925 2057 Solvitur
937 2038 1000 2066 ergo

207 2080 256 2107 per
273 2072 462 2108 indulgentiam
473 2094 481 2106 ,
503 2074 564 2109 quia
587 2073 693 2101 tenebat
707 2074 733 2101 in
749 2082 816 2102 noxa
833 2084 840 2103 :
855 2076 1001 2103 conteritur

208 2124 256 2152 per
274 2118 463 2145 continentiam
476 2139 484 2150 ,
499 2126 533 2146 ne
546 2119 635 2146 vincat
652 2119 677 2146 in
694 2127 790 2155 pugna.
807 2120 901 2156 Agitur
914 2121 1002 2156 itaque

211 2169 246 2189 ne
261 2162 345 2196 obsit,
356 2163 442 2190 donec
455 2163 490 2191 ita
504 2168 612 2192 sanetur
622 2169 650 2192 ut
660 2172 712 2192 non
726 2166 770 2192 sit.
784 2165 951 2201 Quapropter
962 2166 1003 2194 di-

212 2207 353 2235 mittuntur
365 2209 391 2236 in
403 2209 561 2244 Baptismate
576 2214 668 2238 cuncta
685 2215 793 2246 peccata
804 2232 811 2244 ,
826 2217 854 2239 et
865 2212 1002 2247 originali-

212 2256 255 2280 ter
277 2257 377 2287 tracta,
400 2258 427 2281 et
447 2250 599 2288 ignoranter
620 2256 662 2284 vel
687 2256 802 2284 scienter
821 2257 934 2292 adjecta.
950 2258 1002 2285 Sed

211 2306 272 2326 cum
292 2299 357 2326 dicit
373 2300 516 2334 Apostolus
528 2300 658 2335 Iacobus,
677 2302 851 2338 Unusquisque
866 2308 977 2330 tentatur
989 2312 1004 2330 a

209 2344 413 2379 concupiscenlio
430 2353 477 2372 sua
488 2345 626 2374 abstractus
637 2352 660 2374 et
672 2347 771 2374 illectus
786 2356 796 2375 :
808 2348 899 2375 deinde
911 2357 1003 2376 concu-

209 2388 332 2423 piscentia
343 2397 401 2416 cum
414 2391 573 2426 conceperit,
591 2392 656 2427 parit
671 2397 801 2428 peccatum
815 2393 915 2430 (Jacobi
925 2402 944 2428 I,
959 2395 1003 2429 M,
1028 2386 1031 2389 ’

210 2433 255 2469 15)
267 2442 276 2467 ;
290 2435 410 2470 proiecto
425 2436 451 2463 in
472 2436 516 2464 his
529 2437 619 2465 verbis
633 2442 724 2472 partus
736 2446 750 2466 a
767 2439 888 2473 pariente
901 2439 1003 2468 discer-

210 2480 291 2509 nitur.
305 2481 415 2510 Pariens
428 2483 500 2511 enim
511 2488 554 2512 est
565 2485 780 2520 concupiscentia
790 2507 797 2519 ,
812 2491 902 2521 partus
913 2494 1002 2521 pecca-

212 2530 281 2554 tum.
298 2525 350 2554 Sed
367 2528 585 2563 concupiscentia
599 2537 652 2557 non
667 2531 752 2565 parit,
768 2531 818 2558 nisi
832 2532 983 2566 conceperit
996 2541 1003 2565 ;

211 2578 261 2598 nec
277 2571 409 2608 concipit,
424 2573 475 2601 nisi
492 2574 626 2609 illexerit,
643 2575 694 2603 hoc
706 2581 766 2610 est,
781 2576 814 2604 ad
830 2578 929 2604 malum
946 2585 1006 2612 pcr-
1032 2575 1036 2578 ’

211 2617 370 2651 peti-andem
391 2619 538 2648 obtinuerit
558 2621 672 2649 volentis
689 2630 838 2651 assensum.
854 2614 929 2657 Quod
943 2632 1006 2659 ergo

210 2660 340 2690 adversus
353 2671 411 2692 eam
424 2664 580 2700 dimicatur,
592 2666 643 2694 hoc
655 2668 743 2703 agitur
752 2688 760 2701 ,
772 2676 806 2696 ne
816 2669 946 2704 concipiat
957 2677 1005 2704 pa—

210 2708 317 2742 riatque
327 2713 472 2743 peccatum.
488 2710 610 2739 Dimissis
622 2712 711 2748 itaque
725 2713 752 2741 in
766 2713 900 2749 Baptismo
911 2722 1006 2750 pecca-

242 2754 250 2769 ί
270 2753 338 2785 Editi,
350 2761 394 2790 nec
476 2755 558 2789 inopia
568 2757 750 2790 frugalitatem,
769 2766 814 2785 nec
825 2767 882 2786 cum
892 2761 1006 2786 maerori-

209 2782 444 2818 lntsmogtmmitar'
370 2784 376 2790 '
437 2782 585 2818 ne'c
765 2782 1008 2818 ﬁcm’"‘"'"ﬁi{é&-

208 2813 325 2853 “Quinti;
330 2817 465 2853 buoyatic.
478 2821 542 2849 κη
555 2813 955 2853 Γηιθὶιιίιαξςξήὗφᾶἦὶἶηῖὦζέίῖ

240 2846 250 2862 ³
266 2846 340 2878 alio,
351 2846 400 2880 φά.
414 2851 443 2874 At
453 2852 516 2880 Ms...

870 142 970 170 LlBLR
990 144 1134 174 SEXTUS.

1770 148 1823 176 850

1034 202 1068 230 tis
1087 202 1227 237 omnibus,
1244 203 1271 231 id
1285 206 1326 231 est
1337 204 1460 232 omnibus
1473 204 1695 242 concupiscentitc
1708 204 1822 236 fetibus,

1034 246 1056 273 si
1081 246 1135 274 illic
1157 247 1237 274 etiam
1259 248 1314 283 ipsa
1338 255 1493 285 consumpta
1512 255 1569 283 est,
1584 249 1717 285 quomodo
1730 253 1823 276 contra

1035 301 1092 320 eam
1114 301 1148 321 ne
1167 294 1315 329 concipiat,
1330 294 1457 323 dimicant
1467 296 1551 323 sancti
1565 305 1574 322 ι
1592 296 1675 323 livore
1686 295 1823 330 corporis,

1036 338 1142 374 paedore
1153 340 1331 367 membrorum
1344 360 1351 373 ,
1364 341 1521 369 contritione
1530 341 1617 369 carnis
1627 341 1639 367 1
1653 350 1662 368 ι
1676 348 1735 376 quas
1744 340 1826 369 verba

1036 388 1079 410 tua
1102 389 1174 411 sunt.
1194 384 1350 419 Quomodo,
1367 386 1474 421 inquam
1485 407 1493 417 ,
1508 386 1605 419 livore,
1618 386 1725 421 paedore
1736 406 1744 419 ,
1760 393 1825 413 oon-

1037 428 1144 455 tritione
1157 429 1248 464 templi
1262 429 1308 457 Dei
1318 434 1410 458 contra
1424 438 1483 458 eam
1496 431 1669 465 belligeratur
1685 438 1700 458 a
1714 431 1825 465 sanctis,

1037 476 1061 504 si
1082 481 1109 504 et
1129 477 1185 512 ipsa
1205 481 1247 505 est
1264 477 1353 505 ablata
1366 478 1548 513 Baptismate?
1561 478 1648 505 Manet
1662 478 1761 514 igitur:
1778 485 1829 506 nec

1038 530 1069 550 ea
1084 523 1291 559 regenerationis
1305 524 1411 552 lavacro
1422 524 1574 556 caruimus.
1587 523 1611 552 si
1622 532 1676 552 non
1691 525 1727 552 ibi
1739 525 1829 553 carui—

1039 576 1098 596 mus
1110 576 1191 597 sensu
1201 590 1209 602 ,
1224 577 1278 605 quo
1292 577 1350 598 eam
1364 576 1473 598 manere
1487 569 1626 597 sentimus.
1822 594 1828 600 .
1845 598 1852 603 λ,

1074 615 1118 642 48.
1134 614 1199 649 Quis
1210 619 1299 643 autem
1314 615 1350 642 ita
1362 614 1397 642 sit
1411 615 1565 650 imprudens
1577 619 1657 650 atque
1669 615 1808 650 impudens
1820 636 1827 647 ,

1040 660 1075 687 ita
1090 667 1187 695 procax
1196 680 1204 694 ,
1220 659 1358 695 pertinax,
1371 659 1495 695 pervicax
1506 680 1513 692 ,
1528 660 1564 687 ita
1575 665 1711 695 postremo
1722 660 1830 687 insanus

1039 709 1067 732 et
1082 704 1192 732 demens
1202 725 1209 738 ,
1222 705 1268 740 qui
1280 712 1341 732 cum
1352 709 1460 740 peccata
1476 705 1546 733 mala
1559 713 1619 733 esse
1634 705 1748 732 fateatur
1759 725 1766 738 ,
1780 713 1828 732 ne-

1040 754 1085 784 get
1094 757 1154 778 esse
1164 750 1262 778 malum
1273 751 1516 786 concupiscentiam
1532 756 1712 786 peccatorum,
1726 750 1832 778 etiamsi

1040 796 1168 823 adversus
1188 804 1247 824 eam
1268 796 1473 832 concupiscente
1487 796 1582 832 spiritu
1593 817 1601 830 ,
1618 801 1726 831 peccata
1740 796 1832 823 conci-

1042 849 1105 877 pere
1124 849 1157 869 ac
1177 850 1271 877 parere
1289 849 1342 871 non
1356 842 1477 870 sinatur?
1493 842 1557 871 Tale
1570 849 1649 878 porro
1661 849 1693 869 ac
1707 846 1760 869 tam
1774 849 1833 869 ma-

1041 895 1122 924 gnum
1144 888 1242 916 malum
1254 909 1262 921 ,
1287 892 1388 916 tantum
1404 888 1464 923 quia
1480 887 1567 921 inest,
1580 887 1714 923 quomodo
1728 894 1781 915 non
1795 891 1835 914 te-

1043 937 1118 960 neret
1131 932 1158 960 in
1167 928 1252 960 morte
1262 937 1289 960 et
1302 932 1467 967 pertraheret
1476 933 1502 960 in
1514 932 1633 960 ultimam
1642 938 1765 965 mortem,
1781 932 1835 959 nisi

1043 983 1070 1005 et
1080 978 1139 1013 ejus
1152 978 1286 1006 vinculum
1301 978 1327 1006 in
1340 978 1383 1005 illa
1394 986 1453 1014 qua:
1469 979 1499 1005 iit
1513 978 1538 1006 in
1549 978 1687 1013 Baptismo
1699 977 1836 1006 remissio-

1045 1031 1079 1051 ne
1088 1027 1259 1059 peccatorum
1270 1024 1388 1051 omnium
1399 1024 1568 1052 solveretur?
1582 1024 1694 1059 Propter
1704 1023 1755 1051 hoc
1765 1018 1835 1051 enim

1045 1069 1177 1097 vinculum
1189 1069 1259 1105 quod
1274 1070 1440 1097 connectitur
1453 1077 1486 1097 ex
1501 1069 1586 1105 primo
1600 1069 1683 1097 Adam
1693 1089 1701 1103 ,
1718 1076 1767 1097 nec
1780 1069 1836 1096 sol;

1045 1115 1069 1141 vi
1091 1119 1180 1150 potest
1202 1114 1253 1142 nisi
1273 1115 1300 1142 in
1321 1114 1439 1142 secundo
1458 1115 1563 1147 Adam;
1585 1119 1693 1150 propter
1706 1114 1777 1147 hoe.
1797 1114 1838 1142 in-

1045 1167 1125 1195 quam
1137 1180 1144 1192 ,
1160 1159 1294 1187 vinculum
1305 1160 1399 1187 mortis
1407 1180 1416 1193 ,
1428 1159 1524 1187 mortui
1535 1159 1703 1195 reperiuntur
1713 1158 1837 1192 infantes,

1046 1213 1099 1234 non
1117 1205 1167 1233 ista
1185 1210 1271 1233 morte
1285 1205 1423 1233 notissima
1437 1213 1496 1241 qua:
1509 1213 1524 1233 a
1539 1213 1652 1240 corpore
1665 1205 1780 1232 animam
1793 1212 1838 1232 se-

1048 1254 1125 1286 parat
1137 1271 1144 1284 ,
1157 1250 1205 1278 sed
1216 1258 1248 1278 ea
1263 1254 1350 1278 morte
1364 1258 1417 1286 qua
1430 1250 1587 1288 tenebantur
1596 1257 1690 1278 omnes
1700 1270 1707 1282 ,
1723 1257 1772 1284 pro
1781 1249 1840 1285 qui-

1047 1297 1097 1325 bus
1118 1301 1239 1325 mortnus
1252 1301 1293 1324 cst
1307 1296 1439 1324 Christus.
1454 1296 1555 1324 Scimus
1567 1296 1638 1324 enim
1653 1316 1662 1329 ,
1676 1296 1713 1323 ait
1727 1296 1841 1331 Aposto-

1046 1342 1087 1370 lus
1100 1341 1183 1378 (quod
1193 1349 1209 1369 a
1217 1341 1295 1369 nobis
1305 1342 1452 1377 saepissime
1462 1341 1635 1377 repetendum
1647 1339 1710 1377 est),
1721 1341 1840 1376 quoniam

1049 1397 1114 1416 unus
1127 1396 1173 1424 pro
1183 1387 1298 1415 munibus
1311 1392 1425 1415 mortou
1434 1391 1471 1415 est
1480 1396 1490 1421 ,'
1500 1395 1558 1423 ergo
1568 1395 1653 1415 omnes
1664 1387 1756 1414 mortui
1765 1390 1841 1413 sunt:
1880 1402 1886 1404 κ

1049 1439 1073 1462 et
1095 1442 1140 1470 pro
1160 1433 1275 1461 omnibus
1295 1437 1409 1460 mortuus
1427 1437 1480 1467 est,
1500 1437 1528 1460 ut
1547 1433 1590 1466 qui
1609 1432 1711 1466 vivunt,
1722 1432 1780 1468 jam
1791 1439 1842 1458 non

1049 1480 1097 1507 sibi
1115 1480 1213 1512 vivant,
1236 1479 1281 1506 sed
1295 1479 1317 1506 ei
1329 1478 1372 1514 qui
1387 1487 1434 1514 pro
1448 1477 1562 1506 omnibus
1575 1481 1688 1505 mortuus
1702 1481 1754 1510 est,
1768 1481 1791 1504 et
1802 1485 1843 1504 re-

1048 1526 1156 1554 surrexit
1170 1524 1204 1562 (ll
1219 1524 1279 1552 Cor.
1293 1532 1310 1552 v
1320 1545 1328 1558 ,
1343 1524 1377 1552 14
1386 1545 1394 1558 ,
1410 1524 1467 1560 15).
1479 1523 1519 1551 llli
1530 1531 1593 1559 ergo
1606 1524 1713 1556 vivunt,
1727 1530 1776 1558 pro
1785 1522 1843 1557 qui-

1047 1571 1096 1599 bus
1109 1574 1139 1598 ut
1151 1570 1252 1603 vivant,
1267 1574 1386 1598 mortuus
1398 1574 1440 1597 est
1455 1569 1499 1604 qui
1511 1569 1628 1597 vivebat.
1639 1568 1714 1602 Quod
1724 1568 1842 1603 apertius

1047 1616 1083 1644 ita
1101 1615 1198 1644 dicitur
1220 1624 1227 1642 :
1251 1615 1290 1642 llli
1311 1618 1373 1642 sunt
1391 1622 1407 1642 a
1428 1614 1523 1642 mortis
1536 1613 1643 1641 vinculo
1657 1613 1733 1641 liberi
1748 1613 1756 1629 ‘
1767 1634 1775 1648 ,
1791 1620 1840 1649 pro

1047 1662 1144 1697 quibus
1156 1667 1278 1691 mortuus
1288 1667 1328 1690 est
1340 1663 1409 1691 inter
1419 1666 1538 1691 mortuos
1548 1662 1615 1690 liber
1626 1661 1711 1699 (Psal.
1725 1669 1843 1695 Lxxxvn,

1048 1707 1088 1743 6).
1113 1707 1162 1736 Vel
1182 1708 1223 1736 sic
1246 1708 1329 1736 multo
1349 1708 1487 1743 apertius:
1504 1708 1544 1736 Illi
1563 1712 1625 1735 sunt
1636 1707 1739 1735 liberati
1752 1714 1767 1734 a
1781 1714 1844 1742 pec-

1048 1758 1109 1781 cato
1119 1773 1128 1787 ,
1148 1761 1198 1789 pro
1216 1753 1312 1788 quibus
1326 1758 1446 1781 mortuus
1460 1753 1558 1789 estqui
1571 1761 1706 1788 nunquam
1719 1753 1805 1781 fuerat
1817 1753 1843 1779 in

1049 1805 1170 1836 peccato.
1193 1800 1301 1828 Etcum
1314 1800 1398 1828 semel
1411 1800 1444 1828 sit
1457 1804 1595 1832 mortuus,
1612 1804 1699 1827 tamen
1716 1806 1764 1834 pro
1777 1805 1845 1826 uno-

1050 1854 1158 1883 quoque
1177 1851 1240 1874 tunc
1260 1846 1373 1874 moritur
1383 1866 1391 1880 ,
1406 1845 1513 1882 quando
1527 1846 1553 1873 in
1568 1846 1626 1881 ejus
1639 1850 1725 1873 morte
1736 1866 1744 1879 ,
1757 1852 1844 1880 quan-

1054 1892 1154 1921 tmlibet
1164 1893 1250 1920 aetatis
1263 1892 1361 1926 fuerit,
1376 1892 1523 1927 baptizatur
1537 1901 1543 1918 :
1560 1891 1586 1919 id
1599 1895 1657 1923 est,
1672 1895 1735 1918 tunc
1747 1890 1772 1918 ei
1784 1897 1845 1925 pro-

1052 1938 1122 1967 derit
1138 1946 1211 1967 mors
1224 1938 1281 1973 ejus
1293 1938 1338 1974 qui
1353 1938 1403 1966 fuit
1416 1938 1474 1966 sine
1486 1941 1596 1972 peccato
1605 1957 1613 1971 ,
1628 1935 1735 1972 quando
1747 1936 1773 1963 in
1787 1935 1846 1970 ejus

1053 1989 1139 2013 morte
1161 1985 1309 2020 baptizatus
1328 1987 1449 2012 mortuus
1462 1983 1539 2011 fuerit
1552 1983 1632 2011 etiam
1647 1982 1705 2017 ipse
1718 1986 1826 2018 peccato
1836 2001 1844 2015 ,

1053 2030 1097 2066 qui
1111 2034 1232 2058 mortuus
1245 2030 1329 2057 fuerat
1342 2029 1368 2056 in
1384 2033 1503 2064 peccato.

1089 2075 1201 2104 CAPUT
1213 2074 1283 2103 XVI.
1297 2090 1333 2095 —
1346 2075 1390 2103 49.
1404 2074 1504 2111 ingeris
1517 2074 1638 2109 Apostoli
1650 2072 1845 2106 testimonium,

1056 2120 1100 2148 ubi
1114 2121 1169 2154 ait,
1184 2119 1272 2147 Nolite
1286 2128 1386 2152 errare,-
1400 2127 1479 2155 neque
1492 2118 1639 2154 fornicarii,
1653 2126 1731 2151 neque
1741 2118 1849 2145 simula-

1054 2165 1105 2193 eris
1119 2165 1263 2199 servientes,
1277 2169 1304 2193 et
1317 2168 1426 2198 cmtera,
1438 2164 1534 2201 quibus
1544 2163 1772 2196 commemoratis,
1785 2170 1849 2190 con-

1055 2211 1138 2239 cludit
1158 2211 1228 2246 quod
1244 2219 1348 2247 regnum
1362 2210 1411 2238 Dei
1424 2219 1475 2238 non
1488 2210 1649 2246 possidebunt
1663 2210 1685 2235 ¹.
1700 2209 1752 2236 Sed
1767 2213 1849 2244 agunt

1057 2256 1118 2284 talia
1139 2257 1184 2292 qui
1203 2256 1425 2292 concupiscentia:
1438 2276 1445 2288 ,
1465 2263 1544 2291 quam
1563 2254 1673 2287 laudas,
1689 2254 1804 2282 motibus
1815 2253 1848 2280 ad

1057 2302 1126 2329 mala
1148 2306 1176 2330 et
1197 2303 1284 2337 turpia
1305 2309 1416 2337 quicque
1433 2301 1614 2329 consentiunt.
1630 2299 1706 2334 Quod
1719 2307 1782 2335 ergo
1795 2299 1849 2330 ait.

1057 2348 1091 2376 Et
1110 2349 1163 2376 licet:
1176 2348 1276 2383 quidem
1289 2349 1389 2387 fuistis,
1403 2348 1448 2375 sed
1459 2347 1539 2375 abluti
1552 2347 1610 2374 estis
1620 2367 1627 2378 ,
1641 2346 1687 2374 sed
1698 2344 1850 2379 aanctiﬁcati

1057 2395 1115 2423 estis
1136 2394 1158 2431 (l
1178 2393 1238 2422 Cor.
1255 2401 1282 2421 v1
1295 2414 1302 2428 ,
1316 2394 1390 2430 9-H)
1406 2402 1413 2421 :
1429 2397 1544 2421 mutatos
1557 2399 1605 2420 eos
1619 2391 1686 2419 dixit
1698 2391 1724 2418 in
1737 2390 1835 2418 melius
1851 2411 1859 2422 ,

1058 2448 1110 2469 non
1121 2445 1150 2469 ut
1159 2449 1190 2469 ea
1201 2445 1324 2469 carerent
1335 2461 1343 2474 ,
1355 2439 1426 2476 quod
1439 2440 1465 2467 in
1479 2439 1529 2467 hac
1540 2439 1592 2466 vita
1604 2438 1663 2467 fleri
1676 2445 1728 2465 non
1736 2441 1829 2472 .potest
1850 2444 1857 2468 ;

1058 2487 1105 2516 sed
1119 2491 1148 2515 ut
1161 2487 1185 2514 ei
1201 2494 1253 2514 non
1269 2486 1408 2514 obedirent
1418 2505 1427 2520 ,
1440 2484 1510 2521 quod
1522 2484 1549 2512 in
1559 2484 1570 2501 ³
1583 2484 1653 2512 bona
1665 2483 1720 2511 vita
1734 2482 1792 2511 ﬁeri
1804 2489 1851 2517 po—

1059 2538 1128 2567 test;
1144 2538 1223 2569 atque
1236 2537 1264 2561 ut
1277 2533 1311 2560 ab
1324 2540 1357 2560 eo
1366 2553 1374 2566 ,
1387 2539 1440 2568 quo
1452 2535 1528 2560 erant
1538 2530 1644 2559 vinculo
1654 2530 1712 2566 ejus
1723 2528 1829 2558 obnoxii
1840 2543 1851 2560 ς

1060 2581 1185 2608 liberatos
1206 2587 1235 2608 se
1256 2586 1317 2607 esse
1333 2582 1545 2614 cognoscerent,
1560 2576 1632 2613 quod
1645 2576 1696 2604 nisi
1709 2582 1852 2611 regenera-

1061 2626 1132 2654 tione
1151 2626 1207 2654 fieri
1226 2633 1279 2653 non
1292 2629 1390 2661 potest.
1406 2624 1445 2652 Tu
1459 2628 1548 2652 autem
1559 2643 1567 2656 ,
1583 2622 1627 2658 qui
1640 2626 1733 2657 putas,
1751 2629 1761 2646 ι
1773 2619 1865 2654 quod;

1059 2672 1082 2699 si
1101 2671 1199 2698 malum
1213 2675 1285 2698 esset
1297 2668 1509 2705 concupiscentia
1519 2689 1527 2702 ,
1545 2670 1650 2696 careret
1662 2673 1693 2694 ea
1708 2665 1753 2700 qui
1766 2664 1851 2698 bapti-

1060 2720 1148 2749 satur,
1166 2725 1175 2742 ι
1188 2715 1300 2743 multum
1311 2723 1395 2743 erras.
1407 2714 1485 2742 Omni
1498 2713 1569 2741 enim
1584 2714 1692 2747 peccato
1702 2713 1786 2738 caret.
1799 2715 1851 2734 non

1093 2762 1101 2777 ¹
1119 2765 1222 2792 Quatuor
1234 2764 1298 2791 5155.,
1312 2759 1414 2792 liberati.
1565 2790 1570 2792 _
1590 2786 1605 2792 __

1092 2792 1103 2808 ¹
1118 2786 1161 2816 ﬁic
1171 2786 1326 2816 Florlacensis
1333 2791 1410 2816 codex
1423 2789 1496 2817 addit,
1510 2794 1550 2822 qui
1562 2786 1620 2812 (alia
1632 2789 1714 2822 agunt.
1737 2815 1742 2820 '

1092 2823 1107 2858 '_
1119 2822 1188 2877 Idem!
1204 2826 1242 2846 \ts.
1264 2822 1433 2850 t‘luriaccnsis.
1453 2816 1521 2851 quod
1541 2819 1599 2844 bona
1619 2816 1666 2843 vita
1688 2816 1743 2849 ﬁeri
1760 2818 1853 2847 pacat;

1061 2859 1205 2878 musso.u.
