4142 6536
485 328 582 383 851

484 449 631 504 omni
675 449 837 505 maio.
882 446 1034 516 Quod
1077 447 1284 517 planius
1324 447 1393 501 ita
1431 447 1625 501 dicitur
1663 462 1679 499 :
1719 443 1877 500 Omni
1919 450 2069 498 reatu

485 541 724 595 omnium
771 539 1029 593 malorum
1075 545 1273 603 caret,.
1293 552 1399 591 non
1427 535 1676 592 omnibus
1703 535 1878 590 malis.
1906 532 2070 589 Num-

485 631 613 700 quid
637 630 776 684 enim
800 636 946 683 caret
967 627 1308 698 corruptione
1327 627 1610 698 corporis?
1633 630 1828 683 Annon
1847 635 1933 681 est
1952 639 2068 680 ma~

486 721 593 774 lum
622 719 761 789 quod
788 727 1038 789 aggravat
1060 719 1328 775 animam?
1355 728 1411 775 et
1429 721 1626 775 erravit
1645 720 1733 790 qui
1757 720 1918 787 dixit,
1943 719 2070 774 Cor-

484 829 579 881 pus
621 814 751 866 enim
790 812 1113 884 corruptibile
1135 823 1374 884 aggravat
1398 815 1620 869 animam
1652 813 1805 886 (Sap.
1833 829 1907 878 nt,
1936 815 2068 883 15)?

482 902 749 973 Numquid
769 914 914 959 caret
939 903 1250 974 ignorantia:
1277 906 1418 959 malo
1434 947 1449 971 ,
1480 920 1578 976 per
1602 906 1742 977 quod
1765 921 1796 961 a
1824 906 2068 962 nescien—

483 994 624 1048 tibus
661 994 1067 1052 innumerabilia
1108 1004 1485 1066 perpetrantur
1522 998 1703 1052 mala?
1738 999 1819 1053 An
1846 1012 2064 1068 parvum

482 1084 677 1138 malum
715 1094 836 1153 est,
880 1101 973 1156 per
1014 1086 1157 1156 quod
1197 1086 1357 1142 homo
1391 1102 1498 1143 non
1539 1088 1763 1158 percipit
1800 1104 1919 1159 quae
1943 1097 2068 1144 sunt

480 1173 707 1244 Spiritus
736 1176 864 1230 Dei?
897 1177 968 1232 De
989 1177 1268 1247 baptizatis
1289 1193 1481 1249 nempe
1501 1179 1711 1235 dicebat
1734 1179 2018 1249 Apostolus
2050 1197 2063 1232 :

483 1267 732 1321 .-iuitm:lis
776 1268 929 1322 homo
973 1284 1075 1323 non
1121 1270 1334 1340 percipit
1377 1285 1494 1340 qua
1527 1279 1646 1326 sunt
1676 1269 1902 1340 Spiritus
1933 1269 2066 1335 Dei;

478 1359 693 1414 stultitia
723 1372 797 1416 est
826 1364 962 1416 enim
982 1363 1060 1417 illi
1081 1404 1095 1428 ,
1127 1373 1174 1417 et
1201 1380 1303 1418 non
1325 1373 1488 1435 potest
1511 1364 1673 1431 scire,
1698 1364 1937 1433 quoniam
1956 1365 2066 1435 spi-

482 1450 734 1506 ritualiter
763 1452 1073 1521 tlijudicatur
1096 1452 1146 1523 (ι
1167 1451 1284 1508 Cor.
1315 1469 1380 1519 tt,
1414 1454 1481 1509 14
1501 1495 1517 1520 ,
1546 1454 1650 1525 15).
1687 1454 1888 1509 Deinde
1912 1455 2067 1524 paulo

484 1551 603 1608 post
650 1560 664 1596 :
709 1542 773 1598 Et
815 1561 935 1615 ego,
975 1545 1176 1616 inquit,
1220 1548 1438 1617 fratres,
1466 1562 1567 1600 non
1598 1547 1738 1616 potui
1766 1546 1904 1617 loqui
1929 1546 2066 1601 vobis

479 1636 626 1698 quasi
650 1636 1017 1705 spiritualibus,
1044 1637 1132 1691 sed
1152 1638 1297 1708 quasi
1321 1637 1624 1692 carnalibus.
1658 1638 1820 1705 Quasi
1842 1638 2066 1708 paruulis

479 1725 534 1779 in
571 1724 770 1781 Christo
789 1768 804 1791 ,
833 1727 913 1782 lac
943 1727 1078 1783 uobis
1106 1738 1279 1798 potant
1302 1728 1452 1797 dedi,
1482 1744 1583 1783 non
1608 1744 1812 1794 escam;
1841 1729 2067 1782 nondum

480 1818 614 1871 enim
652 1819 889 1889 poteratis
918 1835 938 1873 :
963 1820 1052 1873 sed
1087 1836 1178 1873 nec
1205 1819 1371 1874 adhuc
1398 1820 1599 1891 quidem
1626 1823 1869 1892 potestis;
1898 1821 2066 1875 adhuc

478 1911 614 1963 enim
635 1911 752 1964 estis
775 1911 1025 1966 carnales.
1053 1910 1179 1966 Cum
1199 1912 1329 1966 enim
1358 1914 1458 1968 sint
1478 1914 1609 1969 inter
1634 1914 1998 1969 vos’temulatio
2015 1924 2066 1968 et

478 2002 729 2054 contentio
747 2041 762 2066 ,
800 2018 965 2056 nonne
999 2001 1227 2059 carnales
1254 2003 1372 2058 estis
1390 2046 1406 2070 ,
1432 2013 1482 2059 et
1508 2006 1791 2060 secundum
1812 2006 2064 2062 hominem

476 2092 789 2151 ambulatis?
828 2092 962 2148 Vide
998 2109 1117 2164 qua:
1155 2096 1297 2152 dicat
1326 2097 1464 2152 mala
1490 2097 1559 2153 de
1585 2099 1897 2168 ignorantia:
1920 2100 2064 2156 malo

449 2184 763 2240 -vcnientia.
809 2185 877 2240 Et
920 2197 1053 2257 puto
1083 2188 1224 2259 quod
1262 2204 1368 2245 non
1410 2190 1481 2246 de
1517 2191 1916 2249 catechumenis
1962 2193 2064 2249 ista

474 2277 707 2338 dicebat.
742 2278 953 2335 Parvuli
991 2281 1188 2352 quippe
1227 2283 1281 2340 in
1309 2282 1526 2339 Christo
1553 2284 1819 2355 quomodo
1847 2295 2060 2352 essent,

472 2369 577 2431 nisi
629 2369 740 2441 jam
790 2373 960 2428 renati
1011 2373 1235 2430 essent?
1288 2376 1438 2447 Quod
1489 2378 1533 2432 si
1573 2377 1809 2433 nondum
1847 2378 2063 2448 credis,

472 2460 604 2528 quid
654 2462 735 2518 eis
784 2472 903 2532 post
948 2478 1115 2534 pauca
1161 2466 1337 2533 dicat,
1380 2468 1649 2523 attende:
1689 2468 1912 2524 Nescitis
1945 2471 2063 2542 quia

473 2551 718 2623 templum
751 2554 851 2609 Dei
873 2558 992 2611 estis
1008 2599 1023 2620 ,
1048 2566 1098 2612 et
1125 2556 1347 2630 Spiritus
1375 2559 1473 2615 Dei
1496 2560 1687 2616 habitat
1709 2563 1763 2616 in
1789 2562 1925 2618 vobis
1950 2561 2060 2636 (Id.

472 2659 531 2700 ut
552 2685 566 2709 ,
598 2647 623 2701 1
647 2687 664 2713 ,
695 2646 760 2712 2,
791 2646 922 2722 l6)?
947 2649 1028 2705 An
1053 2649 1228 2706 adhuc
1250 2651 1536 2719 dubitabis,
1565 2652 1650 2708 vel
1678 2654 1931 2724 negabis,
1956 2662 2061 2710 non

473 2748 568 2788 eos
621 2737 859 2805 potuisse
903 2753 1024 2795 esse
1077 2741 1330 2809 templum
1384 2741 1512 2808 Dei,
1562 2744 1615 2797 in
1655 2758 1761 2813 quo
1797 2742 2062 2800 habitaret

471 2823 705 2894 Spiritus
742 2828 868 2896 Dei,
908 2830 1013 2886 nisi
1049 2830 1386 2900 baptizatos?
1422 2832 1627 2895 Saltem
1660 2849 1790 2911 ergo
1812 2834 1941 2895 illud
1968 2854 2058 2897 re-

471 2917 621 2987 spice
655 2919 798 2990 quod
834 2921 914 2976 eis
951 2921 1085 2982 dixit
1126 2946 1139 2979 :
1181 2923 1448 3000 Numquid
1482 2929 1536 2984 in
1562 2932 1765 2986 nomine
1791 2930 1947 2987 Pauli
1970 2933 2059 2987 ba-

466 3006 650 3080 ptizati
682 3011 802 3070 estis
839 3013 951 3086 (Id.
991 3032 1048 3085 ι,
1091 3019 1229 3090 l5)?
1266 3020 1381 3076 Non
1420 3021 1582 3092 igitur
1605 3031 1886 3079 caruerunt
1911 3031 2058 3080 tanto

470 3104 783 3174 ignorantia:
805 3107 944 3162 malo
969 3108 1025 3164 in
1050 3106 1262 3165 lavacro
1282 3112 1700 3183 regenerationis
1714 3155 1729 3181 ,
1763 3114 1850 3169 ubi
1876 3122 2056 3172 tamen

467 3198 720 3254 omnibus
755 3208 1037 3255 caruerunt
1076 3201 1194 3257 sine
1232 3202 1561 3260 dubitatione
1586 3211 1836 3276 peccatis.
1866 3208 1935 3264 Et
1961 3224 2057 3279 per

467 3290 573 3345 hoc
611 3291 923 3361 ignorantia:
953 3292 1151 3348 malum
1183 3295 1381 3364 templo
1413 3295 1540 3365 Dei,
1573 3297 1625 3352 in
1652 3313 1759 3368 quo
1785 3298 2055 3356 habitabat

467 3378 697 3451 Spiritus
719 3380 833 3445 Dei,
862 3381 1079 3437 stultitia
1105 3392 1261 3439 erant
1280 3399 1400 3454 quae
1419 3395 1542 3442 sunt
1563 3387 1790 3458 Spiritus
1813 3388 1927 3444 Dei.
1949 3390 2056 3448 Sed

467 3472 537 3529 de
559 3472 649 3529 die
670 3473 730 3527 in.
748 3473 887 3528 diem
915 3475 960 3541 si
986 3474 1337 3544 proﬁcerent,
1366 3486 1422 3533 et
1445 3479 1497 3533 in
1526 3478 1669 3549 quod
1695 3491 2056 3551 pervenerant

466 3564 521 3619 in
558 3578 627 3621 eo
660 3564 1029 3631 ambularent,
1074 3581 1201 3622 sana
1241 3569 1476 3637 profecto
1502 3571 1787 3628 accedente
1810 3572 2053 3630 doctrina

466 3655 798 3711 minueretur
835 3658 936 3713 hoc
961 3659 1178 3714 malum.
1205 3659 1499 3718 Credamus
1527 3663 1685 3719 etiam
1715 3679 1818 3720 non
1847 3674 2052 3723 tantum

465 3745 667 3815 minui,
707 3762 888 3803 verum
921 3750 1082 3805 etiam
1121 3752 1174 3805 in
1201 3751 1301 3808 hac
1329 3754 1434 3810 vita
1472 3769 1629 3824 posse
1653 3759 1892 3813 consumi
1923 3774 1939 3812 :
1970 3767 2053 3814 ta-

463 3852 588 3894 men
610 3848 732 3908 post
756 3839 1083 3911 Baptismum
1104 3858 1120 3908 ;
1152 3844 1407 3914 numquid
1434 3844 1485 3899 in
1506 3845 1779 3916 Baptismo
1797 3847 1821 3901 ?
1838 3846 2051 3905 Concu-

465 3931 776 4000 piscentiam
801 3947 929 3988 vero
952 3935 1076 4004 quis
1101 3936 1334 4008 ambigat
1356 3939 1407 3992 in
1434 3937 1534 3995 hac
1557 3939 1661 3996 vita
1683 3956 1840 4010 posse
1860 3943 2048 4012 minui,

462 4037 570 4079 non
598 4037 754 4093 posse
777 4027 1063 4082 consumi?

406 4093 410 4096 ’
534 4114 623 4170 5οι
665 4114 861 4171 Horum
900 4117 1081 4189 itaque
1109 4120 1367 4177 malorum
1398 4124 1700 4193 preteritus
1727 4128 1903 4184 omnis
1926 4144 2051 4187 rea-

462 4213 550 4260 tus
586 4219 743 4261 sacro
769 4207 913 4263 fonte
949 4209 1187 4266 diluitur.
1232 4212 1595 4272 Remittuntur
1621 4233 1751 4290 ergo
1793 4221 1847 4277 in
1886 4237 2048 4279 rena-

462 4297 755 4365 scentibus,
777 4299 1089 4356 minuuntur
1102 4302 1153 4356 in
1168 4303 1587 4374 proﬁcientibus.
1614 4309 1913 4381 ignorantia
1943 4317 2046 4372 mi-

462 4389 645 4444 nuitur
659 4390 879 4446 veritate
895 4394 1062 4464 magis
1077 4395 1349 4467 magisque
1362 4398 1573 4458 lucente
1588 4419 1602 4456 :
1617 4407 2046 4477 concupiscentia

460 4479 718 4534 minuitur
763 4480 1022 4538 charitate
1070 4485 1238 4556 magis
1292 4489 1565 4562 magisque
1607 4493 1863 4552 fervente.
1905 4499 2045 4556 Nihil

460 4571 586 4627 boni
633 4572 822 4628 horum
848 4572 1075 4630 duorum
1105 4577 1124 4610 ⁸
1149 4587 1234 4634 est
1272 4594 1303 4634 a
1331 4581 1505 4637 nobis.
1563 4583 1684 4641 Non
1715 4589 1856 4644 enim
1886 4590 2044 4662 spiri-

457 4670 566 4715 tum
609 4663 761 4734 hujus
796 4668 973 4721 mundi
1000 4670 1314 4740 accepimus,
1344 4672 1435 4728 sed
1458 4676 1692 4746 spiritum
1717 4683 1807 4753 qui
1830 4700 1895 4738 ex
1933 4682 2043 4742 Deo

456 4762 552 4816 ost,
583 4762 636 4806 ut
654 4755 871 4810 sciamus
882 4773 995 4826 qua
1019 4774 1051 4811 a
1075 4757 1185 4814 Deo
1209 4761 1398 4819 donata
1418 4777 1537 4821 sunt
1560 4770 1702 4825 nobis
1727 4771 1836 4844 (Id.
1864 4775 2040 4846 tt,l2).

460 4844 538 4898 Ex
559 4845 659 4899 hoc
669 4853 845 4901 autem
857 4853 1282 4919 concupiscentia
1297 4854 1444 4927 pejor
1459 4867 1540 4915 est
1553 4876 1710 4933 quam
1723 4844 2039 4937 ignorantia,
2088 4872 2091 4875 ’

459 4934 591 5004 quia
632 4935 928 5006 ignorantia
971 4940 1088 4997 sine
1128 4947 1556 5016 concupiscentia
1600 4934 1776 5010 minus
1822 4972 2043 5029 peccat;

458 5029 884 5098 concupiscentia
923 5047 1052 5089 vero
1095 5034 1213 5091 sine
1239 5036 1537 5108 ignorantia
1577 5046 1787 5114 gravius
1832 5061 2035 5119 peccat.

455 5115 525 5171 Et
563 5117 771 5173 nescire
793 5119 1014 5186 malum.
1044 5139 1148 5180 non
1174 5141 1389 5198 semper
1411 5140 1493 5185 est
1518 5133 1713 5189 malum
1744 5155 1757 5191 :
1789 5115 2038 5211 concupi-

454 5220 608 5264 scere
651 5217 828 5265 autem
881 5213 1103 5283 malum,
1156 5232 1370 5288 semper
1417 5231 1499 5277 est
1554 5224 1772 5282 malum.
1832 5228 2036 5287 Bonum

455 5308 668 5372 quoque
693 5301 865 5372 ipsum
895 5306 1092 5362 utiliter
1118 5308 1405 5381 aliquando
1436 5312 1731 5385 ignoratur,
1759 5328 1818 5374 ut
1844 5336 2038 5392 oppor-

454 5402 582 5448 tune
600 5393 799 5449 sciatur
823 5413 836 5450 :
860 5396 1007 5452 nullo
1032 5407 1209 5454 autem
1234 5401 1395 5457 modo
1422 5402 1534 5459 ﬁeri
1560 5416 1735 5476 potest
1757 5418 1813 5465 ut
1837 5415 2034 5469 carnali

452 5488 879 5556 concupiscentia
910 5491 1109 5545 bonum
1137 5491 1370 5550 hominis
1390 5500 1830 5568 concupiscatur:
1862 5520 2035 5575 quan-

450 5576 735 5647 doquidem
778 5594 878 5634 nec
904 5581 1016 5650 ipsa
1058 5583 1237 5653 proles
1265 5586 1483 5643 libidine
1512 5593 1770 5663 corporis,
1797 5595 1893 5652 sed
1935 5613 2036 5654 vo-

514 5689 533 5721 ί
568 5695 670 5762 nuo
690 5691 895 5766 vagina}
916 5699 1022 5743 Mss.
1042 5693 1203 5766 :a't'liil
1222 5694 1453 5752 bonorum
1473 5701 1645 5756 horum
1666 5706 1891 5762 duorum.
1932 5711 2031 5766 Flo-

376 5734 387 5739 "
449 5734 680 5802 magis
700 5734 714 5801 Ξ
724 5734 1310 5809 Κνῖὶῆῖὶξοῆἶὶι’ᾱᾶἑᾶἠῖὗίξ

1268 328 1543 386 CONTRA
1580 325 1918 385 JULIANun
1958 322 2425 408 pauentum,
2466 338 2524 410 s,
2566 337 2946 397 AUGUSTINI.

3652 350 3765 409 833

2174 445 2377 507 luntate
2395 452 2556 507 animi
2578 455 2989 525 concupiscitur,
3014 457 3255 527 quamvis
3279 475 3385 516 non
3402 461 3518 519 sine
3537 463 3759 526 libidine

2154 542 2409 610 corporis
2435 543 2746 599 seminetur.
2787 546 2865 601 De
2893 546 2994 603 hac
3021 548 3217 619 quippe
3254 551 3459 623 agimus
3500 561 3756 631 concupi-

2172 633 2390 700 scentia,
2420 649 2522 703 qua
2548 650 2679 701 caro
2698 639 3024 708 concupiscit
3052 641 3308 699 adversus
3334 647 3576 715 Spiritum
3601 667 3616 717 ;
3646 668 3758 709 non

2172 720 2240 776 de
2279 723 2369 778 illa
2412 724 2575 792 bona,
2615 742 2716 795 qua
2745 730 2969 798 Spiritus
2989 735 3317 804 concupiscit
3355 738 3610 797 adversus
3639 759 3758 801 car-

2171 827 2293 868 nem
2324 812 2518 886 (Galat.
2546 832 2599 883 v,
2635 817 2747 890 i7),
2779 828 2834 875 et
2859 836 2961 891 qua
3004 826 3402 895 concupiscitur
3428 834 3757 893 continentia

2174 918 2270 973 per
2305 921 2465 975 quam
2492 910 2922 980 concupiscentia
2962 915 3223 984 vincatur.
3265 918 3376 976 Hac
3400 936 3530 994 ergo
3558 939 3758 983 concu-

2171 995 2428 1064 piscentia
2496 1001 2672 1057 carnis
2739 1019 3009 1074 nunquam
3071 1011 3468 1081 concupiscitur
3527 1014 3760 1076 hominis

2171 1084 2336 1141 ullum
2366 1087 2586 1158 bonum,
2618 1091 2663 1146 si
2688 1092 2933 1164 voluptas
2958 1097 3136 1153 carnis
3161 1113 3270 1154 non
3294 1110 3378 1157 est
3401 1102 3632 1162 hominis
3660 1109 3758 1165 bo-

2171 1191 2318 1231 num.
2364 1178 2421 1235 Si
2450 1190 2651 1249 autem,
2696 1193 2754 1238 ut
2801 1185 2978 1256 aliquo
3006 1188 3126 1243 loco
3166 1190 3493 1262 signiﬁcasti,
3530 1214 3550 1249 ι
3586 1199 3761 1267 placet

2172 1266 2267 1323 tibi
2295 1276 2438 1325 secta
2460 1270 2794 1342 Dinomachi,
2819 1275 3153 1335 honestatem
3175 1266 3607 1356 voluptatemque
3623 1303 3755 1345 con-

2165 1355 2395 1433 iungens
2430 1379 2450 1414 ι
2495 1361 2730 1433 (Supra,
2763 1365 2850 1420 lib.
2878 1368 2935 1435 4,
2966 1384 3020 1424 η.
3061 1370 3204 1444 76);
3261 1375 3413 1444 quod
3454 1377 3759 1451 philosophi

2169 1462 2381 1521 quoque
2429 1451 2590 1524 hujus
2642 1457 2827 1512 mundi
2871 1460 2962 1529 qui
3013 1461 3350 1522 honestiores
3394 1468 3753 1542 videbantur,

2169 1539 2450 1612 Scyllaeum
2480 1543 2677 1600 bonum
2724 1561 2845 1604 esse
2886 1550 3152 1620 dixerunt,
3182 1570 3250 1611 ex
3296 1556 3527 1616 humana
3554 1564 3761 1621 scilicet

2169 1642 2357 1689 natura
2373 1635 2715 1708 belluinaque
2730 1650 3063 1710 compactum
3085 1662 3099 1699 :
3118 1645 3165 1701 si
3191 1645 3435 1721 hocergo
3455 1664 3763 1712 monstrum-

2169 1729 2259 1777 tua
2280 1724 2532 1794 Opinione
2557 1729 2821 1797 sectaris;
2853 1733 2988 1788 satis
3010 1742 3094 1789 est
3116 1736 3292 1805 nobis,
3319 1741 3462 1810 quod
3485 1745 3761 1803 conﬁteris

2169 1813 2327 1869 aliam
2371 1831 2489 1872 esse
2536 1819 2797 1887 illicitam,
2847 1822 3005 1879 aliam
3034 1825 3234 1883 licitam
3274 1831 3626 1902 voluptatem.
3678 1841 3763 1895 Ae

2171 1918 2267 1974 per
2307 1904 2411 1961 hoc
2451 1908 2589 1963 mala
2633 1919 2717 1966 est
2758 1916 3191 1985 concupiscentia
3232 1936 3353 1991 quae
3394 1923 3761 1986 indiﬁ'erenter

2170 2002 2453 2066 utrumque
2479 2000 2703 2069 appetit,
2732 2001 2836 2058 nisi
2864 2005 2933 2061 ab
2959 2005 3142 2062 illicita
3176 2010 3451 2082 voluptate
3487 2014 3628 2071 licita
3662 2034 3758 2075 vo-

2170 2085 2369 2157 luptate
2406 2087 2644 2147 frenetur
2670 2093 2712 2147 ¹.
2752 2094 2867 2151 Hoc
2906 2106 3084 2153 autem
3112 2101 3309 2156 malum
3341 2119 3446 2165 non
3476 2106 3530 2162 in
3568 2108 3755 2181 Bapti-

2167 2187 2340 2236 smate
2365 2182 2581 2251 ponitur
2608 2185 2630 2217 ²
2662 2200 2676 2239 :
2709 2185 2804 2242 sed
2833 2187 3113 2259 baptizatis
3143 2208 3236 2261 per
3259 2195 3482 2265 gratiam
3525 2215 3757 2270 regene-

2166 2271 2388 2327 rationis
2415 2273 2483 2330 ab
2509 2274 2625 2345 ejus
2653 2277 2976 2348 obligatione
2996 2281 3105 2352 jam
3130 2283 3332 2353 liberis,
3363 2305 3433 2345 ne
3459 2291 3527 2346 ad
3570 2293 3756 2351 illicita

2168 2363 2459 2431 pertrahat,
2482 2366 2767 2424 salubriter
2787 2371 3029 2428 vincitur.
3055 2373 3122 2430 Ut
3138 2384 3313 2433 autem
3337 2385 3761 2444 resurrectionis

2167 2460 2406 2524 tempore
2449 2471 2556 2512 non
2599 2459 2669 2514 sit
2694 2461 2912 2517 omnino
2942 2464 2999 2519 in
3026 2465 3238 2524 vivente
3261 2485 3488 2542 corpore
3514 2490 3615 2532 nec
3656 2477 3757 2534 do-

2166 2543 2328 2613 lente,
2380 2549 2656 2617 prazmium
2696 2563 2777 2608 est
2806 2569 2994 2611 eorum
3031 2559 3119 2628 qui
3164 2572 3351 2618 contra
3379 2580 3500 2621 eam
3529 2567 3758 2627 ﬁdeliter

2164 2645 2542 2708 certaverunt,
2606 2643 2698 2713 qui
2743 2645 2998 2717 languore
3050 2659 3235 2706 sanato
3301 2653 3704 2717 immortalitate
3729 2661 3761 2694 "

2164 2726 2474 2787 beatissima
2501 2735 2816 2793 vestientur.
2859 2739 2918 2794 ln
2964 2740 3043 2798 eis
3073 2757 3202 2799 vero
3243 2746 3333 2816 qui
3360 2763 3469 2804 non
3495 2750 3562 2807 ad
3590 2753 3759 2811 vitam

2161 2830 2463 2898 resurgant,
2513 2840 2618 2887 non
2664 2828 2913 2901 feliciter,
2961 2835 3056 2891 sed
3085 2839 3369 2907 poenaliter
3415 2858 3522 2900 non
3550 2846 3655 2902 erit
3682 2847 3705 2881 ⁸
3732 2867 3751 2905 :

2162 2928 2269 2971 non
2296 2919 2416 2988 quia
2446 2927 2574 2977 tunc
2600 2922 2668 2979 ab
2698 2939 2760 2979 ea
2786 2928 3063 2998 quisquam
3090 2927 3467 3005 mandabitur;
3498 2934 3596 2997 sed
3627 2938 3756 3013 quia

2162 3015 2287 3065 tunc
2314 3011 2470 3068 malis
2512 3029 2616 3069 non
2662 3015 2717 3071 in
2746 3016 3136 3079 delectamenta
3183 3028 3524 3101 excitabitur,
3569 3011 3665 3090 sed
3694 3035 3757 3094 in.

2160 3107 2425 3158 tormenta
2463 3115 2717 3163 vertetur.

2229 3191 2456 3250 CAPUT
2489 3194 2632 3252 XVII
2650 3197 2748 3271 (a).
2766 3230 2835 3240 —
2856 3201 2944 3257 51.
2968 3203 3083 3261 Jam
3114 3206 3390 3268 videamus
3409 3214 3536 3272 illud
3564 3219 3750 3277 excel-

2158 3282 2511 3343 lentissimum
2526 3303 2750 3346 acumen
2773 3300 2941 3362 tuum,
2965 3311 3072 3367 quo
3092 3299 3267 3357 vidisti
3289 3308 3745 3374 quemadmodum

2157 3373 2427 3432 refelleres
2465 3378 2607 3448 quod
2637 3395 2667 3436 a
2711 3398 2800 3439 me
2825 3384 3025 3443 dictum
3065 3399 3169 3459 est,
3204 3410 3227 3447 ι
3258 3373 3453 3452 dimitti
3497 3403 3751 3474 concupi-

2157 3466 2415 3523 scentiam
2442 3471 2618 3528 carnis
2655 3472 2710 3529 in
2736 3474 3031 3547 Baptismo,
3058 3497 3169 3539 non
3208 3494 3265 3540 ut
3293 3502 3403 3544 non
3444 3491 3536 3561 sit,
3567 3466 3752 3557 sed'ut

2157 3555 2211 3612 in
2256 3569 2529 3629 peccatum
2575 3578 2683 3622 non
2724 3567 3055 3642 imputetur;
3087 3580 3331 3646 quamvis
3371 3555 3550 3642 autem
3596 3555 3752 3648 reatu

2156 3664 2254 3703 suo
2277 3648 2388 3719 jam
2414 3651 2606 3722 soluto,
2639 3668 2820 3715 manet
2849 3669 3025 3719 tamen
3060 3685 3082 3719 ι
3116 3666 3218 3739 (De
3245 3670 3456 3744 Nuptiis
3478 3686 3526 3731 et
3550 3678 3755 3737 Consus

2157 3744 2420 3813 piscentia,
2449 3747 2536 3803 lib.
2566 3749 2619 3818 1,
2646 3768 2701 3806 n.
2728 3752 2845 3826 28).
2886 3756 3159 3816 Adversus
3178 3762 3293 3821 haec
3316 3781 3436 3822 mea
3482 3771 3640 3827 verba
3666 3774 3753 3831 sie

2155 3839 2542 3906 argumentaris
2606 3840 2770 3899 homo
2823 3849 3201 3919 acutissimus,
3268 3863 3517 3927 tanquam
3573 3861 3749 3930 ipsam.

2142 3932 2638 4002 concupiscentiam
2667 3935 2897 3994 dixerim
2925 3957 3023 4011 per
3049 3943 3378 4015 Baptismum
3404 3960 3553 4008 reatu
3595 3955 3736 4011 libe-

2151 4024 2300 4091 rari;
2327 4025 2575 4094 quoniam
2601 4026 2735 4096 dixi,
2766 4048 2787 4082 ‹
2823 4042 2973 4087 reatu
3002 4050 3100 4091 suo
3121 4036 3233 4108 jam
3275 4041 3452 4101 soluto
3484 4059 3499 4096 :
3538 4061 3558 4096 ι
3592 4046 3740 4102 velut

2158 4130 2180 4164 ε
2213 4128 2313 4170 suo
2349 4131 2371 4167 ι
2401 4115 2648 4182 dixerim,
2678 4134 2785 4190 quo
2830 4119 2941 4191 ipsa
2969 4139 3062 4181 rea
3097 4135 3201 4196 est,
3232 4143 3401 4201 eoque
3426 4133 3602 4191 soluto
3644 4137 3745 4193 illa

2151 4217 2461 4275 permaneat
2487 4209 2749 4266 absoluta.
2790 4213 2942 4282 Quod
2972 4218 3152 4290 utique
3183 4219 3228 4276 si
3270 4224 3578 4294 sensissem,
3612 4244 3737 4299 pro-

2151 4296 2290 4353 fecto
2314 4314 2431 4354 eam
2462 4301 2657 4356 malam
2689 4318 2813 4360 esse
2833 4321 2938 4362 non
2984 4308 3236 4379 dicerem,
3287 4314 3384 4370 sed
3421 4314 3608 4375 fuisse.
3661 4323 3737 4376 Ac

2151 4402 2248 4458 per
2276 4389 2397 4456 hoc,
2445 4392 2737 4449 secundum
2777 4396 3073 4455 mirabilem
3100 4401 3501 4475 intelligentiam
3549 4418 3690 4466 tuam
3717 4452 3740 4478 ,

2149 4479 2362 4549 quando
2408 4482 2561 4537 audis
2602 4484 2655 4538 in
2687 4486 2867 4558 aliquo
2894 4487 3166 4548 homicidii
3209 4506 3417 4554 reatum
3459 4501 3736 4571 solutum,

2150 4584 2254 4624 non
2285 4570 2577 4638 hominem,
2609 4574 2705 4630 sed
2738 4576 2908 4646 ipsum
2938 4579 3283 4641 homicidium
3312 4603 3343 4642 a
3369 4597 3521 4655 reatu
3550 4593 3735 4652 existi-

2148 4675 2264 4715 mas
2313 4662 2634 4719 absolutum.
2690 4666 2779 4722 Sic
2828 4669 3093 4743 intelligat
3139 4677 3283 4748 quis,
3334 4680 3435 4735 nisi
3487 4684 3576 4753 qui
3625 4700 3734 4740 non

2147 4752 2414 4809 erubescit
2439 4754 2674 4823 laudare,
2706 4775 2828 4823 cum
2856 4779 2957 4833 qua
2987 4768 3322 4837 compellitur
3340 4752 3635 4830 dimicare?
3664 4776 3736 4831 Et

2146 4843 2413 4912 quomodo
2452 4855 2505 4902 te
2524 4847 2696 4917 jactas
2732 4860 2785 4906 et
2812 4855 3048 4912 exsultas
3091 4861 3149 4912 in.
3174 4859 3539 4931 redarguendo
3570 4865 3726 4923 istam

2145 4934 2484 5002 sententiam,
2537 4953 2642 4994 non
2696 4954 2870 5016 meam
2924 4944 3097 5015 plane,
3153 4947 3248 5003 sed
3300 4959 3441 5005 tuam
3471 4952 3544 5008 '?
3584 4955 3730 5014 Talia

2212 5046 2229 5078 ³
2265 5048 2340 5119 sic
2361 5046 2535 5155 plures
2548 5056 2656 5101 Mss.
2681 5053 2800 5127 aliti
2823 5069 2966 5116 vero,
2985 5057 3119 5131 licita
3140 5060 3375 5132 voluntate
3393 5066 3632 5139 frenatur.

2212 5108 2227 5138 ³
2259 5108 2361 5155 Edll.
2381 5143 2397 5155 .
2419 5118 2632 5155 nuntur.
2663 5123 2835 5155 Verum
2850 5120 3047 5155 statim."
3073 5127 3161 5155 at“
3223 5133 3435 5155 mnu..."
3457 5128 3500 5155 ..ι
3529 5139 3601 5155 η...

2206 5108 2227 5138 ⁹
2244 5108 2397 5192 ιξάἰιί,
2419 5111 2632 5174 partitur.
2663 5117 2835 5166 Verius
2850 5108 3049 5169 Vaticani
3058 5108 3061 5109 ⁷
3072 5108 3206 5181 Mss,
3218 5108 3435 5189 penita},-
3444 5108 3604 5182 iiiéii
3652 5132 3736 5181 dn-

2375 5239 2494 5308 Q'H',
2511 5235 2658 5308 39km"
2694 5244 2947 5308 3.0M?!“-
2981 5247 3058 5291 ενι
3086 5250 3139 5294 ει
3165 5251 3296 5308 HW»
3321 5262 3444 5299 sana
3463 5257 3530 5301 et.
3565 5254 3613 5303 td
3641 5267 3733 5305 no-

2142 5290 2231 5361 stri
2257 5292 2561 5361 nonhahent
2581 5290 2909 5361 manuscripti.

2202 5351 2225 5426 ’ξ
2256 5353 2501 5426 t_-Zditi,_sed
2520 5358 2771 5426 munditer
2926 5370 2983 5426 A_t
3003 5370 3108 5415 Mss.
3132 5370 3340 5419 Vaticani
3363 5384 3536 5423 omnes
3553 5384 3605 5426 et
3629 5374 3709 5426 Gal

2141 5410 2787 5507 L‘ﬂiziﬁ’ﬁtﬂcﬁai‘i‘ﬂ'ﬂﬁ':
2803 5410 3729 5507 ςῖῗέ,εξξαῖᾦεὲξῆῖε”ίίιῖέέίὲεἰιῗοῖμῖμ“οὶ>

2139 5474 2267 5536 quod
2290 5474 2513 5539 sequitur
2529 5513 2543 5536 ,
2565 5492 2660 5529 non
2673 5481 2787 5543 quia
2809 5488 2929 5535 tunc
2940 5485 3002 5536 ab
3020 5474 3726 5559 ea

2139 5534 2315 5610 idest,
2327 5551 2428 5610 non
2448 5541 2749 5610 quiareatus
2763 5545 3015 5598 auferetur
3031 5584 3046 5610 ,
3070 5551 3159 5610 sed
3184 5560 3369 5604 tantum
3391 5566 3529 5608 actus
3547 5573 3724 5610 concu-

2140 5548 2188 5584 ιιι
2212 5548 2315 5596 eat,
2333 5551 2428 5588 non
2448 5548 2561 5602 quia
2583 5550 2749 5592 reatus
2763 5548 3015 5598 auferetur
3031 5584 3046 5610 ,
3070 5548 3159 5600 sed
3184 5548 3369 5604 tantum
3391 5566 3529 5608 actus
3547 5573 3571 5609 e

2138 5596 2386 5681 pis-ccgnize
2400 5615 2542 5681 Lque
2558 5604 2773 5681 jucunde
2795 5619 2999 5679 movere
3020 5609 3148 5681 solet
3169 5615 3232 5665 ad
3252 5615 3571 5681 voluptatem.

2198 5657 2229 5744 ξ.
2250 5665 2353 5744 Erl.“
2555 5657 2841 5744 :v‘gnlbovq
2850 5657 3707 5744 gtn'ﬁdéii'uizidﬁiifgiiintia.

2136 5729 2229 5784 non
2247 5732 2353 5784 mea
2369 5719 2525 5784 pla'ne,
2549 5723 2637 5776 sed
2659 5732 2779 5777 tua.“
2821 5719 2883 5782 λι.

2201 5779 2274 5843 (α)
2310 5779 2439 5846 Apud
2462 5779 2560 5835 Arn.
2589 5794 2640 5837 et
2663 5794 2763 5852 Fr,
2781 5790 2827 5841 6.
