4142 6518
453 352 557 412 853

448 465 650 536 quippe
674 461 828 526 dicis,
855 461 1029 532 qualia
1055 461 1279 516 dicenda
1317 470 1441 516 sunt
1469 462 1520 516 in
1550 476 1665 530 eos,
1693 464 1781 533 qui
1811 479 1903 533 per
1932 464 2032 517 Βςι⁴

449 556 701 626 ptismum
723 552 1104 608 sanctiﬁcatam
1125 559 1180 606 et
1199 550 1410 606 ﬁdelem
1439 551 1631 607 factam
1651 553 2003 622 concupiscen
2017 584 2032 594 -

446 648 570 702 tiam
598 645 777 700 carnis
826 643 1096 697 affirmant
1150 641 1202 696 in
1243 642 1342 707 eis,
1374 641 1426 696 in
1466 643 1658 712 quibus
1704 645 2029 714 regeneratis

442 744 624 790 manet
669 743 866 789 tamen.
908 732 1014 787 Sed
1065 731 1166 788 hoc
1196 733 1288 787 tibi
1329 735 1503 803 potius
1550 735 1637 804 qui
1677 750 1794 790 eam
1837 736 2026 789 bonam

443 825 722 895 praedicas.
754 825 1004 878 convenit
1031 823 1229 890 dicere,
1267 841 1286 875 ι
1325 831 1382 878 ιιι
1410 826 1549 879 bono
1575 825 1694 894 ejus
1723 825 1970 891 naturali,
2004 845 2021 877 ι

441 921 578 974 sicut
617 918 686 974 de
729 918 1022 972 infantibus
1050 917 1245 986 dicitis,
1296 936 1315 970 ι
1349 918 1546 973 bonum
1591 918 2027 973 sanctiﬁcationis

441 1010 680 1076 accedat,
736 1029 756 1063 ι
790 1018 842 1065 et
886 1010 956 1064 sit
1005 1009 1182 1065 carnis
1232 1009 1658 1078 concupiscentia
1700 1017 1882 1062 sancta
1932 1008 2024 1062 Dei

442 1103 571 1157 Iilia.
610 1101 719 1158 Nos
745 1110 920 1156 autem
950 1101 1041 1170 qui
1071 1115 1188 1156 eam
1215 1101 1406 1154 malam
1455 1099 1698 1166 dicimus,
1727 1110 1781 1156 et
1810 1115 2026 1154 manere

443 1203 627 1247 tamen
669 1194 721 1247 in
749 1192 1047 1261 baptizatis,
1096 1190 1338 1261 quamvis
1361 1199 1540 1245 reatus
1581 1193 1718 1260 ejus,
1769 1205 1874 1244 non
1919 1205 2025 1259 quo

450 1289 565 1354 ipsa
601 1293 712 1340 erat
746 1298 835 1338 rea
865 1282 1059 1355 (neque
1097 1283 1238 1337 enim
1282 1282 1456 1352 aliqua
1503 1298 1729 1352 persona
1772 1281 1900 1354 est),
1931 1283 2022 1337 sed

446 1390 555 1443 quo
599 1389 746 1429 reum
777 1373 1046 1440 hominem
1089 1371 1420 1442 originaliter
1464 1371 1709 1439 faciebat,
1757 1371 1914 1427 fuerit
1939 1388 2024 1425 re-

443 1467 638 1522 missus
663 1474 820 1535 atque
845 1473 1137 1529 vacuatus;
1166 1464 1304 1518 absit
1329 1473 1387 1518 ut
1415 1464 1651 1518 dicamus
1677 1464 2017 1529 sanctiﬁeari,

439 1571 560 1610 cum
585 1569 689 1624 qua
712 1569 932 1610 necesse
952 1554 1150 1610 habent
1175 1555 1490 1624 regenerati,
1519 1554 1563 1609 si
1588 1569 1692 1607 non
1724 1554 1774 1607 in
1797 1569 2019 1608 vacuum

440 1644 536 1699 Dei
565 1645 788 1714 gratiam
813 1653 1180 1714 susceperunt,
1211 1643 1468 1700 intestino
1491 1642 1719 1714 quodam
1747 1643 1886 1698 bello
1908 1652 2021 1698 tan-

431 1748 597 1804 quam
623 1750 746 1791 cum
771 1735 925 1792 hoste
953 1735 1260 1806 confligere,
1284 1743 1337 1790 et
1359 1734 1428 1789 ab
1457 1749 1516 1790 ea
1543 1743 1691 1805 peste
1713 1733 2019 1790 desiderare

429 1835 596 1896 atque
624 1835 810 1896 aptare
833 1827 1032 1882 sanari.

507 1914 598 1971 δὲ.
635 1914 769 1973 Nam
797 1915 843 1970 si
873 1923 1149 1985 propterea
1194 1914 1348 1981 dicis,
1384 1915 1530 1970 nulla
1573 1915 1712 1970 mala
1741 1929 2019 1971 remanere

435 2008 489 2061 in
516 2007 814 2077 baptizatis,
845 2021 915 2062 ne
957 2008 1072 2078 ipsa
1116 2007 1256 2062 mala
1305 2005 1568 2076 baptizata
1595 2015 1651 2062 et
1690 2007 2017 2062 sanctiﬁcata

431 2100 759 2166 credantur;
805 2099 926 2156 vide
971 2108 1165 2169 quanta
1212 2109 1264 2154 te
1303 2106 1556 2169 sequatur
1595 2098 1911 2153 absurditas.
1961 2097 2016 2154 Si

435 2192 578 2245 enim
614 2190 866 2262 quidquid
896 2190 1060 2245 estin
1085 2189 1300 2244 homine
1327 2187 1539 2259 quando
1582 2187 1898 2258 baptizatur,
1929 2189 2018 2243 ba-

433 2281 622 2353 ptizari
661 2289 716 2336 et
755 2280 1075 2336 sanctiﬁcari
1115 2279 1403 2350 putandum
1432 2288 1552 2346 est;
1599 2280 1837 2335 dicturus
1876 2294 1937 2336 es
1965 2288 2018 2333 et

437 2373 550 2443 ipsa
582 2373 636 2427 in
663 2373 753 2428 illo
779 2371 1036 2442 baptizari
1063 2381 1118 2428 et
1138 2371 1480 2438 sanctiﬁcari,
1511 2385 1630 2439 qua:
1658 2371 1710 2424 in
1750 2371 2017 2427 intestinis

434 2474 491 2520 et
531 2465 704 2520 vesica
748 2473 874 2520 sunt
921 2478 1019 2534 per
1074 2463 1400 2534 digestiones
1447 2461 1688 2532 corporis
1728 2461 2011 2533 egerenda.

440 2557 688 2612 Dicturus
722 2570 780 2610 es
805 2555 1059 2624 baptizari
1085 2563 1141 2609 et
1164 2553 1486 2609 sanetiﬁcari
1532 2553 1798 2622 hominem
1827 2554 1882 2608 in
1905 2569 2016 2608 ma-

442 2648 540 2702 tris
567 2655 715 2701 utero
740 2645 1101 2713 eonstitutum,
1125 2645 1170 2699 si
1199 2643 1265 2698 ad
1309 2645 1410 2698 hoc
1445 2643 1846 2699 Sacramentum
1871 2645 2014 2698 acci-

441 2736 692 2806 piendum
719 2735 984 2807 gravidam
1014 2735 1304 2790 necessitas
1325 2741 1519 2804 cogat;
1551 2743 1606 2789 et
1620 2734 1741 2790 ideo
1759 2735 2014 2805 baptizari

433 2827 541 2899 jam
573 2843 680 2881 non
721 2827 918 2882 debere
959 2828 1046 2897 qui
1076 2826 1332 2881 nascitur.
1372 2826 1649 2881 Postremo
1694 2824 1931 2881 dicturus
1956 2842 2016 2882 es

433 2927 490 2973 et
512 2919 653 2988 ipsas
677 2918 926 2988 baptizari
956 2928 1009 2972 et
1033 2918 1350 2972 sanctiﬁcari
1381 2917 1575 2983 febres,
1599 2917 1812 2987 quando
1837 2917 2014 2987 bapti-

432 3019 620 3066 zantur
659 3011 881 3080 :egroti;
926 3026 990 3065 ac
1037 3025 1128 3080 per
1175 3010 1276 3065 hoc
1306 3009 1558 3079 baptizari
1605 3017 1659 3064 et
1696 3009 2016 3064 sanctiﬁeari

428 3103 591 3158 etiam
619 3097 998 3172 opera'diaboli
1029 3120 1042 3155 ε
1076 3103 1222 3157 velut
1246 3102 1290 3156 si
1318 3101 1511 3156 mulier
1539 3101 1630 3156 illa
1656 3100 2016 3170 baptizaretur

427 3201 712 3263 antequam
737 3202 1040 3261 curaretur,
1063 3207 1220 3263 quam
1245 3199 1456 3246 satanas
1484 3191 1538 3245 in
1569 3190 1874 3246 infirmitate
1898 3192 2014 3246 alli-

425 3291 642 3354 gaverat
665 3298 763 3354 per
780 3283 967 3338 decem
992 3293 1046 3338 et
1070 3293 1191 3338 octo
1211 3296 1380 3337 annos
1409 3281 1562 3354 (Luc.
1588 3298 1703 3348 xm,
1733 3281 1843 3352 II).
1875 3282 2012 3351 Quid

430 3374 501 3429 de
526 3373 679 3428 malis
708 3374 878 3444 ipsius
906 3373 1081 3428 animi
1112 3373 1337 3444 loquar?
1380 3371 1564 3444 Cogita
1587 3381 1845 3442 quantum
1889 3374 2014 3428 mali

432 3463 524 3529 sit,
547 3463 817 3518 stultitiam
845 3471 1030 3534 putare
1054 3479 1174 3535 quae
1195 3471 1321 3518 sunt
1340 3463 1568 3534 Spiritus
1595 3463 1685 3518 Dei
1709 3479 1726 3529 ;
1759 3471 1816 3520 et
1838 3471 2012 3520 tamen

436 3553 572 3610 tales
612 3563 762 3610 erant
787 3570 922 3625 quos
963 3555 1250 3626 Apostolus
1296 3554 1472 3610 alebat
1516 3554 1673 3621 lacte,
1722 3570 1828 3610 non
1871 3556 2012 3612 cibo.

435 3643 698 3715 Numquid
725 3653 780 3701 et
807 3646 1039 3701 stultitiae
1061 3647 1201 3702 illius
1232 3655 1336 3702 tam
1362 3661 1611 3717 magnum
1641 3647 1864 3716 malum,
1885 3648 2012 3719 quia

436 3750 546 3807 non
573 3735 746 3790 fuerat
772 3736 1089 3806 Baptisinate
1117 3736 1374 3803 ablatum,
1407 3736 1730 3806 baptizatum
1776 3737 2012 3793 sanctiﬁ-

431 3835 716 3897 catumque
760 3826 998 3882 dicturus
1037 3827 1138 3882 es?
1175 3827 1264 3884 Sic
1289 3841 1414 3897 ergo
1455 3835 1510 3882 et
1543 3827 1972 3896 concupiscentia
1996 3869 2012 3892 ,

429 3933 549 3988 quae
575 3927 755 3973 manet
795 3919 1142 3988 oppugnanda
1187 3927 1348 3988 atque
1391 3917 1648 3982 sananda,
1693 3919 1936 3988 quamvis
1960 3920 2012 3974 in

430 4013 702 4082 Baptismo
737 4012 956 4067 dimissa
1004 4012 1112 4067 sint
1152 4019 1340 4066 cuncta
1379 4011 1599 4071 omnino
1636 4019 1875 4080 peccata,
1906 4026 2012 4066 non

429 4105 602 4160 solum
646 4119 752 4160 non
797 4103 1180 4172 sanctiﬁcatur,
1223 4102 1317 4159 sed
1347 4103 1520 4172 potius
1563 4117 1630 4158 ne
1655 4102 2015 4158 sanctiﬁcatos

430 4204 647 4250 mternte
689 4196 848 4251 morti
893 4194 1154 4250 obnoxios
1209 4193 1378 4263 possit
1425 4201 1630 4256 tenere,
1681 4202 2009 4248 evacuatur:

432 4285 557 4354 quia
585 4293 641 4339 et
674 4285 750 4340 illi
792 4285 882 4356 qui
924 4285 1060 4339 lacte
1095 4283 1392 4347 alebantur,
1437 4297 1545 4336 non
1573 4281 1747 4336 solido
1789 4282 1929 4348 cibo,
1961 4289 2015 4336 et

439 4375 802 4430 adhue'erant
845 4375 1120 4439 animales,
1177 4388 1283 4428 non
1331 4372 1683 4442 percipientes
1728 4387 1850 4442 quae
1892 4381 2014 4427 sunt

438 4465 667 4533 Spiritus
693 4465 806 4530 Dei,
852 4466 1096 4535 quoniam
1128 4463 1350 4518 stultitia
1377 4461 1483 4516 illis
1509 4461 1685 4516 adhuc
1709 4470 1858 4526 erat;
1889 4461 1933 4516 si
1961 4461 2012 4514 in

437 4555 528 4609 illa
554 4555 746 4609 mentis
765 4563 942 4619 aetate,
973 4569 1075 4608 non
1102 4555 1299 4619 carnis,
1331 4552 1398 4606 de
1425 4566 1650 4622 corpore
1678 4553 1930 4617 exissent,
1960 4553 2011 4606 in

436 4662 540 4716 qua
585 4656 742 4703 aetate
778 4648 899 4702 novi
942 4647 1178 4701 homines
1219 4645 1623 4716 appellabantur
1661 4645 1677 4677 ι
1714 4644 1915 4713 parvuli
1961 4645 2013 4698 in

431 4736 665 4802 Christo,
695 4737 843 4791 nullo
871 4745 1016 4792 reatu
1062 4736 1298 4790 stultitiae
1326 4735 1468 4790 illius
1499 4742 1811 4789 tenerentur
1848 4751 1861 4786 :
1894 4733 2013 4804 quia

433 4826 534 4882 hoc
565 4828 644 4883 eis
676 4827 993 4883 beneﬁcium
1025 4826 1200 4883 fuerat
1223 4827 1623 4897 rcgeneratione
1651 4826 1926 4888 collatum,
1959 4835 2016 4881 ut

431 4917 667 4972 omnium
711 4918 998 4984 malorum,
1051 4918 1247 4988 quibus
1291 4927 1343 4971 et
1387 4923 1567 4987 postea
1616 4916 1699 4970 vel
1742 4916 2017 4972 moriendo

436 5008 516 5064 vel
543 5009 871 5079 proﬁciendo
899 5008 1109 5064 fuerant
1137 5008 1385 5072 exuendi,
1419 5017 1597 5062 reatus
1626 5008 1879 5062 continuo
1905 5007 2015 5064 sol-

438 5107 649 5157 veretur
698 5099 1014 5154 remissione
1061 5107 1401 5168 peccatorum
1451 5097 1721 5164 omnium,
1779 5096 2016 5152 nondum

439 5189 674 5242 omnium
702 5190 928 5245 sanitate
954 5191 1286 5244 morborum.
1318 5188 1420 5254 Qui
1443 5197 1616 5242 tamen
1639 5197 1816 5244 reatus
1840 5197 2018 5244 teneat

443 5293 661 5336 necesse
702 5288 784 5335 est
805 5295 948 5345 eum,
981 5280 1070 5351 qui
1103 5278 1396 5335 secundum
1439 5293 1653 5333 carnem
1691 5287 2012 5355 generatur;

429 5369 562 5439 quia
601 5384 705 5423 non
735 5370 834 5425 nisi
873 5371 920 5425 ei
947 5371 1257 5435 remittitur,
1307 5370 1393 5439 qui
1444 5368 1733 5423 secundum
1772 5368 2015 5438 spiritum

439 5471 803 5532 regeneratur.
838 5462 876 5518 A
907 5471 1081 5517 morte
1114 5461 1309 5532 quippe
1335 5459 1641 5531 justissima:
1666 5459 2019 5514 damnationis

501 5573 514 5603 ¹
555 5572 710 5631 Istud,
754 5571 804 5622 in
839 5584 935 5633 qua
971 5575 1112 5634 (etate
1152 5583 1258 5620 nor:
1303 5568 1512 5634 homines
1533 5574 1923 5634 appellabantur,
1956 5583 2017 5634 Διιι

437 5633 582 5696 editis
612 5630 953 5696 transpositum
974 5633 1064 5682 fuit
1095 5632 1482 5696 antesuperiora
1506 5630 1682 5696 verba,
1715 5644 1806 5680 non
1829 5630 2018 5696 pernis,

437 5689 721 5806 woman
746 5689 984 5750 exissent.
1031 5689 1309 5744 Restituitur
1334 5692 1380 5742 in
1405 5705 1543 5742 suum
1588 5689 1744 5742 locum
1783 5692 1840 5740 ad
1877 5691 2018 5740 ﬁdem

1801 349 1999 406 Lmen
2038 338 2327 409 smnus.

3617 377 3724 435 θει

2141 479 2235 533 per
2265 481 2426 520 unum
2456 469 2798 528 Mcdiatorem
2832 477 2922 532 Dei
2949 487 3002 533 et
3037 481 3306 537 hominum
3336 483 3590 541 liberatur
3621 499 3716 559 ge-

2141 572 2238 610 nus
2287 558 2594 630 humanum,
2625 579 2729 619 non
2773 581 2802 620 a
2833 581 3002 625 morte
3028 576 3267 644 corporis
3307 586 3530 645 tantum,
3567 558 3660 636 sed
3684 597 3714 639 ι

2139 655 2307 700 morte
2344 664 2444 717 qua
2495 655 2686 707 mortui
2736 667 2878 722 sunt,
2927 677 3022 729 pro
3062 664 3252 732 quibus
3297 683 3432 724 unus
3471 681 3712 726 mortuus

2137 747 2236 790 est.
2287 739 2353 832 Et
2380 742 2498 810 quia
2541 759 2635 812 pro
2679 749 2922 806 omnibus
2965 767 3203 811 mortuus
3241 769 3342 826 est,
3369 775 3497 832 ergo
3526 777 3713 820 omnes

2136 829 2329 882 mortui
2356 839 2495 885 sunt.

2204 917 2430 976 CAPUT
2469 922 2653 978 XVIII.
2698 957 2770 967 -—
2809 931 2896 986 53.
2937 932 3089 998 Quod
3139 951 3265 991 vero
3315 948 3365 994 te
3408 941 3562 997 libuit
3602 954 3708 999 tam

2133 1007 2356 1102 multum
2383 1008 2450 1064 de
2476 1013 2787 1081 qualitatum
2817 1018 3111 1076 differentia
3147 1025 3437 1096 disputare,
3463 1033 3583 1101 quia
3610 1049 3710 1102 ego

2131 1099 2297 1154 semel
2328 1102 2590 1159 nominavi
2618 1107 2946 1178 qualitatem,
2973 1111 3176 1181 dicens,
3207 1135 3226 1168 ι
3258 1133 3362 1173 non
3388 1099 3708 1178 substantia-

2131 1192 2251 1248 liter
2278 1211 2494 1253 manere
2535 1202 3018 1274 concupiscentiam
3048 1248 3062 1272 ,
3097 1209 3232 1264 sicut
3259 1225 3452 1282 corpus
3491 1217 3702 1286 aliquod

2128 1293 2219 1339 aut
2260 1288 2544 1356 Spiritum;
2576 1291 2670 1346 sed
2711 1307 2830 1349 esse
2855 1294 3188 1353 affectionem
3228 1303 3510 1369 quamdam
3555 1307 3705 1360 mala:

2127 1378 2416 1446 qualitatis,
2461 1380 2596 1436 sicut
2640 1391 2723 1439 est
2750 1384 2970 1455 languor
3003 1405 3022 1439 ι
3061 1388 3164 1460 (De
3204 1389 3411 1459 Nuptiis
3436 1403 3482 1446 et
3507 1393 3704 1448 Concu-

2129 1469 2388 1536 piscentia,
2416 1471 2504 1524 lib.
2534 1473 2585 1536 1,
2616 1489 2668 1526 η.
2700 1472 2792 1544 28)
2825 1493 2840 1531 :
2869 1477 3010 1532 itane
3037 1479 3165 1532 nihil
3196 1479 3260 1534 ad
3294 1492 3406 1535 rem
3432 1463 3702 1552 pertinere

2127 1573 2231 1614 non
2261 1562 2470 1616 sentis?
2499 1563 2677 1620 Primo
2699 1567 2840 1621 enim
2870 1567 3024 1635 dicis,
3062 1587 3081 1622 ι
3119 1586 3206 1627 me
3231 1582 3464 1628 mutasse
3490 1585 3706 1631 senten-

2125 1651 2272 1718 tiam,
2301 1662 2357 1708 et
2373 1654 2740 1713 immemorem
2771 1659 2932 1714 totius
2957 1660 3079 1717 libri
3099 1663 3202 1718 mei
3227 1664 3519 1734 professum
3542 1664 3703 1723 fuisse

2124 1746 2472 1802 substantiam
2522 1764 2642 1805 esse
2698 1749 2990 1808 libidinem.
3047 1771 3068 1807 ι
3127 1753 3333 1810 Revera
3388 1757 3602 1812 evoluto
3646 1769 3702 1814 et

2123 1836 2400 1891 enucleate
2437 1837 2571 1894 libro
2600 1854 2721 1895 meo
2749 1855 2855 1896 non
2883 1856 2941 1897 es
2966 1853 3273 1914 reperturus
3312 1861 3396 1901 me
3427 1847 3698 1903 libidinem

2123 1927 2468 1982 substantiam
2494 1929 2698 1986 dixisse
2723 1932 2806 1988 vel
2831 1934 3014 1989 semel.
3046 1935 3302 1992 Dixerunt
3326 1953 3443 1993 eam
3483 1939 3697 2010 quidam

2123 2017 2420 2089 pliileSOplii
2448 2029 2649 2090 partem
2672 2021 2834 2077 animi
2863 2039 2983 2080 esse
3006 2025 3245 2081 vitiosam
3266 2045 3279 2080 :
3298 2035 3354 2083 et
3369 2031 3547 2098 utique
3576 2045 3698 2101 pars

2121 2110 2280 2165 animi
2331 2112 2620 2167 substantia
2653 2123 2760 2183 est,
2808 2117 2928 2186 quia
2971 2118 3261 2174 substantia
3304 2129 3387 2176 est
3427 2122 3539 2190 ipse
3585 2122 3700 2177 ani-

2122 2216 2257 2256 mus.
2288 2202 2390 2258 Sed
2415 2219 2516 2274 ego
2546 2205 2714 2275 ipsum
2740 2207 2948 2275 vitium,
2971 2224 3078 2279 quo
3104 2210 3311 2276 animus
3335 2211 3414 2267 vel
3441 2213 3544 2266 ulla
3573 2230 3697 2284 pars

2119 2291 2237 2361 ejus
2287 2294 2388 2349 isto
2422 2295 2581 2350 modo
2611 2295 2798 2352 vitiosa
2842 2308 2944 2366 est,
2977 2299 3253 2356 libidinem
3283 2302 3422 2365 dico,
3466 2313 3521 2358 ut
3549 2306 3694 2359 omni

2121 2383 2248 2438 vitio
2293 2394 2478 2441 sanato
2523 2387 2668 2441 salva
2713 2387 2784 2444 sit
2831 2397 2939 2444 tota
2986 2391 3301 2446 substantia.
3353 2392 3484 2461 Quia
3534 2405 3586 2449 et
3622 2394 3694 2450 illi

2121 2473 2417 2545 philosophi
2460 2477 2726 2532 locutione
2754 2480 2952 2548 tropica
2985 2481 3112 2534 mihi
3157 2481 3406 2537 videntur
3451 2485 3694 2540 vitiosam

2117 2572 2323 2632 partem
2351 2567 2512 2621 animi
2554 2569 2851 2638 appellasse
2880 2570 3170 2637 libidinem,
3206 2575 3256 2627 in
3288 2590 3388 2645 qua
3421 2586 3568 2645 parte
3612 2588 3695 2632 est

2122 2657 2308 2714 vitium
2336 2661 2476 2730 quod
2505 2671 2722 2717 vocatur
2765 2663 2946 2731 libido,
2996 2664 3134 2720 sicut
3163 2668 3459 2737 appellatur
3500 2673 3694 2727 domus

2121 2763 2215 2817 pro
2240 2750 2319 2804 eis
2339 2751 2426 2819 qui
2451 2760 2574 2806 sunt
2602 2753 2652 2806 in
2683 2753 2861 2807 domo.

2189 2839 2278 2894 54.
2317 2839 2517 2896 Deinde
2553 2849 2605 2896 te
2650 2843 2808 2899 nimis
2831 2845 3000 2899 acutis
3030 2845 3426 2902 dialecticorum
3450 2851 3574 2905 telis
3602 2852 3687 2905 in-

2118 2929 2324 2985 cautius
2347 2932 2666 3000 exercendo,
2697 2948 2899 3006 nosque
2923 2936 3212 3004 jactantius
3242 2940 3554 3007 territando,
3601 2957 3694 2998 se-

2117 3027 2256 3075 ctam
2289 3033 2520 3077 vestram
2557 3023 2825 3081 Iethaliter
2861 3027 3169 3084 vulnerasti.
3205 3031 3453 3086 Dividens
3496 3035 3693 3103 quippe

2117 3119 2274 3181 atque
2323 3112 2584 3169 deﬁniens
2636 3115 2720 3170 vel
2781 3117 2942 3172 etiam
3005 3119 3313 3177 describens
3368 3122 3697 3181 differentias

2115 3201 2452 3273 qualitatum,
2483 3205 2622 3260 inter
2647 3215 2839 3262 caetera
2865 3225 2879 3262 :
2913 3226 2933 3260 ι
2966 3207 3144 3264 Tertia
3190 3212 3400 3281 Species
3424 3214 3696 3284 qualitatis

2117 3301 2220 3359 est,
2251 3311 2270 3346 ι
2301 3293 2498 3362 inquis,
2534 3312 2554 3347 ι
2582 3293 2793 3352 affectio
2816 3305 2871 3352 et
2901 3297 3248 3354 aﬂ'ectionalis
3277 3303 3522 3372 qualitas.
3547 3303 3694 3360 Απο-

2117 3383 2226 3438 ctio
2249 3391 2424 3440 autem
2471 3385 2524 3440 in
2550 3387 2806 3457 qualitate
2832 3389 2903 3444 ob
2934 3390 3034 3446 hoc
3069 3391 3303 3462 ponitur,
3335 3412 3354 3446 ι
3389 3394 3488 3459 ais,
3523 3411 3544 3449 ‹
3574 3396 3695 3466 quia

2117 3474 2432 3546 principium
2460 3476 2768 3545 qualitatum
2811 3487 2929 3542 est;
2975 3482 3058 3534 cui
3085 3482 3247 3537 etiam
3291 3492 3604 3552 reputantur
3628 3485 3696 3541 ad

2118 3573 2445 3644 momentum
2472 3567 2787 3624 accedentes
2826 3569 3243 3640 recedentesque
3280 3583 3371 3628 aut
3412 3575 3574 3629 animi
3603 3587 3697 3630 aut

2117 3655 2360 3727 corporis
2397 3656 2692 3725 passiones.
2726 3658 3093 3716 Affectionalis
3119 3677 3246 3717 vero
3274 3663 3521 3732 qualitas,
3553 3681 3574 3716 ι
3609 3665 3694 3719 in-

2117 3746 2258 3816 quis,
2299 3765 2319 3800 ι
2348 3747 2598 3802 omnibus
2621 3748 2814 3818 quibus
2855 3751 3115 3817 evenerit,
3161 3766 3229 3808 ex
3263 3752 3552 3823 majoribus
3579 3763 3694 3810 orta

2117 3837 2292 3891 causis
2317 3836 2386 3891 ita
2415 3837 2734 3902 inhazrescit,
2767 3851 2823 3893 ut
2846 3848 2938 3894 aut
2965 3841 3172 3910 magnis
3200 3842 3582 3907 molitionibus,
3605 3855 3696 3899 aut

2119 3927 2278 3981 nullis
2317 3927 2538 3982 omnino
2575 3938 2871 3997 separetur.
2905 3948 2923 3982 ι
2955 3930 3079 3985 Ητοο
3103 3931 3316 4000 quidem
3359 3933 3487 3988 satis
3528 3935 3697 4004 expli-

2117 4015 2249 4071 casti
2270 4015 2559 4070 scientibus
2587 4033 2601 4072 :
2625 4015 2718 4070 sed
2747 4017 2870 4086 quia
2894 4019 3264 4074 contemnendi
3295 4036 3396 4075 non
3422 4031 3566 4086 sunt,
3597 4024 3689 4093 qui

2117 4106 2303 4163 lecturi
2343 4107 2506 4162 libros
2549 4116 2761 4163 nostros
2784 4107 3079 4178 disciplina:
3117 4110 3274 4182 hujus
3317 4113 3486 4182 ignari
3531 4123 3690 4172 sunt.

2117 4199 2257 4269 quod
2277 4199 2465 4255 deesse
2494 4199 2666 4265 video,
2695 4199 2883 4256 faciam
2905 4211 2963 4256 ut
2988 4218 3018 4258 a
3048 4218 3134 4258 me
3164 4204 3492 4260 illustrentur
3511 4221 3692 4262 exem-

2121 4290 2239 4360 plis.
2284 4290 2547 4359 Quantum
2591 4291 2657 4345 ad
2706 4293 2943 4347 animum
2988 4294 3197 4360 attinet,
3253 4295 3464 4351 affectio
3501 4304 3584 4352 est
3631 4297 3696 4352 ti-

2120 4398 2299 4451 mere;
2347 4382 2692 4439 aﬂ‘ectionalis
2735 4385 3005 4454 qualitas,
3057 4386 3297 4442 timidum
3363 4401 3484 4444 esse
3515 4429 3528 4443 .
3559 4389 3697 4444 sicut

2119 4474 2258 4528 aliud
2289 4483 2371 4528 est
2405 4474 2594 4540 iratus,
2618 4475 2757 4530 aliud
2798 4476 3112 4540 iracundus;
3141 4478 3279 4533 aliud
3309 4480 3518 4546 ebrius,
3550 4481 3693 4535 aliud

2119 4564 2360 4619 ebriosus
2387 4581 2400 4616 :
2426 4564 2530 4619 illa:
2555 4563 2880 4632 affectiones,
2911 4565 3026 4621 ista:
3051 4565 3412 4624 afl'ectionales
3431 4578 3556 4624 sunt
3574 4585 3695 4640 qua-

2123 4654 2322 4709 litates.
2363 4653 2628 4721 Quantum
2678 4662 2853 4708 autem
2899 4654 2965 4709 ad
3009 4669 3224 4725 corpus,
3271 4658 3407 4712 sicut
3435 4658 3576 4713 aliud
3614 4668 3696 4714 est

2123 4745 2346 4814 pallens,
2375 4744 2516 4799 aliud
2541 4744 2800 4815 pallidus;
2828 4745 2972 4800 aliud
3009 4745 3228 4815 rubens,
3260 4748 3401 4804 aliud
3439 4750 3694 4805 rubicun-

2121 4835 2257 4890 dus:
2288 4845 2342 4890 et
2375 4836 2420 4890 si
2447 4851 2550 4905 qua
2593 4835 2914 4905 hujusmodi,
2953 4852 3177 4907 quorum
3218 4839 3459 4908 plurimis
3497 4839 3689 4894 desunt

2125 4926 2312 4981 usitata
2346 4926 2618 4981 vocabula.
2645 4924 2778 4981 Cum
2809 4927 2983 4998 itaque
3005 4927 3226 4990 dixeris.
3255 4947 3275 4981 ι
3303 4930 3693 4986 aﬁ'eet-ionalem-

2122 5017 2426 5087 qualitatem
2453 5024 2623 5071 ortam
2652 5031 2718 5070 ex
2747 5017 3034 5086 majoribus
3061 5018 3256 5086 causis,
3300 5028 3460 5089 atque
3493 5020 3566 5075 ita
3610 5021 3662 5074 in
3683 5052 3704 5063 ο

2126 5098 2453 5170 haerescere,
2470 5113 2524 5159 ut
2545 5116 2635 5160 aut
2665 5107 2869 5176 magnis
2893 5107 3273 5173 molitionibus,
3309 5118 3398 5163 aut
3423 5111 3580 5164 nullis
3603 5124 3662 5164 se
3679 5139 3700 5148 -

2125 5207 2382 5268 paretur:
2419 5215 2436 5249 ι
2493 5195 2706 5266 quando
2755 5198 3044 5253 'secundnm
3085 5215 3202 5255 eam
3249 5200 3440 5256 dicitur
3485 5202 3690 5256 animus

2125 5289 2317 5356 malus,
2348 5288 2431 5344 vel
2461 5289 2634 5358 potius
2657 5288 2819 5344 homo
2844 5289 3048 5356 malus;
3071 5305 3249 5346 nonne
3269 5293 3478 5357 metuis,
3508 5307 3574 5346 ne
3604 5306 3694 5344 vo-

2127 5379 2300 5434 luntas
2327 5379 2465 5434 bona
2494 5387 2584 5432 aut
2619 5394 2723 5432 non
2755 5379 2825 5434 ibi
2867 5392 2989 5434 esse
3018 5381 3205 5450 possit,
3237 5391 3330 5436 aut
3357 5381 3532 5437 valere
3559 5380 3688 5434 nihil

2125 5469 2328 5540 possit?
2358 5467 2544 5522 Nonne
2573 5467 2843 5534 concedis,
2867 5468 3134 5544 hominem
3156 5469 3432 5536 miserum,
3457 5468 3692 5537 quicum-

2127 5577 2228 5634 que
2257 5561 2346 5615 ille
2384 5560 2453 5615 sit
2483 5559 2563 5614 vel
2591 5558 2770 5621 fuerit,
2793 5566 2939 5615 certe
2965 5557 3216 5613 adversus
3245 5558 3403 5612 talem
3433 5557 3694 5612 clamasse

2129 5655 2454 5725 qualitatem,
2484 5649 2623 5706 Velle
2648 5651 2845 5722 adjacet
2868 5649 3028 5714 mihi;
3057 5650 3296 5720 perﬁcere
3323 5661 3492 5704 autent
3513 5648 3696 5703 bonum

2131 5759 2226 5797 non
2255 5741 2489 5794 invenio?
2515 5740 2607 5795 llic
2632 5741 2815 5796 saltem
2848 5738 3080 5795 fatemini
3113 5753 3232 5796 esse
3259 5739 3477 5796 istorum
3502 5739 3694 5796 verbo.
