4142 6522
467 327 575 383 855

464 461 585 499 rum
615 445 868 516 gemitum
907 441 1263 498 necessarium
1297 457 1310 493 :
1337 440 1460 504 Quis
1487 455 1564 491 me
1587 438 1812 492 liberabit
1838 441 1902 492 de
1925 451 2043 492 cor-

464 551 588 602 pore
606 537 783 590 mortis
809 534 961 604 hujus
977 533 1003 585 ἶ)
1029 531 1206 585 Gratia
1230 529 1321 582 Dei
1348 546 1436 598 per
1453 527 1629 582 Jesnm
1651 527 1902 583 Christum
1933 525 2044 582 Do-

464 627 655 680 minum
684 633 908 677 nostrum
936 619 1111 692 (Rom.
1138 635 1231 685 vn,
1269 618 1355 684 18,
1382 619 1474 684 25,
1499 618 1613 688 ‘25).

531 717 621 771 55.
661 713 1014 781 Quapropter.
1062 709 1393 779 quantolibet
1449 717 1500 763 te
1556 708 1815 762 adversus
1857 706 2040 760 oculos

462 804 828 875 imperitorum
859 800 1141 856 dialectico
1188 800 1420 869 tegmine
1458 799 1719 865 involvas,
1761 796 2040 866 manifesta

457 895 680 951 veritate
708 891 1016 948 nudaberis.
1047 891 1160 962 Ego
1187 900 1436 960 tanquam
1466 889 1821 944 valetudinem
1847 889 2038 942 malam

455 1002 520 1041 ex
549 983 757 1054 origine
782 983 962 1038 vitiata
991 982 1281 1060 ingenitum
1311 995 1431 1036 esse
1459 980 1663 1035 homini
1687 979 1808 1034 dico
1831 978 2037 1044 vilium,

452 1090 559 1146 quo
583 1089 708 1130 caro
746 1073 1074 1143 concupiscit
1097 1072 1351 1126 adversus
1371 1070 1613 1138 Spiritum
1642 1085 1657 1133 ;
1690 1077 1745 1124 et
1773 1068 1874 1123 hoc
1901 1067 2041 1122 malo

455 1168 591 1220 bene
616 1165 690 1219 uti
723 1164 910 1234 pudica
940 1163 1206 1234 eonjugia,
1237 1177 1358 1216 cum
1396 1175 1461 1216 eo
1501 1169 1722 1215 utuntur
1750 1159 2039 1229 generandi

452 1271 649 1319 causa;
683 1255 776 1312 sed
815 1255 917 1309 isto
947 1254 1071 1308 mali
1113 1268 1210 1308 usu
1237 1253 1379 1307 bono
1413 1251 1614 1306 laudari
1645 1257 1902 1312 utentem,
1936 1265 2038 1304 non

456 1353 630 1420 ipsum
673 1349 891 1404 malum.
921 1347 1106 1417 Neque
1152 1347 1294 1402 enim
1337 1345 1531 1400 malum
1561 1346 1731 1415 ipsum
1763 1353 1848 1400 est
1889 1344 2042 1398 inno-

453 1460 606 1509 cens,
639 1443 733 1500 scd
772 1445 953 1508 homo,
985 1443 1072 1512 qui
1101 1442 1225 1497 iacit
1249 1449 1308 1495 ut
1341 1440 1537 1494 malum
1567 1454 1744 1506 suum,
1767 1453 1874 1509 quo
1905 1438 2040 1494 bene

459 1536 624 1590 utitur
651 1537 698 1590 ei
731 1549 923 1590 nocere
953 1549 1059 1588 non
1091 1532 1279 1602 possit.
1307 1530 1457 1586 Sicut
1478 1543 1645 1597 mors,
1673 1544 1795 1584 cum
1822 1530 1890 1584 sit
1916 1543 2042 1598 sup-

457 1627 672 1695 plicium
698 1625 1019 1698 peccatoris,
1049 1624 1191 1679 bono
1220 1622 1345 1678 mali
1382 1637 1482 1678 usu
1518 1620 1806 1678 accedente
1836 1621 1897 1676 ﬁt
1923 1636 2038 1676 mc-

459 1719 618 1774 ritum
681 1716 949 1790 martyris.
1014 1715 1316 1786 Percipitur
1365 1723 1544 1769 autem
1599 1713 1652 1768 in
1715 1713 2041 1784 Baptismate

458 1809 750 1865 christiano
774 1807 1008 1879 perfecta
1038 1805 1265 1871 novitas,
1300 1811 1356 1860 et
1382 1803 1612 1874 perfecta
1639 1803 1840 1859 sanitas
1861 1802 1928 1857 ab
1961 1802 2040 1856 eis

461 1901 616 1956 malis
662 1899 861 1955 nostris
901 1896 1093 1968 quibus
1135 1910 1349 1952 eramus
1392 1895 1500 1961 rei;
1543 1909 1651 1950 non
1691 1893 1758 1950 ab
1799 1893 1877 1949 eis
1917 1907 2037 1948 cum

455 1992 645 2061 quibus
669 1991 845 2046 adhuc
882 1987 1274 2060 conﬂigendum
1303 1996 1385 2044 est
1410 2002 1478 2044 ne
1507 1988 1674 2043 simus
1698 1985 1812 2050 rei;
1844 2001 1964 2040 cum
1987 1993 2042 2041 et

459 2083 571 2150 ipsa
598 2081 648 2136 in
670 2082 824 2136 nobis
849 2079 974 2145 sint,
998 2094 1100 2135 nec
1130 2079 1324 2146 aliena,
1352 2077 1445 2134 sed
1470 2086 1651 2133 nostra
1677 2077 1803 2132 sint.
1830 2075 1961 2130 Nam
1987 2084 2035 2131 et

460 2171 762 2227 rinolentiaa
786 2169 1160 2242 consuetudini
1197 2170 1382 2240 utique
1411 2169 1586 2234 malm,
1614 2183 1773 2238 quam
1814 2168 1915 2224 sibi
1944 2166 2041 2222 ho-

454 2262 628 2318 mines
656 2260 925 2329 fecerunt,
976 2277 1086 2317 non
1131 2261 1400 2317 nascendo
1445 2269 1740 2326 traxerunt,
1785 2260 2041 2316 resistunt

457 2363 578 2424 post
598 2354 948 2425 Baptismum,
978 2369 1045 2410 ne
1066 2369 1159 2410 eos
1188 2353 1255 2409 ad
1299 2342 1438 2408 mala
1465 2353 1616 2408 solita
1645 2353 1918 2424 pertrahat
1945 2369 1959 2406 :
1985 2361 2040 2407 et

458 2456 636 2501 tamen
663 2445 802 2500 malo
825 2445 1112 2510 resistitur,
1141 2443 1268 2499 dum
1313 2441 1758 2513 concupiscentia:
1800 2458 1893 2512 per
1919 2457 2038 2499 con-

454 2537 730 2592 tinentiam
753 2536 1068 2607 denegatur,
1091 2535 1234 2607 quod
1259 2550 1355 2606 per
1377 2535 1816 2592 consuetudinem
1843 2549 2041 2604 conon:

450 2628 695 2696 piscitur.
725 2627 880 2684 Unde
914 2628 1073 2682 etiam
1099 2636 1283 2682 contra
1312 2627 1466 2682 istam
1495 2626 1806 2696 genitalium
1837 2640 2037 2681 concuo

453 2718 787 2786 piscentiam,
814 2733 934 2789 quae
957 2717 1188 2789 ingenita
1221 2717 1376 2773 nobis
1399 2725 1480 2772 est
1500 2731 1595 2784 per
1623 2716 1883 2784 originale
1911 2730 2038 2785 pec-

456 2818 653 2874 eatum,
686 2808 1053 2865 vehementius
1081 2809 1237 2864 vidua
1263 2823 1421 2879 quam
1456 2808 1634 2879 virgo;
1661 2807 2028 2864 vehementius

455 2903 709 2958 meretrix
739 2901 951 2972 quando
982 2911 1136 2957 casta
1157 2917 1277 2957 esse
1302 2899 1550 2966 voluerit,
1579 2915 1735 2972 quam
1757 2915 1874 2971 qum
1897 2915 2038 2956 sem-

457 3009 554 3063 per
576 2993 676 3049 fuit
701 3003 874 3061 casta,
899 2992 1136 3064 conﬁigit
1163 3011 1178 3049 :
1209 3003 1262 3049 et
1290 3001 1434 3048 tanto
1462 2992 1686 3061 amplius
1714 2992 1767 3046 in
1787 3006 1848 3048 ea
1875 3006 2036 3063 supev

455 3084 622 3140 randa
650 3087 893 3140 voluntas
920 3085 1200 3150 laborabit,
1223 3091 1430 3154 'quanto
1457 3083 1692 3154 majores
1733 3083 1780 3138 ei
1821 3097 2039 3138 consue-

457 3177 585 3232 tudo
612 3177 754 3232 vires
780 3176 946 3232 dedit.
982 3175 1061 3230 Ex
1099 3175 1202 3231 isto
1244 3182 1301 3230 et
1341 3189 1462 3230 cum
1493 3174 1597 3231 isto
1624 3173 1853 3229 hominis
1897 3173 2038 3230 malo

458 3269 693 3324 nascitur
727 3268 924 3322 homo:
953 3265 1094 3337 quod
1133 3265 1330 3320 malum
1368 3280 1466 3338 per
1487 3280 1546 3321 se
1572 3266 1743 3335 ipsum
1784 3276 1891 3319 tam
1919 3279 2037 3320 ma-

455 3375 621 3432 gnum
645 3369 750 3424 est,
785 3367 838 3414 et
863 3358 928 3412 ad
959 3357 1192 3413 hominis
1219 3357 1610 3412 damnationem
1636 3367 1795 3426 atque
1817 3371 1847 3410 a
1873 3370 2038 3426 regno

457 3450 552 3505 Dei
568 3450 956 3520 scparationem
969 3443 1177 3503 tantum
1197 3447 1354 3503 habet
1370 3446 1727 3518 obligationis,
1749 3455 1804 3500 ut
1827 3447 2036 3502 etiamsi

456 3541 526 3597 de
552 3541 859 3611 parentibus
877 3542 1208 3612 regeneratis
1230 3538 1488 3604 trahatur,
1517 3539 1750 3603 nonnisi,
1781 3539 2038 3609 quemad-

456 3635 674 3691 modum
713 3634 766 3690 in
811 3635 937 3698 illis,
982 3633 1094 3688 sola
1138 3632 1544 3702 regeneratione
1579 3633 1836 3697 solvatur,
1878 3641 2037 3703 atque

455 3729 560 3784 isto
591 3729 749 3784 unico
777 3727 1012 3784 remedio
1048 3727 1364 3796 praepositus
1400 3727 1588 3781 mortis
1614 3742 1644 3780 a
1689 3725 1838 3796 prole
1868 3726 2036 3796 pella-

455 3828 562 3883 tur,
604 3833 712 3889 quo
757 3834 787 3872 a
832 3819 1141 3889 parentibus
1177 3825 1262 3874 est
1287 3817 1472 3889 pulsus
1491 3817 1531 3871 ³.
1575 3816 1814 3884 Qualitas
1857 3823 2035 3872 autem

457 3911 581 3966 mali
617 3926 722 3967 non
759 3911 814 3966 in
851 3910 1204 3966 substantiam
1236 3909 1305 3965 de
1347 3909 1641 3964 substantia
1680 3919 1928 3978 tanquam
1969 3909 2038 3964 de

453 4003 574 4058 loco
595 4003 646 4057 in
680 4003 854 4058 locum
885 4001 1098 4073 migrat,
1120 4010 1178 4056 ut
1201 4001 1414 4057 deserat
1439 4001 1526 4056 ubi
1557 4009 1692 4066 erat,
1723 4009 1914 4069 etqute
1942 4000 2039 4056 fuit

454 4095 550 4162 ibi,
579 4096 691 4164 ipsa
729 4095 800 4150 sit
828 4094 989 4160 alibi;
1018 4093 1115 4150 sed
1143 4094 1248 4148 alia
1271 4093 1510 4164 ejusdem
1545 4094 1779 4164 generis,
1805 4092 2034 4162 quodam

453 4193 707 4254 operante
727 4184 994 4254 contagio,
1025 4182 1167 4254 quod
1191 4183 1351 4238 etiam
1374 4183 1441 4238 de
1467 4183 1727 4239 morbidis
1757 4193 2036 4253 parentum

453 4277 766 4346 corporibus
787 4276 923 4330 solet
949 4274 1168 4330 evenire
1191 4273 1554 4328 nascentibus.

525 4367 617 4421 56.
656 4365 790 4432 Quid
807 4372 984 4420 autem
1005 4363 1184 4420 dicere
1201 4363 1435 4430 voluisti,
1455 4362 1605 4433 quasi
1628 4380 1646 4414 ι
1668 4362 1926 4439 claudens
1944 4365 1987 4428 ³,
2011 4384 2031 4419 ι

457 4468 516 4512 ιιι
536 4455 791 4528 loqueris,
823 4473 843 4508 ι
871 4453 1172 4510 Aristotelis
1197 4454 1520 4523 palaestram,
1548 4461 1606 4507 ut
1631 4452 1755 4509 inde
1769 4453 1833 4507 ad
1858 4469 2037 4508 sacras

459 4550 688 4606 Litteras
729 4549 1104 4608 revertaris?»
1139 4550 1234 4604 Ais
1269 4549 1410 4604 enim
1437 4565 1450 4600 :
1485 4565 1504 4599 ι
1535 4547 1734 4604 Sensus
1767 4555 1850 4604 est
1879 4547 2038 4617 igitur

453 4642 881 4710 concupiscentia
907 4683 922 4706 ,
975 4648 1031 4696 et
1081 4639 1217 4696 mala
1271 4639 1496 4710 qualitas
1545 4654 1650 4693 non
1698 4637 1822 4696 est'
1861 4653 2035 4708 :ergo

456 4733 670 4799 quando
699 4733 957 4788 minuitur
982 4730 1434 4802 concupiscentia,
1474 4743 1666 4785 sensus
1704 4730 1979 4786 minuitur.
2010 4747 2029 4780 ι

458 4827 650 4878 Annon
689 4839 787 4894 per
813 4821 1301 4892 concupiscentiam
1326 4820 1582 4876 castitatis
1606 4829 1662 4876 et
1694 4819 2036 4876 continentiae

456 4913 694 4983 quotidie
730 4914 906 4970 carnis
947 4913 1376 4983 concupiscentia
1417 4913 1585 4984 magis
1619 4913 1892 4984 magisque
1936 4912 2034 4966 mi-

455 5007 674 5063 ruitur?
702 5007 904 5062 Vellem
945 5006 1122 5076 itaque
1150 5005 1279 5060 mihi
1301 5005 1529 5074 diceres,
1553 5014 1730 5061 utrum
1769 5020 1799 5060 a
1844 5005 2034 5060 morbo

521 5162 534 5194 ¹
573 5169 672 5211 Huc
707 5174 738 5211 e
770 5161 987 5219 margine
1013 5160 1240 5210 translata
1270 5158 1465 5209 fuerant
1482 5159 1588 5208 haec
1610 5157 1796 5207 verba:
1825 5156 2036 5219 qualitas

451 5221 765 5285 «ﬂectionalis
777 5215 965 5285 malitis
974 5220 1311 5272 substantiam!
1325 5219 1635 5285 substantiam
1648 5231 1738 5268 non
1753 5215 2038 5285 emigrando

451 5278 652 5348 om,
672 5285 759 5336 sed
781 5284 990 5348 quodam
1003 5289 1238 5348 operante
1252 5282 1484 5348 contagio,
1585 5286 1670 5337 est,
1696 5278 2034 5348 concupiscet:-

450 5345 535 5400 tia:
552 5340 729 5410 affectu
745 5381 761 5407 ,
795 5340 928 5410 sicut
949 5340 1310 5410 tle'pamuibus
1324 5340 1564 5410 morbidis
1584 5340 1830 5410 _morbida
1849 5340 2035 5410 soboles

449 5402 757 5472 procreatur:
777 5407 991 5472 Delenda
1014 5402 1063 5455 in
1089 5414 1202 5455 ante
1222 5404 1394 5464 editis,
1437 5416 1548 5452 cum
1584 5402 1660 5452 his
1694 5411 1892 5452 careant
1909 5403 2034 5452 anti-

450 5469 655 5532 quiores
673 5469 1001 5532 manusa'ipti.

519 5533 538 5564 ²
575 5530 744 5594 Plures
765 5537 895 5587 uss,
916 5527 1169 5594 pumileas.

522 5583 1005 5656 3‘Apud_Am._e't'_Er.
1031 5598 1156 5653 post,
1193 5593 1408 5656 uon__est,
1433 5586 1732 5656 addebatur,
1765 5583 1883 5656 dum
1921 5598 2035 5656 con:-

458 5648 754 5715 cuptac'eutia
787 5648 1049 5715 animatur;
1071 5648 1236 5715 sensus
1271 5648 1464 5701 dicatur
1485 5648 1721 5700 imminui.
1768 5648 1815 5697 td
1839 5649 2029 5715 nonnisi

455 5710 709 5776 pauciores
729 5713 1037 5776 manseripti
1073 5713 1286 5772 habent,
1313 5716 1733 5776 etrexpuux‘erunt
1769 5710 2033 5760 lovanien-

457 5772 540 5824 ses
563 5783 611 5826 ut
633 5779 850 5838 ineptum
873 5772 1114 5837 glossema
1140 5788 1202 5826 ex
1233 5772 1721 5835 margine‘adscitum.

1254 321 1521 378 CONTRA
1564 317 1899 377 JU|.l.\NUM
1938 308 2401 384 I‘ELAGIANUM,
2441 318 2497 376 S.
2540 319 2905 380 AUGUSTINI

3625 333 3732 395 856

2155 432 2522 492 fornicationis
2550 439 2731 492 sanior
2771 455 2875 494 non
2923 439 3035 504 ﬁat,
3067 454 3224 510 quem
3269 438 3520 496 fornicari
3560 443 3735 500 minus

2153 526 2433 597 minusque
2473 526 2732 592 delectat;
2771 531 3014 599 quamvis
3051 545 3188 598 opus
3228 529 3357 586 illud
3387 532 3588 586 malum
3631 549 3733 588 una

2152 618 2500 672 conversione
2527 617 2626 671 sibi
2644 620 3018 687 amputaverit,
3049 634 3147 674 nec
3173 635 3402 689 unquam
3424 619 3528 676 hoc
3551 620 3734 678 fecerit

2151 717 2216 758 ex
2241 721 2346 776 quo
2371 706 2640 760 lavacrum
2662 709 3084 777 regenerationis
3102 711 3328 778 accepit.
3354 710 3593 781 Itemque
3617 722 3736 781 post

2151 799 2595 854 consuetudinem
2644 800 2946 855 vinolentia:
2987 800 3313 870 baptizatus,
3358 810 3414 856 et
3460 818 3732 872 nunquam

2138 903 2208 944 se
2237 889 2490 960 deinceps
2518 905 2739 963 prorsus
2760 890 3050 959 inebrians,
3079 893 3272 948 vellem
3292 893 3523 962 diceres,
3555 906 3734 951 utrum

2148 979 2216 1034 ab
2242 980 2344 1035 isto
2392 983 2579 1035 morbo
2609 998 2715 1037 non
2759 982 2848 1038 ﬁat
2889 983 2941 1037 in
2978 982 3094 1038 dies
3137 984 3318 1038 sanior
3345 1000 3504 1055 quam
3539 983 3730 1054 fuerat,

2148 1087 2268 1127 cum
2297 1074 2584 1140 potationis
2623 1075 2887 1145 gurgitem
2934 1075 3112 1130 minus
3154 1077 3437 1148 minusque
3464 1077 3734 1135 desiderat

2147 1179 2304 1234 quam
2349 1165 2572 1220 solebat.
2615 1166 2817 1222 Sensus
2855 1178 2939 1223 est
2973 1167 3153 1238 igitur,
3181 1184 3290 1224 non
3327 1170 3441 1240 ipsa
3482 1171 3734 1241 concupi-

2147 1259 2370 1324 scentia,
2403 1257 2496 1313 sed
2524 1259 2613 1314 ille
2641 1260 2816 1329 potius
2849 1276 2956 1331 quo
2981 1277 3080 1317 nos
3116 1277 3236 1318 eam
3265 1264 3524 1331 majorem
3555 1264 3733 1320 mino-

2148 1361 2330 1402 remve
2357 1347 2554 1402 habere
2575 1350 2836 1404 sentimus
2859 1366 2874 1403 :
2893 1351 3035 1406 sicut
3054 1351 3106 1406 in
3129 1354 3371 1422 corporis
3393 1353 3730 1423 passionibus

2148 1450 2254 1492 non
2277 1452 2466 1492 sensus
2492 1445 2573 1492 est
2594 1438 2768 1504 dolor,
2800 1441 2894 1495 sed
2926 1441 3018 1496 ille
3041 1456 3232 1498 sensus
3255 1454 3340 1499 est
3367 1459 3473 1515 quo
3498 1447 3732 1503 sentitur

2145 1527 2331 1589 dolor;
2374 1543 2475 1584 nec
2511 1545 2700 1585 sensus
2736 1539 2819 1586 est
2861 1533 3104 1601 morbus,
3144 1535 3240 1590 sed
3282 1535 3373 1596 ille
3407 1551 3600 1593 sensus
3643 1548 3730 1595 est

2145 1636 2251 1689 quo
2277 1636 2376 1676 nos
2401 1623 2644 1677 morbum
2671 1622 2868 1679 habere
2890 1626 3172 1682 sentimus.
3203 1627 3372 1683 Porro
3393 1628 3441 1683 si
3471 1630 3729 1686 continuo

2147 1712 2206 1766 ﬁt
2231 1712 2423 1777 bonus,
2450 1722 2503 1768 et
2529 1714 2714 1784 utique
2741 1713 2878 1770 bona
2907 1716 3162 1786 qualitate
3188 1716 3247 1772 ﬁt
3277 1717 3473 1784 bonus,
3498 1720 3588 1790 qui
3621 1719 3729 1776 for-

2147 1802 2396 1856 nicationi
2447 1803 2860 1874 vinolentiaque
2923 1806 3236 1862 renuntians
3290 1807 3362 1862 ab
3423 1807 3726 1877 huiusmodi

2145 1893 2395 1972 operibus
2441 1907 2564 1950 sese
2591 1893 2858 1960 abstinet;
2903 1910 3084 1952 nonne
3111 1906 3258 1961 recte
3283 1897 3449 1964 audit,
3476 1897 3610 1954 Ecce
3643 1916 3729 1955 sa-

2145 2001 2241 2039 nus
2267 1985 2433 2054 factus
2466 2001 2540 2052 es,
2560 1986 2678 2055 jam
2705 1987 2811 2040 noli
2850 2003 3056 2057 peccare
3092 1987 3273 2058 (Joau.
3301 2003 3358 2058 v,
3385 1990 3510 2061 14);
3554 1999 3727 2046 recte-

2143 2093 2248 2148 que
2289 2077 2588 2148 appellatur
2624 2086 2804 2135 castus
2833 2087 2891 2134 et
2931 2079 3175 2135 sobrius?
3200 2081 3419 2147 Deinde,
3465 2081 3510 2136 si
3538 2097 3728 2152 prove-

2144 2176 2232 2224 ctu
2263 2168 2712 2244 concupiscentiae
2747 2169 2920 2236 bonae,
2952 2185 3055 2240 qua
3075 2159 3533 2241 concupiscentias
3560 2173 3726 2229 malas

2144 2260 2436 2316 fornicandi
2470 2260 2795 2332 potandique
2839 2261 3136 2327 debellat’,
3163 2263 3286 2317 talis
3313 2261 3562 2328 efﬁcitur,
3589 2278 3726 2334 qua-

2143 2351 2208 2407 lis
2227 2349 2428 2407 recenti
2453 2351 2806 2408 conversione
2831 2352 3066 2408 nondum
3096 2352 3212 2417 fuit,
3244 2361 3305 2408 ut
3333 2353 3628 2408 illorum'in
3657 2365 3726 2409 eo

2142 2440 2407 2497 desideria
2439 2451 2779 2512 peccatorum
2806 2443 2982 2498 minus
3003 2444 3285 2514 minusque
3310 2452 3646 2510 moveantur,
3667 2451 3728 2499 ut

2143 2531 2398 2588 adversus
2440 2547 2504 2587 ea
2533 2533 2670 2588 mala
2714 2548 2820 2587 non
2853 2542 2994 2587 tanta
3033 2544 3233 2604 quanta
3262 2534 3410 2603 prius
3452 2542 3722 2602 exerceat,

2142 2623 2236 2679 sed
2286 2623 2492 2678 minora
2538 2623 2850 2688 certamina,
2895 2639 3002 2678 non
3049 2625 3304 2679 virtutum
3348 2623 3722 2692 diminutione,

2143 2714 2237 2770 sed
2265 2714 2522 2781 hostium,
2551 2729 2652 2770 nec
2677 2713 2960 2769 deﬁciente
2990 2729 3187 2785 pugna,
3227 2713 3323 2768 sed
3351 2723 3630 2768 crescente
3649 2713 3727 2768 vi-

2141 2807 2330 2874 ctoria,
2360 2807 2628 2862 dubitabis
2653 2821 2775 2862 eum
2807 2805 3153 2880 pronuntiare
3192 2803 3518 2860 meliorem?
3545 2803 3721 2868 Unde.

2148 2899 2392 2966 obsecro,
2426 2899 2526 2954 nisi
2553 2900 2674 2969 quia
2700 2899 2839 2954 bona
2867 2897 3094 2968 qualitas
3121 2903 3298 2960 aucta,
3345 2905 3400 2951 et
3442 2896 3578 2950 maia
3621 2896 3724 2950 mi-

2137 2995 2270 3045 nuta
2299 2990 2420 3045 est?
2449 2990 2676 3044 Auctum
2715 2996 2800 3044 est
2845 2988 3002 3058 igitur
3039 3002 3144 3058 quo
3171 2986 3342 3042 bonus
3381 3001 3502 3042 esse
3539 2987 3720 3058 carpit,

2141 3080 2404 3136 minutum
2437 3089 2520 3134 est
2545 3093 2652 3149 quo
2676 3079 2852 3133 malus
2876 3076 3010 3143 fuit;
3054 3087 3109 3132 et
3137 3077 3238 3132 hoc
3261 3077 3369 3147 egit
3395 3083 3516 3148 post
3542 3077 3722 3146 Bapti-

2140 3186 2348 3238 smum,
2365 3187 2469 3228 non
2498 3172 2701 3243 peregit
2724 3171 2778 3226 in
2796 3169 3086 3240 Baptismo.
3109 3168 3206 3235 lla,
3233 3169 3473 3240 quamvis
3501 3169 3572 3225 ibi
3597 3184 3720 3242 per-

2141 3273 2257 3321 acta
2303 3265 2458 3321 fuerit
2521 3265 2674 3334 plena
2735 3272 3075 3333 peccatorum
3126 3263 3406 3328 remissio;
3457 3265 3716 3320 remansit

2141 3363 2338 3422 tamen,
2368 3371 2472 3426 qua
2498 3355 2846 3426 proﬁceretur
2873 3354 2925 3408 in
2951 3353 3162 3417 melius,
3184 3353 3441 3410 adversus
3475 3343 3720 3410 catervas

2139 3448 2528 3506 desideriorum
2553 3446 2815 3502 malorum
2854 3446 2906 3501 in
2938 3445 3093 3500 nobis
3130 3445 3259 3514 ipsis
3299 3446 3481 3516 utique
3519 3445 3721 3500 tumul-

2141 3540 2402 3594 tuantium
2422 3537 2702 3609 vigilanter
2725 3534 3020 3592 exserenda
3045 3543 3099 3590 et
3124 3535 3386 3590 instanter
3413 3534 3711 3591 exercenda

2139 3629 2382 3695 luctatio,
2406 3637 2628 3701 propter
2653 3643 2810 3698 quam
2841 3626 3036 3682 dicitur
3057 3626 3218 3681 etiam
3249 3625 3551 3697 baptizatis,
3579 3625 3724 3681 Mor-

2140 3722 2328 3792 tiﬁcate
2379 3721 2600 3776 membra
2646 3729 2810 3775 vestra
2861 3734 2974 3788 quc
3013 3727 3130 3773 sunt
3181 3734 3337 3789 super
3377 3728 3565 3774 terram
3604 3718 3723 3791 (Co-

2141 3813 2264 3870 lon.
2313 3830 2406 3882 ιιι,
2451 3812 2546 3884 5);
2589 3821 2679 3878 et,
2720 3812 2783 3868 Si
2823 3812 3004 3882 spiritu
3050 3811 3406 3882 {actamnis
3449 3811 3724 3881 morti/ica.

2139 3909 2325 3973 veritis,
2355 3907 2525 3962 uinetis
2555 3905 2730 3978 (Rom.
2750 3920 2865 3969 vtn,
2894 3901 3018 3974 l3);
3063 3911 3137 3968 et,
3170 3901 3357 3957 Exuite
3385 3919 3472 3957 vos
3508 3911 3722 3958 ueterem

2141 4000 2426 4056 hominem’
2463 3997 2678 4070 (Colon.
2705 4011 2786 4061 ιιι,
2814 3993 2894 4066 9).
2924 3993 3128 4062 Nempe
3169 3993 3417 4048 dicuntur
3455 3993 3570 4049 lucc
3611 4007 3725 4047 ma-

2139 4106 2241 4162 gna
2287 4089 2642 4146 consensione
2667 4086 2925 4153 veritatis,
2974 4085 3121 4140 nulla
3163 4085 3582 4156 reprehensione
3623 4085 3723 4140 Ba-

2143 4181 2426 4254 ptismatis.

2211 4273 2302 4329 57.
2343 4271 2398 4327 Si
2441 4284 2571 4340 ergo
2613 4268 2751 4324 nolis
2803 4283 2927 4324 esse
2972 4267 3362 4336 contentiosus,
3409 4273 3538 4339 puto
3578 4265 3720 4338 quod

2135 4362 2245 4433 jam
2277 4361 2460 4417 videas
2485 4375 2643 4431 quam
2687 4366 2834 4414 recte
2874 4358 3220 4430 intelligatur,
3251 4358 3393 4430 quod
3437 4359 3593 4416 aliter
3627 4373 3723 4414 co-

2140 4455 2285 4511 naris
2327 4467 2616 4524 exponere,
2666 4450 2808 4522 quod
2856 4452 3114 4521 propheta
3159 4466 3284 4506 cum
3329 4451 3573 4518 dixisset,
3621 4449 3725 4517 Qui

2141 4545 2389 4617 prapitius
2417 4544 2475 4614 ﬁt
2503 4541 2734 4597 omnibus
2758 4541 3105 4610 iniquitatibus
3125 4543 3264 4608 tuis;
3287 4542 3427 4612 quod
3459 4541 3518 4596 ﬁt
3547 4542 3725 4612 utique

2139 4635 2455 4692 remissione
2492 4634 2729 4688 omnium
2759 4642 3132 4702 peccatorum;
3179 4633 3436 4687 continuo
3478 4630 3723 4700 subjecit,

2143 4728 2244 4794 Qui
2285 4733 2431 4782 sanat
2475 4741 2646 4780 omnes
2689 4725 2956 4796 languore:
3006 4733 3117 4780 tuo:
3156 4723 3324 4794 (Psal.
3369 4739 3460 4790 cn,
3505 4723 3563 4793 '5)
3606 4740 3622 4776 :
3656 4736 3721 4778 ea

2140 4819 2278 4874 mala
2291 4817 2476 4872 volens
2502 4815 2748 4886 intelligi,
2779 4829 2900 4870 cum
2922 4815 3113 4885 quibus
3135 4813 3308 4870 donec
3327 4821 3601 4879 sanentur,
3636 4811 3722 4868 vel

2138 4917 2392 4980 quantum
2437 4917 2662 4978 possunt
2707 4907 2760 4962 in
2807 4905 2907 4962 hac
2949 4907 3056 4960 vita
3091 4908 3257 4974 magis
3300 4904 3573 4974 magisque
3631 4904 3727 4961 mi-

2139 5009 2390 5066 nuantur,
2437 5011 2544 5052 non
2596 4997 2876 5069 quiescunt
2912 4995 3159 5050 intestina
3201 4993 3340 5049 bella
3387 5003 3718 5051 sanctorum.

2203 5155 2219 5186 ί
2255 5152 2568 5202 Floriacensls
2611 5158 2724 5212 Ms,
2768 5149 3090 5213 simoenta,
3129 5146 3542 5213 concupiscentia:
3573 5148 3723 5202 malta

2138 5215 2412 5278 fornicantis
2437 5210 2727 5278 potmtdique
2749 5210 3012 5278 debellatis.

2201 5280 2223 5309 ι·
2254 5277 2372 5329 mdo
2407 5269 2717 5336 removem'us
2751 5274 2844 5336 hos
2875 5284 3048 5322 versus
3079 5269 3255 5336 :_Nulto
3273 5271 3431 5336 pando
3471 5271 3726 5336 reprehen-

2139 5335 2270 5408 ditur
2287 5335 2544 5408 ιωριίδιηςιν
2563 5334 2676 5408 quia
2694 5331 3125 5408 ακεετίειιτςξιφιίο
3138 5329 3432 5408 metm
3447 5329 3724 5408 ,εαὴιίεψί

2138 5399 2253 5462 quia
2275 5393 2428 5462 potius
2449 5393 2594 5462 totum
2619 5396 2815 5462 hosper
2843 5393 3084 5462 Baptisma
3105 5393 3350 5462 aetumest
3368 5429 3384 5452 ,
3406 5393 3461 5462 id
3483 5393 3655 5462 (ζειν-ιιι
3677 5399 3724 5445 et

2139 5453 2171 5509 ἁ
2191 5453 2451 5525 praeteritis
2491 5453 2794 5521 languoribus
2825 5453 3078 5525 saltaretur
3097 5489 3113 5514 ,
3133 5523 3139 5525 _
3149 5463 3201 5525 _et
3221 5469 3252 5504 a
3494 5454 3692 5525 ἱξρἱρὶαι
3705 5489 3722 5514 .

2138 5514 2345 5586 studeat,
2364 5514 2909 5586 mereaturquesanafi,
2926 5521 2998 5566 Ita
3020 5514 3326 5586 Baptismm‘
3339 5517 3481 5586 totius
3495 5514 3550 5581 ﬁt
3569 5514 3724 5586 catae

2139 5575 2383 5646 sanitatis,
2408 5595 2498 5646 per
2518 5575 2644 5645 quod
2666 5583 2711 5630 et
2741 5575 2973 5642 incipitur
3000 5575 3156 5646 omnis
3176 5576 3358 5646 sortitas
3378 5585 3424 5646 et
3459 5575 3723 5646 impletur;

2140 5645 2253 5708 quia
2276 5638 2676 5708 male'cobierent
2697 5653 2828 5708 cum_
2841 5638 3183 5703 superioribus
3205 5647 3257 5692 et
3278 5638 3590 5708 infelici-ibus
3608 5638 3722 5708 ver-

2929 5707 3117 5766 ιιιιιιιοιςΔ
3135 5708 3264 5766 Mss,
3288 5702 3352 5752 ab
3388 5701 3721 5766 antiquissimo

2141 5703 2242 5768 bis,
2271 5707 2546 5768 absuntque
2567 5715 2597 5752 a
2628 5703 2860 5768 t'aticanis

2925 5763 2985 5813 iis
3005 5761 3272 5814 Gallicanis.

2147 5767 2430 5816 Ploriacensi
2451 5763 2501 5816 ἐι
2523 5778 2549 5814 ιι
2572 5763 2856 5829 quibusdam
