4142 6502
372 474 555 545 Neque
597 469 742 527 enim
783 467 960 523 nullus
1005 473 1086 520 est
1114 463 1358 536 languor,
1407 475 1514 533 quo
1557 477 1683 518 caro
1711 462 1958 531 concupi-

373 567 476 622 scit
501 563 761 618 adversus
795 560 1058 629 spiritum,
1091 557 1252 610 etiam
1292 562 1542 610 manente
1570 556 1763 609 virtute
1793 553 1956 608 casti-

374 657 500 712 tatis
531 645 747 709 invicia.
789 651 846 706 Si
874 651 1053 705 nullus
1078 649 1300 718 languor
1339 657 1442 711 est,
1475 663 1580 702 non
1607 662 1734 717 ergo
1764 646 1954 700 adver-

371 763 460 801 sus
488 759 609 800 eum
650 741 870 814 spiritus
910 737 1274 808 concupiscat.
1317 737 1397 793 Ad
1443 737 1560 792 hoc.
1583 738 1724 792 enim
1752 752 1952 791 concu-

373 838 547 908 piscit,
595 843 653 889 ut
696 835 739 888 si
783 847 890 886 non
921 840 1097 901 potest
1143 844 1248 884 non
1298 828 1558 893 certandi,
1608 829 1798 883 saltem
1845 843 1950 882 non

371 924 738 984 consentiendi
785 924 1023 990 obtineat
1071 922 1372 975 sanitatem.
1421 921 1530 976 lloc
1567 921 1762 990 quippe
1811 919 1952 974 unde

374 1033 518 1073 nunc
540 1017 766 1088 agimus,
798 1013 940 1084 quod
969 1013 1123 1067 nobis
1146 1013 1394 1068 resistere
1421 1012 1678 1066 sentinms
1702 1011 1751 1064 iu
1777 1011 1949 1077 nobis,

371 1119 464 1164 aut
491 1109 663 1163 aliena
689 1115 768 1161 est
795 1113 980 1158 natura
1012 1104 1328 1173 separanda,
1366 1111 1456 1157 aut
1482 1112 1660 1156 nostra
1693 1097 1950 1155 sanando.

372 1199 431 1255 Si
462 1199 690 1254 alienam
720 1197 942 1250 dicimus
967 1194 1336 1264 separandum,
1363 1192 1667 1247 Mauicltmis
1693 1191 1949 1248 favemus.

378 1289 664 1344 Fateamur
709 1301 833 1356 ergo
881 1294 1116 1340 nostram
1168 1299 1288 1339 esse
1330 1283 1645 1349 sanandam,
1686 1293 1743 1338 ut
1782 1283 1951 1338 Mani-

375 1379 556 1434 chzcos
585 1377 734 1432 simul
768 1376 1182 1445 Pelagianosque
1211 1374 1457 1427 vitemus.

444 1467 672 1523 CAPUT
700 1465 817 1521 ΧΙΧ
841 1467 1131 1538 (α).-58.
1173 1465 1282 1520 lloc
1308 1481 1434 1536 ergo
1467 1484 1485 1516 ι
1517 1465 1696 1536 generi
1719 1465 1954 1520 humano

374 1559 633 1616 inllictum
650 1560 840 1613 vulnus
857 1575 884 1612 a
905 1559 1136 1621 diabolo,
1160 1557 1413 1627 quidquid
1436 1573 1530 1628 per
1555 1557 1679 1611 illud
1698 1558 1952 1626 nascitur,

369 1653 507 1721 cogit
537 1667 658 1706 esse
695 1651 796 1706 sub
821 1651 1052 1713 diabolo,
1086 1657 1334 1718 tanquam
1360 1649 1428 1703 de
1468 1663 1566 1703 suo
1611 1646 1802 1702 frutice
1842 1646 1954 1701 fru—

369 1750 512 1798 ctum
552 1741 674 1812 jure
709 1741 962 1810 decerpat
988 1760 1006 1793 t
1039 1739 1139 1810 (De
1166 1738 1374 1809 Nuptiis
1419 1748 1466 1792 et
1510 1737 1946 1808 Concupiscentia,

371 1832 461 1886 lib.
496 1832 549 1896 l,
576 1847 630 1884 η.
658 1828 780 1902 ‘26).
824 1830 950 1885 llzce
1000 1830 1158 1885 verba
1199 1828 1267 1884 de
1314 1829 1452 1884 libro
1498 1843 1619 1883 meo
1663 1827 1755 1882 tibi
1799 1827 1955 1883 refel-

371 1921 528 1978 lenda
557 1922 780 1993 posuisti
812 1939 827 1976 :
857 1923 1050 1992 quibus
1090 1922 1161 1976 ita
1193 1921 1485 1986 insidiaris,
1517 1930 1766 1992 tanquam
1811 1939 1830 1972 ι
1863 1937 1957 1976 na-

369 2020 506 2068 turae
543 2014 789 2068 humana:
823 2023 1093 2068 auctorem
1123 2011 1350 2068 dixerim
1379 2012 1672 2078 diabolum,
1708 2021 1763 2067 et
1790 2011 1955 2082 ipsius

369 2121 472 2176 qua
512 2105 674 2160 homo
726 2114 937 2160 constat
981 2103 1293 2160 substantiae
1332 2103 1700 2167 conditorem;
1735 2123 1753 2155 ι
1806 2102 1953 2172 quasi

369 2197 563 2252 vulnus
598 2197 652 2252 in
682 2211 910 2266 corpore
939 2196 1111 2266 possis
1137 2195 1408 2265 appellare
1445 2195 1816 2250 substantiam.
1847 2193 1954 2250 Sed

369 2288 415 2342 si
443 2296 727 2358 propterea
771 2301 858 2342 me
899 2295 1052 2356 putas
1097 2285 1297 2340 dixisse
1335 2285 1603 2340 diabolum
1644 2284 1954 2340 substantia:

367 2379 723 2444 conditorem,
753 2379 877 2448 quia
915 2377 968 2432 in
999 2392 1061 2432 ea
1090 2375 1438 2432 similitudine
1467 2391 1586 2446 qua:
1621 2390 1650 2430 a
1691 2391 1778 2430 me
1804 2375 1956 2430 adhi-

359 2461 477 2524 bita
501 2477 605 2532 est,
634 2468 875 2524 fruticem
905 2468 1048 2530 dixi;
1080 2467 1252 2522 frutex
1289 2468 1486 2537 quippe.
1513 2467 1659 2521 nullo
1679 2465 1956 2521 dubitante

371 2559 666 2615 substantia
705 2569 825 2614 est:
855 2575 952 2613 cur
983 2573 1151 2628 usque
1195 2557 1330 2612 adeo
1375 2567 1428 2614 te
1473 2559 1554 2613 vel
1596 2557 1833 2612 ostendis
1867 2558 1953 2612 vel

373 2649 530 2720 lingis
574 2651 866 2715 indoctum,
908 2658 966 2704 ut
1002 2650 1081 2705 eis
1121 2649 1284 2703 rebus
1330 2664 1450 2718 qua:
1497 2648 1806 2704 substantitc
1848 2662 1953 2703 non

371 2752 520 2804 sunt,
545 2742 873 2797 adhibendas
890 2741 955 2797 de
980 2740 1292 2796 substantiis
1317 2739 1692 2795 similitudines
1714 2755 1818 2793 non
1843 2738 1955 2794 exi-

371 2833 594 2889 stimes?
622 2833 732 2888 Nisi
759 2833 891 2888 forte
914 2841 968 2888 et
993 2832 1091 2901 ipsi
1119 2831 1342 2886 Domino
1361 2831 1636 2886 dialectice
1663 2830 1955 2885 calumnia-

372 2924 538 2991 beris,
576 2925 699 2995 quia
728 2923 880 2989 dixit,
926 2923 1086 2978 Arbor
1125 2923 1254 2977 bona
1283 2922 1441 2977 bonos
1481 2925 1676 2991 fructus
1716 2921 1858 2991 facit,
1907 2930 1956 2975 et

366 3015 522 3068 arbor
563 3018 700 3068 mala
736 3014 897 3069 malos
924 3015 1122 3084 fructus
1149 3015 1271 3086 facit
1300 3012 1516 3083 (Matth.
1545 3028 1641 3079 vn,
1673 3011 1786 3084 l7).
1823 3012 1955 3081 Quis

365 3109 508 3164 enim
553 3108 812 3162 malitiam
851 3109 967 3164 sive
1006 3107 1319 3174 bonitatem,
1362 3106 1448 3162 vel
1489 3120 1652 3176 opera
1678 3105 1815 3160 bena
1859 3118 1954 3159 seu

366 3201 526 3263 tnala,
557 3215 693 3272 quos
736 3201 884 3254 velut
910 3199 1115 3254 fructus
1144 3199 1354 3253 illarum
1393 3198 1642 3252 arborum
1674 3197 1841 3251 voluit
1869 3195 1954 3250 in-

368 3296 548 3366 telligi,
581 3294 725 3351 dicat
754 3309 875 3350 esse
913 3292 1259 3356 substantias,
1300 3292 1398 3347 nisi
1429 3290 1675 3346 nesciens
1710 3288 1836 3360 quid
1873 3289 1955 3343 lo-

367 3387 596 3458 quatur?
633 3387 764 3454 Quis
806 3401 936 3441 vero
971 3385 1190 3438 arbores
1235 3393 1290 3438 et
1328 3399 1512 3438 earum
1558 3382 1761 3437 fructus
1801 3390 1956 3451 neget

371 3493 494 3534 esse
525 3479 860 3544 substantias,
903 3478 946 3531 si
976 3477 1121 3530 novit
1146 3475 1286 3546 quod
1314 3475 1576 3545 loquitur?
1608 3475 1680 3528 De
1713 3474 1795 3528 his
1827 3487 1956 3542 ergo

373 3567 535 3624 rebus
556 3583 671 3637 qua:
698 3567 1005 3623 subsuntia:
1027 3576 1172 3631 sunt,
1195 3567 1440 3620 videmus
1468 3565 1734 3619 adbibitas
1767 3563 1956 3618 simili-

375 3660 584 3714 tudines
615 3660 696 3715 eis
718 3660 877 3715 rebus
901 3674 1018 3730 quze
1062 3673 1167 3713 non
1196 3667 1317 3714 sunt
1349 3656 1682 3713 substantiae.
1714 3654 1866 3724 Quod
1908 3655 1952 3710 si

371 3752 534 3807 arbor
570 3751 709 3806 bona
752 3749 837 3807 vel
865 3751 1021 3816 ntala,
1059 3765 1166 3804 non
1206 3749 1418 3804 bonitas
1446 3747 1676 3802 hominis
1717 3747 1798 3802 vel
1839 3761 1952 3800 ma-

369 3841 502 3905 litia,
549 3841 643 3896 sed
693 3841 794 3910 ipsi
842 3839 1084 3895 homines
1126 3838 1422 3909 accipiendi
1465 3846 1610 3905 sunt,
1668 3837 1720 3891 in
1765 3836 1955 3908 quibus

369 3930 630 3999 subjectis
655 3932 785 3987 istas
812 3945 934 3986 esse
963 3930 1307 4001 intelligimus
1336 3929 1635 3999 qualitates,
1665 3926 1954 3982 bonitatem

367 4015 571 4070 scilicet
591 4017 642 4069 itt
670 4015 884 4070 homine
907 4016 1071 4081 bono,
1093 4015 1453 4082 malitiamque
1480 4012 1531 4067 itt
1557 4012 1774 4067 homine
1789 4011 1952 4077 malo,

367 4115 427 4159 ut
454 4106 580 4176 ipsa:
607 4105 918 4160 substantiae
950 4105 1056 4159 sint
1075 4104 1316 4166 arbores,
1349 4103 1398 4157 id
1419 4111 1521 4168 est,
1551 4102 1651 4174 ipsi
1679 4101 1951 4167 homines;

369 4204 512 4250 certe
555 4195 756 4250 fructus
793 4210 980 4250 eorum
1025 4195 1170 4264 (qua:
1219 4193 1348 4248 nihil
1394 4193 1537 4249 aliud
1584 4207 1745 4263 quam
1792 4207 1954 4262 opera

373 4285 787 4358 intelliguntur),
832 4302 994 4342 nemo
1036 4287 1137 4341 nisi
1180 4286 1458 4356 imperitus
1495 4285 1624 4340 dicit
1665 4299 1785 4342 esse
1824 4285 1954 4340 sub-

377 4379 630 4433 stantias‘
662 4398 677 4434 :
705 4395 823 4433 eum
852 4380 1088 4434 omnium
1117 4379 1368 4434 arborum
1397 4378 1616 4445 fructus,
1661 4379 1801 4434 unde
1839 4379 1956 4433 ista:

374 4469 753 4524 similitudines
792 4470 928 4524 data:
963 4481 1104 4534 sunt,
1134 4485 1292 4526 nemo
1334 4471 1434 4526 nisi
1481 4471 1758 4540 imperitus
1802 4477 1959 4540 neget

373 4571 498 4614 esse
525 4560 870 4614 substantias.
896 4560 972 4615 Ae
1000 4577 1093 4630 per
1117 4561 1218 4616 hoc
1242 4562 1290 4616 ei
1331 4561 1407 4616 rei
1434 4577 1554 4632 qua:
1583 4576 1688 4616 non
1716 4570 1796 4615 est
1827 4560 1956 4615 sub-

372 4650 590 4716 stantia,
621 4649 700 4705 fas
726 4661 808 4706 est
828 4649 1081 4706 adhibere
1115 4652 1511 4706 similitudinem
1540 4651 1607 4706 de
1638 4650 1953 4707 substantia.

370 4741 601 4811 Propter
623 4741 764 4812 quod
796 4757 894 4813 ego
916 4743 1041 4796 vitio
1062 4744 1201 4814 quod
1232 4743 1412 4813 generi
1445 4743 1679 4797 lmmano
1707 4742 1954 4798 diabolus

371 4840 622 4904 tanquam
668 4833 859 4888 vulnus
900 4834 1111 4899 inflixit,
1157 4835 1398 4904 quamvis
1440 4835 1588 4890 nullo
1625 4834 1786 4889 modo
1829 4834 1957 4890 sult-

370 4926 565 4979 stantia
591 4925 682 4990 sit,
712 4935 856 4980 recte
883 4933 1062 4980 tamen
1103 4925 1321 4980 adhibui
1346 4926 1413 4982 de
1441 4927 1735 4981 substantia
1773 4927 1960 4981 simili-

375 5015 632 5080 tudinem,
668 5025 726 5071 ut
762 5016 1007 5071 fruticem
1050 5016 1310 5085 dicerem,
1351 5028 1406 5073 et
1445 5017 1648 5074 fructus
1688 5017 1804 5088 ejus
1832 5018 1958 5073 vitia

377 5108 534 5161 etiam
578 5109 666 5162 illa
709 5123 830 5164 cum
873 5109 1064 5180 quibus
1110 5109 1376 5178 homines,
1423 5110 1576 5166 vobis
1613 5111 1827 5182 quidem
1868 5126 1962 5167 ne-

377 5200 643 5271 gantibus,
684 5201 776 5256 sed
805 5202 1031 5258 veritate
1072 5201 1441 5266 convincente.
1472 5213 1782 5269 nascuntur,
1810 5212 1865 5260 et
1893 5219 1958 5258 ex

377 5291 570 5361 quibus
596 5292 648 5346 in
675 5301 930 5348 a:te‘rnum
960 5293 1054 5348 Dei
1090 5310 1254 5366 regno
1285 5304 1531 5366 pereunt,
1558 5295 1604 5350 si
1645 5295 1868 5350 veritate
1897 5295 1962 5350 li-

376 5384 600 5441 bcrante
625 5400 730 5441 non
757 5395 1131 5444 renascuntur.

447 5478 540 5535 59.
570 5479 798 5536 Proinde
821 5480 1138 5546 vitiatorem,
1163 5496 1268 5536 non
1290 5481 1620 5536 conditorem
1649 5481 1961 5535 substantiae

339 5625 343 5628 ,
375 5567 646 5626 diabolum
666 5569 796 5624 dixi.
835 5569 1025 5628 Subdit
1049 5582 1226 5627 autem
1257 5572 1358 5626 sibi
1397 5572 1536 5642 quod
1566 5587 1672 5627 non
1700 5571 1957 5634 condidit,

439 5661 596 5728 f'tjres
620 5663 906 5728 e-Vaticanis
943 5669 1074 5728 Mss,
1106 5671 1237 5715 certe
1275 5665 1461 5728 fructus
1484 5677 1664 5728 eorum
1703 5665 1807 5728 (qui
1843 5663 1966 5714 nilul

375 5721 508 5774 aliud
529 5736 676 5785 quam
695 5737 846 5798 opera
875 5721 1246 5791 intelliguntur).
1275 5721 1419 5776 "nemo
1441 5724 1537 5776 nisi
1558 5721 1806 5778 imoerilus
1828 5731 1963 5790 neyet

380 5798 479 5834 esse
500 5786 804 5836 substantias.
1441 5791 1446 5798 ‘

438 5847 510 5909 (ιι)
543 5847 674 5914 Αιῃᾱ
701 5857 800 5897 Am.
821 5854 871 5898 et
893 5853 987 5902 Era
1013 5847 1053 5896 Β

1675 343 1677 346 ⁴
1759 347 1962 408 LIBER
2001 349 2286 410 SEXTUS.

3541 360 3652 419 858

2066 479 2163 534 per
2183 464 2235 520 id
2265 464 2405 535 quod
2448 465 2659 535 inﬂixit,
2687 467 2797 524 Deo
2817 468 2964 540 justo
3011 472 3273 528 tribuente
3315 473 3452 530 hanc
3484 487 3645 546 pote—

2065 564 2251 609 statem
2276 573 2289 620 ;
2317 556 2466 626 cujus
2492 574 2595 613 non
2622 559 2884 616 subtrahit
2918 565 3182 632 potestati,
3227 581 3324 622 nec
3370 566 3510 637 quod
3539 566 3648 623 sibi

2063 654 2146 699 est
2168 646 2461 712 subditum,
2503 664 2604 706 nec
2641 666 2701 706 se
2740 651 2934 721 ipsum.
2977 655 3100 711 ideo
3127 666 3208 712 est
3231 659 3372 713 enim
3412 661 3644 717 secunda

2064 736 2310 792 nativitas
2340 737 2599 802 instituta,
2640 741 2762 810 quia
2793 744 3039 798 nativitas
3069 756 3151 801 est
3179 749 3347 816 prima
3368 749 3639 806 damnata.

2061 823 2156 880 Cui
2185 834 2360 882 tamen
2386 830 2542 884 etiam
2572 830 2835 888 damnatae
2877 834 2970 890 Dei
2993 837 3198 892 bonitas
3228 841 3535 907 exhibetur,
3585 849 3642 898 ut

2062 917 2129 972 de
2154 918 2438 974 maledicto
2467 912 2671 975 semine
2699 924 2968 979 rationalis
3009 937 3191 981 natura
3228 928 3482 985 formetur
3507 950 3518 984 :
3539 947 3645 1003 qua

2061 1010 2176 1079 ejus
2192 1010 2591 1066 affluenlissinta
2626 1012 2860 1068 bonitate
2885 1017 3220 1083 apertissime
3251 1020 3512 1076 malorum
3545 1021 3643 1077 ho-

2062 1101 2260 1155 miuutn
2295 1103 2754 1182 tantamultitudo
2775 1106 3022 1171 nutritur,
3049 1114 3103 1161 et
3130 1107 3338 1162 occulto
3362 1111 3452 1165 Det
3478 1127 3642 1182 opere

2058 1203 2357 1262 vegetatur.
2405 1192 2534 1260 Qum
2563 1193 2775 1249 bonitas
2799 1196 3127 1264 operationis
3154 1198 3269 1267 ejus
3291 1199 3335 1254 si
3363 1201 3644 1257 subtrahao

2061 1295 2147 1340 tur
2175 1286 2471 1340 formandis
2503 1287 2985 1358 promovendisque
3034 1289 3346 1354 seminibus,
3391 1301 3445 1347 et
3466 1292 3644 1348 viviﬁ-

2061 1378 2245 1432 candis
2288 1378 2586 1448 quibusque
2622 1379 2944 1445 viventibus,
2997 1395 3105 1434 non
3153 1382 3323 1435 solum
3380 1383 3642 1452 gignenda

2061 1485 2166 1525 nou
2213 1479 2465 1538 aguntur,
2508 1469 2605 1525 sed
2653 1469 2719 1525 ad
2759 1470 2981 1524 nihilum
3010 1472 3226 1542 penitus
3264 1472 3423 1527 etiam
3465 1473 3643 1543 genita

2061 1561 2392 1631 rediguntur.
2421 1560 2551 1616 Cum
2579 1577 2708 1631 ergo
2751 1561 2916 1615 Deum
2950 1562 3051 1616 nisi
3073 1561 3230 1616 stulta
3263 1562 3506 1631 impietas
3537 1579 3642 1618 non

2061 1653 2436 1722 reprehendat,
2471 1653 2610 1722 quod
2631 1654 2872 1708 homines
2901 1655 3088 1708 vitiosa
3119 1655 3391 1709 voluntate
3419 1655 3643 1710 damna-

2060 1743 2195 1798 biles
2224 1744 2313 1798 illo
2341 1744 2639 1798 vivificante
2667 1745 2867 1807 vivunt,
2895 1746 2983 1813 qui
3028 1744 3256 1798 viviﬁcat
3294 1745 3471 1798 omnia
3506 1762 3518 1798 :
3547 1759 3645 1799 cur

2062 1848 2308 1908 putamus
2346 1836 2412 1890 ah
2437 1835 2554 1906 ejus
2595 1837 2850 1906 op‘erilms
2887 1836 3212 1902 abhorrere,
3260 1836 3401 1906 quod
3439 1837 3644 1907 origine

2059 1930 2241 1984 vitiata
2280 1929 2610 1983 damnabiles
2634 1929 2724 1982 illo
2744 1937 2961 1983 creante
2989 1938 3298 1990 nascuntur,
3320 1929 3410 1997 qui
3433 1937 3644 1984 creator

2057 2030 2142 2076 est
2169 2021 2440 2083 omnium;
2471 2030 2524 2076 et
2551 2035 2644 2088 per
2669 2019 3009 2074 Mediatorem
3037 2019 3332 2090 regenerati
3368 2035 3395 2072 a
3417 2019 3644 2073 damna-

2060 2113 2205 2166 tione
2228 2110 2518 2165 liberantur
2541 2110 2739 2174 debita,
2769 2110 2861 2164 sed
2893 2111 3118 2179 gratuita
3148 2109 3507 2171 miseratione,
3535 2125 3642 2164 non

2059 2202 2259 2268 debita,
2307 2216 2443 2272 quos
2472 2201 2630 2271 elegit
2673 2210 2799 2256 ante
2836 2200 3271 2254 constitutionem
3321 2198 3504 2253 mundi
3549 2214 3645 2269 per

2060 2291 2375 2348 cleCIionem
2406 2292 2609 2364 gratim,
2633 2307 2739 2345 non
2761 2305 2826 2346 ex
2853 2289 3103 2359 aper-ibus
3117 2290 3199 2342 vel
3228 2290 3530 2358 pneteritis,
3555 2289 3644 2345 vel

2062 2383 2429 2453 prmseutibus,
2459 2381 2542 2436 vel
2572 2381 2800 2436 futuris?
2831 2381 3078 2450 Alioquin
3099 2380 3266 2450 gratia
3297 2379 3406 2448 jam
3431 2387 3644 2434 nonest

2059 2473 2227 2544 gratia
2272 2472 2446 2544 (Rom.
2481 2489 2560 2538 xt,
2588 2471 2666 2538 6).
2717 2471 2869 2538 Quod
2914 2470 3149 2524 maxime
3173 2480 3390 2538 apparet
3432 2470 3482 2524 itt
3523 2484 3644 2539 par-

2060 2563 2216 2630 vulis,
2247 2577 2472 2632 quorum
2505 2577 2604 2617 nec
2635 2562 2901 2632 prmterita
2927 2559 3032 2614 diei
3061 2569 3282 2629 possunt
3306 2575 3490 2628 opera,
3518 2559 3642 2629 quia

2059 2669 2166 2708 non
2209 2652 2475 2728 fuerunt,
2502 2667 2602 2707 nec
2630 2652 2936 2728 prmsentia,
2974 2652 3096 2720 quia
3127 2649 3260 2704 nihil
3308 2637 3640 2718 operantur;

2059 2759 2160 2799 nec
2189 2744 2385 2809 futura,
2416 2727 2628 2812 quando
2653 2727 2705 2795 in
2735 2741 2822 2795 illa
2850 2749 3006 2795 aetate
3036 2742 3356 2795 moriuntur.

2131 2834 2220 2891 60.
2254 2832 2369 2888 Dixi
2396 2847 2524 2887 sane
2553 2849 2566 2886 ε
2605 2849 2624 2883 t
2661 2831 2940 2898 Quomodo
2968 2839 3183 2886 manent
3226 2838 3440 2900 peccata
3467 2815 3642 2898 reatu,

2058 2940 2178 2998 quze
2214 2923 2589 2995 praeterierunt
2613 2933 2771 2986 actu;
2819 2921 2896 2976 sic
2933 2936 2964 2977 e
3003 2920 3274 2976 contrario
3303 2918 3415 2976 fieri
3448 2927 3643 2989 potest,

2058 3027 2118 3074 ut
2143 3015 2570 3085 concupiscentia
2615 3021 2826 3068 maneat
2849 3021 3004 3080 actu,
3045 3019 3100 3067 et
3123 3018 3404 3081 praetereat
3431 3019 3580 3066 reatu
3617 3029 3638 3064 ι

2060 3107 2164 3180 (De
2189 3107 2456 3179 Nuptiisct
2476 3104 2910 3174 Concupiscentia,
2939 3102 3026 3158 lib.
3047 3118 3084 3165 t,
3114 3102 3310 3167 unﬁt),
3351 3101 3468 3170 50).
3489 3100 3641 3167 Quod

2058 3214 2210 3255 error
2233 3197 2446 3269 quidem
2470 3206 2590 3251 tuus
2628 3195 2819 3250 falsum
2848 3209 2968 3250 esse
2991 3193 3140 3256 dicit,
3182 3192 3275 3248 sed
3305 3193 3500 3247 vet-itas
3547 3207 3644 3247 ve-

2059 3305 2175 3345 rum
2204 3305 2323 3344 esse
2352 3287 2640 3344 convincit.
2665 3285 2798 3342 Nam
2828 3297 2882 3341 tu
2913 3285 2964 3340 id
2990 3300 3096 3339 non
3116 3283 3344 3339 valemlo
3371 3283 3636 3350 refellere,

2060 3383 2233 3453 primo
2273 3381 2581 3435 dialecticas
2629 3378 2876 3434 tenebras
2920 3376 3181 3447 imperitis
3220 3377 3432 3430 conaris
3473 3373 3644 3428 oll'un-

2057 3473 2187 3529 dere
2215 3473 2419 3538 dicens,
2458 3493 2477 3524 ι
2511 3479 2561 3524 te
2581 3470 2818 3540 cogitare
2843 3483 2947 3522 non
2989 3481 3169 3537 posse,
3219 3465 3274 3520 in
3319 3480 3420 3536 qua
3446 3464 3640 3519 dialcxi

2060 3563 2350 3619 invenerim
2382 3560 2769 3616 contrariorum
2800 3558 3038 3613 onmium
3075 3555 3580 3625 reciprocationem.
3614 3569 3635 3604 ι

2058 3657 2229 3726 Quam
2275 3655 2590 3711 sententiam
2644 3661 2788 3707 tuam
2834 3651 2880 3706 si
2927 3662 3197 3720 exponere
3226 3646 3464 3709 voluero,
3495 3652 3549 3699 et
3574 3644 3638 3698 ad

2063 3763 2242 3808 eorum
2273 3741 3005 3817 perducereintelligeutiam,
3026 3739 3117 3810 qui
3144 3751 3412 3807 nunquam
3435 3736 3533 3789 ista
3562 3735 3642 3788 di-‘

2057 3840 2320 3903 dit-erunt,
2350 3849 2483 3906 opus
2503 3835 2604 3890 erit
2623 3835 2780 3903 pleno
2806 3831 3032 3887 fortasse
3047 3828 3338 3884 volumine.
3367 3826 3472 3881 Sed
3502 3839 3642 3894 nunc

2058 3931 2186 3985 satis
2235 3937 2336 3993 est,
2382 3925 2524 3998 quod
2552 3926 2666 3995 ipse
2695 3922 2897 3986 dixisti,
2935 3941 2954 3974 t
2989 3921 3041 3976 itt
3085 3920 3226 3974 nulla
3253 3918 3449 3973 dialexi
3483 3931 3641 3987 posse

2059 4019 2283 4076 inveniri
2337 4017 2722 4074 contrariorum
2786 4013 3023 4068 omnium
3084 4010 3579 4080 reciprocationem.
3615 4027 3635 4062 ο

2060 4111 2194 4166 llinc
2219 4109 2360 4165 enim
2383 4107 2662 4162 ostendisti
2692 4106 2987 4176 aliquorum
3014 4118 3132 4158 esse
3161 4117 3340 4172 posse,
3383 4117 3488 4155 tton
3516 4114 3637 4154 om-

2060 4198 2228 4251 nimn.
2261 4195 2318 4250 ln
2363 4194 2444 4248 his
2467 4208 2595 4262 ergo
2632 4191 2895 4262 aliquibus
2937 4199 2991 4246 et
3037 4191 3137 4244 hoc
3173 4189 3370 4258 reperi.
3415 4188 3470 4244 Si
3495 4190 3638 4242 enim

2058 4289 2308 4352 dixisses,
2354 4285 2740 4342 contrariorum
2783 4280 3255 4352 reciprocationem
3299 4293 3419 4334 esse
3463 4279 3640 4333 nullo-

2060 4397 2200 4448 rum,
2241 4388 2295 4436 ct
2330 4395 2428 4450 per
2457 4379 2558 4433 hoc
2585 4376 2900 4434 ostenderes
2930 4391 2991 4430 ea
3019 4389 3138 4445 qua:
3180 4373 3331 4444 posui
3373 4371 3639 4428 contraria

2060 4473 2329 4542 reciproca
2355 4485 2475 4526 esse
2513 4484 2620 4524 non
2650 4482 2827 4538 posse,
2855 4467 2977 4536 quia
3026 4465 3168 4520 nulla
3211 4480 3332 4520 esse
3374 4471 3636 4532 possunt,

2059 4581 2161 4638 ego
2185 4565 2361 4636 aliqua
2392 4579 2514 4619 esse
2554 4577 2713 4633 posse
2739 4562 3022 4616 ostendere
3056 4560 3237 4622 debui,
3267 4573 3330 4614 ac
3365 4557 3559 4613 deinde
3585 4557 3638 4616 in

2062 4658 2146 4713 his
2172 4671 2290 4712 esse
2315 4653 2455 4725 quod
2481 4654 2658 4726 posui.
2697 4653 2801 4709 Sed
2828 4666 2946 4707 esse
2967 4652 3141 4720 aliqua
3164 4650 3273 4721 jam
3300 4649 3413 4720 ipse
3441 4663 3642 4704 conec-

2061 4749 2164 4813 dis,
2206 4747 2292 4817 qui
2324 4762 2428 4802 non
2458 4746 2590 4802 dicis
2624 4746 2890 4801 nullorum
2921 4743 3312 4800 contrariorum
3339 4757 3459 4797 esse
3499 4741 3631 4797 reci-

2064 4839 2446 4911 procationem,
2477 4837 2571 4893 sed
2600 4853 2704 4892 non
2731 4837 2989 4891 omnium.
3032 4836 3124 4892 Est
3149 4835 3306 4906 igitur
3319 4834 3637 4905 aliquorum.

2064 4930 2170 4986 Sed
2203 4939 2376 4984 utrum
2417 4929 2470 4983 in
2517 4928 2600 4982 his
2623 4928 2782 4982 etiam
2812 4926 2911 4980 hoc
2935 4926 3007 4981 sit
3032 4925 3172 4994 quod
3209 4941 3238 4979 a
3283 4940 3368 4980 me
3409 4925 3636 4996 positum

2063 5032 2166 5089 est,
2199 5029 2366 5077 restat
2392 5020 2674 5076 ostendere
2703 5038 2715 5074 :
2741 5019 2792 5074 id
2810 5027 2913 5086 est,
2943 5028 3141 5083 utrum,
3172 5019 3312 5073 sicut
3328 5033 3510 5072 verum
3539 5024 3640 5084 est,

2064 5122 2212 5168 reatu
2241 5127 2460 5168 manere
2486 5121 2723 5182 peccata,
2750 5127 2870 5182 qua:
2896 5111 3269 5181 przetericrunt
3294 5119 3412 5164 aetu
3439 5124 3454 5176 ;
3479 5110 3548 5164 ita
3576 5109 3647 5164 sit

2066 5220 2274 5270 verum,
2301 5203 2444 5275 quod
2471 5202 2900 5272 concupiscentia
2927 5211 3141 5257 maneat
3169 5210 3312 5267 actu,
3340 5210 3395 5256 ct
3424 5209 3647 5270 printer-

2065 5305 2152 5350 eat
2180 5303 2350 5350 reatu.
2378 5293 2529 5363 Quod
2570 5302 2626 5348 tu
2657 5293 2770 5348 fieri
2811 5307 2917 5348 non
2951 5307 3108 5362 posse
3123 5276 3309 5347 volens
3334 5289 3637 5356 ostendere,

2067 5385 2170 5441 hoc
2198 5386 2376 5440 dixisti
2399 5425 2414 5452 ,
2443 5385 2582 5454 quod
2609 5401 2708 5455 ego
2736 5401 2840 5440 non
2866 5384 2996 5439 dixi.
3044 5386 3156 5454 Ego
3183 5384 3324 5440 enim
3353 5382 3420 5437 de
3450 5397 3645 5437 concu-

2069 5477 2321 5546 piscentia
2350 5477 2478 5541 dixi,
2525 5493 2643 5548 qua:
2679 5486 2762 5532 est
2805 5479 2856 5530 in
2901 5476 3155 5531 membris
3196 5489 3497 5545 repugnans
3541 5474 3644 5545 legi

2067 5567 2262 5620 mentis
2281 5565 2454 5638 (Rom.
2480 5565 2705 5639 vtt,‘25),
2733 5567 2974 5637 quamvis
3003 5565 3378 5636 reatusejusin
3405 5566 3643 5621 omnium

2073 5665 2408 5728 peccatorum
2437 5658 2752 5712 remissione
2781 5656 3050 5712 transierit
3078 5674 3090 5710 :
3137 5656 3273 5711 sicut
3299 5671 3331 5711 e
3350 5658 3644 5724 contrario,

2076 5745 2394 5802 sacrificium
2424 5747 2576 5802 idolis
2598 5746 2816 5812 factum,
2845 5750 2890 5802 si
2915 5746 3168 5817 deinceps
3198 5761 3303 5804 non
3329 5745 3419 5803 flat
3439 5789 3452 5813 ,
3505 5764 3644 5819 prte-

2080 5841 2221 5896 teriit
2262 5850 2402 5910 actu,
2436 5839 2527 5897 sed
2569 5851 2746 5897 manet
2777 5849 2941 5908 reatu,
2993 5839 3092 5896 nisi
3123 5855 3218 5912 per
3267 5839 3624 5912 indulgentiam
