4142 6470
381 461 503 518 qua:
540 443 788 500 accidunt
826 444 1072 514 corpori;
1115 457 1217 497 non
1259 451 1342 499 est
1379 443 1431 499 in
1470 445 1668 513 animo,
1695 447 1816 518 quia
1843 447 1957 515 ejus

383 536 694 590 memoriam
726 533 1131 589 delevitohlivio
1167 551 1180 587 :
1212 543 1266 588 et
1291 542 1466 589 tamen
1498 545 1596 589 est.
1626 535 1720 590 Ubi
1753 545 1832 590 est
1863 535 1963 605 igi-

391 633 475 680 tur
496 667 511 690 ,
561 640 682 681 cum
704 626 815 695 jam
846 626 982 680 bene
1005 629 1150 679 vivat
1197 625 1376 691 homo,
1428 627 1559 682 nihil
1588 628 1692 682 tale
1720 629 1962 682 commit.

383 729 528 782 lens;
557 733 657 772 nec
686 717 790 773 dici
819 718 1003 786 possit,
1035 734 1218 772 eorum
1246 728 1578 787 peccatorum
1613 721 1725 788 ejus
1757 732 1957 775 reatum

381 824 597 864 manere
616 824 736 877 qua:
762 809 1002 862 meminit
1027 825 1040 873 ;
1084 824 1266 862 eorum
1295 825 1422 864 vero
1444 826 1560 879 qua:
1589 811 1783 864 oblitus
1811 819 1891 864 est
1919 812 1956 874 ¹,

376 915 484 954 non
512 898 769 952 manere?
795 897 968 951 Manet
990 898 1183 967 quippe
1205 898 1422 952 omnino
1439 898 1607 952 donec
1632 899 1958 952 remittatur.

378 987 478 1044 Ubi
521 1003 650 1058 ergo
689 995 887 1056 manet,
913 988 1013 1041 nisi
1062 989 1114 1041 in
1164 989 1384 1042 occultis
1434 989 1639 1058 legibus
1683 989 1798 1055 Dei,
1841 1004 1959 1059 quae

379 1081 694 1151 conscriptze
735 1088 857 1135 sunt
881 1080 1111 1149 quodam
1139 1079 1296 1134 modo
1328 1081 1378 1134 in
1428 1080 1692 1134 mentibus
1726 1079 1958 1150 Angelo-

381 1189 526 1240 rum,
548 1181 608 1228 ut
634 1173 771 1226 nulla
799 1172 869 1225 sit
897 1171 1145 1240 iniquitas
1171 1172 1425 1240 impunita
1444 1211 1460 1236 ,
1509 1170 1611 1224 nisi
1641 1185 1798 1240 quam
1830 1184 1958 1224 sau-

381 1266 501 1334 guis
528 1263 824 1318 Mediatoris
849 1261 1144 1330 expiaverit
1168 1278 1182 1327 ;
1211 1262 1360 1330 cujus
1390 1261 1540 1330 signo
1569 1261 1741 1315 crucis
1769 1275 1951 1314 conse-

368 1360 562 1408 ~cratur
581 1351 715 1405 unda
745 1350 1102 1419 Baptismatis,
1119 1356 1174 1402 ut
1191 1364 1251 1404 ea
1270 1349 1499 1404 diluatur
1512 1359 1689 1404 reatus
1707 1358 1953 1418 tanquam

380 1442 432 1495 in
457 1441 810 1511 chirographo
836 1441 1084 1508 scriptus,
1117 1441 1169 1494 in
1196 1441 1381 1494 netitia
1421 1441 1770 1508 spiritualium
1802 1450 1952 1509 pote-

373 1542 592 1599 statum,
641 1548 734 1602 per
759 1548 888 1603 quas
915 1547 1070 1603 pinna
1109 1533 1336 1602 exigitur
1373 1533 1753 1600 peccatorum?
1823 1531 1956 1586 Huic

363 1623 732 1694 chirographo
776 1633 1064 1677 nascuntur
1107 1623 1318 1676 obnoxii
1366 1637 1552 1678 omnes
1595 1623 1650 1676 in
1691 1638 1850 1677 carne
1890 1623 1956 1678 de

365 1730 538 1770 carne
558 1715 848 1770 carnaliter
877 1715 1022 1782 nati;
1053 1716 1168 1785 ejus
1190 1715 1256 1769 ab
1282 1718 1383 1769 hoc
1403 1715 1584 1769 debito
1607 1701 1863 1785 sanguine
1891 1715 1955 1768 li-

379 1806 620 1873 berandi,
644 1808 734 1877 qui
758 1807 809 1861 in
838 1822 998 1863 carne
1027 1807 1238 1877 quidem
1267 1808 1410 1863 etde
1431 1823 1611 1874 carne,
1641 1824 1745 1863 non
1779 1819 1951 1864 tamen

373 1898 678 1963 carnaliter,
710 1898 804 1952 sed
828 1899 1168 1969 Spiritualiter
1190 1907 1345 1953 natus
1371 1909 1473 1954 est.
1513 1899 1784 1958 Natusest
1811 1901 1951 1954 enim

370 1988 438 2043 de
466 1988 667 2062 Spiritu
695 1997 880 2043 sancto
907 1999 962 2044 et
989 1990 1197 2059 virgine
1222 1988 1385 2043 Maria
1406 1990 1448 2041 ³.
1478 1990 1554 2044 De
1583 1989 1780 2060 Spiritu
1811 1991 1955 2043 scili-

369 2087 457 2134 cet
481 2088 686 2145 sancto,
736 2095 802 2134 ne
829 2087 973 2134 esset
1017 2080 1068 2133 in
1099 2079 1191 2132 illo
1211 2093 1340 2133 caro
1368 2080 1603 2150 peccati;
1644 2096 1710 2133 ex
1753 2079 1954 2149 virgine

371 2178 548 2226 autem
579 2171 765 2237 Maria,
805 2179 863 2226 ut
887 2179 1031 2225 esset
1066 2171 1119 2225 in
1148 2171 1239 2224 illo
1277 2169 1568 2224 similitudo
1609 2170 1784 2224 carnis
1827 2183 1952 2239 pec-

371 2264 496 2318 cati.
546 2264 671 2318 ldeo
701 2263 773 2317 illi
799 2261 1157 2333 chirographo
1182 2277 1289 2316 non
1314 2263 1459 2316 venit
1481 2261 1758 2327 obnoxius,
1805 2271 1859 2316 et
1887 2262 1954 2316 ab

371 2355 464 2410 illo
491 2355 650 2409 solvit
671 2355 952 2409 obnoxios.
1005 2354 1190 2424 Neque
1215 2355 1357 2408 enim
1381 2352 1522 2407 nulla
1553 2361 1636 2407 est
1682 2348 1949 2421 iniquitas,

372 2463 493 2502 cum
521 2449 573 2501 in
598 2463 702 2501 uno
723 2446 940 2500 homine
959 2447 1042 2500 vel
1063 2446 1337 2514 superiora
1366 2443 1707 2500 inferioribus
1735 2445 1954 2514 turpiter

373 2537 644 2605 serviunt,
683 2537 767 2592 vel
794 2536 1042 2592 inferiora
1072 2536 1433 2605 superioribus
1459 2535 1839 2590 contumaciter
1865 2551 1953 2590 re-

377 2628 663 2691 luctantur,
692 2629 897 2683 etiamsi
925 2629 1139 2683 vincere
1161 2623 1268 2682 non
1294 2629 1562 2684 sinantur.
1587 2627 1735 2683 Hanc
1759 2627 1954 2697 iniqui-

378 2727 542 2774 tatem
563 2722 606 2774 si
629 2719 786 2774 homo
810 2720 875 2774 ab
896 2720 1107 2774 homine
1127 2721 1296 2776 altero
1326 2719 1621 2774 forinsecus
1633 2719 1953 2775 adversante

377 2820 665 2880 pateretur,
697 2812 816 2882 quia
844 2811 897 2865 in
927 2811 1017 2866 illo
1041 2826 1147 2866 non
1176 2818 1340 2878 esset,
1370 2811 1487 2865 sine
1516 2810 1611 2864 illo
1641 2809 1825 2880 utique
1852 2825 1951 2879 pu-

376 2904 615 2959 niretur:
641 2903 761 2974 quia
781 2918 908 2958 vero
936 2904 988 2957 in
1013 2903 1105 2958 illo
1133 2909 1237 2969 est,
1269 2911 1360 2957 aut
1384 2919 1505 2957 cum
1544 2902 1637 2957 illo
1683 2902 1950 2973 punietur,

371 3001 464 3047 aut
487 2993 580 3047 illo
603 2993 670 3046 ab
694 2991 810 3061 ejus
845 3001 998 3047 reatu
1037 2991 1284 3058 liberato,
1317 2992 1395 3047 sic
1437 2991 1490 3046 in
1529 2993 1820 3047 certamine
1860 2992 1958 3046 ad-

370 3098 556 3138 versus
594 3084 838 3152 spiritum
893 3089 1222 3154 perseverat,
1255 3091 1313 3137 ut
1359 3082 1627 3138 hominem
1678 3082 1788 3153 jam
1845 3099 1951 3138 non

368 3189 517 3229 reum
559 3174 627 3229 ad
661 3175 808 3228 nulla
855 3182 977 3244 post
1018 3182 1243 3229 mortem
1287 3181 1550 3227 tormenta
1598 3173 1948 3240 transmittat,

369 3279 475 3320 non
495 3265 693 3321 alienct
718 3281 749 3320 a
775 3280 942 3336 regno
975 3265 1103 3332 Dei,
1135 3263 1281 3319 nulla
1309 3263 1650 3319 damnatione
1676 3262 1833 3318 faciat
1858 3263 1954 3318 de—

370 3358 566 3424 tineri;
600 3373 778 3428 neque
799 3366 858 3413 ut
880 3373 941 3412 ea
981 3358 1192 3427 penitus
1234 3372 1534 3425 careamus,
1585 3357 1732 3412 velut
1778 3355 1950 3411 aliena

372 3456 560 3503 natura
606 3449 912 3520 sejungatur
951 3462 980 3503 a
1009 3448 1184 3514 nobis,
1216 3447 1311 3504 sed
1351 3449 1474 3520 quia
1505 3458 1702 3505 nostra:
1748 3458 1951 3503 natura:

375 3539 602 3611 languor
626 3549 726 3606 est,
769 3549 986 3596 sanetur
1014 3541 1067 3595 in
1100 3540 1273 3595 nobis.

445 3629 671 3687 CAPUT
697 3629 796 3687 XX
805 3628 1062 3705 (α).-65.
1086 3631 1309 3702 Pmpter
1322 3631 1426 3686 hoc
1442 3646 1571 3702 ergo
1587 3631 1794 3696 vitium,
1815 3633 1954 3686 sicut

374 3722 427 3777 in
454 3737 522 3778 eo
544 3723 701 3790 libro,
730 3723 816 3778 cui
837 3724 1059 3790 resistis,
1088 3739 1118 3777 a
1141 3739 1226 3779 me
1251 3725 1478 3794 positum
1509 3734 1591 3778 est
1609 3766 1626 3792 ,
1674 3742 1694 3777 ι
1722 3723 1952 3779 humana

371 3823 560 3869 natura
590 3815 875 3870 damnatur
898 3832 914 3870 :
935 3823 990 3870 et
1015 3823 1230 3886 propter
1249 3815 1388 3886 quod
1412 3815 1712 3880 damnatur,
1735 3824 1954 3886 propter

370 3904 473 3960 hoc
513 3914 569 3960 et
606 3905 891 3961 damnabili
929 3905 1140 3961 diabolo
1185 3907 1524 3976 subjugatur;
1579 3907 1702 3976 quia
1755 3915 1809 3962 et
1838 3908 1952 3975 ipse

370 3991 610 4050 diabolus
629 3995 848 4064 spiritus
865 3995 1168 4051 immundus
1189 4005 1270 4050 est
1291 4014 1303 4050 :
1327 4003 1380 4050 et
1400 3995 1580 4065 utique
1600 3996 1794 4050 bonum
1812 3994 1952 4066 quod

369 4086 605 4153 spiritus,
625 4086 820 4141 malum
847 4086 989 4157 quod
1007 4087 1338 4150 immundus;
1370 4087 1617 4156 quoniam
1641 4087 1856 4156 spiritus
1872 4094 1954 4140 est
1988 4103 1998 4111 '

373 4188 578 4244 natura,
593 4178 897 4235 immundus
910 4188 992 4233 est
1009 4178 1134 4232 vitio
1151 4195 1163 4231 :
1178 4193 1400 4248 quorum
1415 4179 1640 4232 duorum
1655 4177 1821 4232 illuda
1844 4179 1951 4234 Deo

377 4277 479 4334 est,
491 4269 594 4323 hoc
610 4271 676 4323 ab
691 4269 828 4338 ipso.
851 4269 966 4324 Non
981 4269 1157 4338 itaque
1177 4276 1318 4323 tenet
1335 4267 1576 4322 homines
1588 4268 1698 4324 sive
1715 4269 1952 4338 majorisa

376 4360 489 4414 sive
513 4358 768 4414 infantilis
794 4359 980 4424 aetatis,
1013 4371 1230 4430 prepter
1254 4359 1390 4429 quod
1417 4360 1678 4424 homines,
1707 4360 1800 4415 sed
1831 4376 1950 4430 pro~

377 4457 498 4518 pter
521 4448 659 4518 quod
681 4449 934 4502 immundi
962 4459 1082 4503 sunt
1102 4467 1121 4502 ι
1165 4448 1264 4519 (De
1281 4448 1490 4520 Nuptiis
1517 4457 1561 4503 et
1585 4449 1953 4519 Concupiscen-

376 4541 468 4605 tia,
498 4541 587 4595 lib.
622 4541 676 4609 1,
706 4557 795 4594 nn.
817 4540 908 4607 25,
934 4539 1051 4608 26).
1095 4541 1185 4596 llis
1211 4541 1387 4598 mrbis
1415 4543 1547 4596 meis
1574 4557 1637 4595 ex
1667 4541 1801 4595 libro
1834 4557 1954 4597 meo

372 4630 469 4685 abs
512 4638 567 4685 te
610 4631 818 4700 positis,
865 4631 934 4684 ita
975 4631 1326 4686 resistendum
1371 4631 1586 4702 putasti,
1625 4639 1683 4684 ut
1726 4631 1950 4697 diceres,

378 4721 548 4776 chanc
569 4720 799 4777 formam
835 4723 994 4776 etiam
1037 4723 1088 4776 in
1125 4722 1341 4777 homine
1377 4723 1517 4776 malo
1557 4721 1803 4777 debuisse
1841 4737 1955 4777 ser-

371 4812 504 4879 vari,
532 4828 650 4882 quae
690 4821 935 4868 servatur
971 4813 1024 4867 in
1061 4812 1303 4877 diabolo;
1334 4829 1401 4867 ne
1426 4813 1702 4883 quisquam
1731 4813 1954 4867 damne-

373 4911 478 4968 tur,
500 4903 602 4962 nisi
633 4919 698 4958 ex
723 4903 869 4958 vitiis
897 4902 1128 4974 propriae
1155 4903 1470 4969 voluntatis;
1500 4911 1659 4973 atque
1687 4903 1807 4958 ideo
1834 4903 1952 4956 nul-

374 4992 482 5048 lum
507 4994 576 5049 sit
600 4995 860 5067 originale
888 5004 1165 5067 peccatum
1193 5012 1206 5050 :
1238 4997 1472 5067 alioquin
1499 5011 1634 5068 opus
1673 4997 1808 5066 ejus,
1841 5015 1860 5048 ι
1898 5005 1955 5050 ut

375 5085 526 5151 dicis,
553 5088 670 5158 «qui
694 5089 860 5144 etiam
881 5087 1150 5144 diabolum
1185 5088 1383 5145 bonum
1413 5090 1668 5156 condidit,
1705 5105 1808 5144 non
1849 5105 1948 5161 po-

378 5183 484 5232 mst
509 5179 808 5247 approbari.
840 5197 860 5232 ι
911 5179 1021 5234 Nec
1045 5180 1274 5236 attendis
1301 5180 1441 5251 quod
1463 5181 1729 5235 diabolum
1757 5197 1858 5234 non
1889 5196 1953 5235 ex

375 5271 482 5326 alio
508 5271 717 5328 diabolo
745 5273 944 5329 creavit
983 5273 1144 5342 Deus,
1179 5290 1280 5331 nec
1317 5289 1382 5330 ex
1420 5275 1597 5347 aliquo
1623 5275 1809 5346 angelo
1833 5275 1957 5330 licet

372 5446 457 5556 tu;
483 5442 590 5555 galla
629 5443 779 5494 editio
820 5452 928 5496 ιον.
945 5484 958 5508 ,
1007 5447 1093 5512 qui
1129 5445 1343 5498 meminit
1361 5483 1376 5510 ,
1424 5447 1531 5511 ejus
1567 5461 1678 5500 vero
1720 5447 1803 5512 qui
1837 5447 1957 5499 abiis

436 5542 457 5597 ί
483 5542 571 5637 it;
590 5564 874 5637 legendum,
912 5569 974 5618 de
1010 5568 1192 5637 Spiritu
1213 5578 1376 5637 sancta
1396 5575 1459 5637 et_
1477 5569 1659 5637 virgata
1694 5570 1866 5633 Maria,
1893 5584 1957 5622 ex

372 5633 477 5676 ms.
502 5628 585 5738 Ede
621 5628 802 5690 spiritu
835 5637 1000 5681 amicta
1033 5628 1099 5681 ea;
1121 5631 1304 5698 virgine
1338 5632 1530 5695 Maria]

434 5688 456 5720 ³
478 5695 507 5736 Ρ
528 5690 702 5738 erlaue
725 5697 854 5738 Μες..
880 5692 1108 5738 maiores.

478 5690 702 5754 Plerique
725 5697 854 5752 Mss,
880 5692 1108 5754 majores.

433 5749 505 5812 (ιι)
538 5749 666 5815 Apud
686 5761 781 5803 Am.
808 5749 857 5805 et
879 5749 980 5815 ηιξ,
999 5755 1046 5804 9.

1730 330 1926 386 LIBER
1966 334 2247 398 SEXTUS.

3538 363 3643 418 θος

2069 449 2229 544 bono,
2274 454 2424 524 cujus
2469 468 2642 516 tamen
2673 462 2757 518 lex
2782 475 2926 522 esset
2964 471 3016 522 in
3052 471 3304 526 membris
3344 486 3642 544 repugnans

2068 538 2168 609 legi
2196 545 2408 609 mentis,
2429 561 2522 616 per
2542 565 2698 619 quam
2729 562 2783 608 et
2806 571 2924 610 cum
2953 574 3055 626 qua
3076 558 3143 614 de
3169 561 3382 616 homine
3407 538 3642 618 nascitur

2065 631 2238 684 oninis
2266 631 2446 691 homo.
2488 639 2782 708 Adjuvaret
2811 646 2985 716 itaque
3011 657 3064 704 te
3093 649 3316 706 fortasse
3349 652 3451 708 hoc
3488 668 3642 723 argu-

2066 729 2324 785 mentum,
2355 725 2398 777 si
2426 734 2480 779 ut
2506 726 2687 796 homo,
2711 732 2782 786 ita
2812 733 3052 791 diabolus
3072 740 3309 808 gigneret
3335 741 3490 806 filios,
3521 758 3642 798 eos-

2063 823 2166 878 que
2197 822 2414 878 paterno
2444 830 2660 886 peccato
2689 839 3002 892 negaremus
3026 830 3304 884 obnoxios.
3334 831 3484 886 Nunc
3513 849 3639 888 vero

2062 900 2202 955 aliud
2228 912 2309 958 est
2339 904 2448 971 ille,
2479 909 2567 975 qui
2597 910 2858 968 homicida
2883 927 2998 970 erat
3017 918 3083 972 ab
3110 919 3280 987 initio,
3309 923 3431 990 quia
3461 923 3637 978 homi-

2062 1005 2183 1044 nem
2206 993 2272 1048 ab
2300 995 2451 1050 initio
2475 1013 2581 1066 quo
2610 1009 2692 1056 cst
2720 1002 2882 1058 homo
2907 1006 3198 1074 institutus,
3224 1011 3418 1064 occidit
3440 1027 3535 1082 per
3559 1011 3639 1066 fe-

2062 1082 2219 1138 mina:
2249 1085 2633 1158 seductionem,
2665 1093 2797 1147 etin
2825 1097 3048 1152 veritate
3087 1114 3183 1168 per
3222 1101 3446 1158 liberum
3488 1105 3634 1160 arbi-

2061 1172 2220 1226 trium
2248 1191 2352 1230 non
2382 1180 2529 1233 stetit
2551 1179 2729 1254 (Joau.
2761 1200 2871 1250 vm,
2901 1186 3018 1257 44),
3047 1189 3349 1260 cadensque
3369 1193 3592 1262 dejecitl
3618 1213 3636 1251 :

2059 1275 2113 1319 et
2139 1266 2280 1322 aliud
2302 1278 2385 1324 est
2408 1271 2546 1340 quod
2579 1291 2668 1343 per
2696 1291 2850 1328 unum
2872 1277 3124 1332 hominem
3149 1291 3407 1350 peccatum
3433 1284 3638 1338 intravit

2059 1359 2111 1412 in
2131 1362 2392 1426 mundum,
2416 1373 2462 1416 et
2488 1382 2576 1434 per
2599 1377 2857 1435 peccatum
2877 1385 3048 1435 mors;
3077 1379 3124 1424 et
3149 1371 3201 1424 in
3226 1387 3394 1426 onum
3413 1373 3637 1426 homines

2059 1453 2365 1521 pertransiit,
2387 1453 2440 1506 in
2459 1472 2554 1525 quo
2575 1473 2745 1512 omnes
2765 1469 3087 1528 peccaverunt
3113 1460 3289 1534 (Rom.
3313 1479 3368 1529 v,
3396 1463 3507 1533 12).
3534 1462 3637 1518 Ubi

2057 1539 2332 1595 evidenter
2357 1557 2666 1613 expressum
2696 1559 2798 1613 est,
2827 1549 3063 1618 exceptis
3106 1551 3362 1620 cujusque
3407 1551 3636 1605 hominis

2057 1633 2306 1701 propriis,
2337 1649 2620 1692 commune
2649 1638 2893 1694 omnibus
2916 1641 3216 1697 hominibus
3234 1643 3490 1714 originale
3513 1657 3637 1714 pec-

2055 1731 2255 1774 catum.

2128 1813 2214 1868 6i.
2267 1815 2416 1883 Quod
2446 1827 2621 1874 autem
2647 1819 2775 1888 dixi,
2825 1840 2843 1873 σ
2873 1822 2970 1890 Qui
2999 1815 3221 1878 miratur
3244 1825 3366 1894 quia
3391 1831 3636 1880 creatura

2058 1903 2152 1958 Dei
2205 1905 2450 1961 subditur
2487 1909 2719 1975 diabolo,
2757 1927 2865 1965 non
2909 1914 3158 1978 miretur;
3204 1914 3448 1968 subditur
3490 1914 3635 1970 enim

2055 2005 2295 2051 creatura
2323 1994 2414 2054 Dei
2443 2010 2700 2057 creatura:
2721 2004 2834 2071 Dei,
2851 2006 3024 2061 minor
3050 2007 3267 2076 majori»
3296 2005 3404 2079 _(De
3424 2007 3636 2078 Nuptiis

2056 2094 2101 2139 et
2127 2085 2534 2156 Concupiscenlia
2557 2132 2572 2157 ,
2610 2091 2697 2146 lib.
2728 2093 2778 2159 1,
2808 2111 2860 2147 n.
2888 2094 2957 2150 26
2982 2095 2999 2164 )
3031 2113 3043 2149 :
3073 2111 3168 2150 cur
3198 2097 3266 2149 ita
3294 2097 3538 2165 posuisti,
3577 2105 3634 2151 ιιι

2056 2181 2329 2249 sequentia
2371 2197 2488 2236 mea
2522 2184 2684 2238 verba
2732 2201 2838 2240 non
2882 2187 3125 2252 adderes,
3165 2187 3356 2257 quibus
3399 2187 3632 2250 ostendi.

2056 2270 2501 2339 quemadmodum
2547 2273 2771 2330 dixerim
2795 2317 2808 2340 ,
2847 2295 2866 2328 ‹
2895 2277 3069 2330 minor
3110 2279 3296 2346 majori
3322 2297 3341 2330 ι
3393 2277 3626 2333 humana

2056 2359 2261 2415 scilicet
2283 2363 2565 2432 angelicm;
2606 2364 2705 2418 nisi
2737 2373 2793 2418 ut
2819 2367 2994 2421 minus
3021 2367 3404 2438 intelligeretur
3441 2381 3638 2422 sensus

2055 2465 2209 2526 meus
2233 2492 2247 2516 ,
2274 2460 2334 2506 ut
2362 2453 2562 2509 faceres
2591 2453 2684 2509 tibi
2710 2455 2908 2520 locum,
2932 2457 3044 2523 ubi,
3068 2458 3202 2511 sicut
3229 2458 3390 2524 soles,
3419 2457 3487 2512 de
3509 2455 3634 2512 Ari-

2056 2540 2315 2596 stotelicis
2355 2544 2637 2613 categoriis
2664 2545 2985 2600 obtenderes
3023 2545 3242 2601 nebulas
3270 2547 3548 2618 imperitis,
3579 2545 3635 2600 in

2055 2631 2248 2700 quibus
2268 2632 2519 2687 latentem
2541 2635 2562 2664 '
2589 2644 2832 2704 putarent
2857 2643 2908 2689 te
2933 2636 3131 2705 aliquid
3159 2637 3336 2691 dicere
3359 2677 3376 2703 ,
3399 2636 3524 2705 quid
3549 2635 3634 2689 di-

2055 2736 2206 2777 ceres
2249 2723 2584 2779 nescientes?
2627 2725 2706 2779 Ad
2735 2725 2837 2780 hoc
2867 2726 3007 2780 enim
3043 2727 3252 2781 redacta
3292 2715 3377 2780 est
3417 2726 3636 2780 haeresis

2055 2822 2252 2879 vestra,
2287 2824 2344 2869 ut
2367 2824 2580 2884 gemant
2606 2826 2899 2872 sectatores
2923 2818 3088 2873 vestri
3120 2834 3225 2872 non
3264 2817 3488 2872 inveniri
3516 2817 3632 2871 dia-

2057 2903 2272 2958 lecticos
2291 2904 2503 2974 judices
2531 2906 2584 2960 in
2613 2906 2869 2983 Ecclesia,
2909 2908 2976 2962 de
3017 2908 3215 2963 scholis
3253 2909 3636 2978 Peripatetico.

2055 3009 2172 3049 rum
2217 2994 2330 3050 sive
2367 2994 2700 3064 Stoicorum,
2722 3012 2751 3051 a
2783 2998 2975 3066 quibus
3007 2999 3217 3069 possitis
3246 2998 3467 3053 absolvi.
3513 2999 3632 3064 Quo

2055 3085 2196 3140 enim
2226 3086 2473 3156 pertinet,
2502 3087 2628 3158 quid
2658 3088 2758 3143 sibi
2785 3091 2916 3154 vult,
2943 3090 3128 3160 utquid
3155 3090 3352 3150 dictum
3381 3098 3464 3144 est
3487 3089 3633 3160 quod

2055 3173 2255 3242 dixisti,
2293 3194 2312 3227 ι
2341 3177 2461 3246 quia
2503 3177 2673 3248 major
2707 3187 2762 3234 et
2802 3178 2979 3233 minor
3010 3179 3076 3234 ad
3112 3180 3313 3233 ﬁnitam
3341 3179 3362 3210 ³
3401 3181 3636 3250 speciem

2054 3267 2286 3335 pertinet
2309 3267 2650 3336 quantitatis?
2699 3268 2805 3324 Sed
2845 3271 3129 3340 quantitas,
3159 3289 3178 3322 ι
3231 3270 3425 3346 inquis,
3477 3287 3497 3321 ι
3528 3285 3643 3324 non

2054 3358 2227 3412 solum
2254 3359 2640 3414 contrariorum
2664 3375 2834 3432 capax
2865 3377 2970 3417 non
2995 3349 3095 3429 est,
3124 3361 3264 3432 quod
3286 3362 3336 3416 ei
3360 3376 3481 3428 cum
3500 3375 3636 3432 qua-

2055 3448 2200 3503 litate
2236 3457 2395 3518 atque
2438 3450 2556 3504 aliis
2599 3451 3054 3522 praedicamentis;
3103 3467 3288 3506 vermn
3331 3452 3490 3506 etiam
3535 3466 3636 3506 nec

2054 3539 2378 3594 contrarium
2411 3539 2601 3608 habet,
2622 3541 2763 3610 quod
2787 3542 2836 3596 ei
2861 3557 2980 3596 cum
3007 3543 3314 3596 substantiae
3337 3549 3422 3596 est
3447 3540 3638 3594 defini-

2057 3630 2198 3684 tione
2249 3644 2571 3686 commune:
2603 3631 2801 3686 bonum
2839 3648 2966 3688 vero
3016 3641 3073 3687 et
3123 3632 3322 3686 malum
3369 3633 3636 3688 contraria

2056 3731 2200 3775 sunt.
2245 3740 2265 3774 ι
2316 3722 2441 3777 [hec
2474 3721 2711 3792 profecto
2744 3739 3012 3793 nunquam
3060 3723 3288 3787 diceres,
3321 3722 3366 3777 si
3409 3721 3636 3777 lectores

2055 3813 2140 3867 vel
2167 3812 2432 3867 auditores
2469 3813 2723 3868 librorum
2766 3823 2972 3868 tuorum
3019 3822 3235 3884 putares
3276 3813 3636 3881 intellecturos

2055 3918 2175 3959 esse
2203 3904 2342 3975 quod
2372 3903 2523 3959 dicis.
2547 3903 2699 3959 Itane
2721 3919 2848 3959 vero
2877 3903 2999 3959 ideo
3025 3904 3332 3960 immundus
3355 3906 3515 3960 homo
3533 3905 3637 3959 im-

2057 3997 2255 4049 mundo
2277 3995 2464 4065 angelo
2490 3994 2795 4051 subdendus
2821 4010 2926 4050 non
2957 3994 3073 4061 fuit,
3095 3995 3343 4065 quoniam
3368 3995 3636 4065 quantitas

2055 4101 2160 4157 qua
2191 4085 2405 4142 homine
2433 4085 2606 4155 major
2630 4096 2713 4141 est
2741 4085 2980 4156 angelus,
3008 4099 3113 4138 non
3140 4084 3309 4138 solum
3334 4085 3634 4140 contrario.

2055 4191 2172 4230 rum
2195 4191 2360 4246 capax
2380 4190 2486 4230 non
2517 4183 2619 4240 est,
2644 4191 2828 4231 vermn
2859 4175 3017 4230 etiam
3053 4189 3152 4229 nec
3191 4173 3516 4228 contrarium
3543 4172 3637 4226 ha-

2056 4269 2182 4324 bet:
2215 4269 2363 4339 quasi
2391 4277 2516 4323 tunc
2541 4268 2752 4324 diabolo
2774 4267 2957 4322 fuisset
2982 4267 3142 4321 homo
3167 4264 3492 4330 subdendus,
3516 4265 3558 4318 si
3585 4265 3638 4320 ei

2056 4359 2379 4428 reperiretur
2419 4373 2539 4413 esse
2579 4358 2904 4424 contrarius;
2953 4365 3006 4412 et
3046 4356 3183 4411 mala
3224 4354 3497 4411 subdenda
3526 4371 3636 4409 non

2057 4449 2162 4503 sint
2189 4450 2361 4514 malis,
2393 4450 2513 4518 quia
2544 4448 2679 4502 bona
2707 4449 2881 4514 malis,
2914 4463 3016 4501 non
3046 4447 3180 4501 mala
3204 4447 3357 4501 malis
3390 4445 3644 4500 videntur

2057 4553 2175 4594 esse
2205 4538 2506 4594 contraria?
2552 4538 2687 4604 Quid
2729 4539 2916 4592 vanius
2950 4537 3188 4607 cogitari,
3234 4535 3359 4606 quid
3409 4535 3646 4604 ineptius

2057 4631 2162 4686 dici
2191 4631 2398 4701 potest?
2423 4629 2609 4684 Nonne
2634 4630 2850 4683 domino
2879 4626 3123 4684 subditur
3152 4641 3357 4690 servus,
3389 4632 3443 4679 et
3464 4627 3642 4679 bonus

2057 4721 2218 4786 bono,
2241 4729 2294 4775 et
2323 4720 2493 4774 malus
2520 4720 2681 4786 malo,
2711 4726 2764 4774 et
2789 4709 2959 4772 malus
2988 4719 3149 4784 bono,
3176 4723 3229 4770 et
3256 4716 3425 4769 bonus
3454 4713 3632 4784 malojl

2057 4813 2244 4868 Nonne
2285 4827 2420 4866 uxor
2462 4811 2703 4866 subditur
2735 4811 2872 4872 viro,
2916 4819 2971 4864 et
3012 4809 3153 4864 bono
3196 4809 3369 4874 bona,
3399 4815 3454 4862 et
3497 4805 3642 4859 malo

2059 4904 2216 4969 mala,
2245 4911 2298 4957 ct
2327 4902 2467 4956 bono
2489 4901 2651 4968 mala,
2675 4909 2730 4955 et
2757 4899 2898 4954 malo
2923 4899 3096 4954 bona?
3121 4897 3256 4966 Quid
3282 4897 3440 4967 igitur
3469 4895 3635 4966 perti-

2059 5005 2148 5051 net
2185 4995 2253 5051 ad
2293 4997 2398 5049 vim
2443 4995 2552 5049 sive
2592 4993 2872 5058 rationem,
2902 5008 3006 5062 qua
3036 4992 3266 5061 quidque
3295 4990 3487 5059 cuique
3512 4987 3639 5043 sub-

2059 5085 2289 5140 dendum
2333 5092 2435 5151 est,
2484 5092 2660 5139 utrum
2702 5082 2818 5138 huic
2856 5097 2944 5138 res
2980 5090 3071 5136 aut
3113 5081 3199 5135 illa
3231 5081 3396 5150 possit
3422 5079 3504 5133 vel
3530 5094 3638 5133 non

2063 5175 2229 5246 possit
2249 5191 2439 5246 capere
2461 5175 2542 5230 vel
2567 5174 2764 5229 habere
2790 5173 3149 5229 contrarium?
3178 5171 3369 5226 Verum
3399 5179 3450 5224 tu
3481 5170 3638 5239 plane

2062 5267 2455 5322 inconsiderate
2496 5266 2596 5321 ista
2626 5281 2729 5320 non
2764 5264 3034 5330 funderes,
3065 5263 3108 5316 si
3135 5261 3370 5316 stultitia:
3395 5275 3512 5329 qua:
3545 5258 3639 5312 tibi

2061 5359 2158 5415 ista
2189 5359 2443 5428 suggerit,
2475 5357 2785 5428 sapientiam
2812 5355 3132 5411 contrariam
3153 5353 3436 5423 cogitares.

2135 5455 2222 5508 65.
2272 5451 2388 5507 Jam
2426 5465 2585 5522 porro
2623 5451 2711 5504 illa
2752 5449 2923 5519 qualis
2960 5455 3042 5502 est
3082 5444 3468 5515 argumentatio
3503 5439 3649 5496 tua?

2129 5626 2144 5657 ¹
2169 5626 2251 5674 Hic
2267 5623 2382 5673 editi
2407 5622 2604 5683 addunt,
2627 5621 2882 5672 hominem.

2131 5689 2150 5720 ⁸
2173 5688 2245 5734 sic
2264 5691 2366 5733 Mss.
2393 5685 2530 5743 Editi,
2551 5683 2768 5735 latenter.

2135 5749 2156 5780 ⁸
2186 5747 2385 5795 Vaticani
2411 5737 2585 5795 tussiet
2607 5744 2844 5804 Gallicani,
2873 5739 2937 5792 ad
2954 5737 3206 5802 inﬁnitum.
