4142 6544
495 358 603 417 863

500 489 518 522 ι
551 467 610 528 Si
659 484 746 527 res
766 513 780 538 ,
811 488 830 524 ι
875 465 1046 537 inquis
1067 505 1083 532 ,
1133 481 1151 515 ‹
1179 476 1297 533 qua:
1324 462 1578 516 decenter
1609 460 1848 516 ordinata
1877 467 1979 524 est,
2008 455 2077 512 ad

495 563 668 619 Deum
691 563 936 633 pertinet,
960 567 1013 611 et
1037 569 1123 610 res
1138 569 1256 624 quae
1276 554 1341 608 ad
1359 554 1523 607 Deum
1547 553 1792 622 pertinet,
1809 551 1942 606 bona
1965 557 2078 615 est;

497 655 696 708 bonum
723 659 804 704 est
823 650 997 716 itaque
1022 644 1288 699 subditum
1319 659 1438 700 esse
1466 643 1700 708 diabolo,
1723 642 1973 713 quoniam
1998 640 2080 696 in-

497 744 713 796 stitutus
741 753 770 791 a
802 738 911 792 Deo
941 749 1036 805 per
1063 735 1162 790 hoc
1190 734 1323 790 ordo
1348 743 1609 790 servatur.
1651 734 2024 804 Sequiturque,
2055 749 2074 784 ›

499 830 710 900 inquis,
749 846 768 880 ι
792 837 848 882 ιιι
892 827 1087 882 malum
1141 829 1214 882 sit
1255 827 1514 882 rebellare
1551 826 1784 892 diabolo,
1829 826 2078 896 quoniam

498 934 595 989 per
629 918 1026 973 resultationem
1070 917 1341 972 institutus
1379 932 1410 970 a
1453 917 1562 971 Deo
1593 917 1727 971 ordo
1764 917 2022 970 turbatur.
2055 933 2074 966 t

499 1007 695 1064 Posses
732 1006 930 1072 dicere,
964 1007 1073 1062 Deo
1102 1007 1354 1063 resistere
1378 1007 1654 1077 agricolas,
1682 1009 1904 1076 ejusque
1931 1005 2077 1061 ordi-

499 1113 626 1154 nem
656 1099 989 1167 perturbare,
1019 1098 1292 1169 purgando
1322 1113 1479 1168 agros
1500 1113 1529 1151 a
1558 1098 1722 1167 Spinis
1749 1107 1804 1153 et
1833 1098 2037 1152 tribulis
2060 1139 2076 1166 ,

499 1201 620 1258 qua:
642 1187 729 1241 ille
755 1188 1122 1256 peccatoribus
1147 1187 1290 1242 nasci
1313 1187 1469 1256 jussit
1499 1188 1554 1242 in
1585 1201 1794 1257 poenam
1824 1186 1973 1259 (Cen.
1998 1203 2075 1253 tn,

501 1277 618 1348 18).
645 1275 801 1343 Quid,
833 1275 972 1346 quod
1008 1277 1107 1331 ista
1149 1285 1236 1331 tua
1278 1279 1483 1332 ratione
1527 1278 1627 1332 dici
1670 1287 1844 1347 potest
1872 1295 1884 1330 :
1908 1278 1952 1331 si
1991 1292 2080 1332 res

499 1381 622 1434 quae
648 1364 902 1420 decenter
941 1365 1181 1420 ordinata
1209 1352 1402 1432 est,'ad
1438 1367 1602 1421 Deum
1643 1367 1892 1438 pertinet,
1923 1376 1976 1422 et
1996 1383 2081 1423 res

501 1471 622 1527 qua:
654 1457 720 1511 ad
755 1456 923 1512 Deum
964 1457 1189 1527 pertinet
1225 1457 1362 1513 bona
1403 1467 1513 1524 est;
1557 1459 1752 1514 bonum
1783 1469 1864 1514 est
1891 1460 2079 1515 malis‘

445 1601 460 1612 ι
501 1561 626 1602 esse
664 1546 718 1600 in
755 1545 1029 1616 gehenna,
1061 1547 1307 1616 quoniam
1353 1547 1621 1602 institutus
1654 1563 1682 1601 a
1721 1548 1830 1603 Deo
1859 1563 1953 1618 per
1979 1549 2082 1604 hoc

501 1637 635 1692 ordo
655 1637 927 1692 servatur?
955 1637 1105 1705 Quod
1132 1653 1258 1692 vero
1297 1646 1350 1692 tu
1391 1638 1561 1702 addis,
1605 1657 1623 1689 ‹
1647 1640 1997 1709 Sequiturque
2026 1649 2082 1695 ut

499 1727 699 1782 malum
729 1728 800 1781 sit
832 1727 1092 1782 rebellare
1118 1727 1349 1794 diabolo,
1383 1727 1632 1798 quoniam
1657 1745 1750 1798 per
1777 1731 2079 1784 resultatio-

498 1833 624 1872 nem
656 1817 924 1873 institutus
949 1835 979 1873 a
1012 1819 1122 1875 Deo
1150 1820 1282 1874 ordo
1307 1821 1609 1886 turbaturp
1645 1836 1740 1875 cur
1773 1823 1872 1876 hoc
1909 1822 2082 1876 dicis?

499 1908 630 1978 Quis
665 1911 807 1964 enim
837 1911 1055 1965 rebellat
1082 1910 1315 1978 diabolo,
1344 1911 1444 1966 nisi
1464 1912 1532 1965 ab
1560 1911 1675 1981 ejus
1704 1921 1965 1982 potestate
1988 1929 2082 1982 pcr

497 2000 804 2058 Mediatoris
842 2002 1151 2072 sanguinem
1189 2003 1481 2057 liberatus?
1523 2003 1706 2058 Melius
1743 2019 1871 2074 ergo
1910 2005 2082 2060 fuerat

498 2091 708 2151 hostem
736 2109 840 2148 non
873 2093 1069 2149 habere
1091 2136 1107 2162 ,
1135 2110 1292 2164 quam
1316 2096 1550 2150 vincere.
1599 2096 1702 2151 Sed
1730 2098 1849 2166 quia
1882 2097 2082 2166 peccati

497 2183 693 2240 merito
712 2184 940 2239 humana
968 2197 1151 2241 natura
1179 2186 1387 2240 subdita
1403 2195 1485 2242 est
1502 2186 1671 2252 hosti;
1701 2189 1877 2257 prins’
1898 2191 2080 2256 homo,

497 2284 558 2331 ut
584 2275 837 2332 adversus
863 2292 983 2332 eum
1011 2276 1246 2348 pugnare
1275 2278 1477 2348 possit,
1510 2278 1577 2332 ab
1615 2278 1731 2349 ejus
1755 2280 1958 2334 eruitur
1988 2295 2083 2348 po-

498 2374 712 2423 testate.
741 2367 942 2422 Deinde
970 2369 1014 2423 si
1039 2369 1144 2422 vita
1172 2377 1255 2424 est
1281 2370 1332 2423 in
1359 2367 1457 2424 hac
1483 2385 1643 2425 carne
1674 2370 1948 2440 prolixior,
1973 2385 2083 2426 cer-

497 2465 620 2515 tans
641 2458 938 2529 adjuvatttr,
965 2467 1025 2514 ut
1053 2471 1285 2532 superet.
1321 2462 1598 2517 Postremo
1619 2462 1787 2517 victor
1814 2462 2083 2518 beatiﬁca-

498 2559 606 2618 tur,
639 2561 696 2606 ut
719 2561 925 2622 regnet,
953 2551 1190 2608 dicturus
1212 2553 1262 2606 in
1293 2552 1416 2617 line,
1444 2551 1541 2607 Ubi
1569 2563 1662 2619 est,
1693 2569 1846 2620 mors,
1878 2543 2084 2608 conten-

497 2641 569 2696 tio
598 2650 683 2695 tuo
705 2641 857 2713 (Osee
883 2657 994 2707 xm,
1023 2641 1146 2714 ll)?
1187 2641 1300 2707 Vel,
1327 2643 1463 2698 sicut
1486 2643 1614 2697 dicit
1640 2645 1944 2713 Apostolus,
1982 2644 2082 2700 Ubi

497 2741 592 2796 est,
629 2748 798 2799 mors,
841 2732 1049 2787 victoria
1088 2733 1210 2787 tua?
1246 2734 1329 2787 ubi
1366 2742 1438 2789 est
1461 2775 1476 2802 ,
1516 2751 1650 2789 mors
1672 2777 1688 2801 ,
1723 2736 1928 2790 aculeus
1966 2745 2082 2793 tuus

496 2817 544 2892 (1
573 2821 690 2875 Cor.
719 2838 808 2888 xv,
835 2823 954 2892 55)?

507 2900 509 2902 ’
569 2913 795 2970 CAPUT
833 2913 1080 2970 xx1.—
1103 2915 1194 2972 66.
1234 2915 1371 2984 Quin
1407 2917 1566 2972 etiam
1594 2918 1705 2972 visa
1737 2919 1982 2974 sunttibi
2012 2919 2080 2975 de

498 3001 775 3060 Manichtei
805 3006 952 3062 libris
980 3007 1230 3061 nonnulla
1257 3021 1377 3062 esse
1397 3007 1662 3076 ponenda,
1685 3009 1878 3078 quibus
1905 3024 2078 3064 meam

496 3095 815 3150 sententiam
842 3110 1208 3166 comparares:
1232 3111 1351 3151 cum
1373 3111 1471 3166 ego
1490 3098 1917 3154 commixtionem
1948 3098 2081 3154 dua-

495 3198 615 3238 rum
655 3194 984 3250 naturarum,
1025 3183 1148 3239 boni
1189 3185 1390 3240 scilicet
1421 3194 1476 3240 et
1515 3187 1658 3252 mali,
1690 3187 1829 3242 unde
1867 3187 2078 3243 illorum

499 3281 611 3327 tota
633 3273 869 3329 fabulosa
897 3284 1076 3329 manat
1104 3275 1326 3340 insania,
1353 3290 1456 3329 non
1488 3276 1658 3330 solum
1689 3277 1795 3331 fide
1813 3278 2082 3348 verboque

498 3362 735 3419 detester
761 3372 814 3419 et
851 3364 1127 3429 damncm;
1167 3380 1350 3419 verum
1384 3365 1543 3421 etiam
1576 3354 1669 3422 tibi
1699 3367 1797 3437 ipsi
1826 3368 2083 3440 suifraga-

500 3455 604 3510 tori
651 3470 834 3512 eorum
879 3456 1175 3513 resistendo
1216 3467 1370 3527 teque
1414 3456 1704 3513 refellendo
1743 3460 2078 3515 convincam.

499 3548 633 3603 Cum
674 3550 814 3604 enim
852 3558 1036 3604 contra
1079 3563 1172 3604 eos
1205 3550 1400 3605 veritas
1437 3549 1652 3618 clamet,
1691 3552 1827 3606 mala
1870 3553 1971 3608 nisi
2013 3552 2082 3610 de

500 3639 656 3695 bonis
684 3648 798 3696 orta
827 3656 932 3696 non
962 3657 1118 3697 esse:
1144 3657 1320 3698 nonne
1347 3651 1403 3696 tu
1431 3658 1530 3713 pro
1564 3643 1692 3712 ipsis
1721 3653 1776 3700 et
1802 3661 1923 3701 cum
1953 3646 2082 3718 ipsis

501 3739 685 3786 contra
710 3731 985 3787 veritatem
1018 3733 1298 3800 reclamas,
1332 3751 1351 3784 ι
1380 3733 1483 3789 Per
1508 3749 1642 3804 opus
1682 3736 1772 3791 Dei
1803 3753 1935 3806 opus
1961 3738 2081 3793 dia-

503 3820 610 3876 boli
653 3822 881 3877 transire
919 3838 1024 3876 non
1068 3822 1276 3877 sinitur.
1314 3823 1431 3878 Non
1455 3833 1648 3894 vputest
1682 3826 1806 3881 mali
1847 3827 1997 3883 radix
2027 3829 2082 3883 in

501 3912 646 3968 dono
675 3913 768 3968 Dei
808 3915 994 3969 locari.
1036 3915 1235 3970 Rerum
1263 3916 1398 3970 ratio
1423 3930 1528 3970 non
1563 3916 1708 3983 sinit,
1747 3926 1805 3972 ut
1837 3918 1905 3974 de
1943 3920 2082 3975 bono

502 4004 725 4070 malum,
760 4012 815 4058 et
855 4004 922 4059 de
950 4004 1095 4075 justo
1122 4004 1359 4075 iniquum
1387 3991 1583 4075 aliquid
1613 4006 1934 4076 proferatur.
1966 4008 2082 4064 Non

503 4103 794 4148 nascuntur
817 4105 1031 4164 peccata
1058 4094 1126 4150 de
1153 4109 1215 4149 ea
1238 4110 1314 4158 re,
1337 4111 1455 4165 qua:
1487 4095 1650 4149 libera
1679 4106 1762 4151 est
1785 4112 1815 4151 a
1845 4108 2081 4167 peccato.

503 4185 582 4241 De
620 4185 722 4240 hoc
761 4200 925 4256 Opere
967 4185 1107 4255 quod
1153 4185 1259 4240 non
1297 4185 1455 4242 habet
1489 4190 1720 4257 culpam,
1751 4190 1894 4244 nasci
1929 4191 2083 4261 culpa

505 4293 610 4334 non
633 4285 834 4348 potest:
862 4276 1081 4349 (Supra,
1106 4276 1193 4331 lib.
1212 4279 1262 4342 1,
1282 4293 1432 4348 capp.
1454 4279 1508 4346 8,
1532 4279 1584 4343 9,
1609 4290 1653 4333 et
1671 4280 1758 4334 lib.
1783 4281 1836 4347 5,
1861 4297 1975 4352 cap.
1994 4283 2082 4352 16,

504 4388 597 4427 nn.
629 4371 719 4435 59,
746 4369 876 4438 64)?
937 4369 1142 4436 Quibus
1177 4369 1425 4423 omnibus
1449 4370 1667 4426 vocibus
1715 4373 1818 4426 tuis
1863 4373 2084 4430 confici-

505 4469 614 4530 tur,
643 4475 749 4516 non
779 4473 898 4515 esse
919 4459 1055 4514 mala
1077 4467 1262 4514 exorta
1291 4459 1358 4514 de
1385 4459 1567 4525 bonis;
1603 4469 1660 4516 ut
1679 4471 1862 4529 restet,
1891 4477 2083 4520 secun-

503 4553 629 4610 dum
657 4552 976 4608 .‘llanichmos
993 4593 1009 4618 ,
1040 4567 1145 4606 non
1173 4565 1295 4606 esse
1320 4552 1457 4606 mala
1485 4561 1666 4607 exorta
1693 4553 1792 4608 nisi
1817 4554 1884 4610 de
1908 4557 2084 4612 malis.

503 4644 783 4712 Quomodo
824 4658 953 4714 ergo
999 4657 1320 4713 quemquam
1369 4642 1778 4699 Manichaeorum
1832 4647 2082 4716 nomine,

505 4745 759 4807 tanquam
784 4750 970 4790 eorum
997 4725 1335 4791 adversarius
1360 4736 1690 4804 criminaris;
1737 4753 1857 4792 cum
1902 4741 1981 4795 sic
2018 4741 2087 4798 ab

505 4840 689 4883 eorum
726 4833 876 4895 parte
908 4825 1200 4890 consistas,
1229 4834 1285 4878 ut
1311 4825 1448 4880 vinci
1481 4828 1700 4883 omnino
1727 4844 1833 4883 non
1860 4831 2084 4900 possint,

505 4916 608 4972 nisi
638 4930 761 4992 cum
789 4914 896 4969 illis
923 4923 978 4970 et
1010 4915 1122 4984 ipse
1150 4915 1412 4970 vincaris?
1450 4916 1602 4984 Quod
1639 4919 1693 4974 in
1733 4921 1904 4990 primo
1932 4920 2088 4992 hujus

505 4991 684 5078 operis
746 5007 884 5062 libro
926 5007 1198 5077 aliquanto
1243 5009 1512 5080 capiosius
1558 5009 1726 5082 (Cap.
1772 5013 1883 5084 8),
1939 4991 2088 5070 etin

463 5135 465 5137 -
505 5100 692 5171 quinto
720 5099 932 5155 brevius
961 5097 1120 5172 (Cap.
1152 5097 1276 5172 16),
1305 5110 1362 5156 et
1393 5101 1480 5158 hic
1517 5102 1773 5160 hactenus
1797 5120 1896 5160 nos
1917 5107 2090 5177 egisse

506 5191 794 5249 suﬂ'eccrit.

577 5284 668 5341 6'7.
715 5284 834 5356 lpsa
873 5298 1002 5340 vero
1043 5298 1163 5355 qua:
1203 5285 1504 5340 communis
1549 5293 1634 5340 est
1678 5285 1831 5341 vobis
1868 5285 2090 5345 haeresis

506 5385 681 5434 vestra
703 5383 956 5448 quantum
978 5375 1299 5442 Manichaaos
1322 5375 1557 5446 adjuvet,
1571 5377 1680 5446 jam
1710 5377 1924 5448 quidem
1946 5394 2092 5451 smpe

505 5467 822 5533 monstravi,
855 5467 949 5522 sed
977 5483 1045 5522 ne
1070 5466 1158 5522 hic
1176 5466 1390 5536 quidem
1419 5476 1505 5522 est
1526 5469 1900 5527 omittendum.
1947 5472 2093 5528 Enu-

509 5567 720 5617 merant
757 5557 1034 5615 Manicbazi
1072 5556 1212 5614 mala
1248 5573 1368 5628 quae
1396 5557 1452 5614 in
1481 5560 1714 5630 parvulis
1751 5571 2090 5632 monstrant,

575 5703 594 5766 ξ
618 5707 718 5751 Am.
737 5705 812 5750 Er.
839 5707 891 5766 et
912 5699 1137 5766 plerique
1157 5709 1286 5763 Mss,
1303 5699 1470 5752 malos.

577 5763 598 5794 '
620 5767 750 5823 ιον..
773 5759 973 5825 primus.
1000 5759 1082 5813 Atii
1124 5769 1197 5813 Er.
1219 5759 1423 5825 πω,
1447 5762 1602 5829 prius.

1310 348 1581 408 CONTRA
1620 346 1952 404 JULIANUM
1987 343 2426 402 PELAGHNHM
2484 348 2543 403 S.
2583 349 2950 408 AllGUSTlNl

3661 357 3767 416 8M

2187 471 2304 525 quae
2329 456 2515 513 Cicero
2544 476 2754 531 quoque
2783 473 3166 520 commemorat
3205 465 3257 520 in
3302 467 3452 523 libris
3488 467 3555 524 de
3582 470 3773 542 Repu-

2185 548 2342 615 blica,
2361 549 2499 605 unde
2525 551 2636 621 ipsa
2653 553 2770 622 ejus
2783 553 2939 608 verba
2960 554 3070 624 jam
3092 558 3334 613 transtuli
3359 559 3578 630 (Supra,
3599 562 3685 616 lib.
3703 566 3767 634 4,

2183 653 2300 706 cap.
2327 637 2441 709 12).
2469 637 2524 692 1η
2547 656 2770 710 quorum
2792 644 3052 699 malorum
3081 651 3586 706 commemoratione
3612 652 3766 722 dicit,

2190 733 2327 780 tnon
2369 739 2425 782 ut
2462 744 2494 783 a
2535 739 2703 786 matre
2741 741 2948 799 natura,
2971 734 3066 789 sed
3096 734 3152 790 ui
3179 751 3208 789 a
3235 753 3464 795 noverca
3495 739 3768 802 hominem

2186 816 2236 870 in
2261 817 2356 872 has
2375 835 2641 876 mrumuas
2661 837 2781 877 esse
2803 823 3115 894 projectum.
3141 845 3160 880 ι
3195 827 3309 884 lluc
3327 821 3588 886 accedunt
3605 835 3770 891 etiam

2185 907 2294 972 illa,
2336 925 2456 978 qua:
2505 926 2611 965 non
2659 913 2872 982 quidem
2921 930 3108 971 omnes
3149 921 3421 988 parvulos,
3450 924 3542 977 sed
3587 933 3769 981 tamen

2183 998 2442 1068 plurimos
2488 1001 2758 1056 cernimus
2808 1005 3014 1074 perpeti
3067 1008 3231 1062 multa
3283 1018 3336 1065 et
3377 1012 3522 1066 varia
3549 1012 3566 1044 ι
3595 1014 3763 1080 mala,

2185 1100 2352 1156 usque
2377 1088 2443 1141 ad
2467 1087 2766 1144 daemonum
2793 1092 3056 1149 incursus.
3104 1097 3280 1167 Atque
3317 1101 3646 1158 concludunt
3685 1104 3769 1159 di-

2183 1184 2388 1241 centes,
2416 1174 2549 1231 Cum
2570 1178 2640 1233 sit
2659 1179 2834 1249 justus
2862 1190 2930 1258 et.
2945 1186 3286 1255 omnipotens
3311 1188 3471 1257 Deus,
3501 1190 3641 1246 unde
3665 1194 3768 1249 ista

2185 1269 2326 1324 mala
2366 1273 2562 1340 patitur
2602 1272 2776 1343 imago
2807 1274 2924 1344 ejus
2967 1277 3019 1330 in
3064 1279 3328 1348 parvulis,
3357 1282 3456 1335 nisi
3492 1285 3615 1352 quia
3640 1300 3770 1340 vera

2185 1369 2286 1426 est,
2317 1361 2578 1431 inquiunt,
2609 1378 2767 1448 quam
2807 1379 2906 1420 nos
2952 1369 3240 1423 asserimus
3287 1370 3510 1426 duarum
3555 1383 3772 1429 natura-

2185 1466 2328 1517 rum,
2357 1451 2481 1506 buni
2507 1454 2708 1508 scilicet
2733 1456 2963 1525 malique
2986 1459 3331 1514 commixtio?
3370 1462 3480 1516 llos
3502 1463 3769 1521 catholica

2185 1541 2454 1612 redarguit
2483 1543 2677 1598 veritas
2700 1583 2716 1609 ,
2748 1547 3010 1619 conﬁtens
3049 1549 3305 1618 originale
3334 1562 3644 1621 .peccatum,
3675 1571 3772 1624 per

2185 1630 2326 1700 quod
2357 1631 2551 1686 factum
2593 1644 2674 1687 est
2707 1633 3007 1690 dtemonum
3049 1637 3333 1694 ludibrium
3374 1657 3542 1711 genus
3578 1643 3773 1700 huma-

2187 1735 2346 1786 num,
2373 1729 2428 1774 et
2455 1722 2730 1777 laboriosa:
2759 1724 2988 1780 miseria:
3021 1726 3281 1783 destinata
3308 1745 3542 1801 propago
3569 1745 3773 1790 morta-

2186 1810 2336 1864 lium.
2359 1810 2473 1864 Non
2495 1823 2670 1866 autem
2695 1815 2765 1867 ita
2788 1823 2952 1878 esset,
2981 1817 3025 1870 si
3046 1816 3276 1872 humana
3298 1830 3488 1876 natura
3516 1838 3611 1893 per
3637 1825 3773 1881 libe-

2185 1915 2303 1954 rum
2333 1901 2610 1956 arbitrium
2639 1903 2689 1956 in
2717 1919 2822 1972 quo
2851 1914 2989 1959 statu
3021 1909 3246 1976 primum
3282 1911 3496 1966 condita
3532 1923 3616 1968 est
3651 1930 3774 1984 per-

2185 1988 2428 2044 suitisset.
2480 1991 2583 2046 Vos
2629 2003 2806 2047 autem
2858 2006 3113 2065 negantes
3153 1999 3409 2070 originale
3458 2012 3768 2072 peccatum,

2188 2079 2426 2147 profeCto
2450 2089 2541 2134 aut
2565 2083 2826 2151 cogentini
2851 2084 3028 2140 dicere
3060 2087 3224 2142 Deum
3245 2090 3324 2144 vel
3349 2091 3659 2157 invalidum,
3684 2095 3773 2150 vel

2187 2169 2461 2239 injustum,
2495 2172 2596 2226 sub
2621 2173 2773 2242 cujus
2802 2184 3066 2244 potestate
3094 2179 3268 2250 imago
3295 2179 3412 2251 ejus
3441 2184 3494 2237 in
3533 2187 3774 2254 parvulis

2186 2261 2304 2316 sine
2335 2264 2443 2317 ullo
2469 2264 2554 2318 vel
2581 2267 2777 2336 proprii
2801 2268 2884 2322 vel
2912 2270 3184 2339 originalis
3209 2272 3409 2342 peccati
3439 2278 3629 2332 merito
3655 2288 3773 2336 tan-

2187 2350 2255 2404 tis
2283 2352 2532 2424 afﬂigitur
2558 2355 2744 2422 malis;
2790 2372 2896 2412 non
2926 2361 3066 2414 cnint
3097 2376 3190 2430 per
3216 2362 3331 2420 lucc
3357 2378 3637 2423 exercetur
3658 2370 3772 2426 vir-

2187 2434 2295 2508 tus,
2319 2445 2459 2512 quod
2484 2455 2629 2502 recte
2649 2447 2715 2502 de
2735 2447 2889 2503 bonis
2910 2450 3212 2508 hominibus
3237 2456 3524 2526 majoribus
3551 2459 3769 2531 dicitur,

2186 2532 2240 2586 in
2267 2533 2458 2604 quibus
2485 2536 2704 2592 rationis
2735 2546 2819 2593 est
2855 2554 2982 2595 usus
3011 2559 3025 2594 :
3055 2553 3176 2610 aut,
3205 2545 3324 2616 quia
3357 2547 3520 2603 Deum
3551 2551 3634 2605 vel
3662 2552 3770 2607 im-

2185 2633 2455 2696 potentem
2487 2628 2572 2682 vel
2599 2628 2837 2698 iniquum
2864 2631 3042 2688 dicere
3079 2650 3186 2690 non
3222 2640 3461 2708 potestis,
3493 2641 3774 2702 Manichtci

2185 2726 2368 2771 contra
2389 2733 2484 2773 vos
2504 2734 2740 2775 errorem
2763 2737 2916 2776 suum
2942 2724 3201 2782 nefarium
3223 2729 3290 2785 de
3309 2731 3532 2788 duarum
3555 2735 3693 2792 inter
3710 2751 3774 2796 se

2185 2805 2520 2863 inimicarum
2571 2813 2987 2869 substantiarum
3042 2821 3396 2895 permixtione
3452 2823 3768 2884 ﬁrmabant.
3821 2836 3825 2838 '

2184 2897 2299 2954 Non
2330 2900 2490 2970 igitur
2524 2917 2641 2958 «me
2660 2905 2728 2959 ab
2754 2905 3038 2965 infectione
3057 2911 3489 2984 Manichaeorum,
3515 2920 3658 2975 nulla
3674 2923 3716 2989 ³,
3742 2939 3768 2975 s

2185 2992 2322 3082 sicut
2345 2992 2498 3060 dicis,
2532 3012 2552 3046 ι
2577 2996 2793 3052 mundat
2835 2998 2998 3055 herba
3045 3001 3280 3060 fullonis.
3305 3025 3326 3058 ι
3379 3008 3580 3078 Quibus
3621 3024 3771 3082 petu-

2182 3081 2416 3138 lantibus
2441 3084 2618 3140 verbis
2650 3085 2781 3142 facis
2819 3088 3033 3146 lavacro
3056 3098 3474 3164 regenerationis
3499 3081 3766 3172 injuriam,

2185 3173 2326 3242 quod
2352 3175 2404 3229 in
2432 3176 2551 3230 sinu
2578 3175 2867 3235 Catholica:
2904 3184 3090 3240 matris
3114 3189 3316 3256 accepi.
3358 3192 3462 3247 Sed
3490 3194 3638 3250 vobis
3663 3205 3771 3254 laus

2185 3266 2507 3322 malitiosum
2537 3283 2799 3326 venenum
2827 3276 3028 3346 antiqui
3053 3277 3302 3345 draconis
3346 3283 3580 3353 irrepsit,
3613 3297 3671 3343 ut
3710 3295 3768 3345 ω

2184 3354 2484 3414 Catltolicos
2521 3359 2743 3417 horrore
2787 3363 3061 3422 Maniclttei
3105 3371 3338 3427 nominis
3380 3374 3666 3444 infametis,
3714 3387 3771 3435 et

2185 3445 2504 3534 blanichasos
2533 3453 2874 3518 perversitate
2897 3458 3060 3512 vestri
3087 3459 3350 3531 dogmatis
3373 3464 3663 3534 adjuvelais.

2243 3527 2479 3595 CAPUT
2495 3539 2637 3595 xxu
2659 3540 2832 3615 (a).—
2853 3546 2944 3601 68.
2973 3546 3104 3603 Illud
3123 3527 3252 3606 vero
3267 3553 3334 3608 de
3352 3527 3456 3609 ειιίεῖ
3474 3557 3611 3613 libro
3625 3575 3767 3626 meo,

2184 3629 2326 3699 quod
2365 3630 2432 3686 ad
2472 3631 2833 3690 Marcellinum
2871 3639 3260 3710 scribensdixi,
3281 3663 3309 3695 ~t
3331 3644 3494 3703 Filios
3528 3651 3770 3708 mulieris

2185 3734 2304 3788 qua:
2332 3722 2563 3789 serpenti
2593 3725 2818 3780 credidit
2846 3735 2906 3781 ut
2940 3727 3156 3787 libidine
3183 3747 3634 3807 corrumperetur,
3663 3757 3771 3798 non

2186 3809 2402 3865 liberari
2430 3811 2530 3866 nisi
2560 3828 2656 3884 per
2676 3815 2867 3871 Filium
2901 3818 3150 3890 Virginis,
3184 3839 3302 3893 quae
3329 3829 3521 3898 angelo
3545 3831 3772 3888 credidit

2186 3908 2247 3954 ut
2266 3901 2378 3956 sine
2401 3902 2618 3959 libidine
2643 3905 2898 3963 fetaretttr
2920 3928 2938 3961 ι
2970 3910 3105 3978 (Lib.
3134 3914 3159 3968 1
3183 3914 3247 3968 de
3264 3928 3582 3986 peccatorum
3604 3922 3768 3978 Meri-

2186 3991 2249 4046 tis
2269 4001 2316 4046 et
2344 3991 2674 4064 Remissione,
2713 4014 2828 4068 cap.
2857 3999 2988 4071 28):
3019 4003 3088 4056 ita
3127 4008 3348 4074 posuisti
3373 4019 3530 4079 atque
3565 4013 3638 4066 ita
3672 4029 3770 4070 vo-

2187 4081 2329 4137 luisti
2354 4085 2554 4155 accipi,
2583 4095 2833 4158 tanquam
2864 4091 3127 4160 dixerim,
3164 4114 3184 4148 ι
3207 4099 3352 4168 quod
3395 4101 3520 4158 Eva:
3543 4119 3768 4176 serpens

2187 4176 2508 4231 commixtus
2546 4177 2704 4234 fuerit
2729 4183 3011 4239 concubitu
3057 4191 3354 4258 corporali;
3386 4211 3405 4244 ι
3439 4195 3574 4249 sicut
3602 4195 3773 4253 Mani-

2187 4265 2323 4322 (ιιιωί
2347 4268 2639 4338 principem
2669 4273 3004 4341 tenebrarum
3033 4267 3271 4347 ejusdem
3296 4284 3537 4340 mulieris
3564 4295 3770 4356 patrem

2189 4372 2310 4412 cum
2350 4359 2436 4412 illa
2472 4362 2823 4419 concubuisse
2851 4365 3098 4423 delirant.
3129 4370 3244 4426 lloc
3284 4389 3383 4444 ego
3407 4375 3475 4430 de
3519 4388 3773 4449 serpente

2191 4466 2295 4506 non
2322 4452 2452 4507 dixi.
2492 4453 2599 4510 Sed
2633 4459 2887 4528 numquid
2923 4469 2976 4514 tu
3015 4473 3197 4518 contra
3227 4467 3544 4536 Aposmlum
3573 4487 3769 4542 negas,

2189 4555 2422 4600 mentem
2471 4548 2710 4603 mulieris
2753 4565 2784 4604 a
2836 4564 3084 4623 serpente
3133 4561 3479 4628 corruptam?
3519 4565 3600 4618 An
3648 4580 3771 4620 eum

2191 4652 2297 4692 non
2345 4638 2518 4706 audis,
2567 4640 2656 4695 ubi
2690 4641 2834 4708 dicit,
2879 4643 3050 4701 Timeo
3092 4665 3157 4702 ne
3199 4651 3327 4705 sicut
3368 4669 3572 4724 serpens
3609 4656 3775 4713 Euam

2191 4728 2368 4798 fefellit
2406 4731 2458 4784 in
2497 4734 2717 4787 uersutia
2757 4741 2885 4803 sua,
2930 4738 3002 4792 ita
3039 4755 3426 4814 corrumpantur
3463 4758 3650 4802 mentes
3685 4766 3773 4803 ve-

2190 4829 2310 4874 stra:
2348 4837 2381 4874 a
2423 4822 2742 4892 simplicitate
2788 4837 2837 4881 et
2877 4831 3104 4886 castitate
3125 4872 3141 4897 ,
3192 4850 3305 4903 qtae
3343 4845 3416 4889 est
3475 4838 3530 4891 in
3572 4838 3774 4896 Christo

2197 4909 2270 4983 (ll
2299 4911 2416 4966 Cor.
2445 4928 2529 4980 xu,
2561 4912 2655 4987 3)?
2680 4917 2754 4970 Ex
2787 4917 2885 4972 ista
2915 4920 3098 4990 utique
3119 4925 3458 4993 corruptione
3482 4933 3771 4998 serpentis,

2191 5002 2362 5072 qualis
2383 5004 2437 5056 lit
2457 5005 2616 5086 etiam
2652 5008 2866 5077 quando
2885 5022 3233 5084 corrumpunt
3269 5031 3445 5072 mores
3465 5018 3635 5075 bonos
3654 5022 3774 5076 col-

2195 5092 2369 5162 loquia
2392 5094 2528 5148 mala
2550 5095 2590 5168 (Ι
2614 5095 2732 5152 Cor.
2759 5114 2855 5166 xv,
2880 5101 2992 5171 35),
3021 5103 3260 5171 pervenit
3281 5103 3301 5136 ³
3326 5105 3491 5162 libido
3515 5110 3774 5179 peccandi

2194 5182 2247 5237 in
2276 5195 2507 5239 mentem
2536 5187 2775 5243 mulieris
2799 5206 2813 5254 ;
2833 5199 2892 5244 ut
2914 5201 2968 5246 et
2987 5191 3102 5247 viro
3122 5195 3562 5262 praevaricatione
3586 5215 3767 5256 corru-

2197 5286 2320 5345 pto,
2369 5275 2564 5332 deinde
2614 5281 2700 5335 illa
2727 5281 2769 5348 ‘,
2797 5281 2865 5337 de
2910 5299 3011 5353 qua
3069 5285 3398 5345 erubuerunt
3433 5299 3492 5347 et
3531 5294 3774 5364 pudenda

2264 5369 2281 5438 ἶ
2485 5369 2720 5438 “manis.
2743 5379 2870 5438 M5529
2888 5377 2934 5422 εί
2959 5375 3143 5438 grauia.

2259 5427 2282 5500 ξ
2306 5429 2439 5500 editi.
2467 5428 2584 5500 ulla.
2613 5434 2783 5500 verius
2802 5427 2987 5500 aliquoi
3008 5445 3133 5500 Mss.,
3157 5440 3305 5490 nulla.

2261 5488 2627 5557 flammisque
2649 5488 3024 5557 Μεεηρνοὺεπίι.
3119 5488 3132 5500 ’
3728 5545 3735 5549 .

2261 5548 2444 5626 ﬁdit},
2484 5548 2778 5626 mentem
2795 5548 3040 5626 '_mulieris
3073 5567 3119 5610 et
3151 5560 3275 5623 viri;
3298 5569 3349 5614 ut
3371 5548 3780 5626 prevaricatiortis

2199 5611 2998 5692 φρὶξ(ξμίεξςιξίεψξζςειςμριξιιιεξεΔ
3009 5629 3173 5692 tamen
3215 5611 3544 5692 i’atiétnifetw
3557 5611 3779 5680 ἐξέίἱίὗῆ

2880 5686 2932 5752 πμ
2951 5687 2999 5731 et
3011 5682 3115 5735 viro
3127 5677 3520 5749 praevaricatione
3537 5677 3780 5752 corrupto:

2205 5731 2382 5795 deinde
2397 5733 2482 5784 illa
2501 5747 2518 5783 :
2540 5737 2761 5795 subaudi,
2785 5731 2951 5791 libido.

2266 5793 2338 5858 (τι)
2372 5796 2498 5859 Apud
2519 5805 2616 5846 Am.
2644 5793 2804 5862 clEr.,
2840 5801 2914 5851 1ο.
