2071 3250
201 215 343 245 texerunt.
355 213 513 246 sequeretur
526 209 554 237 in
566 215 658 242 carne,
672 216 726 236 non
741 207 839 235 diaboli
851 206 994 234 accedente

201 257 344 287 concubitu
354 256 496 291 c0rporali,
507 255 554 284 sed
565 255 692 291 spirituali
701 255 746 283 Dei
753 255 836 290 gratia
843 253 994 281 recedente.

226 304 272 333 69.
282 302 387 338 (a)Non
396 301 476 336 igitur
488 310 498 328 ι
508 305 562 328 tota
571 301 750 336 disputatione
764 305 808 327 tua
817 299 975 331 contrivisti,
983 307 993 324 ι

201 351 270 380 sicut
284 355 310 378 te
319 350 417 385 jactus,
433 358 442 376 ι
453 348 628 376 assertionem
641 355 739 380 meam,
751 347 786 374 de
798 346 869 374 malo
880 345 996 373 carnalis

202 396 424 432 mncupiscentiae
434 394 624 430 originalisque
637 393 737 428 peccati
746 401 769 426 ;I
782 395 906 419 manente
916 390 996 418 laude

194 441 353 476 nuptiarum
365 461 374 474 ,
394 449 454 475 qua:
467 440 535 466 bene
555 443 664 465 utuntur
676 438 761 469 malo,
777 445 828 463 non
840 435 909 470 quod
925 435 995 462 fece—

197 490 279 518 sunt,
301 486 348 514 sed
366 485 438 520 quod
455 485 622 511 invenerunt.
640 484 737 510 Verum
756 490 804 509 nec
824 483 896 516 ipsos
909 481 993 508 Mani-

191 539 206 558 c
217 531 293 558 binos
306 531 454 559 contrivisti
464 551 471 563 ,
484 537 551 564 quos
563 530 650 564 potius
661 528 794 563 adjuvisti,
808 532 835 554 tu
848 528 855 542 ¹
869 527 993 559 maxime,

201 582 230 605 et
241 578 268 605 in
283 585 423 606 commune
436 584 531 603 omnes
545 576 692 610 Pelagiana:
707 574 832 602 novitatis
842 574 995 608 errorisque

203 623 364 657 participes,
389 622 457 649 sicut
482 621 536 656 jam
557 620 748 648 demonstravi.
776 621 813 647 De
837 620 994 646 testimoniis

205 670 285 696 etiam
301 673 468 696 tractatorum
482 667 674 694 catholicorum
692 666 778 693 sancti
797 665 888 692 Basilii
904 665 995 691 Ctt-sa-

204 714 305 741 mensis
317 718 343 741 et
356 713 441 740 sancti
455 713 564 740 Joannis
576 710 870 745 Constantinopoliumi,
883 718 994 744 quorum

205 759 294 787 dixisti
309 767 417 786 sensum
430 758 527 785 vestris
538 759 547 773 ’
556 758 698 784 convenire
707 756 855 789 sententiis,
870 756 895 782 in
910 756 995 789 primo

203 804 280 838 hujus
294 804 346 830 mei
366 804 455 838 operis
468 802 546 835 libro,
560 802 605 829 tibi
620 801 842 828 suiticientissima
859 805 886 827 et
900 800 994 827 certis-

202 849 269 876 sima
281 849 394 876 veritate
404 848 528 883 respondi
541 848 632 882 (Capp.
648 848 664 874 5
676 853 698 874 et
711 848 737 882 6)
752 855 759 879 ;
773 847 916 874 ostendens
931 854 995 881 que-

202 893 373 921 madmodum
394 901 446 920 non
467 893 638 927 intelligendo
652 894 771 927 quaedam
788 892 866 919 verba
882 899 974 919 eorum
985 913 992 924 ,

202 940 329 967 adversus
344 939 438 974 dogma
451 947 554 971 eorum,
571 939 641 973 quod
660 943 700 965 est
711 938 807 972 dogma
822 937 993 970 catholicum,

202 985 316 1012 mirabili
333 984 453 1012 cmeitate
468 984 600 1019 pugnetis.
622 983 648 1010 ln
669 983 785 1010 secundo
804 990 908 1017 quoque
928 982 995 1009 libro

202 1031 266 1058 satis
279 1031 392 1065 egimus,
414 1035 442 1057 ut
455 1033 581 1064 appareat
595 1037 674 1064 quam
687 1037 739 1055 non
759 1029 803 1061 sit,
820 1028 994 1063 quemadmo-

202 1076 265 1104 dum
283 1075 458 1108 conrieiaris,
473 1084 481 1100 ι
496 1075 657 1109 conspiratio
673 1074 836 1108 perditorum
852 1083 861 1098 ι
879 1073 977 1108 (Supra
987 1092 994 1104 ,

204 1121 247 1148 lib.
265 1122 290 1156 l,
304 1129 362 1155 cap.
378 1121 423 1156 7);
441 1120 488 1148 sed
503 1126 654 1147 sanctorum
674 1126 702 1146 et
719 1119 882 1146 eruditorum
902 1118 995 1145 Eccle-

203 1167 250 1193 sia:
267 1166 406 1194 catholica:
417 1172 521 1200 patrum
541 1166 602 1202 pius
617 1165 755 1199 ﬁdelisquc
776 1172 921 1192 consensus
931 1184 940 1199 ι
952 1164 995 1199 qui

203 1211 335 1239 hmreticze
357 1215 453 1238 vestra:
473 1211 581 1238 novitati
602 1210 730 1237 resistunt
751 1217 798 1244 pro
813 1209 996 1244 antiquissima

204 1257 333 1285 catholica
345 1258 464 1284 veritate.
477 1257 550 1284 Unde
563 1257 641 1283 etiam
656 1265 665 1282 ι
678 1256 764 1290 populi
779 1264 906 1288 tnurmur,
921 1255 992 1290 quod

206 1303 293 1330 solum
303 1302 379 1331 vobis
389 1310 403 1330 a
418 1303 493 1330 nobis
507 1312 516 1329 ι
532 1302 598 1329 dicis
615 1311 624 1327 ι
636 1302 744 1336 opponi,
757 1312 766 1327 ι
781 1310 830 1329 nec
840 1302 926 1328 solum
940 1306 991 1333 est,

207 1349 269 1384 quia
282 1353 413 1376 tantorum
427 1348 516 1376 nititur
525 1349 680 1375 auctoritate
694 1348 848 1379 doctorum;
860 1352 887 1374 et
897 1348 996 1382 justum

206 1399 258 1426 est,
273 1394 332 1429 quia
343 1402 394 1421 non
410 1394 464 1421 vult
475 1394 633 1421 utevcrtatis
646 1393 694 1420 sibi
709 1401 814 1428 quoque
830 1394 996 1420 notissimam

208 1439 323 1467 salutem
338 1447 395 1474 quze
410 1440 436 1466 in
449 1440 554 1467 Christo
568 1445 607 1467 est
622 1440 801 1474 parvulorum.

241 1484 353 1512 CAPUT
366 1484 457 1511 XXIII.
467 1486 550 1512 —70.
562 1485 636 1518 Quod
648 1491 736 1512 autem
746 1485 827 1512 verba
836 1485 993 1519 apostolica,

205 1529 250 1557 ubi
264 1530 338 1563 dicit,
352 1529 412 1557 Scio
427 1531 549 1561 quianon
565 1530 658 1556 habitat
670 1531 698 1556 in
714 1538 761 1561 me,
777 1530 823 1556 hoc
836 1535 871 1556 est
884 1530 910 1556 in
925 1538 998 1557 carne

204 1583 260 1602 mea
270 1595 277 1608 ,
291 1575 382 1601 bonum
393 1583 403 1606 ;
413 1580 440 1602 et
452 1580 548 1602 czctera
562 1583 644 1610 usque
660 1575 692 1601 ad
704 1575 778 1603 illud.
795 1575 838 1602 ubi
853 1575 906 1607 ait,
921 1575 999 1602 Miser

205 1628 249 1655 ego
259 1621 344 1652 Itonia,
354 1619 410 1653 quis
418 1628 458 1646 me
465 1620 577 1646 liberabit
584 1620 614 1646 de
619 1628 723 1654 corpore
731 1620 815 1646 mortis
824 1619 912 1654 hujus?
923 1629 932 1645 ι
939 1628 980 1647 me
986 1630 995 1646 ι

205 1665 322 1693 afﬁrmas
338 1675 346 1691 t
359 1666 436 1693 aliter
447 1665 601 1700 intelligere,
613 1673 691 1700 quam
706 1671 788 1692 torum
800 1666 884 1700 ipsum
897 1667 999 1700 capitu-

206 1711 262 1738 lum
270 1711 280 1726 ‘
289 1711 366 1739 debet
375 1711 484 1746 intelligi
496 1720 502 1738 :
515 1721 524 1737 ι
540 1712 660 1739 nesciens
667 1711 730 1738 milti
743 1711 882 1745 plurimum
894 1712 997 1738 tribuis.

208 1756 268 1784 Non
281 1757 351 1784 enim
360 1764 412 1792 ego
421 1757 494 1784 solus
506 1761 551 1783 aut
566 1757 666 1791 primus
674 1757 711 1783 sic
727 1757 805 1783 istunt
819 1757 905 1784 locum
919 1757 997 1783 intel-

209 1802 280 1833 lexi,
300 1810 352 1836 quo
370 1802 497 1829 evertitur
516 1801 626 1829 haeresis
646 1807 733 1829 vestra
746 1823 753 1834 ,
776 1802 998 1837 quemadmodum

208 1855 272 1874 vere
286 1847 468 1883 intelligendus
489 1853 549 1875 est:
574 1848 626 1874 imo
639 1856 701 1875 vero
720 1856 770 1883 ego
791 1849 864 1883 prius
876 1856 935 1875 eutn
951 1849 999 1875 ali-

207 1897 250 1920 ter
270 1893 450 1920 intellexeram
460 1914 468 1925 ,
483 1893 522 1920 vel
540 1893 627 1928 potius
641 1902 693 1920 non
716 1894 914 1925 intellexeram;
928 1894 998 1929 quod

207 1945 265 1965 mea
272 1938 392 1972 quaedam
402 1938 472 1965 illius
480 1939 607 1973 temporis
618 1939 696 1965 etiatn
706 1939 802 1973 seripta
811 1944 941 1965 testantur
949 1939 997 1973 (b).

205 1983 264 2011 Non
278 1983 343 2010 mihi
359 1983 429 2010 enitn
445 1983 583 2011 videbatur
595 1984 739 2018 Apostolus
752 1989 778 2010 et
793 1984 826 2011 de
840 1991 869 2010 se
889 1983 946 2019 ipso
960 1983 1000 2011 di-

206 2037 268 2058 cere
281 2030 409 2064 potuisse,
425 2029 481 2065 Ego
492 2035 577 2057 autem
588 2030 698 2056 carnalia
709 2038 774 2061 sum,
786 2038 846 2057 cum
863 2034 934 2057 esset
946 2030 1000 2064 spi-

207 2065 310 2102 ritualis
322 2083 329 2102 :
346 2079 374 2102 et
387 2074 458 2110 quod
470 2075 589 2109 captivus
599 2075 740 2102 duceretur
754 2075 804 2102 sub
817 2076 874 2110 lege
889 2076 997 2110 peccati,

209 2129 269 2156 qua:
286 2121 311 2148 in
327 2121 454 2148 membris
465 2125 523 2148 erat
537 2121 594 2156 ejus
607 2121 692 2156 (Rom.
708 2129 754 2154 vn,
770 2122 814 2153 Η,
830 2122 932 2157 18-26).
945 2121 1000 2156 Ego

211 2165 282 2193 enim
305 2166 427 2200 putabam
445 2166 497 2193 dici
519 2166 567 2193 ista
587 2174 639 2193 non
655 2174 731 2200 posse
746 2187 753 2198 ,
773 2167 821 2193 nisi
835 2166 869 2193 de
887 2167 918 2193 iis
933 2174 999 2201 quos

212 2209 250 2237 ita
263 2209 372 2237 haberet
381 2210 467 2237 carnis
478 2211 689 2245 concupiscentia
705 2211 869 2246 subjugalos,
886 2217 914 2238 ut
927 2211 999 2238 iace-

212 2260 275 2283 rent
283 2255 409 2290 quidquid
421 2255 465 2282 illa
477 2256 666 2290 compelleret;
683 2256 751 2291 quod
766 2256 799 2283 de
812 2256 940 2290 Apostolo
955 2256 1000 2283 de-

211 2301 313 2330 mentis
322 2306 364 2329 est
376 2300 485 2329 credere
499 2309 506 2328 :
520 2309 578 2328 cum
590 2303 670 2330 etiam
694 2302 894 2330 innumerabilis
909 2302 1000 2329 multi-

211 2347 276 2375 tttdo
290 2351 443 2374 sanctorum
453 2367 461 2379 ,
477 2355 510 2374 ne
522 2348 751 2382 concupiscentias
769 2348 857 2374 carnis
871 2348 998 2382 perﬁciat,

208 2398 302 2421 contra
317 2399 426 2420 carnem
442 2392 534 2428 spiritu
547 2393 728 2427 concupiscat.
743 2392 795 2419 Sed
810 2396 899 2426 postea
909 2392 1000 2418 melio-

210 2438 284 2465 ribus
294 2443 322 2465 et
332 2437 581 2473 intelligentioribus
593 2438 680 2469 cessi,
694 2438 737 2464 vel
749 2437 836 2471 potius
850 2437 898 2471 ipsi
911 2457 918 2469 ,
930 2436 1000 2471 quod

211 2483 346 2512 fatendum
364 2489 421 2518 est,
443 2483 566 2516 veritati,
586 2489 614 2511 ut
631 2485 748 2512 viderem
769 2484 793 2510 in
813 2483 864 2510 illis
881 2483 1001 2518 Apostoli

243 2532 252 2546 ι
266 2529 334 2560 will,
344 2531 405 2554 tam.
417 2529 567 2560 thstiganlur
579 2535 610 2554 ex
623 2532 677 2554 Mss.

243 2559 254 2576 ι
265 2558 350 2585 vlui-es
359 2562 424 2588 Itss..
435 2558 531 2584 sensum
541 2562 653 2584 mtrwn.

245 2590 256 2606 ³
265 2591 302 2614 sic
312 2593 366 2615 Im.
377 2590 436 2615 ωιυ
446 2596 514 2619 vero,
524 2593 605 2619 caput.

243 2619 281 2652 (tt)
298 2621 363 2651 Apud
374 2625 423 2652 em.
437 2624 463 2646 et
472 2623 520 2650 ΕΓ..
531 2619 585 2652 cap.
598 2621 632 2646 lt.

241 2649 283 2683 (b)
299 2649 333 2683 Ea,
346 2650 433 2682 scrlpta
451 2649 532 2683 sunt:
552 2649 622 2683 liber
648 2651 739 2683 [rimus
759 2650 789 2675 ad
810 2649 1000 2683 simplicianum,

216 2681 302 2713 quiest.
324 2682 354 2711 ις
373 2681 492 2712 ﬁiposltio
510 2681 621 2713 Epistola:
638 2682 667 2713 ad
690 2686 816 2709 “omnes.
835 2681 952 2713 protosit.
972 2681 999 2705 41

214 2711 241 2737 ét
252 2711 299 2741 42;
317 2711 437 2743 Expositio
447 2715 470 2743 Et
480 2711 558 2736 istulaa
569 2712 598 2736 ad
609 2712 714 2740 Galatas,
726 2719 778 2742 cap.
793 2713 816 2736 5.
831 2711 953 2743 Meliorem
966 2712 1002 2735 in-

212 2742 415 2773 terpretationem
425 2742 525 2767 sectatus
536 2747 574 2767 est
583 2747 668 2773 postea
675 2744 698 2767 iu
711 2742 772 2766 libro
782 2743 814 2767 de
825 2744 902 2766 Gratia
909 2742 1002 2771 Christi,

212 2780 238 2798 ιι.
253 2772 302 2804 ιὸί
316 2772 380 2798 libro
399 2773 475 2804 [Iuno
493 2772 656 2798 contrde
672 2773 786 2804 Epistulas
807 2773 1002 2804 Pelagianorum,

212 2810 237 2835 ιι.
248 2803 411 2835 17-25ςϋιξτῠ
420 2804 498 2835 primo
510 2804 724 2833 Retractationum,
741 2810 796 2835 cap.
803 2803 834 2828 23
843 2803 870 2827 et
879 2803 922 2835 24;
935 2803 1004 2835 ἱΝιε.⁷

212 2833 410 2891 latuisseme
420 2833 483 2866 ἂρ.
492 2834 517 2865 t,
529 2837 555 2859 et
566 2840 648 2865 supra,
670 2838 754 2859 contra
763 2833 880 2859 iulianutn
888 2851 895 2864 ,
911 2833 960 2859 ω).
972 2833 1003 2864 9,

886 148 986 177 ιιῑιειι
1007 147 1151 176 SEXTUS.

1049 205 1157 233 vocibus
1181 206 1308 241 gemitum
1333 213 1393 235 esse
1418 212 1571 237 sanctorum
1600 215 1692 237 contra
1718 211 1841 239 carnales

1049 252 1277 286 concupiscentias
1299 252 1492 282 dimicantium.
1515 254 1566 288 Qui
1597 262 1656 282 cum
1678 261 1767 284 mente
1788 255 1841 284 sint

1049 297 1213 331 spirituales,
1235 297 1322 325 adhuc
1342 303 1429 326 tamen
1456 300 1507 327 isto
1531 301 1698 335 corruptibili
1726 309 1839 335 corpore

1049 341 1119 377 quod
1132 347 1257 377 aggravat
1268 343 1382 370 animam
1392 343 1468 379 (Sap.
1486 353 1521 377 tx,
1541 345 1596 380 15),
1610 350 1682 373 recte
1691 346 1840 381 intelligun-

1048 392 1091 415 tur
1105 395 1165 416 esse
1175 389 1312 422 carnales;
1325 390 1386 424 quia
1399 390 1493 417 ‘erunt
1503 395 1528 418 et
1542 398 1654 426 corpore
1668 392 1819 425 spit-ituales
1830 410 1840 424 ,

1048 433 1154 469 quando
1168 434 1327 461 seminatum
1342 442 1439 469 corpus
1460 436 1585 469 animale,
1604 442 1725 472 resurget
1743 445 1841 472 corptts

1048 480 1185 515 spirituale
1198 480 1220 516 (l
1231 480 1290 507 Cor.
1305 488 1351 513 xv,
1366 480 1412 517 44)
1429 490 1436 508 :
1451 486 1477 509 et
1497 487 1568 509 recte
1582 482 1668 510 adhuc
1690 483 1841 518 intelligun-

1048 530 1091 552 tur
1103 533 1132 552 ea
1147 526 1222 561 parte
1235 526 1332 560 captivi
1343 526 1392 553 sub
1409 526 1466 561 lege
1489 527 1588 561 peccati
1598 548 1606 559 ,
1623 535 1682 562 qua:
1694 528 1840 556 desiderio-

1048 579 1118 603 rum,
1131 572 1226 607 quibus
1237 580 1290 599 noti
1303 572 1483 604 consentiunt,
1500 573 1615 600 motibus
1629 574 1756 608 subjaeet.
1772 575 1840 603 Hinc

1047 616 1144 645 factum
1158 622 1197 645 est
1214 619 1291 645 utsic
1302 619 1352 645 ista
1366 618 1550 653 intelligercm,
1563 619 1784 654 quemadmodum
1798 620 1839 648 in-

1048 664 1149 691 tellcxit
1166 664 1291 696 llilarius,
1315 664 1471 699 Gregorius,
1495 665 1669 697 Ambrosius,
1697 669 1724 692 et
1746 666 1838 693 caeteri

1047 709 1173 737 Ecclesia:
1192 710 1276 737 sancti
1288 710 1396 745 notique
1408 710 1533 737 doctores
1544 730 1552 742 ,
1566 711 1610 745 qui
1625 716 1652 738 et
1666 711 1750 745 ipsum
1766 711 1839 745 Apo-

1046 754 1144 781 stolum
1154 753 1284 782 adversus
1296 755 1417 782 carnales
1426 755 1655 790 concupiscentias
1663 762 1729 789 quas
1740 755 1839 784 habere

1046 800 1162 832 nolebat,
1179 804 1207 827 et
1224 804 1311 827 tamen
1328 800 1451 832 habebat,
1468 806 1577 828 strenue
1589 801 1838 833 conﬂixisse,enm-

1046 845 1160 881 demque
1172 846 1323 874 conﬂictum
1339 854 1416 874 suum
1424 847 1476 874 illis
1487 847 1543 875 suis
1556 847 1646 875 verbis
1659 852 1838 876 contestatum

1047 891 1129 920 fuisse
1138 896 1280 920 senserunt
1295 892 1406 928 (Supra.
1420 893 1464 920 lib.
1478 892 1497 920 Ξ
1506 913 1513 924 ,
1524 901 1600 928 capp.
1615 894 1632 922 5
1642 898 1665 920 et
1678 893 1726 929 4).
1740 893 1839 921 Contra

1046 944 1114 975 qups
1126 941 1223 970 motus,
1234 937 1309 973 prius
1321 938 1412 973 utique
1423 937 1597 966 debellandos
1611 946 1645 966 ne
1656 938 1838 972 dominentur,

1047 986 1075 1010 et
1093 986 1185 1018 postea
1206 982 1338 1011 sanandos
1355 987 1384 1010 ut
1404 984 1509 1018 penitus
1529 984 1740 1020 exstinguuntur,
1755 984 1837 1012 etiam

1048 1027 1105 1061 ipse
1118 1027 1233 1061 gloriosa
1243 1027 1388 1055 certamina
1401 1033 1508 1055 sanctos
1517 1035 1644 1056 exercere
1658 1028 1798 1056 confessus
1809 1036 1840 1057 es

1048 1072 1147 1108 (Supra
1157 1093 1165 1106 ,
1180 1072 1224 1100 lib.
1240 1073 1272 1106 3,
1286 1081 1346 1108 cap.
1364 1073 1422 1110 21).
1436 1073 1521 1101 Simul
1535 1073 1624 1109 itaque
1646 1081 1840 1109 cognoscamus

1047 1118 1128 1146 verba
1140 1119 1323 1154 pugnantium.
1334 1119 1357 1146 si
1372 1127 1528 1154 pugnamus.
1543 1119 1599 1150 lloc
1609 1120 1681 1147 enim
1695 1120 1774 1147 modo
1785 1127 1839 1147 non

1048 1163 1161 1191 vivimus
1174 1170 1233 1198 nos,
1247 1163 1293 1192 sed
1307 1163 1371 1191 vivit
1386 1163 1509 1191 Cltristus
1524 1164 1549 1191 in
1564 1165 1651 1197 nobis,
1662 1165 1684 1192 si
1697 1168 1725 1193 et
1739 1164 1772 1192 ad
1787 1172 1839 1200 pu-

1047 1216 1127 1245 gnam
1143 1215 1235 1238 contra
1252 1210 1482 1245 concupiscentias
1502 1210 1679 1239 exercendam
1690 1231 1698 1243 ,
1711 1214 1737 1238 et
1751 1210 1785 1238 ad
1799 1210 1839 1238 vi-

1048 1256 1159 1283 ctoriam
1170 1263 1255 1291 usque
1268 1256 1300 1283 ad
1313 1256 1543 1290 consumptionem
1555 1255 1710 1284 earumdem
1722 1256 1839 1283 hostium

1048 1301 1257 1336 capessendam,
1284 1300 1311 1327 in
1331 1301 1375 1328 illo
1396 1300 1522 1337 ﬁdimus,
1548 1309 1601 1328 non
1622 1300 1649 1328 in
1671 1301 1757 1328 nobis.
1782 1300 1840 1335 Ipse

1049 1346 1146 1381 quippe
1158 1345 1240 1380 factus
1256 1350 1293 1373 est
1306 1345 1377 1372 nobis
1391 1345 1516 1380 sapientia
1525 1353 1542 1371 ιι
1557 1344 1611 1371 Deo
1620 1365 1628 1376 .
1647 1349 1671 1372 et
1687 1344 1802 1379 justitia,
1816 1349 1841 1371 et

1048 1390 1224 1424 sanctiﬁcatio,
1240 1394 1264 1417 et
1277 1389 1430 1426 redemptio;
1441 1394 1478 1423 ut,
1491 1389 1703 1423 quemadmodum
1717 1389 1841 1424 scriptum

1049 1440 1095 1468 at,
1105 1435 1156 1468 Qui
1161 1435 1294 1470 gloriatur,
1308 1436 1334 1462 in
1343 1434 1452 1462 Domino
1464 1435 1585 1470 glorietur
1596 1435 1617 1470 (l
1625 1434 1684 1462 Cor.
1698 1443 1717 1468 I,
1728 1435 1774 1467 30,
1782 1435 1839 1470 5i).

1086 1480 1130 1508 7i.
1158 1480 1216 1507 Non
1229 1485 1270 1508 est
1278 1489 1341 1516 ergo
1356 1490 1367 1508 ι
1381 1481 1542 1508 contrarium
1552 1501 1560 1515 ,
1578 1490 1587 1507 I
1603 1482 1671 1508 sicut
1684 1486 1771 1515 putas,
1789 1490 1799 1507 ι
1812 1485 1842 1509 ut
1860 1512 1862 1514 1

1050 1525 1095 1560 qui
1115 1525 1187 1558 dicit,
1196 1525 1256 1552 Vivo
1269 1534 1319 1553 non
1333 1534 1378 1561 ego
1386 1527 1454 1562 jam,
1468 1527 1526 1553 vivit
1539 1534 1597 1553 vero
1608 1526 1634 1553 in
1646 1535 1685 1553 me
1698 1526 1813 1554 Christus
1826 1536 1837 1553 ι

1049 1569 1148 1608 (Galat.
1163 1579 1201 1603 ll,
1222 1570 1275 1606 20)
1289 1579 1297 1604 ;
1315 1580 1324 1597 I
1343 1572 1502 1599 dicatetiam
1515 1593 1523 1605 ,
1539 1571 1600 1599 Scio
1612 1572 1671 1607 quia
1685 1580 1735 1599 non
1745 1572 1841 1599 habitat

1049 1618 1076 1645 in
1084 1626 1133 1650 me,
1141 1617 1187 1645 hoc
1197 1623 1233 1645 est
1241 1618 1267 1645 in
1279 1626 1355 1645 carne
1362 1616 1429 1650 mea,
1438 1619 1538 1645 bonum.
1545 1626 1555 1644 ι
1569 1617 1597 1645 ln
1606 1623 1733 1653 quantum
1743 1618 1787 1653 qui
1791 1625 1841 1653 ppo

1051 1664 1077 1691 in
1092 1664 1139 1692 illo
1150 1664 1213 1691 vivit.
1226 1664 1365 1697 Christus,
1380 1664 1406 1691 in
1427 1668 1528 1691 tantum
1542 1668 1676 1699 expugnat
1693 1668 1721 1691 et
1732 1667 1842 1698 superat

1041 1709 1121 1744 ‘quod
1142 1717 1194 1736 non
1210 1709 1310 1736 habitat
1323 1709 1422 1737 bonum
1438 1709 1464 1736 in
1482 1709 1540 1744 ejus
1550 1716 1641 1742 carne.
1661 1708 1709 1736 sed
1728 1709 1839 1736 malum.

1050 1753 1142 1789 Neque
1155 1755 1227 1782 enim
1247 1759 1318 1782 recte
1339 1754 1494 1789 cujuSquam
1513 1754 1623 1789 spiritus
1640 1754 1842 1788 concupisceret

1051 1800 1180 1827 adversus
1192 1807 1302 1827 carnem
1317 1807 1404 1833 suam,
1420 1800 1471 1827 nisi
1484 1799 1618 1827 habitaret
1632 1800 1659 1827 in
1673 1800 1717 1827 illo
1731 1799 1841 1834 spiritus

1051 1845 1160 1873 Christi.
1175 1846 1250 1873 Absit
1263 1853 1327 1881 ergo
1340 1850 1368 1873 ut
1380 1846 1509 1879 dicamus,
1524 1846 1595 1881 quod
1608 1853 1657 1873 nos
1666 1845 1756 1873 dicere
1776 1845 1841 1872 insi-

1052 1892 1149 1924 mulas,
1162 1892 1335 1927 tAposlolum
1349 1892 1389 1919 sic
1401 1892 1450 1918 ista
1463 1891 1572 1925 dixisse,
1589 1892 1665 1926 quasi
1679 1891 1723 1926 qui
1743 1898 1772 1918 se
1786 1890 1842 1918 vcl-

1052 1938 1089 1964 let
1101 1937 1209 1973 intelligi
1224 1937 1382 1965 renitentem
1393 1957 1401 1971 ,
1413 1937 1439 1964 in
1454 1942 1542 1965 scorta
1560 1938 1648 1972 aliqua
1670 1945 1749 1964 manu
1765 1936 1841 1972 pesti-

1052 1983 1114 2011 fera:
1128 1983 1271 2018 voluptatis
1283 1983 1379 2010 abduci
1394 1991 1401 2009 :
1416 1992 1426 2009 ι
1442 1990 1503 2010 cum
1516 1983 1595 2016 dicat,
1613 1982 1674 2010 Non
1688 1991 1734 2017 ego
1752 1990 1843 2017 operor

1051 2028 1116 2056 illud
1131 2028 1217 2065 (Rom.
1232 2036 1279 2060 vn,
1301 2028 1345 2061 l8,
1369 2028 1427 2063 20),
1449 2028 1593 2056 ostendens
1614 2027 1843 2063 concupiscentias

1052 2074 1140 2101 carnis
1154 2074 1241 2101 solum
1252 2073 1394 2108 impulsum
1407 2072 1524 2101 libidinis
1537 2073 1652 2107 operari,
1663 2073 1722 2100 sine
1734 2080 1845 2100 consen-

1052 2119 1128 2147 sione
1143 2119 1255 2154 peccati.

1089 2164 1133 2191 72.
1145 2164 1213 2198 Quid
1227 2168 1277 2196 est,
1292 2163 1363 2199 quod
1375 2173 1385 2189 t
1396 2163 1421 2191 in
1431 2163 1583 2191 Judmorum
1597 2163 1749 2198 superbiam
1761 2172 1771 2189 ι
1788 2162 1844 2190 fru-

1054 2215 1108 2237 stra
1120 2210 1226 2237 conaris
1241 2219 1251 2235 ι
1264 2210 1312 2237 ista
1328 2209 1408 2237 verba
1423 2209 1577 2242 transferre,
1591 2213 1715 2243 tanquam
1731 2209 1804 2243 ipsos
1816 2209 1843 2235 in

1053 2262 1083 2283 se
1095 2255 1322 2290 transtiguraverit
1334 2255 1488 2290 Apostolus,
1500 2255 1545 2289 qui
1557 2254 1764 2282 contemnebant
1773 2253 1843 2281 dona

1053 2300 1151 2329 Christi
1161 2322 1170 2335 ,
1182 2301 1255 2329 velut
1267 2301 1318 2328 sibi
1333 2308 1386 2328 non
1406 2300 1575 2328 necessaria?
1592 2310 1602 2326 ›
1623 2300 1668 2327 Sic
1680 2300 1751 2327 enim
1763 2300 1844 2335 suspi-

1053 2346 1123 2374 caris
1137 2355 1144 2373 :
1158 2351 1238 2381 atque
1255 2347 1354 2374 utinam
1369 2346 1426 2381 ipsa
1439 2346 1508 2373 dona
1527 2344 1624 2373 Cltristi
1638 2345 1732 2373 saltent
1750 2346 1785 2373 ita
1799 2352 1844 2373 sa—

1054 2399 1148 2428 pores,
1164 2397 1192 2419 ut
1211 2391 1245 2419 ad
1260 2391 1416 2420 vincendum
1436 2392 1677 2426 concupiscentiam
1690 2391 1779 2419 valere
1797 2391 1846 2418 ali-

1054 2437 1116 2473 quid
1127 2437 1260 2465 crederes.
1284 2436 1337 2464 Sed
1361 2436 1421 2464 idco
1442 2436 1509 2464 dicis
1529 2444 1545 2463 a
1558 2436 1658 2463 ludatis
1675 2435 1756 2464 fuisse
1778 2443 1845 2464 con-

1055 2487 1165 2518 tempta,
1183 2493 1192 2509 ι
1206 2481 1276 2517 quod
1297 2482 1400 2510 veniam
1413 2482 1489 2509 daret
1510 2482 1555 2510 ille
1570 2482 1687 2517 peccatis
1698 2502 1706 2515 .
1721 2490 1782 2517 qua:
1794 2482 1845 2518 ipsi

1056 2528 1122 2563 legis
1142 2527 1324 2556 admonitione
1350 2529 1511 2555 vitassent.)
1538 2527 1621 2561 Quasi
1652 2527 1704 2555 hoc
1726 2527 1847 2556 conferat

1056 2573 1157 2601 homini
1169 2574 1291 2601 remissio
1303 2578 1481 2608 peccatorum.
1495 2578 1524 2601 ut
1536 2581 1600 2601 caro
1612 2581 1665 2601 non
1676 2573 1848 2609 concupiscat

1055 2620 1184 2648 adversus
1198 2620 1319 2655 spiritum
1331 2619 1429 2655 (Galat.
1444 2629 1469 2653 v,
1483 2620 1539 2656 l7).
1551 2620 1622 2648 unde
1634 2620 1679 2648 illa
1689 2621 1769 2648 verba
1785 2625 1846 2647 nata

1056 2671 1128 2699 sunt,
1138 2665 1198 2693 Scio
1210 2666 1269 2700 quia
1280 2674 1330 2693 non
1341 2666 1436 2693 habitat
1450 2667 1536 2699 inme,
1548 2667 1595 2694 hoc
1607 2671 1643 2693 est
1655 2666 1681 2692 in
1692 2674 1768 2692 carne
1781 2674 1847 2699 utea,

1057 2711 1167 2743 bonum;
1180 2716 1207 2738 et
1224 2715 1320 2739 eastern
1333 2711 1495 2747 hujusmodi.
1510 2711 1608 2739 Verum
1622 2717 1650 2739 tu
1664 2719 1680 2738 a
1694 2716 1784 2738 vestro
1798 2710 1848 2738 do-

1091 2794 1098 2809 ¹
1112 2796 1259 2825 Quatuor-rex
1267 2794 1384 2825 vatlcanls
1392 2796 1455 2825 Mss,
1465 2791 1513 2825 qui.
1526 2789 1597 2816 Paulo
1606 2793 1661 2821 post
1674 2790 1741 2818 editi,
1753 2795 1787 2822 qu
1803 2790 1850 2825 nite

1058 2822 1200 2855 sentittatum
1212 2824 1282 2855 fuerit
1293 2830 1380 2855 corpus
1390 2821 1493 2855 animale
1504 2825 1527 2847 et
1541 2824 1655 2855 resurget
1674 2827 1724 2855 far;
1732 2821 1764 2845 us
1777 2827 1794 2852 ι,
1806 2821 1820 2845 i.
1828 2821 1850 2846 2"-

1060 2853 1115 2879 ttule
1137 2852 1302 2879 [intendantur
1319 2852 1350 2879 ei:
1372 2852 1561 2879 Mss.callicnnis
1584 2852 1757 2878 et’vaticanm.
