4142 6496
514 301 620 364 867

513 435 689 492 gmate
747 441 850 482 non
897 426 1132 488 recedis,
1183 437 1288 493 quo
1339 423 1534 491 putatis
1577 422 1798 492 gratiam
1845 423 1936 477 Dei
1997 437 2092 491 per

515 512 695 566 Ji-sum
727 513 992 568 Curis:qu
1024 511 1300 564 ttotninum
1325 520 1564 565 nostrum
1583 513 1660 565 sic
1687 513 1735 565 in
1765 512 1876 566 sola
1910 527 2093 580 pecca-

517 613 691 656 torum
725 602 1035 654 remissione
1063 601 1292 666 versari,
1320 609 1378 655 ut
1402 617 1508 655 non
1537 602 1750 671 adjuvet
1785 602 1850 655 ad
1879 600 2090 656 vitanda

512 699 726 760 peceata
755 701 809 742 et
850 689 1110 744 desideria
1143 690 1398 745 vincenda
1437 692 1669 745 carnalia
1693 731 1710 758 ,
1750 689 2090 745 dilfundendo

510 782 820 834 charitatcm
850 781 905 834 in
931 780 1180 835 cordibus
1206 783 1402 836 nostris
1421 799 1518 853 per
1537 783 1790 853 Spiritum
1823 793 2086 844 sanctum,

507 873 596 939 qui
623 871 690 925 ab
713 873 807 925 illo
827 871 985 926 datus
1013 882 1094 928 est
1123 873 1276 927 nobis
1316 873 1492 944 (Rom.
1521 891 1574 942 v,
1608 875 1685 946 ὅ).
1713 875 1894 944 Neque
1915 875 2090 928 consi-

506 964 661 1018 dcras
705 978 829 1018 eum
857 964 948 1034 qui
977 965 1141 1030 dicit,
1189 964 1346 1020 Video
1374 967 1530 1019 aliam
1557 967 1712 1038 legem
1757 967 1810 1019 in
1857 965 2088 1020 membris

503 1058 626 1110 meis
645 1097 660 1123 ,
707 1069 1068 1130 repugnantem
1096 1059 1194 1129 legi
1223 1059 1400 1112 mentis
1443 1073 1602 1124 mcaa;
1643 1069 1696 1112 et
1725 1057 1793 1111 ab
1824 1057 1923 1110 hoc
1949 1057 2088 1110 malo

503 1161 610 1200 non
657 1162 716 1202 se
756 1149 970 1203 liberari
1015 1150 1246 1215 clamat,
1293 1149 1395 1202 nisi
1439 1149 1604 1217 gratia
1645 1147 1738 1201 Dei
1777 1161 1872 1216 per
1903 1147 2082 1201 Jesum

504 1237 777 1293 Christum
805 1239 1088 1294 Dominum
1117 1249 1354 1294 nostrum
1379 1257 1394 1304 ;
1424 1255 1523 1294 nec
1548 1239 1787 1293 Judamm
1817 1252 1958 1305 esse,
1987 1252 2086 1292 nec

500 1328 623 1397 quia
652 1330 909 1398 peccavit,
940 1329 1035 1384 sed
1063 1345 1129 1384 ne
1153 1337 1336 1398 peccet
1359 1329 1540 1398 potius
1563 1329 1829 1383 laborare.

571 1419 659 1472 73.
707 1438 726 1471 ι
755 1420 1048 1490 Exaggerat
1077 1423 1119 1485 ⁸,
1151 1439 1172 1473 ο
1205 1420 1381 1489 inquis
1404 1461 1421 1486 ,
1456 1437 1474 1470 ι
1495 1419 1781 1488 Apostolus
1807 1418 1914 1472 vim
1957 1432 2086 1473 con-

500 1509 820 1564 suetudinis.
851 1529 871 1562 ι
917 1510 994 1565 Tu
1028 1525 1154 1581 ergo
1185 1511 1470 1580 responde,
1497 1519 1672 1564 utrum
1701 1520 1887 1565 contra
1925 1511 2081 1564 istam

499 1599 607 1652 vim
639 1614 744 1654 non
771 1599 987 1654 dimicet
1012 1600 1325 1670 baptizatus.
1352 1599 1504 1666 Quod
1529 1600 1575 1654 si
1612 1614 1798 1670 negas,
1817 1599 2082 1655 omnibus

498 1689 802 1744 christianis
839 1691 1082 1746 sensibus
1126 1691 1448 1746 contradicis
1481 1708 1494 1744 :
1525 1692 1570 1747 si
1607 1703 1782 1746 autem
1827 1693 2077 1756 dimicat,

497 1795 594 1836 cur
612 1797 714 1836 non
743 1783 794 1836 in
809 1784 986 1837 verbis
1005 1783 1243 1852 Apostnli
1271 1797 1456 1838 vocem
1476 1783 1779 1839 dimicantis
1799 1785 2082 1854 agnoscis?

501 1892 520 1924 ι
551 1873 654 1928 Per
694 1875 885 1944 legem,
915 1892 936 1926 ι
981 1875 1186 1944 inquis,
1240 1892 1260 1925 ι
1287 1875 1481 1928 bonam
1527 1883 1582 1929 et
1629 1889 1724 1943 per
1769 1875 2077 1928 mandatum

493 1977 734 2020 sanctum
761 1981 1040 2034 pravorum
1070 1966 1230 2019 animi
1259 1966 1578 2022 ferocierant
1597 1968 1644 2032 ²;
1679 1967 1928 2036 quoniam
1957 1967 2080 2022 sine

494 2056 765 2110 voluntate
817 2057 1026 2126 pr0pria
1084 2057 1228 2111 nulla
1275 2057 1504 2112 eruditio
1559 2065 1770 2126 poterat
1817 2057 2078 2128 inspirare

493 2147 758 2202 virtutem.
787 2167 807 2199 ι
853 2147 896 2202 0
938 2157 1150 2202 acutum
1211 2149 1640 2204 intell‘ectorem!
1692 2150 1738 2204 Ο
1777 2150 2076 2204 divinorum

488 2239 828 2308 cloquiorum
855 2240 1124 2311 egregium
1149 2249 1488 2296 tractatorem
1513 2243 1525 2295 !
1558 2241 1694 2308 Quid
1722 2243 1834 2312 agis
1862 2242 1929 2296 dc
1949 2258 2073 2298 ver-

491 2329 573 2383 bis
615 2329 860 2396 dicentis,
905 2329 1025 2384 Non
1070 2331 1208 2400 quod
1233 2331 1345 2385 volo
1371 2340 1588 2402 ago;et
1614 2372 1630 2399 ,
1687 2330 1828 2386 Velle
1875 2331 2076 2403 adjacet

491 2421 616 2472 mihi
636 2435 656 2484 ;
685 2429 758 2482 ct,
791 2423 939 2486 Quod
967 2421 1105 2484 uolo,
1135 2421 1230 2475 hoc
1255 2438 1377 2490 ago;
1407 2431 1478 2486 ct,
1509 2421 1838 2476 Condelector
1860 2422 1958 2493 legi
1977 2421 2076 2476 Dei

491 2513 764 2564 secundum
797 2514 1085 2565 interiorem
1111 2513 1362 2566 hominem
1389 2513 1414 2566 .’
1442 2512 1608 2567 Audis
1636 2512 1752 2566 haec
1770 2555 1784 2580 ,
1818 2523 1871 2568 et
1900 2514 2031 2568 dicis
2053 2554 2069 2578 ,

489 2603 611 2670 quia
656 2603 902 2655 voluntas
943 2602 1148 2670 defuit,
1193 2603 1314 2657 ideo
1342 2602 1574 2658 defuisse
1611 2606 1882 2660 virtutem.
1912 2605 2069 2671 Quid,

491 2690 633 2761 quod
662 2709 766 2746 non
795 2693 964 2746 solum
991 2695 1258 2760 voluntas,
1277 2683 1470 2748 verum
1498 2697 1658 2750 etiam
1689 2697 1859 2750 virtus
1879 2696 2068 2764 adfuit,

489 2799 556 2835 ne
584 2786 1370 2850 consentiretconcupiscentia:
1397 2787 1595 2853 carnis,
1624 2802 1744 2856 qua:
1775 2787 1876 2856 legi
1895 2787 1915 2818 ³
1940 2801 2072 2856 pec-

487 2875 590 2928 cati
635 2875 808 2943 pravis
837 2875 966 2944 ipsis
993 2876 1225 2930 motibus
1263 2877 1570 2931 serviebat?
1615 2876 1816 2943 Quibus
1843 2877 1934 2931 ille
1961 2891 2068 2931 non

486 2963 682 3017 cedens
706 3005 722 3030 ,
755 2980 852 3018 nec
876 2979 1024 3018 arma
1063 2965 1356 3035 iniquitatis
1381 2965 1638 3021 exhibens
1681 2967 1916 3021 membra
1943 2981 2068 3036 pec-

483 3061 605 3106 cato
631 3051 806 3126 (llam.
831 3069 905 3116 γι,
937 3051 1050 3124 15),
1083 3063 1137 3108 et
1167 3063 1345 3108 tamen
1377 3055 1520 3124 quad
1551 3056 1718 3110 nollet
1756 3056 1994 3111 sentiens
2015 3057 2068 3110 in

481 3159 647 3198 carne
689 3155 872 3198 contra
919 3146 1163 3214 spiritum
1211 3148 1655 3216 concupiscente,
1697 3157 1760 3202 ‘ct
1811 3147 2068 3203 adversus

481 3249 603 3288 eam
625 3233 855 3288 vicissim
877 3235 1064 3302 spiritu
1087 3235 1490 3304 concupiscens,
1509 3237 1784 3291 verissima
1810 3238 2066 3292 castitatis

483 3337 614 3377 voce
662 3323 892 3387 dicebat,
935 3323 1103 3394 Igitur
1141 3326 1252 3394 ipse
1276 3341 1370 3396 ego
1411 3335 1574 3380 mente
1621 3328 1782 3380 servio
1823 3328 1921 3398 legi
1949 3328 2062 3396 Dei,

479 3429 635 3467 carne
658 3424 821 3466 autem
848 3414 945 3484 legi
969 3415 1178 3483 peccati.
1207 3417 1298 3470 Illa
1326 3431 1454 3472 sane
1479 3417 1640 3472 verba
1665 3433 1784 3487 qua:
1815 3419 2060 3488 posuisti,

479 3505 570 3560 ubi
597 3506 669 3558 ait
699 3507 1011 3574 Apostolus,
1043 3505 1152 3560 Lea:
1183 3517 1359 3560 saneta
1377 3549 1394 3575 ,
1423 3517 1470 3561 et
1499 3509 1793 3562 mandatum
1835 3521 2064 3564 sanctum

482 3607 528 3650 et
541 3598 736 3667 justum
767 3605 814 3650 et
841 3597 1044 3650 bonum.
1075 3597 1224 3662 Quod
1250 3615 1368 3669 ergo
1391 3599 1573 3652 bonum
1602 3609 1694 3666 est,
1723 3600 1849 3653 mihi
1872 3604 2062 3672 factum

474 3697 552 3742 est
579 3689 758 3741 mors?
785 3688 924 3742 Absit
955 3705 974 3742 :
1003 3690 1093 3742 sed
1117 3699 1372 3759 peccatum
1395 3700 1451 3744 ut
1490 3693 1737 3760 appareat
1775 3703 2058 3762 peccatum,

477 3795 570 3848 per
610 3778 794 3830 bonum
845 3779 968 3832 mihi
1005 3790 1263 3850 operatum
1292 3789 1364 3834 est
1394 3791 1604 3835 mortem
1627 3823 1641 3848 ,
1684 3791 1740 3836 ut
1782 3784 1871 3852 ﬁat
1903 3800 2060 3853 supra

479 3867 684 3920 modum
713 3877 970 3937 peccatum
995 3887 1206 3939 peccans
1226 3887 1316 3942 per
1337 3871 1634 3925 mandatum
1661 3888 1681 3926 .'
1707 3873 1843 3928 bene
1864 3874 2061 3928 intelli-

475 3959 618 4028 gitur
645 3960 710 4014 de
733 3962 837 4015 vita
865 3977 958 4016 sua
1001 3962 1200 4017 dixisse
1229 3964 1532 4032 praeterita,
1561 3965 1774 4034 quando
1800 3967 1900 4021 sub
1942 3967 2058 4036 lege

345 4050 348 4052 ’
383 4063 386 4066 ·
474 4047 648 4104 fuerat
673 4090 688 4114 ,
719 4050 956 4104 nondum
997 4052 1096 4106 sub
1130 4053 1318 4122 gratia.
1344 4053 1476 4106 Nam
1508 4065 1562 4107 et
1599 4055 1773 4110 verbis
1801 4058 2056 4124 praeteriti

477 4141 734 4208 temporis
775 4143 956 4206 utitur,
985 4141 1230 4208 dicendo,
1263 4142 1536 4196 Peccatum
1579 4161 1678 4198 non
1703 4147 1930 4216 cognovi,
1959 4149 2058 4202 nisi

477 4246 566 4300 per
591 4231 746 4302 legem
774 4247 792 4284 :
815 4241 886 4296 ct,
916 4230 1381 4302 Concupiscentiam
1409 4236 1684 4288 nesciebam
1709 4253 1728 4290 :
1753 4245 1826 4304 et,
1857 4237 2056 4308 Opera-

475 4333 582 4374 tum
611 4331 684 4376 est
723 4323 774 4375 in
803 4339 883 4378 me
906 4339 1103 4376 carnem
1145 4321 1599 4395 concupiscentiam
1629 4345 1648 4381 :
1677 4337 1764 4394 et,
1824 4328 2056 4384 Vivebam

473 4413 748 4481 aliquando
791 4415 900 4468 sine
943 4414 1086 4484 lege;
1115 4415 1295 4483 utique
1337 4417 1550 4485 quando
1576 4418 1808 4473 nondum
1851 4429 2056 4488 poterat

475 4517 630 4557 nsum
665 4504 862 4559 habere
879 4505 1137 4560 rationis:
1171 4515 1257 4572 et,
1287 4507 1588 4563 Adveniente
1609 4511 1846 4565 mandato
1875 4529 2054 4580 pecca-

473 4607 578 4651 tum
603 4599 796 4664 revixit,
825 4615 918 4670 ego
945 4609 1110 4654 autem
1131 4611 1357 4656 mortuus
1378 4619 1488 4655 sum
1518 4619 1536 4658 :
1560 4612 1634 4669 et,
1665 4603 1938 4658 Peccatum
1965 4623 2053 4658 oc-

471 4690 674 4742 casione
714 4699 918 4760 accepta
943 4707 1032 4760 per
1057 4691 1372 4757 mandatum,
1411 4694 1588 4764 fefellit
1615 4711 1711 4762 me,
1739 4704 1787 4749 et
1814 4713 1902 4766 per
1925 4697 2056 4750 illud

472 4781 656 4842 occidit
683 4797 701 4834 :
723 4791 796 4848 et,
826 4781 930 4835 Per
955 4783 1136 4836 bonum
1163 4785 1287 4837 mihi
1311 4795 1576 4853 operatum
1605 4796 1676 4840 est
1703 4797 1933 4842 mortem.
1959 4787 2054 4842 llis

473 4871 722 4926 omnibus
751 4879 962 4940 tempus
990 4871 1290 4944 signiﬁcare
1318 4875 1654 4944 intelligitur,
1681 4891 1788 4945 quo
1813 4879 1912 4934 sub
1939 4879 2055 4948 lege

475 4961 717 5027 vivebat,
759 4971 812 5018 et
857 4962 1092 5016 nondum
1139 4961 1350 5032 adjutus
1396 4966 1564 5034 gratia
1609 4968 2054 5035 concupiscentiis

475 5054 774 5108 carnalibus
801 5054 1110 5109 vincebatur
1138 5053 1182 5107 λ.
1226 5053 1326 5109 Ubi
1357 5069 1482 5109 vero
1505 5055 1615 5124 jam
1645 5056 1794 5123 dicit,
1823 5057 1930 5111 Lex
1951 5060 2058 5129 spi-

477 5147 676 5200 ritualis
691 5155 786 5212 est;
797 5163 889 5218 ego
905 5155 1072 5200 autem
1084 5147 1304 5200 carnalis
1323 5163 1430 5200 tum
1445 5163 1466 5202 :
1485 5149 1594 5216 jam
1617 5149 1754 5218 quod
1765 5151 2053 5221 conﬂigens

475 5240 771 5309 patiebatur
795 5239 1046 5295 ostendit.
1087 5238 1202 5293 Non
1231 5239 1373 5294 enim
1401 5239 1556 5309 dixit,
1582 5242 1802 5297 carnalis
1829 5243 1902 5296 [ιιι
1925 5284 1940 5309 ,
1969 5245 2052 5298 vel

539 5356 554 5384 ί
583 5353 654 5402 sic
675 5359 778 5402 tres
799 5359 903 5416 Mss.
929 5351 1014 5416 Alii
1036 5365 1146 5401 cum
1171 5351 1331 5410 editis,
1357 5359 1643 5416 Exasperar.
1732 5414 1740 5416 _
1789 5409 1792 5412 λ

537 5417 558 5448 ³
585 5421 685 5478 Duo
714 5429 773 5464 ex
803 5415 1036 5462 Vaticanis
1071 5420 1200 5471 Itss.,
1237 5419 1330 5478 {Iro
1351 5412 1684 5478 l_ege,'_iuguis,
1724 5414 1862 5474 bona,
1886 5423 1946 5478 et
1967 5429 2056 5478 pro

471 5477 698 5526 "mndata
715 5483 876 5525 sancto
903 5487 1163 5537 pravorum
1181 5473 1330 5524 animi
1351 5473 1676 5537 ferodwbam.
1714 5485 1832 5526 'l‘rcs
1852 5473 1931 5526 alii
1967 5473 2054 5526 't'a-

473 5539 646 5596 timui,
701 5535 1013 5599 ferocialiant.
1067 5535 1260 5596 Gallici,
1312 5535 1616 5598 ferociermt.
1663 5537 1780 5588 aditi
1800 5571 1814 5596 ,
1871 5539 2054 5600 feroces

469 5605 621 5648 erant.

539 5662 558 5723 ξ
582 5671 679 5708 am.
701 5658 956 5723 etaliquot
977 5665 1104 5723 11153.,
1131 5657 1249 5723 lege.

538 5721 556 5752 δ
583 5725 647 5771 tt't
669 5717 870 5772 \‘atiimni
911 5717 1126 5783 quinque
1160 5717 1212 5770 et
1251 5717 1418 5782 plures
1438 5717 1657 5771 Gallicani
1701 5727 1808 5771 Mss.
1832 5729 1884 5771 Al.
1915 5722 2049 5782 editi,

1217 5801 1254 5824 ’Ἰ

1331 307 1598 365 CONTRA
1639 307 1970 365 JULIANUM
2012 307 2472 381 PELAGIANUM,
2504 318 2560 374 S.
2602 320 2963 381 AUGUSTINI

2200 437 2374 490 cram;
2408 429 2521 495 sed,
2553 447 2681 486 sum.
2713 434 2772 488 Et
2797 437 3031 506 apertius
3055 445 3290 508 tempora
3321 439 3431 512 ipsa
3460 441 3772 516 distinguit,

2200 515 2284 568 ubi
2309 516 2436 572 dicit
2461 559 2474 584 ,
2530 519 2684 576 Nunc
2712 536 2877 579 autem
2909 529 3022 597 jam
3054 547 3150 584 wn
3175 547 3262 601 ego
3292 549 3474 601 operor
3498 515 3652 602 illud,
3684 547 3767 592 sed

2198 604 2251 654 id
2273 608 2406 673 quod
2431 610 2482 662 in
2512 627 2592 665 me
2615 614 2806 668 habitat
2831 628 3108 686 peccatum.
3136 621 3250 675 Jam
3273 624 3412 677 enim
3441 637 3614 682 motus
3638 629 3770 684 desi-

2195 692 2462 751 deriorum
2493 702 2749 758 malorum
2777 721 2880 760 non
2915 708 3024 776 ipse
3059 713 3408 780 cperabatur,
3435 717 3624 785 quibus
3664 727 3782 776 non'

2195 791 2562 845 consentiebat
2603 794 2668 847 ad
2697 798 3045 864 perpetranda
3087 813 3321 870 peccata.
3355 804 3562 862 Peccati
3589 822 3768 867 autern

2195 881 2407 935 nomine
2441 885 2582 952 quod
2628 885 2682 940 in
2724 887 2818 942 illo
2867 888 3153 957 habitabat,
3210 893 3377 962 ipsam
3431 901 3768 968 nuncupabat

2192 973 2705 1043 concupiscentiam;
2730 980 2850 1048 quia
2872 990 3088 1048 peccato
3108 983 3240 1038 facta
3267 995 3369 1053 est,
3398 996 3451 1041 et
3471 989 3515 1042 si
3543 1005 3767 1046 consen-

2193 1058 2408 1114 tientem
2452 1066 2670 1119 traxerit
2713 1077 2872 1136 atque
2926 1069 3191 1138 illexerit,
3243 1075 3472 1144 concipit
3523 1079 3766 1150 paritque

2194 1159 2485 1216 peccatum.
2513 1153 2580 1207 Et
2617 1165 2807 1212 caetera
2837 1173 3005 1229 usque
3033 1161 3096 1215 ad
3125 1177 3244 1216 eum
3277 1165 3450 1220 locum
3474 1208 3490 1234 ,
3527 1168 3616 1224 ubi
3654 1170 3762 1239 ait,

2189 1238 2216 1291 Ι
2223 1240 2358 1309 gitur
2389 1259 2479 1313 ego
2503 1245 2612 1315 ipse
2641 1257 2802 1302 mente
2828 1252 2986 1305 servio
3013 1253 3112 1323 legi
3137 1253 3230 1308 Dei
3253 1295 3268 1322 ,
3297 1273 3449 1311 carne
3473 1269 3642 1313 autem
3665 1238 3767 1333 legi
3823 1247 3832 1264 ’

2189 1332 2376 1399 peccati
2392 1333 2562 1401 (Rom.
2583 1351 2675 1400 vn,
2694 1339 3043 1411 7-25),[verba
3061 1355 3182 1399 sunt
3203 1347 3314 1415 jam
3336 1349 3434 1402 sub
3448 1351 3616 1418 gratia
3632 1332 3762 1408 con-

2189 1421 2380 1488 stituti,
2412 1426 2503 1479 sed
2530 1427 2702 1483 adhuc
2722 1440 2905 1486 contra
2922 1437 3407 1504 concupiscentiam
3439 1455 3586 1494 suam
3602 1443 3762 1498 dimi-

2186 1513 2390 1580 cantis,
2448 1531 2546 1570 nec
2580 1518 2627 1571 ei
2667 1521 3048 1576 consentientis
3085 1533 3143 1577 ut
3189 1536 3402 1594 peccet;
3443 1530 3538 1583 sed
3582 1541 3757 1586 tamen

2185 1601 2375 1670 quibus
2405 1607 2667 1673 renititur,
2697 1611 2895 1677 peccati
2933 1612 3197 1668 desideria
3221 1617 3492 1684 patientis.

2256 1691 2344 1746 74.
2371 1693 2541 1748 Nemo
2591 1709 2828 1752 nostrum
2877 1701 3226 1756 substantiam
3275 1707 3548 1775 corporis,
3603 1725 3760 1765 nemo

2186 1790 2426 1838 naturam
2453 1788 2629 1842 carnis
2645 1799 2870 1845 accusat
2915 1811 2930 1847 :
2979 1793 3170 1848 frustra
3221 1807 3473 1867 purgatur
3520 1801 3616 1856 abs
3669 1813 3757 1869 te,

2183 1875 2323 1944 quod
2365 1890 2472 1931 non
2519 1879 2762 1948 culpatur
2805 1897 2835 1936 a
2859 1884 3033 1940 nobis.
3061 1886 3527 1957 Concupiscentias
3554 1895 3717 1950 malas
3741 1937 3756 1957 .

2183 1965 2375 2034 quibus
2401 1969 2445 2022 si
2468 1968 2605 2024 bene
2636 1972 2860 2029 vivimus
2887 1990 2992 2030 non
3013 1979 3404 2048 consentimus,
3433 1990 3608 2039 tamen
3639 2001 3760 2042 esse

2183 2070 2288 2110 non
2319 2071 2573 2128 negamus
2603 2060 2658 2114 in
2701 2062 2884 2131 nobis;
2931 2067 3248 2136 castiganda:
3293 2080 3446 2138 sunt,
3491 2073 3760 2130 frenanda:

2182 2155 2306 2201 sunt
2327 2189 2340 2214 ,
2362 2151 2732 2220 expugnandae
2754 2162 2910 2221 sunt,
2933 2156 3204 2212 vincenda:
3226 2159 3386 2215 sunt:
3417 2173 3588 2218 tamen
3610 2177 3754 2232 sunt,

2181 2253 2279 2292 nec
2303 2239 2489 2294 alienae
2511 2250 2652 2296 sunt.
2680 2243 2786 2298 Nec
2807 2244 2943 2299 bona
2971 2246 3068 2301 ista
3097 2257 3304 2317 nostra,
3335 2252 3427 2307 sed
3452 2255 3586 2308 mala
3609 2265 3754 2310 sunt.

2177 2328 2288 2384 Nec
2315 2331 2451 2386 sicut
2474 2333 2608 2387 dixit
2631 2334 2918 2391 Manichtca
2943 2341 3151 2394 vanitas
3169 2381 3185 2406 ,
3211 2353 3452 2411 separata
3482 2357 3630 2400 extra
3656 2363 3756 2401 nos

2179 2429 2332 2474 erunt
2361 2434 2376 2472 :
2405 2423 2527 2489 sed,
2561 2424 2698 2479 sicut
2725 2425 2855 2480 dicit
2897 2429 3154 2485 catholica
3181 2429 3403 2498 veritas,
3433 2444 3619 2490 sanata
3647 2453 3756 2492 non

2178 2519 2352 2564 erunt.

2248 2619 2471 2678 CAPUT
2495 2622 2661 2680 XXIV
2682 2625 2778 2700 (a).
2797 2627 2968 2684 —75.
2993 2629 3071 2684 De
3101 2629 3202 2686 illis
3226 2649 3433 2703 quoque
3449 2639 3755 2705 apostolicis

2176 2713 2382 2780 verbis,
2411 2715 2465 2768 in
2494 2717 2685 2785 quibus
2707 2718 3029 2789 impudentia
3057 2725 3304 2788 mirabili,
3339 2728 3444 2780 imo
3465 2729 3748 2798 dementia,

2175 2803 2421 2858 resistitis
2459 2803 2840 2864 fundatissimte
2879 2811 3035 2881 fidei,
3071 2813 3158 2868 ubi
3183 2817 3284 2883 ait,
3330 2815 3430 2872 Per
3469 2837 3622 2875 unum
3658 2825 3752 2878 Ιιο-

2175 2895 2358 2949 mt'nem
2404 2909 2658 2968 peccatum
2701 2901 2903 2958 intravit
2939 2905 2992 2958 in
3031 2907 3306 2978 mundum,
3369 2920 3418 2966 et
3450 2929 3539 2981 per
3574 2932 3751 2984 pecca-

2176 2996 2283 3040 tum
2311 3005 2478 3056 mors;
2523 3001 2568 3044 et
2593 2989 2665 3046 ita
2693 2994 2744 3046 in
2774 3011 2944 3052 omnes
2970 2997 3192 3054 homines
3217 3004 3537 3070 pertransiit,
3579 3007 3632 3060 in
3654 3023 3749 3075 quo

2173 3095 2344 3134 omnes
2389 3093 2712 3152 peccaverunt
2755 3085 2774 3156 (
2811 3085 2898 3143 Id.
2950 3105 3006 3155 v,
3052 3091 3118 3144 12
3151 3089 3211 3163 );
3274 3093 3466 3149 frustra
3529 3111 3741 3152 sensum

2171 3169 2331 3223 alium
2363 3187 2558 3226 novum
2588 3183 2745 3244 atque
2771 3175 3048 3232 distortum
3077 3189 3130 3234 et
3157 3196 3185 3234 a
3219 3197 3346 3237 vero
3370 3184 3743 3241 abhorrentem

2170 3258 2374 3314 moliris
2413 3262 2744 3332 exsculpere,
2795 3264 3068 3321 affirmans
3105 3287 3124 3320 ι
3151 3285 3211 3326 ea
3251 3271 3514 3328 locutione
3549 3275 3743 3330 dictum

2169 3362 2310 3416 esse,
2325 3345 2390 3402 ln
2409 3365 2507 3419 quo
2526 3367 2694 3406 omnes
2715 3366 3057 3423 peccaverunt,
3077 3371 3138 3411 ac
3157 3359 3200 3412 si
3221 3359 3501 3430 diceretur,
3526 3363 3748 3435 Propter

2167 3437 2306 3505 quod
2345 3453 2528 3494 omnes
2569 3453 2959 3510 peccaverunt:
2987 3445 3124 3502 sicut
3159 3448 3355 3505 dictum
3405 3462 3506 3520 est,
3544 3453 3611 3508 In
3647 3473 3744 3527 quo

2166 3530 2370 3599 corrigit
2379 3531 2560 3602 junior
2583 3531 2601 3564 ¹
2631 3533 2762 3586 uiam
2790 3551 2936 3589 suam
2965 3553 2985 3588 ι
3019 3537 3190 3607 (Paul.
3221 3555 3410 3608 cxvm,
3434 3542 3492 3614 9)
3518 3563 3532 3598 :
3557 3555 3610 3600 ut
3637 3548 3739 3602 sci-

2165 3620 2322 3682 licet,
2353 3635 2459 3674 non
2501 3620 2554 3675 in
2585 3637 2691 3676 uno
2732 3623 2947 3680 homine
2976 3641 3164 3683 omnes
3207 3629 3448 3688 homines
3495 3649 3744 3704 peccasse

2165 3712 2525 3781 intelligantur
2544 3714 2892 3784 originaliter,
2916 3726 2970 3772 et
2999 3727 3244 3789 tanquam
3273 3721 3324 3774 in
3347 3737 3535 3778 massa:
3551 3728 3743 3783 unione

2164 3805 2551 3870 communiter;
2603 3806 2696 3861 sed
2739 3819 3022 3878 propterea
3067 3812 3184 3880 quia
3225 3795 3426 3883 primus
3467 3815 3738 3872 hominum

2163 3893 2251 3948 ille
2282 3897 2550 3963 peccavit;
2581 3895 2632 3950 id
2653 3905 2736 3951 est
2762 3901 2804 3963 ³,
2836 3914 2954 3953 cum
3002 3901 3273 3956 imitantur
3299 3904 3465 3971 illum,
3489 3923 3591 3961 non
3617 3925 3738 3964 eum
3827 3903 3850 3916 ⁸

2161 3993 2480 4052 generantur
2502 3999 2568 4038 cx
2595 3985 2704 4040 illo.
2733 3985 2848 4040 Non
2876 4001 3004 4057 ergo
3025 3989 3146 4045 huic
3166 3991 3346 4047 sensui
3374 3998 3622 4051 convenit
3647 3999 3738 4053 illa

2163 4073 2360 4129 locutio
2379 4116 2393 4141 ,
2422 4075 2493 4128 ita
2519 4076 2716 4129 dictum
2747 4091 2894 4144 esse,
2926 4079 2976 4131 in
3005 4095 3106 4150 quo
3126 4122 3139 4144 ,
3169 4082 3313 4136 velut
3337 4083 3536 4138 dictum
3558 4099 3731 4152 esset,

2167 4183 2185 4215 ι
2199 4175 2412 4234 propter
2425 4165 2583 4234 quod.
2597 4183 2617 4218 ι
2635 4165 2764 4220 Nam
2789 4179 3004 4238 propter
3022 4169 3122 4224 hoc
3137 4172 3360 4242 quisque
3375 4183 3572 4242 peccat,
3595 4179 3734 4246 quod

2161 4255 2258 4310 sibi
2286 4257 2532 4326 prOponit
2557 4265 2614 4309 ut
2637 4267 2848 4326 peccet,
2873 4259 2956 4312 vel
2977 4275 3194 4330 quoquo
3213 4263 3371 4317 modo
3387 4265 3526 4333 quod
3552 4265 3624 4320 illi
3651 4277 3735 4321 est

2159 4359 2316 4400 causa
2363 4347 2633 4414 peccandi.
2662 4347 2790 4414 Quis
2833 4363 2962 4403 vero
3004 4351 3072 4404 ab
3113 4353 3258 4406 omni
3303 4355 3532 4409 humano
3573 4370 3733 4412 sensu
3809 4411 3818 4420 ,

2161 4447 2266 4490 tam
2313 4437 2384 4492 sit
2409 4439 2701 4506 absurdus,
2733 4449 2792 4494 ut
2815 4441 2988 4508 dicat,
3020 4442 3246 4514 Propter
3270 4445 3372 4502 hoc
3413 4446 3540 4503 fecit
3572 4449 3731 4506 homo

2159 4528 2258 4582 iste
2283 4527 2651 4596 homicidium,
2691 4530 2811 4600 quia
2859 4532 2910 4585 in
2959 4534 3204 4601 paradiso
3253 4535 3421 4590 Adam
3471 4537 3536 4592 de
3591 4539 3732 4610 ligno

2158 4616 2424 4686 prohibito
2449 4617 2624 4672 cibum
2647 4621 2901 4688 sumpsit;
2924 4635 3045 4676 cum
3068 4621 3168 4677 iste
3195 4623 3562 4681 latrocinando
3585 4631 3728 4682 orci-

2157 4707 2297 4762 derit
2325 4707 2591 4763 hominem
2613 4709 2744 4764 nihil
2769 4709 2836 4764 de
2861 4711 3028 4766 Adam
3073 4714 3342 4784 cogitans,
3388 4717 3479 4771 sed
3515 4725 3732 4786 propter

2159 4797 2261 4852 hoc
2285 4807 2341 4852 ut
2365 4813 2552 4852 aurum
2581 4801 2721 4870 quod
2765 4800 2968 4856 ferebat
3003 4801 3276 4858 auferret?
3315 4803 3406 4860 Sic
3443 4816 3495 4860 et
3535 4815 3726 4863 cat-tera

2157 4899 2346 4944 cuncta
2373 4901 2588 4962 peccata
2609 4932 2624 4958 ,
2653 4907 2772 4961 quae
2795 4895 3006 4964 propria
3033 4897 3253 4966 quisque
3281 4897 3594 4964 committit,
3627 4898 3725 4953 ha-

2157 4983 2284 5038 bent
2307 4997 2498 5038 causas
2521 4992 2738 5054 pr0pter
2764 4999 2897 5055 quas
2923 4985 3051 5039 [lant
3069 5027 3082 5050 ,
3117 4987 3320 5040 etiamsi
3349 5001 3506 5042 nemo
3529 4989 3726 5059 cogitet

2157 5074 2297 5144 quod
2329 5074 2416 5129 ille
2441 5075 2644 5144 primus
2669 5075 2832 5130 homo
2859 5077 3157 5142 commisit,
3185 5091 3356 5148 neque
3385 5079 3512 5135 illud
3539 5081 3639 5136 sibi
3659 5083 3726 5136 ad

2157 5163 2479 5234 peccandum
2509 5175 2766 5234 proponat
2801 5166 3122 5235 exemplum.
3151 5167 3374 5236 Propter
3399 5170 3500 5225 hoc
3527 5171 3725 5242 itaque,

2159 5255 2212 5310 id
2235 5265 2346 5322 est,
2377 5257 2630 5325 quoniam
2673 5259 2909 5326 peccavit
2929 5257 3127 5326 Adam,
3159 5275 3258 5314 nec
3285 5261 3398 5332 ipse
3429 5263 3558 5318 Cain
3601 5279 3725 5336 pec-

2155 5359 2308 5400 casse
2335 5345 2591 5401 dicendus
2608 5356 2721 5414 est,
2751 5347 2840 5417 qui
2869 5347 3116 5402 eumdem
3145 5357 3348 5420 patrem
3375 5366 3528 5408 suum
3555 5369 3724 5412 ποι-ο-

2157 5476 2462 5526 uinciebalur.

2221 5540 2238 5602 ξ
2267 5545 2315 5585 In
2339 5547 2442 5602 uss.
2467 5546 2761 5597 constanter,
2775 5539 3014 5602 iuuenior.

2221 5601 2246 5671 Ἀ
2264 5599 2528 5671 Casalensis
2540 5607 2640 5671 ais,
2679 5599 2794 5664 quia
2813 5600 2998 5664 pn'nuts
3017 5601 3154 5653 homo
3167 5603 3250 5656 ille
3271 5605 3498 5670 peccarit,
3521 5619 3720 5671 peccare

2157 5667 2382 5720 crateras;
2405 5661 2493 5710 hoc
2513 5669 2598 5711 est.
2691 5661 2701 5664 '
2749 5701 2760 5704 _

2223 5723 2293 5782 (lt)
2337 5723 2570 5782 tludsm.
2597 5729 2758 5782 ctEr.,
2791 5723 2860 5772 li.
