4142 6504
350 440 453 490 rat.
478 428 704 496 Propter
721 421 850 494 quid
872 421 1014 477 enim
1035 421 1252 474 fratrem
1275 432 1426 472 suum
1450 416 1730 481 occiderit,
1755 425 1937 472 notum

351 532 434 578 est
466 538 479 573 :
507 519 632 588 quia
662 531 773 572 non
804 524 1024 586 propter
1049 513 1152 568 hoc
1191 511 1332 583 quod
1379 511 1710 582 perpetravit
1737 510 1939 577 Adam,

354 610 448 666 sed
479 610 602 680 quia
633 608 774 662 bono
800 606 920 676 ejus
943 605 1151 660 invidit.
1619 589 1627 596 ”

426 702 512 758 76.
538 701 780 770 Denique
800 714 900 754 nec
921 700 1032 768 ipsa
1062 697 1156 752 tibi
1187 695 1252 751 ad
1293 695 1435 751 hunc
1455 704 1691 750 vestrum
1722 708 1938 750 sensum

351 810 472 866 quae
500 793 721 864 posuisti
757 790 1058 847 testimonia
1090 788 1462 859 suffragantur.
1492 787 1654 842 Recte
1679 786 1822 842 enim
1852 785 1937 840 di-

351 888 507 954 citur,
533 883 599 939 In
627 901 725 954 quo
744 883 949 954 corrigit
963 881 1143 952 junior
1167 880 1298 933 viam
1324 879 1510 932 suam?
1534 897 1552 930 ι
1575 885 1788 946 propter
1812 876 1938 946 quid

350 978 605 1049 corrigit?
637 996 656 1029 ι
711 975 960 1047 quoniam
1004 970 1262 1042 sequitur,
1306 969 1360 1024 in
1406 967 1729 1023 custodiendo
1795 966 1939 1020 verba

351 1079 459 1123 tua.
512 1069 735 1137 Propter
785 1065 884 1120 hoc
919 1063 1072 1117 ‘enim
1118 1060 1336 1130 corrigit
1386 1060 1522 1114 viam
1575 1073 1756 1124 suam,
1814 1057 1936 1126 quia

350 1159 516 1213 verba
567 1157 662 1213 Dei
722 1157 858 1211 sicut
907 1151 1186 1222 cogitanda
1237 1159 1362 1204 sunt
1401 1149 1632 1219 cogitat,
1694 1157 1750 1204 et
1787 1147 1934 1218 cogi-

355 1248 522 1303 tando
546 1246 806 1310 custodit,
837 1241 1186 1298 custodiendo
1213 1249 1360 1295 recte
1386 1239 1535 1292 vivit.
1561 1237 1677 1309 Ipsa
1706 1253 1834 1308 ergo
1860 1237 1936 1292 illi

355 1315 521 1393 causa
545 1347 624 1393 est
651 1347 707 1390 ut
730 1336 866 1390 viam
897 1349 1047 1389 suam
1075 1333 1340 1402 corrigat,
1369 1331 1492 1401 quia
1535 1331 1628 1386 Dei
1657 1330 1816 1385 verba
1837 1344 1934 1385 cu-

356 1430 538 1486 stodit.
593 1429 660 1482 Et
694 1427 840 1497 .quod
886 1423 1350 1480 ait-beatissimus
1401 1421 1724 1491 Stephanus,
1779 1420 1936 1492 Fugit

355 1519 558 1589 Hogses
575 1519 628 1572 in
656 1517 804 1572 uerbo
837 1517 932 1570 hoc
958 1515 1100 1588 (Art.
1143 1529 1248 1580 vu,
1275 1512 1414 1583 29);
1444 1512 1582 1568 bene
1606 1512 1932 1582 intelligitur,

352 1617 571 1679 propter
603 1625 622 1660 ι
645 1607 866 1662 verbum
901 1607 1001 1661 hoc
1023 1625 1043 1658 ι
1067 1623 1084 1672 ;
1105 1605 1228 1676 quia
1253 1603 1356 1659 hoc
1370 1603 1592 1669 audivit,
1612 1605 1712 1659 hoc
1739 1604 1930 1668 timuit,

352 1698 454 1754 hoc
479 1698 731 1768 cogitavit
752 1705 814 1752 ut
832 1697 1082 1768 fugeret;
1113 1697 1228 1752 haec
1255 1695 1331 1751 illi
1359 1694 1458 1749 fuit
1485 1708 1644 1749 causa
1673 1693 1931 1766 fugiendi.

350 1787 617 1857 Numquid
638 1787 692 1842 in
718 1786 803 1842 his
831 1786 1188 1843 locutionibus
1205 1785 1404 1856 aliquid
1427 1785 1626 1841 dictum
1655 1794 1766 1854 est,
1793 1785 1934 1857 quod

352 1879 613 1948 pertineat
635 1877 703 1933 ad
742 1878 1124 1946 imitationem,
1159 1891 1262 1948 qua
1287 1877 1364 1932 sic
1399 1875 1624 1930 alterum
1653 1877 1790 1932 alter
1817 1877 1936 1932 imi-

351 1981 513 2039 tatur,
539 1980 598 2027 ut
615 1987 740 2028 eum
761 1972 982 2028 omnino
1005 1987 1115 2026 non
1133 1972 1332 2042 cogitet
1355 1987 1370 2024 :
1391 1978 1446 2025 et
1465 1969 1586 2024 ideo
1605 1969 1754 2024 nullo
1772 1968 1934 2026 modo

351 2063 455 2120 dici
478 2064 647 2132 possit
675 2073 894 2134 propter
935 2063 1036 2118 hoc
1063 2076 1343 2132 peccasse,
1365 2061 1488 2133 quia
1529 2061 1618 2116 ille
1660 2063 1927 2131 peccavit,

351 2158 404 2212 in
431 2172 539 2228 quo
557 2172 662 2213 nec
687 2156 1017 2228 originaliter
1040 2154 1178 2224 fuit,
1206 2169 1308 2212 nec
1345 2155 1413 2211 de
1442 2155 1534 2210 illo
1557 2155 1846 2226 quidquam
1878 2155 1931 2212 in

350 2256 568 2317 peccato
596 2233 819 2319 proprio
840 2247 1130 2318 cogitavit?

399 2338 488 2392 77.
505 2355 524 2389 ι
544 2336 671 2403 Sed,
693 2357 712 2390 ι
734 2337 931 2408 inquis,
953 2355 974 2390 ›
999 2337 1042 2392 si
1055 2336 1333 2406 depeccati
1360 2336 1576 2392 traduce
1599 2336 1928 2408 loquebatur,

350 2443 606 2498 nusquam
633 2428 1011 2499 congruentius
1037 2428 1256 2496 diceret,
1282 2427 1408 2484 Ideo
1427 2429 1933 2500 pertransiitpecca-

355 2532 484 2585 tum,
505 2521 627 2591 quia
645 2536 831 2576 omnes
851 2530 974 2577 sunt
991 2521 1059 2577 de
1077 2522 1362 2593 conjugum
1385 2523 1653 2593 voluptate
1672 2525 1929 2594 generati:

355 2620 410 2665 ct
428 2611 648 2666 adderet
669 2652 684 2676 ,
709 2611 765 2666 In
790 2626 856 2667 eo
877 2613 1099 2679 transiit,
1119 2613 1172 2667 in
1188 2627 1294 2683 quo
1311 2629 1374 2668 ex
1396 2613 1571 2668 tabida
1587 2615 1742 2685 primi
1765 2615 1934 2670 homi-

356 2703 441 2756 nis
459 2717 619 2758 carne
640 2702 918 2759 ﬂuxerunt.
932 2721 950 2756 ι
974 2703 1081 2759 Nec
1099 2704 1247 2760 vides
1265 2705 1455 2760 eodem
1480 2706 1642 2764 modo
1663 2707 1754 2762 tibi
1777 2723 1934 2777 posse

354 2795 493 2861 dici,
522 2795 580 2850 Si
607 2794 674 2850 dc
714 2796 1002 2851 imitatione
1043 2797 1248 2866 peccati
1274 2797 1560 2867 Apostolus
1602 2799 1931 2869 loquebatur,

354 2900 616 2957 nusquam
636 2889 1013 2958 congruentius
1039 2888 1276 2956 diceret,
1305 2887 1429 2944 ldco
1461 2889 1765 2958 pertransiit
1806 2905 1931 2959 pec-

351 2988 527 3035 catum
549 3019 565 3045 ,
605 2980 725 3050 quia
754 2980 909 3050 primi
939 2979 1170 3036 hominis
1204 2981 1478 3051 praecessit
1512 2981 1814 3051 exemplum
1840 2999 1854 3035 :
1881 2990 1936 3037 et

351 3069 603 3136 adderet,
628 3069 684 3124 In
709 3085 776 3126 eo
797 3071 1044 3138 transiit,
1072 3072 1125 3126 in
1151 3085 1257 3142 quo
1275 3087 1464 3126 omnes
1485 3072 1624 3127 illius
1646 3073 1799 3128 unius
1819 3073 1938 3127 imi-

351 3159 549 3218 tatione
595 3168 979 3229 peccaverunt.
1027 3160 1219 3231 Aliquo
1263 3161 1406 3216 enim
1449 3161 1676 3216 duorum
1711 3162 1932 3217 istorum

349 3249 508 3305 modo
531 3250 844 3320 loqueretur
869 3251 1156 3320 Apostolus
1181 3251 1286 3307 hoc
1323 3251 1442 3306 loco
1458 3291 1474 3318 ,
1499 3252 1545 3306 si
1583 3253 1649 3307 ad
1677 3261 1824 3308 tuum
1853 3254 1936 3309 vel

351 3357 526 3398 meum
554 3343 864 3414 loqueretur
885 3343 1184 3398 arbitrium.
1207 3343 1340 3412 Quia
1365 3359 1493 3414 ergo
1519 3359 1616 3399 nec
1641 3344 1770 3400 illud
1796 3345 1936 3400 dixit

351 3433 494 3503 quod
515 3442 570 3488 tu
592 3477 608 3501 ,
635 3451 734 3490 nec
761 3435 888 3490 illud
915 3435 1057 3506 quod
1080 3451 1214 3506 ego;
1247 3436 1502 3506 numquid
1532 3437 1612 3492 vis
1652 3447 1709 3492 ut
1746 3438 1935 3494 creda-

352 3540 476 3580 mus
501 3525 552 3580 in
579 3526 662 3581 his
689 3525 804 3596 ejus
829 3526 1026 3594 verbis,
1052 3541 1152 3582 nec
1163 3527 1421 3597 originale
1445 3527 1732 3584 secundum
1745 3528 1938 3585 Catho-

354 3615 507 3684 licos,
533 3630 635 3672 nec
656 3616 993 3672 imitatorium
1010 3616 1302 3672 secundum
1320 3617 1630 3688 Pelagianos
1643 3618 1940 3690 intelligeno

352 3707 478 3762 dum
517 3723 638 3764 esse
655 3708 972 3778 peccatum?
1007 3709 1144 3764 Puto
1161 3709 1302 3779 quod
1325 3709 1482 3764 nolis.
1514 3709 1751 3765 Remove
1779 3711 1938 3781 igitur

351 3804 450 3859 ista
471 3819 590 3876 quae
611 3814 832 3876 possunt
850 3819 913 3859 ex
939 3812 1160 3874 utraque
1179 3813 1327 3875 parte
1347 3804 1632 3860 momentis
1649 3805 1940 3874 mqualibus

349 3895 450 3950 dici
471 3938 486 3962 ,
512 3905 566 3950 et
593 3896 637 3950 si
667 3895 759 3951 tibi
796 3896 968 3965 placet
991 3897 1110 3951 sine
1129 3895 1472 3951 contentione
1498 3893 1624 3965 quid
1655 3895 1942 3964 Apostolus

350 3986 546 4042 dixerit
571 3988 798 4053 intueri,
824 3988 1062 4054 adverte,
1092 3994 1152 4056 ut
1179 3987 1279 4041 hoc
1304 3986 1540 4052 diceret,
1562 3986 1688 4056 quid
1710 3987 1937 4057 agebat:

349 4088 402 4134 et
425 4080 670 4136 invenies
692 4095 787 4150 per
811 4095 972 4135 unum
999 4079 1268 4135 hominem
1290 4079 1422 4134 iram
1447 4078 1538 4133 Dei
1564 4093 1724 4149 super
1748 4079 1940 4134 buma-

349 4185 474 4224 num
501 4185 669 4240 genus
688 4210 704 4234 ,
760 4180 816 4225 et
847 4186 944 4241 per
970 4184 1134 4224 unum
1164 4169 1432 4223 hominem
1457 4168 1938 4224 reconciliationem

350 4261 482 4326 Deo,
500 4275 685 4316 eorum
705 4261 795 4330 qui
814 4276 878 4316 ex
893 4259 1232 4315 damnatione
1249 4259 1409 4314 totius
1427 4259 1634 4328 generis
1650 4259 1942 4314 liberantur

353 4351 536 4422 gratis.
568 4351 661 4406 llle
679 4362 758 4406 est
785 4351 985 4421 primus
995 4351 1157 4405 Adam
1177 4349 1342 4405 factus
1367 4365 1437 4406 ex
1465 4359 1625 4413 terra,
1640 4351 1739 4406 iste
1759 4359 1838 4405 est
1858 4365 1942 4406 se-

354 4442 558 4497 cundus
572 4442 739 4497 Adam
758 4442 923 4496 factus
935 4457 998 4497 ex
1018 4442 1226 4497 femina.
1246 4441 1352 4496 Sed
1375 4441 1444 4496 ibi
1465 4457 1559 4510 per
1574 4440 1802 4496 Verbum
1815 4457 1941 4497 caro

355 4533 491 4590 facta
507 4545 589 4590 est
603 4577 618 4602 ,
643 4535 728 4588 hic
744 4543 920 4588 autem
947 4535 1113 4603 ipsum
1134 4533 1362 4588 Verbum
1382 4549 1507 4588 caro
1528 4533 1721 4588 factum
1744 4543 1826 4589 est
1843 4551 1858 4600 ;
1882 4545 1942 4590 ut

352 4642 451 4695 per
470 4627 585 4696 ejus
603 4634 830 4681 mortem
850 4621 1103 4690 vivamus,
1122 4641 1223 4695 quo
1237 4627 1418 4680 relicto
1436 4627 1626 4680 mortui
1651 4626 1936 4683 fueramus.

351 4717 703 4782 Commendat,
727 4717 916 4787 inquit,
932 4732 1075 4770 suam
1086 4717 1375 4770 charitatem
1398 4717 1530 4770 Deus
1558 4718 1609 4770 in
1629 4717 1788 4778 nobis,
1811 4733 1938 4786 quo-

351 4811 488 4863 niam
511 4825 628 4863 cum
655 4809 827 4862 adhuc
853 4817 1137 4880 peccatores
1177 4823 1424 4874 essemus,
1456 4806 1686 4862 Christus
1724 4825 1815 4876 pro
1841 4823 1937 4862 no-

351 4901 426 4956 bis
449 4909 678 4956 mortuus
707 4910 818 4968 est;
844 4901 1002 4954 multo
1041 4900 1203 4970 magis
1240 4899 1512 4970 justi/icati
1551 4900 1682 4952 nunc
1723 4900 1777 4952 in
1815 4916 1938 4952 san-

352 4994 500 5063 guine
513 4993 693 5064 ipsius,
711 4991 838 5045 salui
857 4991 1042 5044 erimus
1057 4989 1118 5042 ab
1130 4990 1208 5043 ira
1229 5006 1316 5060 per
1335 4989 1502 5059 ipsum
1525 4988 1692 5060 (Rom.
1713 5005 1767 5055 v,
1783 4991 1835 5057 8,
1855 4991 1938 5063 9.)

425 5083 514 5137 '18.
545 5083 620 5138 De
641 5083 740 5138 hac
767 5083 844 5136 ira
879 5081 1008 5136 dicit
1030 5079 1296 5134 :‘Eramus
1316 5090 1359 5134 et
1386 5097 1476 5134 nos
1507 5088 1687 5133 natura
1714 5081 1809 5149 filii
1827 5082 1936 5150 iraa,

353 5173 482 5224 sicut
503 5181 548 5226 et
569 5174 730 5226 ceteri
755 5171 968 5243 (Ep/tes.
994 5187 1062 5235 ιι,
1094 5172 1170 5240 5).
1203 5171 1276 5225 De
1304 5171 1400 5224 hac
1427 5171 1500 5224 ira
1527 5169 1656 5224 dicit
1680 5170 1940 5227 Jeremias

357 5262 618 5333 propheta
647 5282 660 5318 :
690 5263 996 5319 Maledictus
1021 5264 1129 5318 dies
1156 5264 1209 5317 in
1243 5280 1341 5332 quo
1370 5273 1520 5316 natus
1563 5279 1674 5317 smn
1713 5263 1936 5334 (Jerem.

358 5371 462 5416 xx,
497 5354 623 5424 M).
677 5354 749 5409 De
775 5355 874 5409 hac
913 5355 991 5408 ira
1017 5355 1146 5409 dicit
1171 5364 1388 5409 sanctus
1429 5354 1531 5409 Job
1578 5373 1591 5408 :
1623 5353 1806 5410 Pereat
1835 5356 1942 5410 dies

355 5443 441 5498 ille
469 5446 520 5498 in
551 5460 652 5516 quo
680 5452 826 5499 natus
869 5462 983 5499 sum
1009 5444 1146 5519 (Job
1172 5460 1262 5510 ιιι,
1294 5443 1386 5516 5).
1433 5445 1508 5499 De
1546 5444 1648 5500 hac
1683 5446 1758 5500 ira
1813 5446 1939 5501 item

355 5536 484 5590 dicit
513 5536 652 5590 idem
677 5537 829 5605 ipse:
861 5535 1029 5591 Homo
1055 5538 1186 5591 enim
1216 5545 1364 5590 natus
1406 5551 1470 5589 ea:
1507 5535 1743 5601 muliere,
1785 5535 1941 5589 breuis

354 5629 470 5681 vita
491 5669 504 5692 ,
537 5638 584 5682 et
611 5630 790 5698 plenus
819 5628 1100 5683 iracundia:
1118 5670 1131 5691 ,
1159 5629 1284 5682 sicut
1305 5628 1400 5696 flos
1441 5626 1542 5696 feni
1569 5625 1782 5691 decidit,
1813 5627 1943 5698 fugit

356 5734 520 5776 autem
541 5721 668 5776 sicut
689 5720 865 5774 umbra
911 5728 958 5774 ct
985 5735 1085 5773 non
1109 5717 1276 5771 stabit.
1300 5714 1480 5771 Nonne
1505 5727 1552 5770 et
1591 5716 1741 5788 hujus
1764 5733 1937 5772 curam

1724 303 1923 359 LIBER
1963 298 2254 356 SEXTUS.

2057 418 2250 510 fecisti,
2285 429 2332 472 et
2359 419 2491 490 hunc
2516 424 2680 493 fecisti
2702 426 2891 484 intrare
2919 428 2971 483 in
2993 441 3260 501 conspectu
3287 443 3372 490 tuo
3399 438 3452 490 in
3482 441 3630 510 judi-

2052 509 2184 563 cium
2206 511 2232 563 ?
2281 510 2408 576 Quis
2449 513 2579 566 enim
2597 516 2692 569 erit
2735 518 3004 574 mundusa
3040 523 3314 578 sordibus?
3365 523 3450 580 Ne
3484 509 3628 583 unus

2048 602 2247 692 quidem
2277 604 2314 670 ί,
2336 605 2530 660 etiamsi
2551 611 2699 664 unius
2718 611 2816 665 diei
2842 615 2992 684 fuerit
3013 617 3112 670 vita
3135 620 3244 690 ejus
3271 639 3420 692 super
3441 633 3628 676 tenam

2050 691 2178 761 (Id.
2213 711 2331 761 xw,
2361 697 2483 765 1-5,
2507 715 2606 752 sec.
2640 701 2780 756 Lxx
2802 703 2843 776 ).
2879 707 2952 762 De
2979 707 3077 763 uae
3099 711 3174 766 ira
3200 691 3486 771 dicitliber
3517 717 3625 771 Ec-

2048 784 2384 842 clesiasticus
2413 805 2426 840 :
2468 790 2645 844 Omnis
2672 809 2792 848 caro
2812 797 2940 850 sicut
2968 801 3115 855 vestis
3144 808 3399 859 veterascit
3422 823 3441 871 ;
3467 818 3624 863 testa-

2047 885 2266 966 mentum
2288 879 2420 931 enim
2439 895 2471 931 a
2496 882 2700 948 saeculo,
2719 897 2877 939 morte
2902 892 3126 944 morieris
3153 893 3348 959 (Eccli.
3379 912 3494 964 xiv,
3527 900 3615 966 18,

2047 962 2160 1057 12).
2189 966 2425 1037 Itemque
2447 970 2559 1038 ipse
2586 989 2602 1025 :
2634 972 2679 1024 Α
2704 973 2936 1040 muliere,
2965 978 3162 1048 inquit,
3191 982 3385 1038 initium
3407 962 3486 1042 est
3505 962 3623 1057 pec;-

2045 1055 2228 1149 cati,‘et
2255 1068 2460 1149 propter
2482 1060 2623 1113 illaut
2650 1064 2892 1117 morimur
2918 1083 3088 1122 omnes
3106 1068 3213 1142 (Id.
3240 1089 3348 1130 xxv
3370 1117 3383 1140 ,
3407 1055 3532 1149 55).
3559 1081 3626 1136 Et

2047 1144 2148 1197 alio
2167 1146 2284 1200 loco
2303 1165 2315 1200 :
2339 1146 2614 1218 Occupatio
2630 1168 2813 1221 magna
2824 1166 2990 1208 creata
3010 1168 3080 1211 est
3101 1163 3234 1212 omni
3251 1163 3457 1233 homini,
3479 1144 3620 1238 etja-

2044 1250 2165 1303 gum
2205 1253 2354 1306 grave
2398 1255 2552 1309 super
2584 1240 2718 1309 filios
2745 1243 2939 1310 Adam,
2977 1264 3010 1299 a
3051 1249 3134 1302 die
3165 1252 3328 1305 exitus
3364 1256 3427 1308 de
3457 1270 3625 1314 uentre

2045 1328 2220 1380 matris
2263 1345 2436 1382 eorum
2461 1371 2475 1392 .
2515 1347 2671 1401 usque
2712 1333 2765 1386 in
2809 1333 2942 1388 diem
2995 1339 3270 1408 sepultum
3311 1343 3366 1396 in
3411 1358 3627 1401 matrem

2044 1421 2267 1474 omnium
2297 1421 2416 1493 (Id.
2446 1439 2548 1490 xc,
2582 1425 2608 1478 1
2637 1425 2676 1495 ).
2709 1425 2787 1481 De
2808 1426 2907 1481 hac
2944 1427 3022 1483 ira
3066 1430 3192 1485 dicit
3231 1433 3620 1492 Ecclesiastes:

2057 1509 2262 1564 Vanitas
2290 1513 2566 1567 vanitatum
2591 1556 2605 1581 ,
2647 1524 2695 1568 et
2720 1518 2890 1570 omnia
2912 1520 3127 1574 uanitas.
3161 1520 3287 1586 Qua:
3310 1523 3630 1582 abundantia

2043 1599 2236 1654 homini
2262 1603 2283 1633 ³
2317 1602 2368 1656 in
2399 1604 2536 1657 omni
2563 1604 2734 1659 labore
2758 1623 2879 1674 suo,
2912 1624 3010 1678 quo
3046 1609 3156 1679 ipse
3178 1610 3371 1666 laborat
3393 1614 3488 1668 sub
3515 1615 3632 1670 solt

2043 1689 2263 1761 (Eccle.
2306 1709 2361 1759 I,
2411 1694 2475 1761 2,
2508 1695 2578 1766 5)
2603 1696 2626 1750 ?
2654 1697 2730 1752 De
2758 1697 2859 1753 hac
2895 1700 2974 1754 ira
3016 1715 3117 1756 vox
3155 1704 3446 1772 apostolica
3489 1715 3573 1762 est
3603 1721 3628 1762 ς

2045 1782 2221 1838 Omnis
2249 1796 2481 1839 creatura
2519 1788 2730 1842 vastitati
2752 1790 2974 1861 subjecta
3010 1801 3082 1846 est
3112 1791 3303 1863 (Rom.
3330 1810 3454 1861 vnn,
3484 1797 3556 1852 20
3573 1797 3626 1869 ).

2041 1873 2118 1929 De
2145 1873 2246 1934 hac
2269 1875 2348 1929 ira
2377 1877 2578 1946 plangit
2601 1879 2846 1934 Psalmus
2875 1880 2896 1911 ⁸
2949 1898 2961 1933 :
3003 1881 3138 1937 Ecce
3180 1893 3364 1939 veteres
3411 1884 3629 1956 posuisti

2040 1963 2148 2018 dies
2182 1981 2316 2020 meos
2335 2007 2350 2033 ,
2382 1976 2428 2020 et
2451 1967 2726 2022 substantia
2753 1985 2863 2024 mea
2901 1979 3137 2042 tanquam
3163 1975 3377 2028 nihilum
3403 1987 3522 2031 ante
3543 1988 3623 2043 te;

2040 2066 2378 2112 verumtamen
2402 2059 2633 2114 universa
2659 2063 2855 2116 uanitas
2881 2064 3042 2116 omnis
3068 2065 3218 2118 homo
3254 2067 3420 2121 uirens
3444 2067 3618 2138 (Psal.

2042 2162 2250 2205 xxxvut
2273 2189 2288 2215 ,
2314 2147 2408 2220 6).
2443 2149 2516 2204 De
2545 2150 2649 2206 hac
2686 2152 2762 2206 ira
2794 2153 2995 2224 plangit
3016 2161 3070 2210 et
3110 2155 3246 2210 alius
3289 2173 3303 2210 :
3354 2157 3481 2223 Qua:
3527 2175 3621 2225 pro

2039 2240 2200 2295 nihilo
2227 2241 2489 2308 habentur,
2532 2258 2703 2298 eorum
2741 2246 2861 2299 anni
2889 2256 3055 2300 erunt.
3101 2246 3256 2302 Hane
3295 2249 3425 2304 sicut
3465 2251 3622 2306 herba

2041 2339 2262 2385 transeat
2285 2371 2300 2397 ,
2331 2319 2478 2386 mane
2502 2332 2683 2402 floreat
2721 2343 2768 2387 et
2812 2344 3072 2404 prtetereat
3090 2376 3106 2400 ,
3148 2352 3349 2406 uespere
3385 2340 3618 2408 decidat,

2040 2421 2270 2476 durescat
2295 2432 2341 2477 et
2365 2432 2576 2476 arescat.
2610 2423 2859 2488 Quoniam
2889 2427 3159 2496 defecimus
3203 2430 3256 2482 in
3299 2431 3377 2483 ira
3413 2441 3528 2496 tua,
3573 2443 3621 2486 et

2039 2513 2093 2566 in
2130 2513 2476 2584 indignatione
2499 2525 2587 2569 tua
2614 2515 2895 2570 conturbati
2939 2533 3133 2573 sumus.
3165 2518 3389 2574 Posuisti
3427 2523 3617 2592 iniqui-

2041 2613 2167 2660 tates
2216 2616 2413 2661 nostras
2458 2608 2512 2660 in
2564 2616 2832 2677 conspectu
2877 2617 2994 2676 tuo,
3040 2611 3282 2664 stt-culum
3310 2621 3537 2668 nostrum
3562 2616 3616 2668 in

2039 2697 2412 2752 illuminatione
2439 2699 2604 2753 vultus
2631 2699 2728 2752 tui.
2753 2698 3002 2764 Quoniam
3027 2715 3196 2754 omnes
3216 2701 3323 2755 dies
3348 2704 3506 2756 nostri
3525 2702 3617 2757 de-

2041 2793 2266 2861 fecerunt
2289 2833 2304 2858 ,
2336 2801 2382 2846 et
2407 2791 2459 2845 in
2484 2791 2562 2844 ira
2589 2801 2676 2844 tua
2701 2791 2995 2863 defecimus.
3018 2791 3153 2846 Anni
3171 2794 3328 2846 nostri
3347 2794 3474 2848 sicut
3501 2809 3620 2849 ara-

2042 2899 2136 2937 nea
2161 2884 2531 2938 meditabantur
2554 2883 2722 2956 (Psal.
2751 2900 2950 2939 unus
2972 2927 2987 2952 ,
3014 2885 3114 2941 5-9
3129 2884 3170 2956 ).

2112 2975 2200 3032 79.
2232 2976 2400 3032 Nemo
2429 2977 2683 3032 liberatur
2709 2976 2731 3009 ⁸
2767 2977 2836 3031 ab
2859 2977 2960 3032 hac
2985 2978 3062 3032 ira
3092 2977 3222 3044 Dei,
3249 2978 3348 3032 nisi
3389 2994 3486 3049 per
3508 2979 3620 3034 Me-

2045 3066 2304 3122 diatorem
2349 3067 2729 3123 reconcilietur
2778 3068 2904 3121 Deo.
2954 3067 3107 3123 Unde
3144 3068 3275 3123 dicit
3311 3070 3470 3123 etiam
3503 3071 3619 3138 ipse

2041 3157 2298 3213 Mediator
2329 3175 2343 3212 :
2379 3157 2479 3223 Qui
2526 3173 2628 3212 non
2651 3159 2808 3212 credit
2854 3156 2992 3212 Filio
3012 3199 3029 3224 ,
3053 3175 3156 3213 non
3197 3159 3396 3214 habebit
3420 3162 3574 3215 vitam
3597 3177 3617 3224 ς

2041 3248 2130 3303 sed
2155 3249 2235 3303 ira
2263 3248 2361 3303 Dei
2375 3258 2543 3304 manet
2563 3266 2718 3320 super
2740 3265 2854 3303 eum
2881 3249 2926 3320 (Ι
2954 3249 3109 3304 Joan.
3137 3265 3215 3317 ιιι,
3243 3249 3356 3324 56).
3377 3251 3494 3306 Non
3527 3252 3613 3306 di-

2043 3341 2142 3408 xit,
2172 3339 2392 3406 Veniet;
2421 3340 2534 3405 sed,
2567 3349 2733 3394 manet
2750 3357 2906 3411 super
2931 3356 3064 3394 eum.
3093 3340 3215 3396 ldeo
3241 3357 3369 3411 ergo
3396 3341 3622 3398 credunt

2042 3439 2200 3502 atque
2225 3430 2548 3486 conﬁtentur
2573 3438 2628 3485 et
2654 3430 2886 3500 majores
2915 3444 3014 3500 per
3034 3445 3129 3485 cor
3153 3441 3207 3486 et
3231 3446 3292 3486 os
3316 3432 3612 3500 proprium,

2042 3529 2097 3576 et
2150 3521 2354 3590 parvuli
2404 3535 2500 3588 per
2536 3519 2773 3574 alienum
2795 3561 2809 3582 .
2843 3529 2902 3574 ut
2947 3521 3358 3576 reconcilientur
3386 3523 3495 3577 Deo
3523 3537 3621 3592 per

2046 3621 2274 3667 mortem
2323 3610 2446 3666 Filii
2482 3610 2640 3682 ejus,
2685 3626 2754 3666 ne
2806 3611 2884 3666 ira
2935 3612 3028 3665 Dei
3068 3625 3278 3666 maneat
3314 3628 3476 3683 super
3501 3629 3619 3678 eos,

2045 3719 2179 3774 quos
2203 3704 2363 3758 etiam
2390 3702 2542 3772 origo
2583 3701 2765 3757 vitiata
2813 3701 2979 3756 efficit
3019 3717 3162 3758 reos.
3197 3704 3272 3758 De
3312 3702 3413 3758 hac
3441 3705 3622 3774 itaque

2044 3810 2104 3850 re
2131 3795 2152 3827 ⁵
2177 3795 2398 3864 loquens
2426 3791 2734 3864 Apostolus,
2757 3790 2882 3846 Cum
2906 3791 3093 3856 adhuc,
3125 3795 3312 3862 inquit,
3339 3803 3623 3862 peccatores

2045 3900 2283 3948 essemus,
2316 3882 2546 3937 Christus
2574 3898 2669 3952 pro
2695 3882 2839 3935 nobis
2881 3890 3113 3936 mortuus
3132 3891 3240 3946 est;
3265 3883 3427 3936 multo
3456 3885 3621 3954 magis

2035 3975 2305 4046 justiﬁcati
2335 3989 2468 4028 nunc
2506 3974 2560 4026 in
2587 3972 2835 4043 sanguine
2879 3973 3058 4042 ipsius,
3079 3972 3206 4026 salvi
3227 3973 3412 4028 erimus
3451 3974 3513 4026 ab
3540 3975 3622 4026 ira

2048 4083 2138 4138 per
2165 4067 2352 4138 ipsum.
2395 4064 2459 4120 Si
2499 4063 2633 4118 enim
2657 4080 2773 4118 cum
2815 4064 3004 4117 inimici
3033 4079 3288 4130 essemus,
3314 4065 3623 4118 reconciliati-

2046 4176 2220 4214 sumus
2248 4158 2353 4212 Deo
2375 4173 2463 4228 per
2487 4164 2696 4210 mortem
2727 4155 2852 4208 Filii
2881 4157 3026 4225 ejus;
3058 4156 3217 4208 multo
3241 4156 3401 4226 magis
3439 4171 3622 4210 recon-

2046 4251 2204 4305 ciliati
2228 4292 2242 4314 ,
2285 4249 2409 4303 salvi
2438 4249 2624 4302 erimus
2669 4249 2724 4301 in
2761 4247 2861 4300 vita
2885 4247 3043 4316 ipsius
3071 4262 3090 4301 .'
3117 4262 3216 4300 non
3241 4248 3405 4301 solum
3433 4259 3621 4310 autem,

2046 4342 2134 4395 sed
2162 4350 2209 4394 et
2234 4340 2506 4411 gloriantes
2521 4339 2574 4392 itt
2599 4338 2710 4392 Deo
2737 4353 2827 4407 per
2850 4336 3125 4390 Dominum
3173 4347 3396 4391 nostrum
3438 4336 3616 4392 Jesuns

2048 4431 2340 4498 Christum,
2373 4447 2460 4501 per
2484 4446 2629 4500 quem
2667 4438 2714 4482 et
2752 4444 2884 4482 nunc
2926 4428 3381 4482 reconciliationem
3422 4430 3621 4498 accepi-

2046 4541 2180 4579 mus.
2208 4521 2427 4592 PrOpter
2451 4522 2544 4574 hoc
2564 4521 2690 4574 sicut
2720 4535 2810 4589 per
2837 4535 2994 4572 unum
3016 4518 3265 4572 hominem
3290 4527 3547 4588 peccatum
3570 4518 3622 4571 in

2047 4618 2181 4670 hunc
2207 4614 2449 4668 mundum
2479 4611 2702 4672 intravit,
2727 4620 2774 4664 et
2800 4625 2888 4680 per
2930 4619 3184 4677 peccatum
3211 4624 3368 4675 mors,
3395 4617 3445 4662 et
3471 4609 3544 4662 ita
3571 4609 3623 4661 in

2047 4725 2215 4764 omnes
2235 4707 2458 4760 homines
2489 4702 2807 4773 pertransiit,
2834 4702 2887 4755 in
2937 4717 3036 4771 quo
3073 4717 3242 4754 ontues
3271 4715 3542 4772 peccaveru
3559 4709 3619 4756 st.

2046 4801 2246 4870 Nempe
2267 4798 2603 4854 manifestum
2633 4803 2753 4862 est,
2781 4803 2839 4848 ut
2881 4793 2983 4848 hoc
3023 4795 3248 4860 diceret,
3279 4794 3404 4865 quid
3431 4793 3620 4864 agebat

2048 4890 2356 4962 Apostolus.
2379 4887 2454 4942 Ite
2478 4886 2674 4948 adhuc,
2701 4895 2754 4939 et
2793 4883 2916 4940 huic
2941 4883 3381 4950 reconciliationi,
3413 4899 3533 4954 quae
3562 4882 3622 4940 fit

2049 5000 2147 5055 per
2167 4991 2391 5038 mortem
2416 4979 2535 5034 Filii
2560 4977 2674 5040 Dei,
2705 4977 2794 5046 qui
2831 4977 2944 5030 sine
2965 4984 3181 5045 peccato
3209 4975 3354 5030 venit
3381 4975 3433 5028 in
3462 4989 3622 5030 mun-

2047 5075 2195 5140 dum,
2227 5070 2523 5128 subtrahite
2552 5068 2819 5138 parvulos,
2866 5075 2924 5120 ut
2949 5076 3163 5137 prepter
3191 5081 3312 5122 eum
3341 5081 3435 5136 per
3460 5081 3621 5134 quem

2049 5175 2326 5238 peccatum
2354 5161 2568 5216 intravit
2587 5161 2638 5214 in
2683 5159 2961 5224 mundum,
2991 5158 3068 5212 ira
3100 5158 3194 5212 Dei
3224 5165 3436 5212 maneat
3461 5171 3622 5224 super

2049 5273 2162 5314 eos.
2185 5255 2427 5324 Quidhic
2453 5253 2576 5309 facit
2603 5251 2848 5319 imitatio,
2873 5264 3057 5320 quaeso
3083 5259 3157 5317 te,
3181 5250 3268 5303 ubi
3290 5248 3460 5312 audis,
3483 5247 3624 5300 Nam

2111 5506 2292 5590 :Ed'iti.
2325 5525 2545 5594 Iwmipis.
2579 5525 2880 5594 uanuscripti
2900 5525 3047 5594 juxta
3077 5534 3306 5587 graecum,
3341 5520 3539 5570 bonum.

2112 5600 2132 5631 ³
2154 5599 2226 5646 sic
2249 5587 2356 5642 Mss.
2380 5591 2499 5640 Editi
2523 5602 2659 5647 vero,
2687 5587 2958 5636 Psalmista.

2114 5660 2134 5691 ⁸
2152 5661 2223 5706 sic
2244 5662 2350 5716 Mss.
2375 5651 2512 5709 Fditi,
2531 5647 2827 5699 liberabitur.
2920 5705 2932 5716 ο

2117 5723 2136 5754 ³
2161 5721 2242 5768 Hic
2258 5715 2493 5774 addimus,
2512 5724 2582 5772 re,
2609 5722 2671 5760 ex
2697 5712 3046 5768 manuscriptts.
