4200 6496
565 312 665 370 8'“

563 427 814 482 iudicium
862 425 1061 496 quidem
1096 437 1160 475 ea:
1185 435 1288 474 uno
1329 420 1384 473 in
1427 417 1930 480 condemnationem,
1981 411 2147 486 gratia

565 528 734 572 autem
760 533 823 571 ea:
846 514 1017 569 multis
1045 511 1241 565 delictis
1265 510 1316 563 in
1333 509 1754 579 justiﬁcationem
1779 505 1956 573 (Rom.
1988 520 2023 558 v
2043 545 2060 567 ,
2087 502 2149 558 8-

565 607 655 672 12,
687 605 816 676 16)ἳ
847 603 996 659 Unde
1023 601 1195 671 gratia
1225 615 1292 654 ex
1322 599 1504 653 multis
1549 597 1761 651 delictis
1791 598 1841 649 iu
1884 593 2141 664 justifica-

564 700 802 760 tionem;
838 695 935 749 nisi
962 695 1081 763 quia
1117 701 1313 762 prteter
1334 705 1496 744 unum
1535 689 1664 743 illud
1691 688 1933 758 originis,
1967 683 2144 738 addita

567 788 732 842 multa
763 800 882 855 qua:
906 784 1063 839 simul
1091 784 1300 838 deleret
1329 780 1571 836 invenit?
1597 779 1846 848 Alioquin
1891 778 1969 831 sic
2003 783 2148 830 esset

560 893 628 933 ex
654 876 832 930 multis
861 874 1270 940 condemnatio,
1302 887 1420 943 quae
1465 869 1712 925 homines
1742 883 1904 922 unum
1934 867 2145 920 imitan-

558 967 630 1022 do
661 965 1036 1022 couuniserant
1058 982 1073 1031 ;
1099 965 1235 1020 sicut
1259 979 1324 1018 ex
1370 962 1572 1018 eisdem
1595 960 1776 1014 multis
1801 957 2142 1028 'justilicatio,

557 1057 753 1127 quibus
810 1055 1048 1110 remissis
1090 1054 1142 1108 in
1190 1053 1415 1124 gratiam
1461 1049 1816 1118 respirabant.
1862 1045 1971 1102 Sed
2020 1045 2142 1114 quia

557 1163 723 1202 unum
755 1147 882 1201 illud
909 1145 1227 1209 sufﬁciebat,
1259 1151 1476 1213 propter
1495 1138 1637 1211 quod
1666 1139 1826 1192 etiam
1852 1136 2024 1191 solum
2046 1137 2142 1190 lie-

555 1245 643 1292 ret
686 1235 1098 1298 condemnatio;
1127 1233 1309 1302 gratiae
1341 1246 1470 1286 vero
1497 1245 1603 1285 non
1642 1226 1941 1283 sufliciebat
1962 1229 1977 1258 ί
2011 1225 2142 1280 illud

560 1341 725 1385 unum
764 1326 966 1389 delere,
993 1325 1086 1380 sed
1114 1334 1168 1378 et
1193 1325 1357 1378 multa
1375 1313 1506 1392 quae
1531 1322 1738 1391 adjecta
1762 1328 1906 1385 sunt,
1936 1327 1995 1373 ut
2017 1333 2137 1372 om-

557 1418 706 1473 nium
737 1417 1050 1472 remissione
1092 1413 1578 1484 licretjustilicatio
1609 1430 1622 1465 :
1656 1411 1776 1467 ideo
1821 1411 2005 1481 utique
2053 1407 2138 1462 di-

555 1516 703 1566 ctum
729 1519 810 1563 est
829 1549 845 1575 ,
874 1506 909 1560 J
915 1507 1138 1560 udicium
1159 1522 1222 1560 ea;
1248 1522 1350 1559 uno
1377 1505 1433 1558 in
1459 1503 1949 1566 condemnationem,
1974 1499 2142 1570 gratia

555 1609 726 1654 autem
744 1612 818 1652 ea;
858 1599 1030 1651 multis
1069 1596 1264 1651 delictis
1286 1597 1340 1649 in
1369 1594 1814 1666 justiﬁcationem.
1844 1591 1974 1646 Nam
2002 1590 2143 1645 sicut

555 1705 665 1746 non
695 1690 977 1744 imitantur
1014 1688 1286 1743 Christum
1319 1687 1522 1756 parvuli
1545 1728 1561 1753 ,
1593 1686 1716 1756 quia
1747 1683 1985 1739 nondum
2016 1696 2140 1752 pos-

553 1791 702 1845 sunt,
731 1792 787 1837 et
811 1792 992 1837 tamen
1035 1780 1104 1835 ad
1132 1780 1250 1850 ejus
1275 1780 1502 1850 gratiam
1529 1777 1867 1848 spiritualem
1900 1775 2139 1846 pertine-

553 1889 616 1929 re
643 1883 904 1943 possunt:
938 1873 1008 1926 ita
1047 1871 1167 1926 sine
1197 1870 1493 1924 imitatione
1521 1867 1675 1939 primi
1727 1867 1976 1930 hominis,
2006 1881 2140 1919 eon-

554 1965 769 2034 tagione
795 1973 972 2018 tamen
1002 1978 1068 2018 ex
1093 1963 1209 2032 ipso
1235 1961 1466 2017 carnalis
1493 1958 1858 2030 generationis
1893 1956 2138 2013 obstricti

551 2065 697 2110 sunt.
745 2054 800 2110 Si
839 2067 1016 2108 autem
1045 2062 1328 2124 propterea
1368 2055 1452 2108 vis
1494 2067 1590 2107 eos
1632 2067 1664 2106 a
1715 2052 1874 2121 primi
1905 2049 2140 2104 hominis

549 2146 760 2200 alienos
787 2159 907 2199 esse
926 2153 1169 2214 peccato,
1192 2144 1314 2214 quia
1340 2158 1463 2199 eum
1491 2158 1599 2198 non
1644 2150 1768 2197 sunt
1795 2140 1984 2196 imitati
2011 2155 2137 2211 pro-

549 2235 666 2306 pria
693 2236 1002 2301 Voluntate;
1033 2236 1130 2290 ista
1161 2234 1370 2289 ratione
1412 2232 1672 2288 alienabis
1700 2247 1794 2288 eos
1831 2239 1888 2286 et
1911 2246 1943 2286 a
1981 2230 2141 2301 justi—

550 2328 626 2382 tia
647 2326 866 2395 Christi,
887 2327 1010 2398 quia
1038 2341 1139 2383 nec
1161 2327 1335 2397 ipsum
1355 2325 1546 2381 imitati
1563 2333 1686 2382 sunt
1713 2323 1926 2396 propria
1951 2323 2141 2379 volun-

548 2428 677 2476 tate.
1645 2489 1650 2492 _

593 2510 711 2566 ~80.
738 2510 873 2566 Cum
921 2525 1050 2566 vero
1075 2510 1270 2566 Multos
1291 2551 1307 2577 ,
1354 2509 1497 2578 quod
1524 2509 1655 2564 dixit
1685 2515 1897 2579 postea,
1919 2521 2027 2563 non
2057 2507 2140 2563 vis

549 2602 773 2672 intelligi
799 2617 992 2665 omnes,
1017 2601 1158 2670 quod
1188 2603 1335 2670 prius
1357 2600 1601 2665 dixerat;
1631 2617 1651 2650 ι
1681 2599 1802 2654 ideo
1825 2599 2138 2655 existimans

447 2745 458 2753 ,
560 2711 580 2746 ι
617 2693 819 2750 dictutn
848 2693 1010 2748 fuisse
1041 2694 1257 2760 multos,
1289 2708 1357 2747 ne
1385 2707 1578 2747 munies
1619 2692 2075 2763 intelligerentur:
2111 2711 2132 2746 ι

549 2784 754 2854 poteris
781 2783 880 2839 hoc
908 2783 1086 2839 dicere
1105 2795 1158 2840 et
1179 2785 1246 2839 de
1280 2785 1486 2840 semine
1511 2783 1764 2850 Abrahae,
1797 2784 1882 2839 cui
1912 2785 2139 2854 promis-

553 2888 630 2929 sa:
664 2883 791 2929 sunt
814 2890 1004 2930 omnes
1040 2885 1227 2946 gentes
1257 2873 1278 2948 (
1307 2873 1436 2930 Cen.
1487 2891 1618 2942 xxu,
1649 2876 1716 2932 18
1740 2875 1782 2947 ),
1812 2893 1917 2930 non
1949 2892 2138 2933 omnes

546 2976 737 3038 gentes
755 2967 806 3022 ei
835 2965 1002 3022 fuisse
1031 2968 1361 3037 promissas;
1383 2967 1508 3037 quia
1533 2967 1732 3021 dictum
1758 2975 1843 3022 est
1867 2967 1974 3022 alio
1993 2967 2132 3034 loco,

547 3055 756 3112 Patrem
775 3058 1048 3111 multarum
1072 3059 1294 3129 gentium
1315 3059 1460 3128 posui
1477 3067 1524 3111 te
1548 3056 1803 3130 (ld.xvu,
1827 3057 1904 3128 5).
1927 3057 2024 3114 Est
2037 3074 2131 3112 au-

552 3157 663 3203 tem
689 3162 853 3202 sanus
876 3148 1179 3203 intellectus
1195 3188 1209 3211 ,
1242 3147 1365 3202 ideo
1401 3148 1479 3202 sic
1507 3148 1740 3202 locutam
1765 3148 2092 3218 Scripturam
2117 3189 2132 3214 ,

548 3239 676 3309 quia
706 3247 929 3308 possunt
956 3253 1077 3293 esse
1099 3238 1272 3308 aliqua
1303 3238 1480 3292 omnia
1506 3280 1522 3306 ,
1555 3255 1674 3308 qua:
1696 3229 1804 3294 non
1835 3247 1960 3293 sunt
1994 3239 2135 3294 mul-

549 3338 605 3384 ta
633 3346 648 3382 :
675 3329 813 3384 sicut
841 3329 1019 3383 omnia
1068 3329 1295 3384 dicimus
1343 3329 1650 3399 Evangelia,
1691 3338 1746 3384 et
1778 3340 1955 3384 tamen
1989 3329 2134 3384 brevi

548 3436 777 3476 numero
799 3462 814 3488 ,
847 3421 898 3476 id
919 3430 1018 3482 est.
1048 3421 1402 3492 quaternario
1429 3421 1789 3476 continentur.
1831 3421 1903 3477 Et
1949 3435 2136 3476 rursus

547 3524 776 3587 possunt
806 3514 979 3585 aliqua
1008 3529 1130 3570 esse
1159 3514 1327 3570 multa
1351 3556 1366 3580 ,
1400 3529 1507 3569 non
1537 3524 1714 3570 tamen
1761 3514 1975 3570 omnia:
1999 3514 2138 3569 sicut

547 3607 747 3662 multos
765 3605 992 3661 dicimus
1028 3605 1250 3660 credere
1280 3605 1333 3660 in
1359 3605 1653 3672 Christum,
1679 3620 1780 3661 nec
1815 3613 1994 3660 tamen
2019 3619 2135 3660 om-

547 3713 644 3753 nes
669 3679 911 3752 credunf.
941 3695 1064 3750 Non
1109 3697 1243 3750 enim
1269 3698 1497 3750 omnium
1525 3707 1595 3752 est
1617 3696 1767 3765 ﬁdes,
1798 3697 1879 3752 ait
1906 3700 2135 3767 Aposto-

545 3790 632 3847 lus
660 3790 728 3862 (ll
768 3789 941 3846 Thess.
971 3806 1051 3856 ιιι,
1080 3788 1158 3862 2).
1191 3789 1342 3856 Quod
1383 3799 1561 3844 autem
1591 3789 1791 3844 dictum
1811 3799 1913 3856 est,
1946 3788 2011 3843 In
2049 3806 2133 3843 se-

527 3883 682 3937 mine
710 3892 795 3936 tuo
822 3881 1175 3936 benedicentur
1201 3898 1374 3936 omnes
1401 3891 1601 3952 gentes;
1629 3891 1683 3937 et
1701 3922 1718 3949 ,
1771 3881 1982 3936 Patrem
2009 3881 2136 3935 ntul-

545 3982 715 4027 tarum
761 3974 982 4044 gentium
1028 3975 1173 4043 posui
1203 3983 1248 4027 te
1278 3989 1298 4026 :
1323 3973 1538 4028 easdem
1567 3989 1788 4039 omnes,
1808 3975 2033 4039 multas;
2080 3983 2134 4030 ct

546 4063 765 4120 easdem
793 4066 1008 4130 multas,
1039 4078 1230 4119 omnes
1245 4077 1367 4120 esse
1383 4075 1736 4119 monstratum
1755 4077 1857 4121 est.
1879 4065 1951 4120 Ita
1969 4065 2131 4120 etiam

551 4169 675 4210 cum
702 4156 905 4211 dictum
931 4166 1033 4223 est,
1061 4155 1164 4210 Per
1187 4171 1350 4210 unum
1378 4156 1428 4210 in
1455 4171 1644 4212 omnes
1667 4157 1923 4212 transisse
1949 4171 2137 4227 pecca-

545 4253 692 4308 tum;
723 4253 779 4300 et
800 4256 1005 4315 postea,
1036 4246 1141 4300 Per
1180 4245 1338 4300 uni-us
1369 4246 1783 4302 inobedirntiam
1824 4258 2134 4318 peceatores

547 4336 867 4390 constitutos
910 4337 1144 4390 multos:
1171 4336 1273 4408 ipsi
1317 4347 1443 4391 sunt
1483 4337 1634 4392 multi
1659 4379 1675 4403 ,
1707 4339 1797 4408 qui
1841 4347 1896 4393 et
1920 4353 2128 4393 omnes.

545 4427 806 4483 Similiter
833 4442 952 4482 cum
984 4427 1186 4482 dictum
1209 4436 1312 4492 est,
1344 4427 1449 4482 Per
1469 4429 1618 4482 unius
1639 4429 2058 4499 justiﬁcationem
2081 4429 2134 4483 in

545 4534 720 4573 omnes
741 4519 989 4583 homines,
1019 4518 1087 4572 ad
1107 4515 1530 4589 justiﬁcationem
1553 4519 1702 4584 uiue;
1732 4531 1787 4575 et
1813 4535 2003 4576 rursus
2039 4519 2128 4574 di-

545 4620 690 4666 ctum
728 4619 844 4676 est,
881 4610 984 4666 Per
1027 4613 1176 4667 unius
1221 4611 1554 4666 obedientiam
1591 4613 1721 4682 justi
1769 4616 2136 4669 constituentur

546 4705 694 4758 multi
717 4703 892 4774 (Rom.
924 4719 980 4772 ν,
1007 4704 1096 4769 ιε,
1126 4705 1216 4772 18,
1256 4705 1350 4774 19)
1385 4722 1399 4757 :
1427 4720 1534 4760 non
1559 4705 1824 4775 aliquibus
1848 4706 2084 4775 exceptis
2112 4745 2131 4772 ,

545 4795 640 4852 sed
671 4796 888 4851 eosdem
915 4796 1130 4861 multos,
1149 4809 1339 4852 omnes
1363 4806 1574 4864 oportet
1601 4797 1818 4866 intelligi
1845 4813 1858 4850 :
1883 4810 1990 4850 non
2011 4796 2133 4866 quia

544 4903 736 4945 omnes
765 4889 1376 4959 hominesjustillcantur
1397 4889 1447 4942 in
1463 4887 1710 4954 Christo;
1738 4888 1831 4944 sed
1861 4889 1985 4958 quia
2013 4903 2133 4942 om-

543 4995 641 5037 nes
675 4979 766 5051 qui
800 4979 1196 5050 justilicantur,
1247 4993 1354 5034 non
1396 4979 1552 5036 aliter
1598 4987 1824 5050 possunt
1854 4979 2132 5047 iustiﬁcari

546 5089 708 5144 quatn
739 5073 792 5128 in
813 5072 1050 5128 Christo.
1097 5073 1247 5128 Sicut
1263 5086 1558 5141 possumus
1583 5071 1792 5136 dicere,
1822 5071 1875 5124 in
1901 5070 2130 5141 aliquam

542 5167 763 5221 domum
821 5181 916 5234 per
945 5178 1102 5218 unam
1131 5164 1348 5233 ianuam
1395 5163 1590 5218 intrare
1619 5175 1838 5227 omnes;
1871 5176 1976 5216 non
2007 5162 2131 5232 quia

543 5273 734 5314 omnes
767 5257 1012 5312 homines
1039 5257 1238 5310 intrant
1260 5257 1312 5309 in
1336 5255 1580 5309 eamdem
1609 5252 1850 5318 domum,
1890 5253 1984 5307 sed
2009 5254 2131 5323 quia

541 5365 705 5406 nemo
738 5349 900 5402 intrat
938 5345 1040 5401 nisi
1085 5361 1181 5415 per
1206 5346 1370 5399 illam.
1406 5344 1605 5398 Omnes
1633 5358 1760 5411 ergo
1804 5343 1871 5397 ad
1903 5351 2128 5397 mortem

547 5460 641 5514 per
669 5441 863 5504 Adam,
894 5454 1086 5494 omnes
1117 5438 1181 5493 :ad
1208 5441 1366 5492 vitam
1390 5453 1486 5507 per
1513 5436 1806 5490 Christum.
1839 5437 1968 5504 Quia
1995 5437 2126 5491 sicut

543 5536 599 5589 in
626 5534 792 5588 Adam
817 5547 992 5585 omnes
1018 5530 1322 5595 moriuntur,
1348 5531 1418 5582 ita
1440 5536 1484 5581 et
1509 5527 1561 5579 in
1583 5525 1782 5604 Christo
1805 5543 1975 5582 omnes
2002 5527 2130 5582 uiri-

546 5687 860 5795 cigbgtntuor
894 5687 1097 5736 Vaticani
1139 5693 1244 5738 uss.
1263 5721 1278 5748 ,
1320 5683 1482 5752 gratia
1536 5693 1644 5730 vero
1689 5694 1782 5735 non
1815 5685 1968 5739 solum
1999 5683 2131 5752 sufi-

1361 296 1634 360 CONTRA
1673 297 2016 358 JULIANUM
2057 296 2520 368 PELAGIANUM,
2560 301 2618 360 S.
2657 306 3024 367 AUCUS’I‘lNI

3720 327 3829 385 87-2

2248 419 2550 490 ficabuntur
2573 419 2615 477 (Ι
2646 420 2770 476 Cor.
2808 439 2898 488 xv,
2925 421 3018 494 22)
3045 439 3059 477 :
3087 421 3142 478 id
3170 429 3294 488 est,-
3326 437 3392 479 ex
3424 421 3601 492 prima
3623 421 3836 491 origine

2248 513 2463 581 generis
2498 513 2719 568 humani
2768 531 2927 570 nemo
2960 516 3028 570 ad
3052 525 3280 571 mortem
3305 515 3409 570 nisi
3440 530 3536 585 per
3555 515 3752 582 Adam,
3779 527 3838 571 et

2247 617 2408 657 nemo
2420 619 2516 674 per
2528 604 2699 658 Adam
2712 606 2816 661 nisi
2838 608 2905 661 ad
2931 617 3159 662 mortem
3177 623 3192 672 ;
3217 616 3272 660 et
3288 623 3446 662 nemo
3459 608 3527 662 ad
3541 608 3710 660 vitam
3727 607 3838 665 nisi

2246 706 2348 763 per
2361 693 2662 760 Christum,
2693 703 2748 750 et
2770 711 2929 752 nemo
2957 710 3055 766 per
3071 696 3348 752 Christum
3380 697 3484 752 nisi
3513 698 3581 752 ad
3606 698 3797 752 vitam.

2317 784 2410 841 81.
2439 785 2550 840 Vos
2588 793 2771 840 autem
2801 787 2928 857 dum
2976 801 3082 841 non
3127 800 3333 850 omnes,
3368 785 3462 840 sed
3504 785 3702 841 multos
3722 787 3838 842 sive

2247 891 2346 948 per
2389 875 2582 940 Adam,
2607 879 2996 934 condemnatos
3016 893 3155 944 esse,
3181 880 3294 933 sive
3335 893 3434 949 per
3464 877 3740 934 Christum
3769 879 3838 934 li-

2247 968 2466 1024 beratos
2495 969 2659 1024 vultis
2705 971 2954 1039 intelligi,
2985 971 3257 1026 horrenda
3297 970 3649 1042 perversitate
3692 971 3838 1028 chri-

2247 1059 2436 1114 stianze
2451 1060 2694 1129 religioni
2711 1063 2844 1116 estis
2863 1061 3064 1118 infesti.
3082 1063 3139 1117 Si
3156 1063 3300 1117 enim
3325 1062 3457 1118 salvi
3481 1073 3642 1118 erunt
3668 1063 3835 1134 aliqui

2247 1147 2366 1203 sine
2407 1148 2646 1214 Christo,
2688 1161 2742 1205 et
2783 1151 3154 1219 justiﬁeantur
3201 1153 3368 1221 aliqui
3423 1153 3542 1208 sine
3581 1154 3831 1221 Christo;

2247 1253 2377 1310 ergo
2397 1239 2646 1295 Christus
2676 1242 2853 1312 gratis
2875 1251 3124 1298 mortuus
3143 1252 3246 1298 est.
3271 1243 3406 1297 Erat
3433 1243 3578 1298 enim
3607 1252 3662 1298 et
3694 1245 3838 1301 alius

2246 1330 2457 1396 modus,
2491 1331 2633 1386 sicut
2659 1331 2846 1398 vultis,
2878 1332 2933 1387 in
2977 1341 3200 1398 natura,
3221 1333 3277 1387 in
3305 1333 3476 1388 libero
3505 1333 3750 1398 arbitrio,
3777 1335 3836 1390 in

2245 1405 2361 1475 lege
2403 1409 2656 1472 naturali,
2687 1411 2799 1464 sive
2825 1414 3130 1492 conscripta
3151 1454 3165 1476 ,
3197 1429 3305 1483 quo
3357 1425 3574 1484 possent
3618 1417 3750 1470 salvi
3779 1427 3837 1472 et

2240 1495 2368 1564 justi
2413 1511 2536 1553 esse
2579 1500 2670 1568 qui
2714 1500 2932 1555 vellent.
2963 1501 3141 1557 iustas
3171 1499 3352 1559 autem
3400 1505 3658 1576 imagines
3701 1507 3832 1573 Dei,

2244 1588 2363 1657 quis
2389 1588 2491 1642 nisi
2535 1589 2760 1659 injustas
2790 1591 3099 1663 prohiberet
3137 1609 3168 1648 a
3205 1610 3371 1665 regno
3411 1597 3539 1651 Dei?
3569 1598 3664 1654 llic
3699 1599 3836 1654 forte

2243 1677 2378 1736 dicis
2405 1696 2419 1732 :
2443 1679 2549 1735 Sed
2573 1682 2776 1736 facilius
2803 1698 2897 1752 per
2917 1683 3209 1738 Christum.
3237 1685 3501 1750 Numquid
3525 1701 3630 1741 non
3656 1696 3837 1757 posset

2243 1771 2404 1826 etiam
2433 1772 2500 1828 de
2535 1774 2653 1844 lege
2691 1774 2797 1829 dici
2820 1792 2834 1828 :
2861 1776 2956 1830 Est
2985 1791 3080 1845 per
3109 1775 3282 1848 legem
3307 1778 3542 1847 justitia.
3573 1779 3666 1834 sed
3706 1779 3837 1835 faci-

2243 1861 2347 1916 lius
2382 1877 2476 1932 per
2505 1861 2813 1920 Christum?
2843 1865 2911 1920 Et
2959 1875 3137 1922 tamen
3167 1868 3241 1922 ait
3286 1868 3574 1937 Apostolus
3595 1911 3609 1933 ,
3643 1869 3706 1925 Si
3743 1885 3837 1940 per

2243 1952 2400 2024 legem
2413 1955 2640 2025 justitia,
2656 1971 2774 2026 ergo
2791 1955 3023 2012 Christus
3037 1961 3196 2029 gratis
3213 1968 3444 2012 mortuus
3459 1970 3530 2014 est
3551 1959 3745 2030 (Colat.
3772 1975 3832 2025 ιι,
3927 2003 3930 2006 .

2241 2045 2355 2116 21).
2385 2045 2500 2100 Νοιι
2527 2056 2610 2102 est
2636 2047 2814 2118 itaque
2844 2059 3040 2118 praeter
3067 2065 3228 2104 llttllm
3272 2050 3620 2106 mediatorem
3648 2051 3743 2106 Dei
3769 2060 3826 2107 et

2243 2135 2557 2206 hominum,
2590 2137 2861 2194 hominem
2898 2137 3168 2195 Christum
3192 2139 3375 2196 Jesum
3403 2141 3445 2210 (Ι
3480 2140 3611 2195 Tim.
3641 2157 3699 2208 ιι,
3727 2142 3787 2212 5)
3809 2181 3828 2208 ,

2242 2226 2383 2282 aliud
2411 2243 2608 2284 nomen
2654 2229 2757 2284 sub
2788 2231 2963 2298 cmlo,
2994 2230 3046 2284 in
3075 2246 3183 2301 quo
3212 2241 3456 2301 oporteat
3496 2232 3674 2286 salvos
3714 2232 3835 2288 fieri.

2242 2335 2343 2385 nos
2367 2319 2500 2393 (Act.
2529 2337 2605 2388 Iv,
2628 2320 2740 2395 12).
2764 2323 2830 2377 Et
2856 2322 2976 2377 ideo
3000 2322 3198 2378 dictmn
3227 2333 3327 2390 est,
3353 2322 3418 2378 In
3439 2322 3639 2379 Christo
3659 2340 3832 2378 omnes

2241 2412 2936 2483 uiuiﬁcabuntur:quouiam
2961 2415 3031 2472 ,in
3069 2415 3163 2469 illo
3205 2415 3344 2470 Deus
3387 2415 3631 2470 definivit
3671 2415 3831 2474 Iidem

2241 2503 2492 2558 omnibus
2515 2544 2531 2570 ,
2561 2504 2827 2560 suscitans
2873 2505 3034 2570 illum.
3063 2521 3096 2559 a
3135 2506 3360 2560 mortuis
3408 2504 3521 2576 (Id.
3553 2523 3681 2573 xvu,
3713 2505 3828 2579 5i).

2245 2593 2491 2649 Vestrum
2532 2605 2711 2650 autem
2749 2596 2944 2665 dogma
2973 2597 3026 2651 id
3054 2597 3378 2667 persuadere
3415 2607 3659 2663 conatur,
3689 2599 3833 2654 velut

2241 2686 2526 2756 inculpatae
2580 2689 2958 2758 przedieatione
3000 2699 3239 2756 naturae,
3286 2699 3341 2746 et
3386 2693 3638 2760 potentia:
3679 2690 3832 2746 liberi

2239 2776 2475 2844 arbitrii,
2505 2787 2561 2833 et
2590 2779 2720 2850 legis
2745 2780 2859 2835 sive
2889 2782 3146 2858 naturalis
3168 2782 3282 2836 sive
3312 2796 3407 2852 per
3428 2782 3646 2854 Moysen
3667 2782 3826 2844 datae,

2243 2876 2302 2922 ut
2323 2879 2378 2925 et
2402 2870 2445 2924 si
2475 2886 2611 2940 opus
2639 2873 2730 2938 sit,
2763 2887 2986 2928 necesse
3013 2881 3190 2929 tamen
3221 2890 3326 2928 non
3358 2875 3428 2929 sit
3451 2874 3519 2929 ad
3559 2875 3830 2930 Christum

2242 2973 2342 3029 pro
2381 2968 2585 3018 aeterna
2633 2964 2806 3018 salute
2835 2965 3061 3019 transire
3083 2982 3097 3018 :
3119 2979 3186 3019 eo
3213 2964 3354 3035 quod
3387 2979 3482 3035 per
3518 2980 3830 3021 sacramen-

2241 3058 2354 3105 tum
2393 3054 2582 3108 mortis
2619 3063 2674 3109 et
2714 3055 3122 3109 resurrectionis
3151 3053 3268 3123 ejus
3297 3055 3363 3124 (si
3392 3063 3570 3110 tamen
3600 3055 3682 3109 vel
3721 3054 3829 3110 hoc

2240 3144 2458 3216 potatis)
2486 3146 2819 3201 commodior
2846 3147 2931 3200 via
2969 3146 3074 3212 sit,
3104 3161 3208 3200 nou
3243 3145 3407 3216 quod
3435 3147 3541 3200 alia
3583 3147 3668 3200 via
3697 3160 3820 3203 esse

2241 3249 2350 3289 non
2408 3237 2594 3304 possit.
2646 3235 2798 3311 unde
2838 3245 3093 3305 quantum
3143 3250 3240 3290 vos
3283 3235 3542 3291 detestari
3593 3234 3830 3292 debeant

2240 3323 2524 3380 Christiani
2546 3323 2970 3392 considerantes,
3000 3325 3305 3381 renuntiate
3329 3326 3344 3356 ⁸
3374 3325 3526 3380 vobis
3550 3325 3712 3382 etiam
3741 3333 3827 3381 ta-

2240 3415 2482 3471 centibus
2513 3415 2686 3469 nobis.

2309 3504 2536 3561 CAPUT
2574 3503 2741 3560 XXV.
2769 3535 2840 3546 —
2864 3505 3148 3574 82.,Quod
3187 3520 3315 3562 vero
3351 3520 3528 3562 causa:
3568 3515 3675 3563 tua:
3720 3521 3823 3578 po-

2238 3605 2496 3653 stremum
2523 3606 2578 3652 et
2601 3599 2750 3667 quasi
2778 3597 3124 3652 fortissimum
3147 3597 3564 3665 firmamentum,
3595 3598 3829 3669 prophe-

2247 3689 2409 3743 ticum
2437 3688 2798 3743 testimoniusn
2829 3703 2950 3744 esse
2973 3688 3217 3752 voluisti,
3253 3688 3340 3742 ubi
3371 3703 3467 3758 per
3493 3689 3828 3745 Ezechielem

2238 3780 2438 3836 dictum
2469 3779 2730 3850 legimus,
2761 3779 2913 3848 Quod
2955 3794 3061 3834 non
3091 3782 3195 3834 erit
3231 3780 3478 3848 parabola
3500 3822 3514 3844 ,
3543 3796 3645 3850 qua
3683 3780 3832 3836 dice—

2241 3870 2388 3938 bant,
2416 3881 2668 3943 parentes
2695 3886 2825 3926 uvas
2854 3871 3077 3926 acerbas
3100 3869 3309 3935 edisse,
3335 3881 3390 3926 et
3425 3871 3616 3926 dentes
3644 3873 3830 3926 obstu-

2240 3964 2458 4034 puisse'
2485 3966 2748 4028 ﬁliorum;
2786 3978 2884 4018 nec
2920 3964 3176 4018 morietur
3205 3963 3346 4017 filius
3383 3963 3436 4017 in
3480 3973 3701 4033 peccato
3726 3977 3828 4034 pa-

2241 4056 2356 4122 tris,
2389 4071 2489 4111 nec
2523 4065 2672 4123 pater
2708 4055 2760 4109 in
2795 4064 3014 4124 peccato
3045 4054 3174 4119 lilii,
3207 4039 3302 4108 sed
3345 4055 3519 4110 anima
3555 4070 3674 4125 quae
3705 4069 3832 4124 pec-

2237 4156 2325 4202 cat
2345 4147 2366 4178 ³
2393 4147 2505 4216 ipsa
2538 4146 2796 4201 morietur
2824 4144 3040 4212 (Ezech.
3073 4160 3218 4210 xvut,
3251 4144 3372 4215 2-4)
3398 4163 3410 4197 ;
3436 4160 3540 4199 non
3577 4145 3830 4216 intelligis

2241 4239 2380 4294 hanc
2409 4253 2530 4293 esse
2575 4237 2977 4307 promissionem
3009 4236 3338 4292 Testamculi
3370 4237 3537 4303 Novi,
3569 4246 3626 4292 et
3666 4237 3826 4306 spiri-

2239 4331 2397 4388 tualis
2422 4329 2751 4400 luereditatis
2773 4329 2840 4384 ad
2867 4329 3090 4382 alterum
3120 4331 3376 4384 saeculum
3408 4331 3745 4400 pertinentis.
3767 4331 3826 4386 Id

2238 4425 2381 4479 enim
2405 4423 2516 4493 agit
2541 4423 2710 4494 gratia
2738 4423 3134 4493 Redemptoris,
3161 4433 3217 4478 ut
3242 4434 3520 4493 paternum
3551 4425 3826 4496 chirogra-

2239 4515 2402 4586 phum
2441 4514 2618 4570 deleat
2647 4514 2869 4582 (Coloss.
2901 4529 2971 4578 ιι,
3003 4513 3132 4581 14),
3163 4524 3219 4570 et
3248 4515 3608 4585 unusquisque
3647 4531 3742 4585 pro
3768 4531 3828 4572 se

2240 4608 2504 4662 rationem
2535 4605 2742 4661 reddat.
2771 4606 3042 4659 Caeterum
3070 4620 3229 4674 quam
3271 4603 3438 4660 multa
3482 4607 3590 4660 siut
3617 4606 3826 4662 divina-

2238 4716 2358 4756 rum
2391 4699 2690 4755 testimonia
2716 4697 3037 4752 Litterarum
3059 4738 3072 4761 ,
3104 4713 3224 4766 quae
3270 4707 3548 4767 parentum
3595 4701 3827 4770 peccatis

2239 4791 2477 4861 obligant
2507 4790 2664 4853 lilios,
2697 4802 2981 4842 numerare
3006 4787 3126 4856 quis
3155 4789 3364 4858 possit?
3394 4789 3504 4843 Cur
3529 4791 3672 4844 enim
3699 4804 3826 4860 pec-

2239 4883 2382 4938 cavit
2403 4881 2592 4947 Cham,
2615 4889 2671 4934 et
2695 4879 2746 4933 in
2769 4877 2884 4948 ejus
2902 4877 3064 4932 lilium
3085 4878 3338 4934 Chanaan
3365 4879 3596 4936 vindicta
3623 4883 3827 4951 prolata

2239 4983 2324 5030 est
2353 4972 2502 5042 (Gen.
2535 4987 2610 5038 Ix,
2637 4970 2729 5037 22,
2751 4971 2842 5035 24,
2867 4969 2997 5043 9.5)?
3020 4971 3130 5026 Cur
3156 4987 3252 5042 pro
3279 4982 3499 5042 peccato
3524 4972 3828 5029 Salomonis

2241 5067 2379 5121 filius
2407 5065 2525 5133 ejus
2546 5063 2896 5118 diminutione
2915 5065 3059 5134 regni
3085 5065 3300 5133 punitus
3323 5075 3406 5120 est
3434 5064 3526 5134 (ΙΙΙ
3553 5063 3679 5136 Reg.
3703 5068 3828 5135 xu)?

2241 5158 2352 5213 Cur
2377 5167 2721 5228 peccatorum
2753 5155 2939 5211 Achab
2977 5157 3116 5225 regis
3146 5157 3302 5211 Israel
3349 5157 3401 5211 in
3443 5158 3560 5228 ejus
3583 5167 3828 5229 posteros

2241 5265 2396 5321 pinna
2423 5250 2583 5304 dilata
2634 5257 2718 5303 est
2765 5248 2876 5318 (Id.
2909 5248 3062 5319 xxi)?
3089 5249 3286 5319 thuid
3311 5249 3504 5320 legitur
3544 5251 3597 5304 in
3629 5252 3830 5306 sanctis

2239 5343 2435 5406 Libris,
2470 5341 2705 5395 Reddens
2731 5350 2935 5411 peccata
2975 5350 3178 5409 patrum
3201 5341 3256 5393 in
3285 5341 3452 5394 sinum
3491 5340 3716 5409 ﬁliorum
3744 5359 3829 5396 eo—

2239 5451 2353 5490 rum
2380 5443 2490 5505 post
2517 5449 2602 5487 eos
2632 5430 2841 5502 (Jerem.
2869 5446 3048 5496 χχχιι,
3081 5429 3170 5501 18)
3194 5446 3209 5496 ;
3237 5441 3310 5498 et,
3357 5431 3594 5488 Redderes
3620 5445 3826 5506 peccata

2304 5623 2320 5654 ¹
2341 5621 2414 5670 sic
2435 5627 2540 5668 Mss.
2560 5623 2616 5665 At
2638 5615 2776 5668 editi.
2797 5614 3088 5665 renuntiant.

2304 5684 2397 5748 {tu
2432 5689 2572 5738 διεδ..
2607 5673 2921 5748 obstipuisse;
2964 5688 3014 5729 et
3059 5675 3214 5738 infra,
3260 5675 3606 5741 ob..tipuerunt.

2309 5744 2330 5778 ³
2351 5749 2472 5794 Tres
2487 5749 2613 5804 3155.,
2634 5744 2917 5807 peccaven't.
