2071 3234
198 173 253 203 ⁸73

196 234 296 265 patrum
310 229 336 257 in
349 230 417 265 ﬁlias
430 238 508 267 usque
519 231 544 258 in
560 231 658 259 tertiam
671 237 695 261 et
710 238 824 268 quartam
842 235 985 270 progeniem

196 274 292 309 (Exod.
310 283 359 308 xx,
375 275 402 311 5)
414 275 425 301 'i
439 275 488 310 Qui
506 284 633 304 numerus
646 278 724 305 etiam
748 287 796 314 pro
816 280 986 308 universitate

194 321 279 356 accipi
304 325 401 356 potest.
427 321 560 357 Numquid
583 323 640 351 haec
661 323 726 351 falsa
751 326 829 352 sunt?
849 326 914 359 Quis
936 326 986 354 hoc

195 366 301 400 dixerit,
318 368 367 394 nisi
382 368 532 394 divinorum
552 369 717 403 eloquioruin
735 372 917 405 apertitsiinus
934 373 983 398 ini-

195 412 297 439 micus?
309 411 362 440 Sed
377 413 490 440 carnalis
504 415 640 448 generatio
654 416 732 442 etiam
748 418 833 450 pepuli
848 418 892 443 Dei
904 419 984 452 perti—

194 465 258 485 nens
266 457 299 485 ad
309 458 506 486 Testamentum
516 465 599 492 vetus,
609 461 677 495 quod
686 462 709 488 in
717 462 868 489 servitutem
877 470 985 498 generat

197 503 296 538 (Galat.
312 513 346 536 iv,
358 504 415 540 24),
433 511 571 539 parentum
590 507 702 541 peccatis
716 508 814 542 obligat
831 509 911 541 ﬁlios;
928 510 983 544 spi-

193 550 296 577 I‘ilualis
318 555 406 577 autent
427 552 564 585 generatio
580 552 586 566 ί
605 572 612 583 ,
629 552 697 578 sicut
719 553 920 587 htcreditatein,
948 555 982 581 ita

194 602 333 629 poenarum
345 601 421 631 atque
442 597 614 631 prmmiorum
630 599 851 626 couiminationes
866 601 979 634 promis-

194 642 333 677 sionesque
351 643 472 669 mutavit.
488 643 563 676 Quod
575 644 715 678 Propheta:
733 645 758 671 in
772 646 865 679 spiritu
880 647 979 680 prteri-

192 686 295 719 dentes,
308 688 355 714 ista
368 688 491 715 dixerunt
504 696 510 719 ;
532 689 578 715 sed
591 690 710 723 apertius
722 690 851 717 Jeremias
864 701 870 718 :
883 690 914 717 In
927 692 979 717 die-

189 732 233 757 bus
260 732 320 764 illis,
345 732 439 766 inquit,
463 742 512 759 non
538 734 629 765 dicent,
650 734 739 761 Patres
765 736 979 762 ηιιιηιιιιίαυιινιιηι

188 785 261 803 uvam
280 778 406 810 acerbam,
427 783 451 805 et
475 779 560 806 dentes
586 780 697 813 ﬁliorum
722 781 921 816 obstupuerunt:
936 782 979 807 sed

187 824 358 859 unusquisque
372 824 399 851 in
412 833 458 852 suo
470 830 571 860 peccato
585 828 720 859 morietur,-
731 833 755 854 et
773 829 827 863 ejus
843 829 886 863 qui
907 837 981 855 man-

188 868 315 896 ducauerit
334 878 408 897 uvam
422 871 538 898 acerbth
551 892 558 905 ,
581 872 753 907 obstupescent
768 874 778 888 ¹
792 874 876 900 dentes
888 875 976 909 ipsius.

186 914 290 950 Nempe
316 916 486 943 manifestum
501 922 551 950 est,
569 917 602 944 ita
624 917 674 945 hoc
691 919 846 953 prophetice
859 928 977 953 pronun-

189 961 246 988 tiari
260 983 266 993 ,
280 963 349 989 sicut
368 963 454 997 ipsum
468 963 667 991 Testamentum
684 973 800 998 novum,
820 966 889 1000 quod
906 968 976 1001 prius

188 1006 320 1033 occultum
335 1007 383 1034 fuit
393 1029 400 1040 ,
415 1013 441 1035 et
455 1016 501 1043 per
512 1009 646 1036 Christum
664 1015 755 1044 postea
766 1011 910 1038 revelatum
926 1017 975 1038 est.

187 1050 322 1086 Denique,
341 1060 374 1079 ne
402 1061 450 1080 nos
470 1059 608 1081 moverent
621 1062 652 1081 ea
672 1063 731 1089 qua:
758 1057 975 1088 counnemorari,

185 1102 211 1124 et
237 1103 333 1126 caetera
358 1099 509 1134 huiusmodi
525 1101 635 1134 plurima
659 1101 692 1127 de
713 1102 855 1128 reddendis
869 1103 894 1128 in
908 1102 976 1130 ﬁlios

185 1143 302 1178 peccatis
316 1149 471 1178 parentum,
485 1154 543 1180 qua:
557 1146 646 1180 utique
658 1147 787 1173 veraciter
796 1148 891 1181 scripta
904 1153 974 1181 sunt,

185 1189 227 1216 et’
248 1190 310 1217 huic
335 1191 480 1226 prophetia:
501 1193 631 1219 contraria
656 1198 826 1226 putarentur;
850 1195 976 1221 continuo

185 1236 265 1263 solvit
280 1237 357 1264 istam
378 1237 596 1265 molestissimam
611 1239 797 1273 quaistionem,
812 1239 975 1274 conjungen-

186 1281 221 1309 do
235 1287 313 1317 atque
326 1283 437 1311 dicendo
450 1291 456 1310 :
473 1283 539 1311 Ecce
554 1284 606 1310 dies
622 1285 731 1316 veniunt,
753 1285 813 1311 dicit
831 1285 954 1312 Dominus
964 1307 971 1318 ,

185 1332 209 1354 et
229 1330 408 1356 consummabo
430 1330 512 1356 domui
540 1329 622 1357 Israel
642 1335 664 1356 et
680 1331 766 1357 domui
782 1331 853 1357 Juda
880 1332 974 1359 Testa~

185 1380 298 1401 mentum
314 1384 412 1408 novum,
425 1384 473 1403 non
484 1377 622 1403 secundant
635 1376 820 1404 Testamentum
840 1379 907 1413 quod
922 1379 973 1405 dis-

184 1423 256 1455 posui
271 1422 383 1456 patribus
394 1430 478 1449 eorum
491 1422 597 1457 (Jerem.
614 1431 686 1455 xxxi,
699 1423 805 1458 29-52).
819 1424 845 1450 ln
859 1425 910 1452 hoc
923 1425 972 1459 igi-

182 1472 226 1495 tur
237 1467 405 1496 Testamento
416 1477 484 1496 novo
500 1477 546 1503 per
557 1470 712 1504 sanguinem
730 1471 864 1497 testatoris
875 1470 885 1485 ‘
898 1470 972 1498 dele-

182 1516 209 1539 to
224 1518 334 1547 paterno
346 1514 534 1549 chirographo,
549 1515 641 1549 incipit
658 1515 737 1542 homo
749 1516 864 1550 paternis
877 1516 974 1543 debitis

181 1565 233 1585 non
250 1566 308 1585 esse
322 1559 455 1586 obnoxius
466 1561 633 1587 renascendo
645 1581 651 1592 ,
664 1561 759 1595 quibus
773 1561 905 1588 nascendo
916 1562 974 1589 fue-

179 1609 219 1631 rat
231 1604 373 1640 obligatus,
389 1606 446 1640 ipso
459 1605 603 1633 Mediatore
617 1606 731 1639 dicente,
746 1606 785 1633 Ne
795 1607 862 1634 vobis
876 1613 973 1642 patrem

178 1650 268 1677 dicatis
280 1651 306 1678 in
317 1656 384 1678 terra
397 1651 502 1686 (Matth.
515 1660 589 1685 xxut,
599 1652 626 1688 9)
639 1652 795 1680 :secundum
808 1653 857 1680 hoc
870 1654 971 1688 utique,

180 1697 253 1730 quod
268 1697 334 1724 alios
348 1698 450 1725 natales
474 1698 569 1733 quibus
595 1706 647 1725 non
664 1699 731 1733 patri
746 1699 949 1727 succederemus
962 1721 969 1734 ,

180 1742 228 1769 sed
242 1750 302 1769 cum
319 1748 393 1777 patre
414 1751 519 1778 semper
532 1745 691 1778 viveremus,
706 1746 865 1773 invenimus.

215 1786 328 1816 CAPUT
348 1788 441 1816 XXVI.
452 1789 541 1817 ~83.
554 1790 593 1817 Ad
606 1790 694 1817 omnia
705 1798 748 1818 me
762 1791 809 1817 tibi
821 1791 973 1826 respondis-

179 1840 219 1865 se,
234 1833 349 1867 Juliane,
364 1838 391 1861 et
402 1835 489 1862 omnia
504 1835 643 1868 refellisse,
655 1836 749 1870 quibus
760 1837 856 1870 putasti
867 1842 892 1863 et
902 1837 973 1864 “dis-

179 1879 277 1912 putasti
304 1879 481 1908 voluminibus
513 1887 626 1915 quatuor
651 1882 813 1909 credendum
839 1890 891 1909 non
914 1891 973 1910 esse

178 1924 307 1958 originale
325 1930 474 1960 peccatum,
498 1931 525 1953 et
549 1926 790 1961 concupiscentiam
813 1928 900 1954 carnis
921 1936 972 1955 non

177 1977 257 2004 posse
272 1971 374 2006 culpari
388 1972 445 1999 sine
460 1972 630 2000 damnatione
643 1973 811 2007 nuptiarum;
827 1978 889 2008 puto
902 1974 972 2008 quod

177 2016 307 2050 perspicis
318 2037 325 2048 ,
347 2017 370 2043 si
387 2018 512 2051 pervicax
533 2025 586 2045 non
610 2018 656 2045 sis.
674 2018 887 2045 Demonstratum
901 2019 972 2046 enim

177 2066 218 2088 est
228 2082 237 2094 ,
253 2069 314 2089 eum
331 2066 433 2089 tantum
449 2068 560 2098 paterno
574 2064 684 2098 antiquo
697 2063 787 2091 debito
801 2071 854 2092 non
869 2065 970 2098 teneri,

212 2127 296 2161 {apud
307 2131 374 2161 ωνε,
383 2129 540 2161 regeneratio.

211 2158 222 2192 ξ
234 2161 331 2192 Iamsi...
340 2158 507 2192 obstupebunt;
519 2160 568 2191 vel,
585 2159 739 2192 obstipelmnt.

213 2189 223 2204 ⁸
235 2190 305 2219 Edili,
317 2196 355 2214 ne.
368 2189 527 2216 Emendantur
540 2189 571 2216 es
581 2195 633 2216 Mss.

197 2219 292 2254 fam.
321 2223 358 2244 Er.
388 2225 414 2246 et
440 2228 486 2246 sex
511 2225 588 2252 Iss.,
620 2229 665 2254 per
691 2222 831 2254 myndam
857 2221 972 2248 mediato-

179 2257 215 2275 ηε

210 2268 224 2297 ἶ
234 2281 310 2315 editio
322 2285 375 2315 Lov.
392 2283 488 2312 omittit,
598 2287 630 2309 et.
643 2289 694 2315 Ain.
706 2291 767 2310 vero
778 2287 805 2310 et
819 2287 858 2309 Er.
870 2284 971 2315 habent,

177 2312 284 2342 putasti;
295 2312 340 2337 sed
352 2312 513 2344 pratereuut,
523 2317 547 2339 et
558 2314 692 2347 disputasti.

891 178 992 206 LIBER
1011 179 1154 208 SEXTUS.

1782 193 1833 222 επ

1042 237 1086 270 qui
1099 236 1278 266 hiereditatem
1292 245 1446 277 patremque
1460 244 1588 278 mutavit;
1604 245 1647 273 ubi
1662 246 1829 278 cohteredem

1041 281 1143 309 invenit
1155 283 1260 312 unicum
1273 293 1320 320 per
1332 291 1452 316 naturam
1462 310 1470 323 ,
1488 290 1627 325 adoptatus
1641 292 1696 327 ipse
1708 301 1756 329 per
1769 302 1830 329 gra-

1042 327 1104 355 tiam
1117 336 1123 355 :
1137 329 1215 364 eique
1230 335 1330 359 tantum
1349 335 1588 369 concupiscentiam
1600 327 1734 367 carnalem
1754 327 1828 368 nior-

1040 378 1093 403 tem
1118 383 1171 404 non
1190 376 1288 406 inferre
1310 384 1371 414 post
1380 385 1503 415 mortem,
1519 384 1563 418 qui
1584 384 1611 411 in
1630 385 1728 413 Christi
1743 392 1828 415 morte

1039 420 1171 450 invenerit
1182 429 1311 457 mortem,
1334 433 1384 461 qua
1399 427 1528 456 moriatur
1540 435 1658 463 peccato,
1672 436 1700 459 et
1714 434 1828 460 evaserit

1038 472 1151 495 mortem
1165 476 1215 504 qua
1231 475 1309 498 natus
1323 471 1416 499 fuerat
1428 473 1455 500 in
1475 480 1593 508 peccato.
1609 475 1684 504 Unus
1696 478 1766 505 enim
1779 487 1827 514 pro

1037 513 1160 542 omnibus
1173 519 1293 544 mortuus
1303 522 1354 551 est,
1367 525 1431 553 ergo
1441 527 1533 547 omnes
1544 522 1639 548 mortui
1648 528 1710 551 sunt
1722 524 1755 560 (Il
1765 513 1824 552 Cor.

1036 565 1062 590 v,
1080 557 1124 594 Η)
1143 568 1150 586 :
1166 565 1192 587 et
1213 568 1263 596 pro
1283 562 1406 590 omnibus
1430 569 1549 592 mortuus
1572 567 1649 598 est‘;
1672 557 1731 596 nec-
1745 570 1824 605 aliqui

1036 607 1161 637 poterunt
1173 606 1262 634 vivere
1270 614 1320 642 pro
1333 608 1429 643 quibus
1445 617 1497 636 non
1511 615 1552 637 est
1568 616 1688 640 mortuus
1698 634 1706 646 ,
1718 615 1762 649 qui
1777 623 1824 649 pro

1034 650 1147 677 mortuis
1163 651 1236 678 vivus
1249 657 1291 680 est
1309 659 1429 682 mortuus
1439 655 1461 681 ⁸.
1475 655 1538 683 Haec
1557 664 1657 692 negans
1666 678 1673 691 ,
1687 658 1729 685 his
1743 667 1823 694 repu‘

1033 701 1134 728 gnans,
1148 696 1198 723 ista
1212 698 1364 726 convellere
1378 700 1490 728 moliens
1506 701 1644 731 catholica:
1660 703 1719 731 ﬁdei
1733 706 1822 733 muni-

1032 745 1132 775 menta,
1147 741 1272 778 ipsosque
1287 752 1384 772 nervos
1396 745 1566 783 disrumpere
1589 749 1742 779 christiana:
1765 753 1827 781 reli-

1030 787 1128 821 gionis,
1144 795 1267 835 veraeque
1281 790 1402 835 pietatis;
1418 793 1502 821 audes
1515 794 1623 831 insuper
1636 797 1736 833 dicere,
1753 800 1825 835 quod

1031 836 1125 858 contra
1145 832 1240 867 impios
1259 833 1328 861 bella
1342 837 1492 870 susceperis
1507 844 1513 862 :
1528 844 1589 864 cum
1602 837 1745 866 adversum
1762 832 1823 866 ina-

1032 881 1099 904 trem
1109 885 1168 912 quae
1184 882 1208 905 te
1221 879 1396 914 spiritualiter
1410 882 1522 916 peperit,
1533 883 1614 910 armis
1626 883 1769 919 impietatis
1781 885 1822 914 in-

1031 922 1131 950 dnaris.
1147 924 1236 952 Audes
1259 930 1284 953 te
1302 927 1400 961 agmini
1419 933 1569 955 sanctorum
1592 929 1819 966 Patriarcharum,

1032 968 1235 1004 Prophetarum,
1248 972 1449 1006 Apostolorum,
1464 979 1622 1010 martyrum,
1638 975 1820 1004 sacerdotum-

1029 1021 1082 1049 que
1096 1015 1208 1043 miseere
1220 1025 1227 1044 :
1241 1024 1301 1044 cum
1317 1018 1362 1045 tibi
1377 1018 1466 1046 dicant
1479 1019 1656 1053 Patriarchte,
1670 1020 1757 1049 Etiam
1770 1029 1820 1057 pro

1030 1062 1145 1094 parvulis
1156 1063 1223 1090 natis
1231 1063 1317 1090 oblata
1329 1064 1457 1092 sacriﬁcia
1470 1072 1519 1099 pro
1530 1066 1644 1100 peccatis
1654 1066 1745 1102 (Leuit.
1758 1067 1817 1103 xu);

1029 1114 1062 1135 eo
1074 1108 1144 1143 quod
1158 1117 1210 1136 non
1225 1110 1259 1137 sit
1274 1111 1388 1138 mundus
1410 1119 1425 1138 a
1446 1112 1568 1140 sordibus
1591 1121 1639 1140 nec
1658 1112 1744 1141 infans
1765 1114 1819 1141 diei

1029 1153 1106 1180 unius
1121 1161 1202 1189 super
1214 1160 1311 1183 terram
1323 1155 1383 1192 (Job
1401 1164 1456 1190 xxv,
1470 1157 1498 1191 5,
1509 1166 1559 1184 sec.
1581 1157 1663 1194 LXX)
1679 1166 1759 1186 :cum
1771 1159 1818 1187 tibi

1028 1197 1116 1226 dicant
1140 1200 1290 1235 Prophetas,
1319 1201 1345 1229 in
1371 1202 1552 1237 iniquitatibus
1576 1204 1697 1239 concepti
1725 1211 1817 1231 sumus

1028 1242 1113 1279 (Psal.
1124 1253 1149 1277 L,
1163 1245 1189 1278 7)
1206 1254 1213 1272 :
1226 1254 1286 1274 cum
1301 1248 1346 1274 tibi
1360 1248 1447 1275 dicant
1460 1249 1590 1283 Apostoli,
1607 1249 1762 1284 Quicumque
1775 1250 1818 1276 ba-

1027 1291 1115 1324 ptizati
1133 1300 1219 1319 sumus
1231 1293 1257 1319 in
1270 1292 1370 1321 Christo
1387 1293 1459 1327 Iesu,
1472 1295 1499 1321 in
1514 1300 1592 1321 morte
1606 1295 1684 1330 ipsius
1699 1296 1818 1330 baptisati

1026 1344 1132 1369 sumus;
1145 1342 1174 1365 ut
1182 1339 1364 1366 existimemus
1377 1347 1425 1366 nos
1435 1343 1555 1367 mortuos
1567 1341 1672 1375 quidem
1684 1349 1743 1368 esse
1753 1349 1802 1376 pec
1810 1358 1816 1361 -

1026 1387 1100 1416 cato,
1117 1384 1206 1412 vivere
1220 1389 1309 1412 autem
1323 1386 1378 1413 Deo
1393 1385 1419 1413 in
1432 1385 1540 1414 Christo
1552 1386 1615 1414 Jesu
1635 1386 1722 1424 (Rom.
1734 1395 1768 1420 vt,
1789 1388 1815 1421 3,

1027 1429 1072 1464 M)
1088 1439 1095 1456 :
1110 1437 1171 1457 cum
1186 1431 1232 1458 libl
1248 1431 1338 1458 dicant
1348 1437 1489 1469 martyres,
1505 1432 1656 1461 Secundum
1667 1434 1750 1461 Adam
1759 1442 1817 1462 car-

1026 1476 1121 1504 naliter
1135 1481 1212 1505 natos
1224 1479 1375 1513 contagium
1392 1480 1484 1506 mortis
1498 1480 1612 1514 antiqua:
1627 1479 1710 1515 prima
1724 1481 1817 1508 nativi-

1025 1525 1080 1550 tate
1091 1522 1259 1556 contrahere,
1277 1524 1346 1551 unde
1367 1524 1484 1558 parvulis
1498 1524 1664 1553 dimittantur
1684 1526 1711 1553 in
1728 1526 1817 1561 Bapti-

1025 1574 1100 1600 smo,
1124 1575 1177 1595 non
1200 1569 1323 1603 propria,
1348 1569 1394 1596 sed
1417 1570 1502 1597 aliena
1526 1575 1633 1605 peccata
1653 1570 1814 1607 (Cyprianus,

1025 1613 1108 1649 Epist.
1121 1614 1164 1645 64,
1171 1615 1205 1641 ad
1213 1614 1315 1641 Fidum.
1324 1615 1387 1642 Vide
1396 1624 1484 1650 supra,
1493 1616 1536 1643 lib.
1546 1616 1572 1649 1,
1580 1625 1637 1651 cap.
1646 1616 1676 1652 5)
1684 1626 1691 1644 :
1700 1624 1759 1644 eum
1770 1616 1817 1644 libi

1025 1658 1114 1686 dicant
1136 1659 1289 1687 sacerdotes
1299 1681 1305 1691 ,
1321 1659 1425 1687 Carnali
1442 1661 1576 1694 voluptate
1590 1666 1729 1688 concretos
1742 1661 1816 1696 prius

1025 1704 1115 1732 subire
1128 1704 1284 1732 delictorum
1299 1706 1449 1741 contagium
1462 1726 1469 1739 ,
1483 1715 1562 1742 quam
1577 1707 1638 1734 vita:
1653 1707 1730 1742 hujus
1751 1707 1819 1734 hau-

1025 1751 1079 1778 rire
1091 1758 1188 1778 munus
1202 1751 1368 1787 (Ambrosius,
1383 1751 1446 1778 libro
1458 1752 1489 1778 de
1504 1752 1668 1779 Sacramenta
1682 1760 1816 1787 regenera~

1026 1796 1109 1823 tionis.
1130 1795 1193 1823 Vide
1203 1805 1291 1831 supra,
1307 1797 1351 1823 lib.
1371 1796 1398 1829 Ξ,
1412 1805 1470 1831 cap.
1488 1797 1526 1832 6).
1543 1797 1589 1824 His
1603 1801 1628 1825 te
1642 1797 1817 1825 consociare'

1025 1843 1171 1878 praesumis,
1187 1850 1299 1878 quorum
1314 1842 1391 1870 ﬁdem
1405 1843 1539 1871 debellare
1550 1844 1663 1871 conaris.
1677 1844 1765 1872 Audes
1775 1843 1817 1872 di-

1025 1895 1095 1920 cere,
1110 1887 1180 1922 quod
1202 1896 1216 1914 a
1239 1888 1442 1915 Manichaiorum
1465 1889 1600 1917 consortio
1623 1889 1751 1922 vincaris,
1772 1890 1817 1924 qui

1024 1933 1184 1960 Manichzeos
1195 1933 1306 1960 invictos
1318 1933 1391 1966 facis,
1406 1934 1454 1961 nisi
1465 1934 1570 1961 cmneis
1580 1938 1606 1961 et
1620 1934 1676 1968 ipse
1690 1934 1814 1962 vincaris.

1025 1979 1148 2012 Falleris,
1165 1979 1211 2013 ﬁli,
1226 1979 1411 2007 miserabiliter
1424 1979 1534 2014 falleris,
1550 1981 1592 2007 vel
1605 1981 1685 2008 etiam
1699 1981 1815 2009 detesta-

1024 2024 1113 2053 biliter
1135 2025 1234 2053 falleris
1259 2035 1266 2052 :
1293 2026 1399 2060 quando
1421 2026 1617 2055 animositatem
1641 2035 1692 2062 qua
1716 2028 1815 2055 teneris

1024 2072 1132 2105 viceris,
1146 2075 1209 2099 tunc
1220 2071 1358 2099 veritatem
1375 2072 1474 2107 poteris
1487 2078 1577 2100 tenere
1590 2081 1640 2108 qua
1653 2073 1778 2101 vinceris.

1057 2160 1240 2185 ltmanienses
1260 2163 1455 2192 expunxerunt,
1469 2163 1492 2185 et
1505 2166 1560 2192 pro
1579 2159 1687 2185 cautibus
1708 2161 1815 2185 mortuus

1023 2194 1067 2226 ea.
1076 2178 1240 2226 atinas;
1250 2178 1782 2226 οῑξιλῖ-ειῑ·διιῷζεινιξδνςςιῑίξῑιέῖ

1057 2223 1066 2237 ¹
1076 2222 1112 2246 sic
1123 2221 1231 2254 melioris
1242 2225 1307 2246 nota:
1319 2225 1412 2254 MSSLAI.
1424 2222 1492 2252 editi,
1506 2222 1563 2253 quia
1582 2227 1627 2254 pro
1641 2221 1740 2246 mortuis
1754 2227 1815 2246 unus

1024 2252 1211 2287 moratusjide
1224 2258 1310 2287 supra,
1323 2259 1348 2276 ιι.
1361 2251 1400 2287 ιᾷ.
1426 2282 1431 2287 .

1058 2284 1068 2299 ³
1079 2287 1129 2308 Am.
1139 2286 1176 2308 Er.
1186 2286 1212 2308 et
1223 2286 1286 2314 Mss,
1299 2284 1440 2309 consectari.

180 2389 1808 2417 ﬁ

733 2477 774 2507 IN
794 2476 944 2507 LIBRUM
966 2475 1276 2513 SUBSEQUENTEM

224 2536 368 2578 [’idelib.
379 2537 411 2578 2,
422 2547 490 2578 cap.
508 2538 560 2574 66,
586 2538 870 2578 Retractationuin,
882 2542 965 2578 (tom.
979 2538 1008 2575 1,
1025 2537 1170 2578 σοινϐὃϐ,
1187 2548 1206 2568 a
1228 2536 1339 2578 verbis,
1353 2538 1488 2578 Propter
1501 2546 1555 2568 eos
1571 2538 1639 2578 qui,
1655 2548 1750 2578 usque
1775 2538 1814 2569 ad

179 2575 282 2618 verba,
297 2577 441 2618 Hominis
456 2575 595 2618 liberum
607 2578 788 2613 arbitrium,
804 2577 856 2609 ubi
870 2577 947 2618 dicit
962 2577 1156 2618 Augustin/us
1168 2587 1202 2618 se
1211 2576 1326 2608 librum
1343 2576 1381 2607 de
1399 2575 1509 2609 Gratia
1523 2581 1554 2608 et

179 2615 243 2645 trio
258 2616 416 2655 scripsisse
428 2617 468 2647 ad
480 2618 646 2648 monachos
660 2617 879 2648 Adrumetinos
896 2617 951 2657 (a).

177 2697 870 2753 πάἳέ),ἒξῧῗὲὲῗτυελοῗέῗδῖἒιτξιῗιῖἴῖἓωηῗδωᾟὲῗὲἒ

1170 2587 1203 2648 ᾗ
1211 2578 1326 2608 librum
1343 2578 1381 2607 de
1399 2578 1509 2609 Gratia
1523 2581 1554 2608 et
1575 2578 1690 2608 Libero
1713 2579 1811 2609 Arbi—

926 2699 1008 2724 vinciaa
1019 2699 1159 2730 metropolis
1171 2699 1214 2724 fuit
1223 2717 1230 2728 ,
1240 2703 1267 2724 ut
1285 2699 1368 2724 scribit
1379 2699 1539 2730 Procopiusin
1553 2699 1614 2724 libro
1625 2703 1696 2730 sexto
1707 2699 1739 2723 de
1751 2700 1816 2724 (Edi-

224 2735 237 2753 s
247 2729 380 2761 Justiniaui.
400 2730 431 2755 tbi
443 2732 578 2755 uenobium
590 2731 620 2755 ab
632 2730 679 2755 illis
690 2729 811 2755 monachis
822 2729 980 2759 inoolebalur,
989 2731 1014 2754 in
1033 2729 1134 2761 quorum
1153 2731 1254 2761 gratiam
1267 2731 1410 2761 Augustinus
1420 2729 1480 2754 ducs
1496 2734 1629 2761 sequentes
1650 2729 1738 2759 libros,
1751 2731 1815 2760 prio-

178 2760 281 2797 Samnite
293 2761 370 2785 Gratia
383 2765 407 2797 et
419 2762 502 2786 Libero
515 2762 625 2797 Arbitrio,
636 2762 796 2797 posteriorem
808 2761 839 2785 de
848 2761 1003 2797 Correptione
1009 2760 1133 2797 _et:Gratia.
1149 2760 1377 2797 copscri1‘1sit_,'anno
1387 2760 1596 2797 christimtéaut
1607 2760 1660 2784 427.
1682 2764 1729 2797 Non
1752 2762 1816 2797 enim

177 2789 222 2815 bos
230 2789 304 2815 libros
316 2796 369 2823 post
382 2792 404 2816 id
417 2795 513 2823 tempus
524 2789 622 2816 diﬁ‘erri‘
636 2789 710 2823 posse
725 2792 868 2823 arbitramur
880 2798 886 2816 ε
900 2789 955 2822 quia
973 2792 998 2816 in
1009 2792 1223 2817 netraotationibus
1234 2789 1329 2817 circiter
1341 2798 1430 2816 annum
1440 2791 1483 2815 427
1497 2791 1567 2816 editis
1578 2794 1757 2818 memorantur:
1770 2791 1815 2816 sed

177 2826 224 2846 nec
234 2825 291 2847 ante
301 2822 422 2854 collocari,
434 2822 491 2854 quia
504 2822 652 2855 postremum
663 2822 753 2848 ibidem
764 2822 843 2848 locum
853 2826 978 2854 occupant.

299 2939 414 2972 8Αιιατ.
439 2941 581 2971 Ausus'r.
604 2940 644 2971 X.

1444 2941 1673 2983 (“agt-ltuit.)
