4142 6478
553 404 658 463 s15
1720 402 1787 458 IN
1825 400 2077 459 LIBRUM
2116 399 2659 471 SUBSEQUENTEM
3722 397 3824 461 eis

1009 621 1845 729 AUGUSTINI
1974 623 2187 727 ΑΙ)
2315 620 3358 731 VALENTINUM

1654 813 1722 854 ET
1759 812 1862 854 CUI
1900 813 2019 854 ILLO
2056 812 2327 855 IONACHOS
2367 812 2734 855 ADBUIETINOS

542 913 1064 981 EPISTOLE
1123 912 1335 979 DUJE
1385 912 1684 979 SIMUL
1730 911 1925 976 CUM
1968 911 2178 983 SUBE

2157 911 2661 991 SEQUENTE
2722 911 3014 976 LIBRO
3046 914 3679 991 Taausutssas
3721 919 3793 987 ta)

1956 1034 2422 1085 -οθῦοοοεοοο-

1503 1152 1753 1198 BPMOLA
1791 1152 1964 1204 Ριιοιι,
2006 1156 2168 1197 INTER
2204 1154 2617 1197 AUGUSTFNMNAS
2653 1152 2826 1195 θαιιν.

542 1239 773 1296 Domino
795 1239 1164 1308 dilectissimo,
1193 1246 1248 1295 et
1273 1239 1327 1294 in
1350 1235 1553 1294 Christi
1573 1235 1829 1292 membris
1847 1235 2160 1293 honorando
2180 1236 2327 1291 fratri
2357 1234 2684 1302 Vstsn'rmo,
2714 1243 2769 1290 et
2790 1233 3047 1292 fratribus
3060 1236 3153 1306 qui
3181 1242 3358 1293 tecum
3379 1245 3524 1306 sm,
3557 1240 3819 1298 Ausum-

1844 1344 1961 1396 nus,
1993 1330 2045 1383 in
2073 1329 2296 1384 Domino
2324 1329 2568 1385 salutem.

609 1428 663 1483 1.
688 1426 962 1483 Venerunt
982 1425 1052 1482 ad
1076 1439 1177 1481 nos
1196 1425 1305 1481 duo
1328 1424 1573 1494 juvenes,
1603 1419 1922 1477 Cresconius
1951 1429 2003 1475 et
2031 1419 2205 1487 Felix,
2230 1421 2298 1475 de
2326 1427 2501 1475 vestra
2532 1421 2945 1492 congregatione
2983 1434 3046 1478 se
3086 1436 3206 1479 esse
3245 1422 3504 1491 dicentes,
3542 1425 3636 1496 qui
3662 1427 3819 1484 nobis

536 1521 856 1586 retulerunt,
887 1518 1273 1575 monasterium
1298 1524 1530 1571 vestrum
1549 1512 1803 1568 nonnulla
1829 1511 2163 1568 dissemione
2193 1512 2483 1577 turbatum,
2511 1526 2576 1566 eo
2601 1511 2743 1582 quod
2770 1509 2986 1582 quidam
3016 1515 3066 1568 in
3089 1514 3241 1570 vobis
3264 1515 3343 1570 sic
3368 1515 3593 1586 gratiam
3616 1518 3815 1587 praedi-

536 1622 682 1681 cent,
708 1622 767 1668 ut
793 1619 988 1683 negent
1010 1610 1239 1666 hominis
1278 1621 1397 1677 esse
1424 1608 1651 1662 liberum
1680 1606 1993 1670 arbitrium;
2023 1614 2100 1672 et,
2131 1605 2270 1677 quod
2299 1613 2380 1661 est
2404 1606 2637 1676 gravius,
2666 1606 2863 1671 dicant,
2892 1607 3035 1679 quod
3064 1607 3117 1663 in
3144 1607 3235 1664 die
3251 1607 3434 1679 judicii
3462 1625 3570 1667 non
3598 1612 3667 1667 sit
3686 1610 3815 1669 red-

534 1706 743 1761 diturus
764 1705 906 1760 Deus
936 1704 1219 1772 unicuique
1259 1698 1554 1755 secundum
1592 1712 1752 1768 Opera
1786 1697 1901 1768 ejus
1933 1697 2146 1767 (Matth.
2171 1713 2286 1764 xw,
2326 1697 2429 1763 27;
2460 1696 2610 1752 Rom.
2644 1714 2698 1765 ιι,
2743 1698 2822 1772 6).
2857 1700 3027 1755 Etiam
3071 1700 3175 1757 hoc
3200 1709 3380 1757 tamen
3418 1700 3810 1773 indicaverunt,

534 1796 677 1867 quod
704 1795 883 1867 plures
902 1802 1134 1851 vestrum
1166 1806 1273 1847 non
1303 1795 1377 1846 ita
1402 1792 1651 1858 sentiant,
1681 1789 1775 1845 sed
1820 1789 2043 1845 liberum
2085 1791 2358 1846 arbitrium
2409 1791 2647 1860 adjuvari
2689 1789 2956 1848 fateantur
3004 1808 3101 1864 per
3140 1792 3235 1850 Dei
3274 1794 3520 1867 gratiam,
3567 1806 3623 1853 ut
3664 1807 3813 1855 recta

531 1886 802 1962 sapiamus
836 1897 998 1958 atque
1024 1886 1314 1951 faciamus;
1342 1894 1400 1939 ut
1426 1900 1545 1939 cum
1573 1883 1779 1939 venerit
1806 1883 2063 1939 Dominus
2101 1883 2326 1939 reddere
2355 1883 2637 1953 unicuique
2662 1885 2955 1941 secundum
2994 1899 3155 1956 Opera
3193 1886 3329 1958 eius,
3373 1887 3607 1945 inveniat
3646 1905 3811 1962 opera

531 1993 712 2038 nostra
737 1976 909 2045 bona,
950 1994 1070 2050 qua:
1117 1976 1434 2049 praeparavit
1485 1977 1625 2032 Deus
1665 1984 1723 2031 ut
1758 1976 1812 2030 in
1856 1975 1964 2030 illis
2006 1975 2338 2032 ambulemus
2363 1976 2381 2047 (
2407 1975 2597 2046 Ephes.
2630 1992 2705 2045 ιι,
2735 1975 2863 2053 10).
2897 1976 3008 2035 Hoc
3048 1980 3138 2051 qui
3178 1982 3415 2038 sentiunt
3440 2025 3457 2052 ,
3506 1982 3644 2041 bene
3679 2000 3814 2042 sen-

527 2076 689 2132 tiunt.

595 2167 652 2223 2.
684 2166 900 2221 Obsecro
921 2162 1098 2236 itaque
1126 2181 1232 2228 vos,
1262 2168 1463 2235 fratres,
1491 2164 1625 2218 sicut
1645 2159 1956 2218 Corinthios
1983 2162 2281 2218 obsecravit
2318 2162 2624 2235 Apostolus,
2660 2180 2752 2234 per
2777 2178 2956 2220 nomen
2995 2163 3205 2220 Domini
3231 2161 3393 2222 nostri
3422 2167 3575 2224 Iesus
3595 2164 3806 2238 Christi,

524 2266 582 2312 ut
608 2257 829 2330 idipsum
855 2258 1036 2312 dicatis
1061 2272 1251 2321 omnes,
1273 2264 1318 2310 et
1342 2272 1442 2310 non
1457 2255 1556 2310 sint
1579 2256 1633 2309 in
1657 2254 1795 2310 vobis
1819 2254 2091 2309 schismata
2119 2252 2166 2325 (Ι
2184 2252 2301 2310 Cor.
2325 2268 2361 2322 ι,
2398 2254 2509 2327 10).
2540 2254 2720 2310 Primo
2746 2257 2890 2313 enim
2920 2257 3176 2314 Dominus
3198 2258 3374 2328 Iesus,
3394 2262 3529 2317 sicut
3549 2262 3808 2335 scriptum

525 2361 610 2406 est
631 2351 684 2406 in
714 2348 1003 2422 Evangelio
1027 2349 1248 2405 Joannis
1278 2349 1523 2418 apostoli,
1558 2365 1659 2401 non
1680 2347 1815 2401 venit
1837 2354 1892 2400 ut
1912 2346 2166 2418 judicaret
2190 2346 2454 2414 mundum,
2487 2347 2577 2403 sed
2594 2359 2649 2402 ut
2674 2350 2952 2405 salvaretur
2988 2352 3208 2406 mundus
3230 2368 3319 2423 per
3344 2354 3508 2425 ipsum
3529 2354 3704 2427 (loan.
3724 2371 3804 2426 ιιι,

525 2443 641 2515 17).
670 2444 858 2499 Postea
890 2457 1036 2509 vero,
1070 2442 1207 2496 sicut
1232 2441 1414 2496 scribit
1439 2438 1712 2509 apostolus
1741 2438 1956 2504 Paulus,
1981 2436 2239 2507 judicabit
2268 2438 2407 2493 Deus
2430 2438 2685 2493 mundum
2714 2440 2892 2511 (Rom.
2930 2455 3008 2508 ιιι,
3037 2438 3093 2513 6)
3118 2483 3133 2509 ,
3165 2441 3377 2512 quando
3411 2452 3665 2501 venturus
3696 2456 3804 2515 est,

521 2537 663 2594 sicut
689 2546 794 2593 tota
834 2536 1073 2591 Ecclesia
1103 2536 1157 2592 in
1187 2532 1441 2606 Symbolo
1467 2532 1771 2599 confitetur,
1808 2530 2051 2600 judicare
2088 2529 2237 2586 vivos
2264 2538 2319 2586 et
2357 2540 2618 2586 mortuos.
2662 2532 2716 2588 Si
2748 2532 2908 2603 igitur
2933 2549 3039 2588 non
3066 2542 3149 2589 est
3179 2532 3275 2590 Dei
3310 2537 3497 2606 gratia,
3532 2536 3807 2608 quomodo

525 2632 696 2689 salvat
722 2631 1013 2687 mundum?
1038 2638 1091 2684 et
1135 2630 1179 2684 si
1207 2642 1311 2682 non
1334 2634 1417 2683 est
1449 2626 1672 2681 liberum
1699 2622 2000 2690 arbitrium,
2045 2623 2312 2693 quomodo
2352 2620 2554 2693 judicat
2600 2624 2894 2680 mundum?
2926 2625 3155 2682 Proinde
3194 2628 3386 2683 librum
3414 2628 3499 2685 vel
3523 2628 3807 2700 epistoram

520 2742 718 2792 meam,
748 2742 907 2797 quam
933 2739 1113 2780 secum
1148 2723 1214 2777 ad
1243 2737 1342 2777 nos
1372 2718 1657 2791 supradicti
1684 2707 1991 2782 attulerunt,
2020 2716 2308 2771 secundum
2340 2716 2474 2771 hanc
2514 2714 2674 2771 fidem
2696 2717 2992 2790 intelligite,
3020 2726 3079 2774 ut
3107 2734 3280 2790 neque
3322 2719 3525 2792 negetis
3563 2720 3655 2778 Dei
3678 2735 3807 2793 gra-

521 2822 671 2887 tiam,
703 2835 877 2890 neque
906 2819 1130 2873 liberum
1160 2803 1437 2871 arbitrium
1465 2813 1545 2868 sic
1568 2810 1889 2874 defendatis,
1915 2818 1974 2864 ut
1999 2824 2028 2863 a
2053 2806 2146 2863 Dei
2174 2808 2341 2879 gratia
2372 2810 2656 2879 separetis,
2688 2818 2939 2881 tanquam
2970 2813 3085 2866 sine
3115 2812 3200 2867 illa
3233 2812 3320 2868 vel
3350 2814 3584 2884 cogitare
3607 2812 3811 2886 aliquid

518 2910 603 2968 vel
628 2927 787 2983 agere
815 2909 1105 2966 secundum
1146 2908 1311 2963 Deum
1360 2904 1463 2960 ulla
1510 2903 1719 2960 ratione
1766 2901 2052 2973 possimus,
2099 2900 2241 2967 quod
2270 2900 2487 2957 omnino
2520 2919 2627 2958 non
2659 2918 2961 2973 possumus.
2996 2905 3220 2976 PrOpter
3246 2902 3347 2961 hoc
3373 2908 3515 2962 enim
3546 2905 3808 2964 Dominus

518 3021 642 3062 cum
669 3002 738 3061 de
761 3001 937 3058 fructu
959 3001 1178 3071 justitim
1207 3000 1532 3070 loqueretur,
1564 2996 1639 3050 ait
1665 2994 1938 3064 discipulis
1962 2991 2092 3058 suis,
2121 2990 2246 3047 Sine
2275 3008 2351 3046 me
2381 2993 2512 3047 nihil
2544 2995 2747 3065 potestis
2773 2995 2939 3065 facere
2968 2994 3147 3066 (Joan.
3172 3011 3265 3061 xv,
3295 2996 3376 3067 5).

590 3094 644 3152 5.
667 3094 823 3153 Unde
849 3090 1207 3163 supradictam
1238 3089 1515 3160 epistolam
1546 3086 1612 3142 ad
1641 3086 1847 3142 Sixtum
1892 3084 2143 3137 Romanae
2181 3080 2434 3137 Ecclesize
2472 3085 2839 3156 presbyterum
2867 3083 2941 3160 (ὁ)
2967 3094 3151 3141 contra
3192 3100 3359 3141 novos
3400 3086 3678 3143 haereticos
3697 3084 3806 3144 Pe-

515 3188 753 3261 lagianos
778 3184 1034 3240 noveritis
1059 3198 1178 3238 esse
1206 3179 1584 3250 conscriptam,
1612 3177 1701 3248 qui
1740 3176 1921 3231 dicunt
1949 3175 2170 3246 gratiam
2199 3172 2293 3228 Dei
2332 3175 2625 3230 secundum
2655 3177 2844 3233 merita
2886 3185 3068 3234 nostra
3108 3175 3244 3246 dari,
3292 3188 3351 3234 ut
3387 3180 3477 3252 qui
3526 3179 3804 3252 gloriatur,

516 3296 627 3339 non
655 3281 708 3334 in
735 3277 982 3342 Domino,
1011 3275 1105 3332 sed
1132 3276 1184 3329 in
1211 3288 1269 3329 se
1296 3272 1410 3343 ipso
1435 3271 1712 3342 glorietur,
1741 3267 1843 3322 hoc
1871 3272 1972 3333 est,
2011 3266 2064 3321 in
2109 3262 2346 3334 homine,
2398 3280 2504 3321 non
2543 3268 2595 3322 in
2635 3269 2879 3325 Domino.
2911 3269 3063 3339 Quod
3108 3268 3354 3341 prohibet
3382 3273 3685 3343 Apostolus,
3714 3273 3806 3328 di-

516 3389 673 3440 cens,
696 3369 862 3426 Nemo
888 3368 1126 3440 glorietur
1146 3367 1199 3421 in
1219 3366 1419 3420 homine
1447 3363 1492 3434 (l
1512 3362 1629 3420 Cor.
1663 3377 1740 3428 ιιι,
1771 3358 1885 3434 Si).
1931 3359 1997 3412 Et
2021 3356 2126 3411 alio
2167 3356 2308 3425 loco,
2348 3357 2450 3426 Qui
2491 3355 2758 3433 gloriatur,
2791 3360 2982 3433 inquit,
3012 3359 3303 3419 inDomino
3342 3365 3586 3438 glorietur
3617 3363 3733 3437 (Id.
3757 3379 3803 3436 t,

515 3462 629 3538 51).
662 3463 735 3520 illi
764 3478 893 3518 vero
923 3461 1159 3516 haeretici
1190 3475 1249 3514 se
1278 3460 1420 3528 ipsos
1451 3471 1480 3510 a
1510 3472 1568 3510 se
1596 3456 1725 3526 ipsis
1750 3455 1921 3524 justos
1950 3445 2065 3507 fieri
2093 3461 2357 3523 putantes,
2389 3452 2538 3523 quasi
2566 3453 2770 3530 hoccis
2800 3468 2905 3511 non
2958 3454 3166 3511 dederit
3194 3454 3355 3523 Deus,
3397 3455 3491 3512 sed
3533 3456 3635 3530 ipsi
3675 3458 3803 3527 sibi,

515 3576 621 3615 non
645 3558 823 3628 utique
850 3557 903 3610 in
928 3553 1174 3620 Domino,
1198 3550 1291 3606 sed
1322 3551 1373 3604 in
1395 3545 1696 3617 semetipsis
1727 3544 2038 3617 gloriantur.
2065 3542 2282 3600 Talibus
2305 3545 2445 3601 enim
2472 3545 2599 3601 dicit
2627 3547 2931 3618 Apostolus,
2969 3546 3095 3616 Quis
3118 3548 3251 3604 enim
3273 3555 3320 3604 te
3342 3551 3624 3606 discernit?
3647 3548 3804 3625 Quod

515 3655 637 3712 ideo
658 3652 806 3718 dicit,
832 3650 956 3721 quia
986 3649 1053 3705 de
1090 3662 1261 3702 massa
1294 3644 1432 3700 illius
1457 3641 1769 3712 perditionis
1794 3656 1911 3711 qua:
1939 3638 2073 3694 facta
2104 3645 2274 3694 estex
2306 3638 2498 3705 Adam,
2535 3654 2640 3695 non
2667 3636 2921 3698 discernit
2958 3636 3251 3709 hominem,
3281 3646 3341 3697 ut
3373 3656 3494 3698 eum
3523 3640 3682 3699 faciat
3705 3659 3805 3701 vas

517 3747 573 3802 in
620 3746 905 3811 honorem,
932 3756 1036 3797 non
1068 3741 1120 3795 in
1146 3735 1544 3801 contumeliam,
1578 3733 1677 3789 nisi
1710 3733 1869 3788 Deus.
1898 3729 2280 3802 Sed'quoniam
2310 3728 2469 3787 homo
2510 3734 2739 3789 carnalis
2774 3741 2830 3789 et
2866 3735 3093 3791 inaniter
3126 3735 3339 3791 inﬂatus
3377 3751 3497 3792 cum
3533 3737 3802 3808 audisset,

517 3839 644 3904 Quis
669 3838 800 3892 enim
827 3845 874 3889 te
898 3831 1178 3890 discernit?
1203 3838 1385 3901 posset
1411 3826 1737 3899 respondere
1762 3826 1845 3880 vel
1872 3839 2003 3880 voce
2027 3824 2108 3878 vel
2138 3824 2475 3894 cogitatione,
2507 3834 2563 3881 et
2590 3822 2789 3893 dicere,
2818 3827 3087 3884 Discernit
3106 3845 3192 3885 me
3222 3828 3355 3886 fides
3379 3846 3518 3900 mea,
3542 3830 3806 3888 discernit

434 3918 439 3923 ’
512 3943 604 3986 me
629 3928 799 3987 oratio
824 3941 965 3992 mea,
988 3923 1242 3981 discernit
1270 3936 1358 3976 me
1383 3918 1585 3990 justitia
1612 3933 1765 3982 mea;
1797 3932 1918 3971 mox
1952 3914 2234 3985 Apostolus
2261 3917 2488 3971 occurrit
2514 3917 2920 3989 cogitationibus
2947 3918 3084 3991 ejus,
3116 3928 3171 3975 et
3195 3920 3349 3988 dixit,
3383 3921 3521 3988 Quid
3547 3923 3678 3978 enim
3704 3922 3805 3977 ha-

1484 509 3817 538 ————————————m————m

404 4040 407 4042 ·
514 4025 601 4079 bes,
617 4021 752 4093 quod
777 4038 878 4093 non
914 4018 1189 4091 accepisti?
1241 4016 1302 4071 Si
1336 4025 1500 4069 autem
1554 4012 1809 4085 accepisti,
1848 4010 1970 4083 quid
2006 4008 2238 4083 gloriaris
2269 4008 2414 4079 quasi
2449 4028 2546 4066 non
2583 4011 2836 4083 acceperis
2881 4010 3001 4089 (Id.
3036 4030 3111 4080 iV,
3156 4012 3252 4086 7)?
3280 4014 3369 4072 Sic
3411 4025 3587 4072 autem
3631 4017 3803 4090 glori-

515 4124 677 4171 antur
699 4114 850 4184 quasi
879 4128 987 4169 non
1010 4109 1335 4180 acceperint,
1365 4106 1455 4183 qui
1484 4122 1543 4161 se
1572 4121 1601 4159 a
1628 4120 1688 4161 se
1714 4104 1845 4176 ipsis
1865 4100 2145 4174 justilicari
2177 4108 2391 4171 putant;
2429 4118 2493 4160 ac
2522 4120 2618 4179 per
2647 4102 2750 4161 hoc
2771 4103 2824 4160 in
2855 4104 3176 4181 semetipsis,
3208 4124 3314 4163 non
3342 4107 3397 4163 in
3428 4105 3651 4164 Domino
3680 4110 3803 4181 glo-

513 4209 742 4263 riantur.

588 4301 644 4355 4.
670 4299 896 4367 Propter
919 4295 1063 4367 quod
1082 4309 1181 4365 ego
1204 4293 1261 4351 in
1293 4293 1392 4351 hac
1415 4291 1658 4362 epistola,
1681 4307 1799 4370 qua:
1824 4291 1890 4347 ad
1917 4308 2011 4348 vos
2037 4294 2299 4363 pervenit,
2332 4290 2548 4363 probavi
2580 4307 2675 4360 per
2711 4291 3017 4349 testimonia
3042 4300 3351 4351 sanctarum
3371 4291 3797 4364 Scripturarum,

514 4407 636 4465 qum
662 4391 733 4446 ibi
755 4390 976 4461 potestis
1002 4387 1286 4457 inspicere,
1319 4393 1374 4439 et
1400 4385 1537 4440 bona
1564 4399 1730 4454 opera
1758 4393 1960 4450 nostra,
1990 4395 2042 4440 et
2064 4389 2177 4458 pias
2211 4387 2500 4453 orationes,
2529 4394 2582 4441 et
2608 4393 2809 4441 rectam
2840 4384 2999 4442 fidem
3036 4386 3186 4443 nullo
3214 4380 3372 4445 modo
3411 4386 3463 4445 in
3493 4387 3649 4444 nobis
3676 4403 3802 4444 esse

512 4483 774 4555 potuisse,
805 4480 904 4536 nisi
931 4480 1048 4535 haec
1067 4478 1432 4549 acciperemus
1456 4476 1523 4532 ab
1550 4476 1662 4542 illo,
1692 4474 1759 4532 de
1791 4492 1897 4548 quo
1921 4478 2048 4534 dicit
2078 4478 2350 4549 apostolus
2377 4478 2625 4545 Jacobus,
2662 4476 2824 4533 Omne
2851 4478 3026 4532 datum
3059 4479 3322 4549 optimum,
3360 4488 3410 4533 st
3440 4494 3585 4533 omne
3609 4482 3799 4535 donum

516 4575 792 4646 perfectum
815 4573 1078 4628 desursum
1105 4579 1198 4638 est,
1228 4570 1584 4625 descendensa
1610 4567 1767 4624 Patre
1790 4569 2033 4626 luminum
2057 4568 2259 4641 (Jacobi
2279 4587 2319 4636 ι,
2357 4571 2479 4640 17);
2512 4586 2578 4631 ne
2601 4571 2878 4643 quisquam
2904 4570 3047 4631 dicat
3071 4571 3277 4628 meritis
3302 4587 3527 4642 operum
3552 4589 3793 4643 suorum,

517 4666 605 4720 vel
645 4665 851 4720 meritis
876 4658 1176 4718 orationum
1197 4675 1431 4726 suarum,
1464 4662 1549 4717 vel
1569 4661 1773 4716 meritis
1800 4661 1924 4716 fidei
1945 4676 2076 4730 suae,
2099 4662 2202 4718 sibi
2230 4663 2473 4717 traditam
2506 4662 2598 4718 Dei
2636 4664 2881 4733 gratiam,
2917 4672 2976 4718 et
3022 4672 3231 4730 putetur
3268 4680 3455 4720 verum
3493 4680 3614 4723 esse
3652 4666 3798 4737 quod

517 4759 599 4815 illi
623 4756 1083 4822 hareticidicnnt,
1108 4756 1333 4827 gratiam
1366 4754 1459 4815 Dei
1489 4753 1781 4817 secundum
1812 4754 2001 4817 merita
2028 4763 2209 4810 nostra
2236 4755 2381 4822 dari;
2412 4754 2551 4827 quod
2583 4755 2798 4810 omnino
2836 4755 3177 4811 falsissimum
3207 4765 3291 4812 est
3320 4777 3330 4809 :
3364 4773 3469 4813 non
3508 4759 3631 4830 quia
3670 4759 3794 4814 nul-

516 4851 632 4905 lum
654 4858 737 4903 est
760 4847 1010 4903 meritum
1033 4887 1047 4911 ,
1076 4845 1158 4900 vel
1187 4846 1383 4901 bonum
1411 4842 1743 4915 piorum,vel
1773 4844 1969 4899 malum
1997 4844 2313 4916 impiorum;
2345 4844 2596 4917 (alioquin
2630 4846 2895 4915 quomodo
2918 4844 3177 4915 judicabit
3199 4847 3337 4902 Deus
3364 4845 3672 4914 mundum?)
3702 4849 3794 4904 sed

516 4940 882 4999 misericordia
909 4948 963 4996 et
989 4940 1156 5011 gratia
1188 4940 1279 4994 Dei
1301 4937 1561 4994 convertit
1583 4936 1874 5013 hominem,
1903 4937 1973 4995 de
1995 4953 2100 5011 qua
2127 4938 2374 4996 Psalmus
2402 4937 2551 5004 dicit,
2581 4935 2718 4995 Deus
2739 4954 2898 5003 meus,
2930 4939 3276 4994 misericordia
3297 4942 3406 5012 ejus
3427 4944 3688 5013 prmeniet
3717 4958 3797 4997 me

519 5033 694 5107 (Psal.
723 5048 869 5098 LVIII,
893 5033 1004 5103 11);
1034 5040 1092 5087 ιιι
1111 5031 1431 5102 iustificetur
1460 5029 1672 5099 impius,
1705 5027 1806 5083 hoc
1826 5038 1927 5095 est,
1948 5045 2013 5084 ex
2045 5031 2208 5101 impio
2229 5032 2319 5085 fiat
2340 5030 2537 5101 justus,
2569 5039 2622 5085 et
2659 5029 2878 5102 incipiat
2904 5032 3101 5089 habere
3122 5034 3372 5090 meritum
3408 5036 3628 5103 bonum,
3651 5034 3793 5106 quod

518 5130 778 5189 Dominus
802 5127 1103 5193 coronabit,
1126 5123 1340 5197 quando
1364 5121 1691 5192 judicabitur
1719 5121 1966 5178 mundus.
3520 5130 3523 5133 ‘

589 5226 643 5281 5.
667 5224 1138 5290 Multaerantquae
1164 5217 1314 5271 vobis
1343 5215 1555 5270 mittere
1576 5214 1873 5284 cupiebam,
1902 5216 2092 5288 quibus
2119 5216 2293 5286 lectis,
2324 5225 2486 5274 totam
2527 5216 2692 5301 ipsam
2720 5229 2933 5279 causam
2973 5234 3092 5293 qua:
3130 5219 3370 5277 conciliis
3400 5216 3795 5292 episcopalibus

515 5326 635 5373 acta
664 5324 748 5374 est
765 5314 1026 5370 adversus
1050 5308 1268 5365 eosdem
1302 5306 1616 5376 Pelagianos
1643 5304 1944 5375 haereticos,
1982 5309 2283 5379 diligentius
2310 5319 2363 5365 et
2394 5308 2600 5379 plenius
2645 5325 2802 5365 nosse
2828 5311 3091 5381 possetis;
3143 5311 3235 5367 sed
3276 5308 3658 5366 festinaverunt
3687 5308 3794 5366 fra-

513 5419 646 5479 tres,
673 5408 763 5479 qui
789 5420 861 5462 ex
888 5414 1115 5459 numero
1137 5407 1323 5455 vostro
1339 5398 1405 5454 ad
1435 5413 1534 5455 nos
1561 5408 1858 5466 venerunt;
1890 5416 1985 5471 per
2013 5417 2147 5471 quos
2187 5403 2340 5463 vobis
2384 5417 2493 5459 non
2532 5401 2900 5472 rescripsiums
2942 5404 3065 5473 ista,
3110 5404 3216 5465 sed.
3239 5405 3571 5476 scripsimus.
3608 5403 3791 5465 Nullas

512 5503 655 5563 enim
685 5500 755 5557 ad
779 5514 879 5554 nos
909 5503 1103 5553 vestra:
1132 5493 1417 5551 Cbaritatis
1441 5493 1646 5548 litteras
1676 5493 1964 5549 attulerunt
1992 5512 2004 5547 :
2035 5504 2212 5552 tamen
2235 5498 2566 5567 suscepimus
2595 5511 2715 5565 eos,
2736 5498 2987 5570 quoniam
3017 5500 3328 5571 simplicitas
3349 5514 3536 5557 eorum
3563 5499 3797 5557 satism-

514 5594 745 5657 dicabat,
775 5588 907 5645 nihil
928 5588 1049 5643 illos
1070 5585 1225 5641 nobis
1253 5585 1488 5657 potuisse
1508 5585 1829 5654 contingere.
1860 5583 1986 5643 Ideo
2013 5594 2192 5643 autem
2222 5587 2623 5654 festinaverunt,
2659 5596 2715 5649 ut
2753 5588 2892 5659 apud
2918 5604 3015 5647 vos
3038 5599 3263 5661 agerent
3285 5588 3513 5662 Pascha,
3537 5602 3793 5665 quam

511 5688 585 5743 sit
609 5686 891 5755 adjuvante
922 5679 1144 5736 Domino
1168 5687 1276 5733 tam
1301 5685 1517 5732 sanctus
1540 5677 1656 5732 dies
1683 5684 1915 5732 vestram
1947 5691 2131 5747 pacem
2158 5694 2315 5750 quam
2347 5680 2736 5736 dissensionem
2757 5682 2936 5752 potius
2962 5683 3222 5740 invenire.

544 5802 549 5807 ’
579 5802 653 5861 (a)
684 5798 801 5849 Vide
823 5795 1077 5861 Epislplam
1103 5769 1442 5861 posterioreI-n,
1464 5805 1513 5839 ιι.
1550 5790 1595 5839 2.

600 5813 632 5849 α
684 5802 801 5849 Vide
823 5802 1077 5861 Epistulam
1103 5802 1435 5856 posteriorem,
1464 5805 1513 5839 ιι.
1550 5802 1580 5839 2

579 5802 653 5925 Et);
685 5861 890 5924 Epistola
915 5858 1020 5918 194,
1043 5859 1171 5907 inter
1198 5856 1580 5917 augustiuiauas.
