4142 6482
381 474 488 561 απ
1864 466 2219 527 ΕΡΙΒΤΟΙδιΕ
3012 482 3023 490 ’
3555 471 3662 529 878

463 609 519 665 6.
540 607 734 665 Melius
759 615 937 663 autem
961 605 1166 662 facietis
1193 603 1361 676 (quod
1384 605 1609 661 multum
1635 601 1810 675 rogo),
1845 605 1889 659 si
1920 604 2090 673 ipsum
2110 619 2141 658 a
2165 618 2273 675 quo
2298 603 2481 659 dicunt
2515 619 2574 660 se
2602 605 2762 660 fuisse
2790 605 3052 672 turbatos,
3080 605 3147 661 ad
3192 614 3279 661 me
3305 606 3519 663 mittere
3544 622 3650 661 non

395 700 712 776 gravemini.-
745 702 853 755 Aut
875 700 1017 754 enim
1043 713 1150 753 non
1180 698 1426 768 intelligit
1461 698 1655 754 librum
1684 712 1882 763 meum,
1928 704 2019 753 aut
2044 698 2178 752 forte
2228 697 2341 766 ipse
2380 711 2485 751 non
2512 698 2843 769 intelligitur,
2874 699 3085 769 quando
3107 699 3470 755 difﬁcillimam
3499 712 3647 770 quac-

390 795 620 849 stionem
644 800 701 849 et
728 790 910 860 paucis
934 788 1321 858 iutcliigibilem
1347 789 1563 845 solvere
1576 798 1735 858 atque
1759 788 1992 844 enodare
2013 797 2256 843 conatur.
2286 785 2403 858 Ipsa
2429 796 2510 841 est
2534 789 2676 842 enim
2706 790 2927 859 quaestio
2947 790 3016 845 de
3038 792 3205 861 gratia
3234 791 3346 853 Dei,
3378 806 3498 861 quae
3526 791 3651 846 fecit

387 899 448 945 ut
470 887 714 945 homines
737 901 846 943 ucu
870 885 1228 957 intelligemus
1251 893 1500 957 putarent
1524 886 1823 956 apostolum
1850 885 2070 941 Paulum
2098 884 2311 940 dicere:
2348 881 2619 938 Faciamus
2643 884 2799 949 mala,
2827 892 2883 937 ut
2909 885 3109 938 veniant
3129 886 3257 938 bona
3278 885 3452 953 (Rom.
3479 901 3554 949 nt,
3569 887 3649 957 8).

385 981 537 1040 Unde
564 981 842 1051 apostolus
866 979 1057 1034 Petrus
1084 979 1137 1035 in
1166 978 1399 1034 secunda
1424 978 1659 1048 Epistula
1679 992 1795 1043 sua,
1827 975 2168 1049 Quapropter,
2200 975 2389 1046 inquit,
2416 975 2721 1039 charissimi,
2751 974 2859 1028 hac
2883 983 3226 1045 exspectantes
3253 978 3462 1048 satagite
3488 978 3652 1032 invio-

385 1074 478 1131 lati
506 1084 555 1129 et
576 1072 891 1131 insimulati
916 1072 1059 1142 apud
1077 1084 1192 1125 eum
1215 1070 1425 1141 repet-tri
1452 1071 1507 1125 in
1533 1085 1658 1141 pace
1673 1082 1695 1134 ς
1724 1078 1769 1123 st
1798 1068 2003 1123 Domini
2030 1069 2190 1125 nostri
2227 1068 2520 1138 patientiam
2554 1065 2770 1121 salutem
2807 1067 3084 1119 existimate
3125 1078 3143 1119 :
3167 1067 3295 1120 sicut
3321 1078 3366 1119 ct
3395 1069 3658 1123 dilectissi-

388 1183 502 1221 mus
526 1170 681 1235 frater
706 1171 872 1219 noster
894 1161 1092 1221 Paulus
1106 1161 1382 1216 secundum
1401 1176 1513 1215 eam
1529 1176 1643 1230 qua:
1667 1160 1791 1214 data
1807 1169 1880 1215 est
1898 1161 1945 1214 ei
1971 1160 2291 1231 sapientiam,
2309 1158 2511 1229 scripsit
2525 1156 2680 1222 vobis,
2696 1166 2750 1211 ut
2772 1166 2819 1211 et
2843 1159 2894 1210 in
2923 1157 3152 1211 omnibus
3170 1157 3431 1227 Epistolis,
3451 1160 3657 1228 loquens

391 1258 445 1314 in
469 1258 539 1315 eis
565 1258 627 1315 de
645 1256 752 1322 Itis;
778 1256 831 1309 in
850 1254 1029 1325 quibus
1050 1261 1171 1309 sunt
1191 1254 1422 1325 quadam
1444 1252 1669 1325 diﬁcilia
1694 1251 1971 1318 intellectu,
1993 1266 2109 1325 qua:
2131 1250 2321 1305 indocti
2352 1261 2399 1305 et
2425 1249 2682 1305 instabiles
2702 1249 2927 1303 homines
2954 1254 3238 1319 pervertunt
3251 1250 3379 1304 sicut
3393 1259 3655 1305 etcteteras

390 1347 698 1418 Scripturas,
723 1346 791 1399 ad
816 1345 1078 1417 proprium
1106 1361 1254 1401 suum
1277 1343 1537 1399 interitum.
1556 1343 1623 1415 (ll
1650 1342 1795 1399 Patr.
1814 1361 1892 1411 Ill,
1915 1344 2125 1414 μειϐ).

458 1441 509 1493 7ν.
538 1437 731 1497 Cavete
758 1450 889 1508 ergo
910 1436 1052 1508 quod
1077 1445 1253 1493 tantus
1273 1437 1547 1507 apostolus
1575 1434 1685 1491 tam
1714 1438 2022 1492 terribiliter
2044 1435 2201 1503 dicit;
2233 1444 2288 1492 et
2330 1436 2419 1490 ubi
2464 1435 2671 1490 sentitis
2697 1448 2793 1490 vos
2822 1448 2928 1489 non
2956 1433 3271 1504 intelligere,
3295 1432 3508 1489 interim
3534 1449 3653 1490 cre-

385 1530 493 1589 dite
519 1528 714 1591 divinis
758 1527 1008 1599 eloquiis,
1032 1526 1156 1598 quia
1184 1537 1240 1583 et
1275 1527 1500 1585 liberum
1524 1534 1610 1583 est
1630 1526 1862 1582 hominis
1891 1527 2185 1591 arbitrium,
2217 1534 2273 1582 et
2307 1526 2474 1597 gratia
2503 1526 2618 1590 Dei,
2656 1526 2772 1580 sine
2798 1524 2949 1595 cujus
2974 1523 3239 1594 adjutorio
3286 1524 3510 1581 liberum
3566 1538 3655 1579 sr-

384 1624 604 1689 bitrium
629 1639 731 1683 nec
758 1623 996 1685 converti
1016 1630 1197 1694 potest
1222 1623 1291 1679 ad
1315 1624 1505 1692 Deum,
1531 1639 1630 1679 nec
1657 1624 1915 1694 proﬁcere
1941 1627 1993 1680 in
2022 1626 2150 1681 Deo.
2181 1624 2406 1696 thuod
2427 1625 2514 1695 pie
2536 1624 2770 1691 creditis,
2799 1626 3035 1680 utetiam
3064 1626 3332 1695 sapienter
3351 1626 3660 1698 intelligetis

386 1729 560 1777 orate.
586 1718 654 1775 Et
678 1717 744 1777 ad
774 1718 875 1777 huc
903 1719 1076 1787 ipsum
1104 1717 1272 1785 enim,
1306 1717 1359 1773 id
1384 1727 1489 1786 est,
1518 1725 1578 1773 ut
1599 1718 1869 1788 sapienter
1892 1719 2269 1791 intelligamus,
2302 1728 2383 1775 est
2410 1719 2591 1788 utique
2617 1719 2842 1774 liberum
2869 1719 3165 1776 arbitrium.
3188 1718 3299 1776 Nisi
3321 1720 3461 1776 enim
3492 1720 3659 1779 libero

378 1813 603 1869 arbitrio
623 1812 1039 1882 intelligeremus
1064 1819 1223 1881 atque
1253 1825 1582 1881 saperemus,
1615 1827 1724 1866 non
1752 1811 1906 1867 nobis
1940 1813 2321 1883 praeciperetur
2359 1812 2569 1867 dicente
2596 1812 2869 1881 Scriptura
2911 1830 2925 1865 :
2974 1811 3245 1887 Intelligite
3270 1828 3388 1886 ergo
3416 1815 3503 1886 qui
3530 1817 3657 1873 insi-

382 1906 574 1976 pientes
600 1905 719 1963 suis
737 1906 793 1963 is
816 1904 1026 1975 populo,
1049 1913 1093 1958 et
1123 1904 1266 1959 stulti
1293 1903 1571 1972 aliquando
1595 1905 1756 1975 sapiu
1782 1904 1952 1974 (Psal.
1976 1916 2125 1971 xcm,
2156 1903 2233 1977 8).
2263 1903 2342 1958 Eo
2366 1902 2484 1973 ipso
2509 1904 2704 1974 quippe
2732 1917 2840 1973 quo
2866 1914 3192 1975 prtcceptum
3238 1912 3292 1961 et
3339 1906 3656 1975 imperatum

381 2008 482 2064 est,
515 2007 571 2053 ut
592 1998 947 2068 intelligamus
976 2005 1132 2067 atque
1153 1997 1443 2067 sapiamus,
1475 1996 1777 2052 obedientia
1807 2006 1988 2052 nostra
2019 1996 2323 2066 requiritur,
2347 2009 2465 2066 qua:
2490 1995 2635 2050 nulla
2675 2001 2848 2064 potest
2887 2008 3006 2050 esse
3049 1995 3164 2049 sine
3209 1995 3378 2051 libero
3413 1997 3656 2052 arbitrio.

382 2091 489 2151 Sed
519 2090 563 2147 si
589 2100 770 2160 posset
801 2088 904 2147 hoc
937 2089 1109 2158 ipsum
1137 2089 1253 2144 sine
1277 2087 1544 2156 adiutorio
1572 2087 1665 2142 Dei
1698 2088 1885 2158 gratim
1914 2088 2028 2143 fieri
2058 2103 2150 2165 per
2175 2086 2399 2141 liberum
2428 2085 2725 2149 arbitrium,
2756 2094 2815 2138 ut
2851 2084 3271 2155 intelligeremus
3307 2094 3469 2156 atque
3507 2096 3661 2156 sape-

378 2195 591 2246 remus;
613 2196 722 2239 non
750 2180 1021 2237 diceretur
1042 2179 1174 2246 Deo,
1197 2178 1278 2233 Da
1296 2178 1421 2234 mihi
1443 2177 1772 2243 intellectum,
1800 2188 1847 2235 et
1870 2179 2062 2234 discam
2086 2177 2326 2233 mandata
2349 2191 2436 2233 tua
2466 2176 2633 2248 (Psat.
2660 2190 2852 2245 cxvnt,
2884 2174 3038 2251 125);
3076 2192 3249 2249 neque
3290 2179 3344 2233 in
3372 2179 3661 2251 Evangelia

381 2273 642 2343 scriptum
669 2281 834 2338 esset,
865 2270 1007 2331 Tunc
1034 2271 1230 2342 aperuit
1255 2269 1359 2325 illis
1382 2286 1605 2338 sensum,
1631 2282 1688 2324 ut
1714 2269 2050 2343 intelligerent
2074 2270 2371 2342 δεῖ-ἔρευναί
2391 2270 2542 2340 (Luc.
2569 2284 2719 2337 utv,
2746 2270 2875 2339 45);
2905 2284 3004 2327 nec
3038 2269 3267 2327 Iacobus
3286 2273 3559 2342 apostolus
3574 2272 3658 2327 di-

377 2370 546 2427 ceret,
575 2361 637 2419 Si
661 2362 774 2432 auis
798 2372 966 2419 autem
993 2370 1213 2417 oestrum
1233 2360 1424 2432 indiget
1441 2361 1713 2431 sapientia,
1741 2365 1956 2432 postulet
1981 2378 2014 2415 α
2052 2361 2183 2428 Deo,
2205 2363 2293 2436 qui
2313 2363 2400 2417 dat
2424 2363 2656 2417 omnibus
2690 2361 2967 2434 afﬂuenter,
3003 2368 3051 2417 et
3099 2374 3202 2419 non
3237 2364 3569 2436 intpropcrat,
3615 2376 3661 2420 et

380 2455 584 2517 dabitur
606 2454 651 2510 ei
673 2453 874 2524 (Jacobi
895 2470 935 2520 ι,
960 2455 1038 2526 ε).
1071 2455 1270 2511 Potens
1295 2463 1379 2511 est
1400 2465 1579 2511 autem
1611 2456 1865 2513 Dominus
1903 2454 1993 2527 qui
2024 2466 2081 2514 et
2109 2458 2259 2514 vobis
2283 2460 2448 2516 donet
2474 2467 2527 2515 et
2558 2460 2731 2526 nobis,
2764 2464 2824 2514 ut
2859 2460 2928 2517 de
2950 2470 3127 2517 Vestra
3161 2476 3296 2534 pace
3333 2468 3386 2517 et
3424 2461 3510 2533 pia
3535 2475 3661 2518 con-

384 2547 632 2611 sensione
656 2548 857 2609 nuntiis
875 2548 1179 2605 celerrimis
1208 2548 1560 2620 gaudeamus.
1588 2549 1773 2605 Saluto
1810 2564 1929 2618 vos,
1966 2566 2072 2607 non
2099 2551 2273 2607 solum
2298 2566 2424 2607 meo
2452 2551 2689 2615 nomine,
2740 2551 2834 2606 sed
2878 2553 3042 2609 etiam
3086 2552 3305 2610 fratrum
3335 2554 3423 2625 qui
3451 2564 3661 2610 mecum

384 2650 531 2707 sunt.
556 2649 612 2699 et
634 2657 767 2715 roga
794 2651 852 2701 ut
876 2656 973 2713 pm
998 2642 1154 2700 nobis
1174 2642 1514 2699 concorditer
1533 2651 1695 2713 atque
1716 2643 1980 2699 instanter
2006 2642 2192 2700 oretis.
2219 2643 2300 2699 Sit
2327 2643 2602 2698 vobiscum
2633 2643 2909 2701 Dominus.

1302 2764 1556 2810 srts'rou
1593 2760 1903 2823 resrsmoa,
1946 2752 2117 2811 mrsu
2142 2764 2556 2813 soecs'ruvmtss
2582 2762 2745 2827 ccxv.

380 2860 610 2923 Domino
634 2860 999 2937 dilectissimo,
1027 2876 1080 2925 et
1109 2868 1162 2924 in
1189 2860 1389 2924 Christi
1419 2868 1675 2925 membris
1701 2867 2013 2924 honorando
2041 2867 2191 2923 fratri
2215 2867 2545 2938 VALENTINO,
2569 2879 2624 2931 et
2652 2867 2907 2929 fratribus
2931 2871 3022 2944 qui
3061 2878 3239 2930 tccutu
3281 2880 3430 2942 sunt,
3473 2858 3694 2939 Anco:

1606 2974 1808 3026 STlNUS,
1839 2954 1893 3014 in
1922 2958 2147 3015 Domino
2177 2961 2424 3017 salutem.

450 3077 502 3132 1.
535 3070 903 3145 Cresconium,
931 3075 1185 3145 Felicem,
1208 3084 1263 3137 et
1290 3076 1450 3133 alium
1478 3075 1733 3146 Felicem,
1757 3075 1851 3132 Dei
1882 3089 2088 3141 servos,
2107 3076 2198 3148 qui
2225 3090 2291 3132 es
2314 3084 2490 3135 vestra
2516 3077 2931 3148 aumatium
2947 3076 3018 3136 ad
3045 3090 3148 3136 nos
3169 3088 3449 3145 vensrum,
3482 3080 3666 3137 nobis:

378 3183 498 3227 cum
525 3168 700 3239 egisse
733 3162 938 3223 Pascha
964 3166 1169 3223 noverit
1199 3167 1444 3227 Charitas
1480 3175 1675 3225 vestra.
1705 3166 1851 3235 Quos
1877 3165 1999 3222 ideo
2023 3167 2288 3227 tenuimus
2311 3167 2584 3239 aliquanto
2610 3168 2832 3235 diutius,
2853 3178 2912 3226 ut
2937 3169 3305 3229 instructiores
3326 3170 3397 3229 ad
3420 3186 3518 3228 vos
3536 3173 3665 3231 red»

378 3254 519 3315 irent
542 3254 801 3315 adversus
829 3270 997 3314 novos
1043 3250 1326 3315 haereticos
1355 3259 1687 3329 Pelagianos,
1719 3259 1772 3312 in
1819 3273 2047 3327 quorum
2098 3273 2337 3314 errorem
2357 3260 2520 3326 cadit,
2570 3260 2658 3327 qui
2710 3268 2861 3329 putat
2901 3262 3195 3319 secundum
3251 3264 3428 3334 aliqua
3474 3268 3664 3322 metite

379 3350 611 3406 humana
631 3350 747 3405 dari
772 3352 995 3421 gratiam
1026 3349 1141 3418 Dei,
1170 3366 1289 3427 quae
1318 3348 1433 3404 sola
1461 3347 1733 3404 hominem
1755 3348 1944 3405 liberat
1973 3363 2067 3423 per
2095 3348 2375 3407 Dominum
2401 3359 2639 3407 nostrum
2665 3349 2845 3409 Iesum
2872 3350 3162 3411 Christum.
3189 3352 3296 3411 Sed
3323 3371 3538 3417 sursum
3562 3358 3657 3429 qui

382 3450 558 3517 putat,
589 3438 800 3513 quando
828 3442 893 3498 ad
909 3436 1166 3513 judicium
1197 3438 1455 3497 Dominus
1481 3441 1708 3513 venerit,
1748 3457 1852 3495 non
1871 3440 2098 3511 judicari
2127 3440 2396 3499 hominem
2422 3442 2719 3513 secundum
2744 3458 2905 3513 opera
2935 3460 3050 3513 sua,
3078 3446 3167 3515 qui
3187 3446 3297 3516 jam
3329 3463 3425 3517 per
3450 3458 3662 3509 atatem

382 3535 463 3591 uti
493 3535 851 3605 potuit‘iibero
876 3532 1162 3590 voluntatis
1182 3530 1421 3598 arbitrio,
1451 3530 1797 3588 nihilominus
1825 3532 1877 3587 in
1901 3547 2088 3589 errore
2132 3541 2231 3587 est.
2258 3531 2373 3587 Soli
2396 3533 2539 3589 enim
2566 3534 2794 3605 parvuli,
2839 3534 2931 3605 qui
2971 3536 3204 3597 nonduin
3253 3538 3450 3599 habent
3498 3556 3661 3612 opera

385 3628 624 3701 propria,
657 3627 741 3682 vel
761 3624 896 3682 bona
917 3626 1000 3684 vel
1024 3626 1185 3693 mala,
1203 3625 1496 3681 secundum
1524 3620 1696 3680 solum
1722 3624 1979 3696 originale
2002 3632 2276 3695 peccatum
2303 3623 2717 3693 damnabuntur,
2736 3626 2931 3697 quibus
2958 3642 3053 3698 per
3076 3628 3346 3688 lavacrum
3374 3648 3663 3703 regnem.

386 3722 552 3777 tionis
571 3737 677 3776 non
708 3716 952 3776 subvenit
970 3720 1137 3791 gratia
1166 3714 1484 3777 Salvatoris.
1512 3718 1705 3773 Cmteri
1734 3727 1913 3773 autem
1953 3731 2161 3785 omnes,
2190 3718 2279 3787 qui
2304 3717 2416 3793 iam
2443 3725 2652 3779 utentes
2691 3717 2861 3777 libero
2880 3720 3103 3779 arbitrio
3123 3764 3140 3790 ,
3172 3739 3267 3779 sua
3297 3726 3510 3795 prapria
3537 3742 3665 3797 pes.

383 3819 504 3871 cata
535 3808 780 3886 originali
801 3822 1021 3886 peccato
1047 3808 1268 3884 insuper
1292 3806 1629 3885 addiderunt,
1661 3809 1705 3865 si
1733 3809 1801 3865 de
1831 3818 2091 3881 potestate
2138 3809 2478 3869 tenebrarum
2523 3825 2618 3883 per
2667 3812 2890 3883 gratiam
2920 3813 3016 3871 Dei
3069 3829 3175 3870 non
3224 3827 3504 3886 eruuntur,
3556 3836 3662 3879 Ioc

387 3907 785 3964 transferuntur
827 3907 895 3962 ad
941 3922 1162 3979 regnum
1183 3902 1403 3972 Christi,
1443 3919 1548 3958 non
1582 3903 1757 3959 solum
1799 3901 2090 3959 secundum
2117 3903 2357 3975 originis,
2380 3918 2566 3963 verum
2603 3904 2765 3963 etiam
2791 3907 3089 3965 secundum
3118 3910 3347 3978 propria:
3375 3913 3660 3971 voluntatis

385 4001 594 4067 merita,
619 3994 880 4070 judicium
907 3997 1274 4069 reportabunt.
1302 3994 1431 4050 Boni
1470 4009 1597 4049 vero
1621 3993 1782 4050 etiam
1811 3993 1911 4065 ipsi
1935 3992 2149 4064 quidem
2173 3993 2466 4053 secundum
2491 4008 2602 4050 suae
2636 3994 2791 4055 bona:
2816 3997 3101 4059 voluntatis
3133 4001 3325 4057 merits
3381 4005 3658 4073 praemium

384 4097 802 4160 consequentur,
861 4086 954 4143 sed
996 4087 1157 4144 etiam
1188 4088 1357 4157 ipsam
1402 4084 1593 4140 bonam
1622 4083 1947 4139 voluntatem
1984 4099 2079 4155 per
2112 4084 2200 4139 itci
2244 4083 2473 4153 gratiam
2504 4087 2795 4149 consecuti
2844 4096 3003 4143 sunt:
3030 4104 3095 4147 ac
3123 4091 3201 4149 sic
3234 4092 3487 4161 impletur
3523 4097 3665 4167 quod

388 4182 643 4253 scriptum
665 4188 751 4237 est
780 4199 794 4233 :
824 4173 915 4234 Ira
940 4189 984 4233 et
1009 4176 1312 4249 indignatio,
1342 4176 1600 4231 tribulatio
1622 4185 1669 4231 et
1686 4175 1924 4249 angustia
1950 4176 2003 4230 in
2032 4192 2230 4237 omnem
2250 4177 2474 4233 animant
2498 4178 2716 4237 [tantittt's
2744 4183 2999 4250 aperantis
3018 4184 3228 4251 malum,
3244 4183 3420 4243 Judasi
3444 4188 3664 4258 primum

392 4281 435 4325 et
459 4271 621 4326 Gnaei
647 4288 667 4326 :
695 4270 860 4342 gloria
882 4279 1068 4336 autem,
1099 4277 1144 4323 et
1170 4264 1351 4332 honor,
1382 4277 1429 4321 et
1448 4284 1552 4337 pax
1579 4268 1717 4325 omni
1742 4266 1972 4338 aperanti
1997 4267 2205 4334 bonum,
2233 4265 2419 4322 Judwo
2448 4260 2668 4338 primum
2692 4280 2738 4326 et
2764 4270 2939 4328 Graec
2965 4272 3140 4346 (Rom.
3171 4291 3230 4341 ιι.
3261 4276 3315 4343 9,
3342 4279 3450 4349 10).

465 4362 520 4418 2.
559 4363 635 4417 De
665 4374 766 4432 qua
796 4356 1103 4417 difﬁcillima
1128 4356 1442 4433 quaestione,
1465 4358 1567 4413 hoc
1596 4367 1700 4422 est.
1726 4358 1794 4414 de
1816 4357 2088 4415 voluntate
2129 4366 2184 4414 ct
2204 4357 2375 4429 gratia
2400 4399 2414 4425 ,
2445 4374 2551 4419 non
2599 4376 2731 4430 opus
2773 4361 2934 4419 habui
2970 4366 3130 4423 etiam
3183 4365 3239 4422 in
3294 4366 3394 4424 hac
3443 4370 3667 4439 epistola

394 4452 595 4511 diutius
620 4454 922 4524 diSputare;
946 4452 1192 4524 quoniam
1218 4461 1273 4508 et
1297 4450 1453 4506 aliam
1476 4449 1589 4522 jam
1613 4451 1691 4506 eis
1711 4450 1984 4515 dederam,
2033 4458 2285 4521 tanquam
2325 4451 2481 4507 citius
2524 4452 2795 4515 redituris.
2840 4454 2910 4511 Et
2955 4456 3145 4527 scripsi
3168 4458 3235 4513 ad
3267 4474 3360 4514 vos
3387 4461 3549 4519 etiam
3602 4463 3669 4518 li.

392 4549 554 4604 brum
572 4545 672 4619 (α),
692 4555 850 4617 quem
876 4544 942 4612 si,
970 4544 1249 4615 adiuvante
1269 4543 1515 4611 Domino,
1535 4540 1817 4611 diligenter
1848 4540 2103 4611 lcgeritis,
2133 4552 2186 4597 et
2202 4541 2849 4611 vivaciterintellexeritis,
2870 4546 3042 4602 nullas
3060 4549 3464 4607 existimointer
3481 4566 3580 4609 vos
3602 4553 3671 4611 de

394 4640 498 4696 hac
529 4656 588 4696 re
616 4639 981 4695 dissensiones
1005 4637 1220 4694 ulterius
1244 4639 1349 4709 jam
1380 4635 1608 4692 futuras.
1633 4634 1857 4692 Portant
1881 4644 2056 4691 autem
2087 4651 2269 4691 secum
2294 4643 2347 4691 et
2375 4636 2499 4704 alia,
2527 4651 2646 4709 qua:
2672 4638 2820 4695 vobis
2852 4637 3131 4709 dirigenda
3158 4658 3279 4701 esse
3304 4646 3633 4703 credidimus
3653 4686 3669 4717 ,

394 4732 589 4805 quibus
617 4732 952 4803 cognoscatis
978 4731 1422 4805 quemadmodum
1451 4729 1714 4786 catholica
1742 4729 2002 4797 Ecclesia,
2030 4730 2082 4785 in
2113 4729 2207 4785 Dei
2236 4729 2620 4799 misericordia,
2653 4732 2949 4804 Pelagiana
2971 4735 3189 4795 haeresis
3223 4757 3427 4799 vertens
3458 4746 3671 4815 repule-

391 4827 483 4883 rit.
511 4826 667 4897 Quod
692 4825 834 4882 enim
864 4824 1120 4899 scriptum
1148 4835 1229 4880 est
1262 4825 1327 4879 ad
1355 4839 1546 4901 papam
1583 4821 1947 4878 Innocentium
1976 4822 2230 4879 Romanae
2254 4823 2400 4879 urbis
2430 4824 2756 4895 episcopum,
2791 4826 2857 4883 de
2886 4830 3114 4886 concilio
3136 4834 3419 4900 provincia
3445 4834 3673 4893 αττιξυμ

392 4919 649 4991 ginensis,
679 4926 733 4974 et
764 4917 833 4973 de
857 4910 1095 4973 concilio
1111 4915 1372 4973 Numidiae
1394 4958 1411 4985 ,
1438 4925 1493 4972 et
1517 4915 1787 4985 aliquanto
1805 4914 2107 4987 diligentius
2131 4928 2161 4968 a
2186 4914 2420 4987 quinque
2444 4915 2734 4986 episcopis,
2765 4926 2820 4977 et
2841 4933 2961 4987 quas
2990 4919 3109 4988 ipse
3130 4921 3201 4976 ad
3226 4924 3323 4979 tria
3360 4924 3459 4981 ista
3484 4928 3677 4983 νωθή-

396 5010 529 5082 psit;
559 5012 684 5067 item
715 5010 855 5083 quod
877 5002 1027 5082 papae
1051 5002 1265 5087 Zosimo
1288 5009 1353 5064 de
1373 5008 1619 5063 Africano
1645 5006 1873 5067 concilio
1901 5006 2157 5077 scriptum
2186 5015 2296 5081 est,
2328 5007 2551 5077 ejusque
2590 5008 2901 5079 rescriptum
2929 5010 2999 5069 ad
3029 5013 3306 5071 universos
3331 5017 3493 5073 totius
3530 5019 3677 5073 orbis

400 5105 677 5178 episcopos
703 5105 962 5171 missum;
985 5112 1039 5159 et
1060 5103 1197 5175 quod
1227 5102 1509 5177 posteriori
1536 5101 1765 5157 concilio
1793 5100 2032 5171 plenario
2057 5098 2218 5154 totius
2242 5099 2433 5154 Africae
2459 5107 2647 5155 contra
2668 5100 2838 5169 ipsum
2865 5117 3103 5159 errorem
3135 5104 3370 5161 breviter
3393 5110 3676 5164 constitui.

400 5208 556 5263 mus;
578 5206 630 5253 et
648 5211 805 5266 supra
831 5205 1184 5253 memoratum
1209 5195 1402 5251 librum
1431 5209 1633 5262 meum,
1659 5208 1818 5266 quem
1844 5191 2006 5253 modo
2034 5190 2101 5248 ad
2125 5205 2223 5248 vos
2252 5190 2477 5263 scripsi:
2511 5190 2628 5248 hinc
2653 5192 2837 5253 omnia
2861 5202 2916 5249 et
2940 5196 2993 5251 in
3023 5201 3276 5266 pmsensi
3300 5200 3531 5271 legimus
3552 5216 3675 5257 cum

401 5287 556 5359 ipsis,
584 5296 637 5342 et
653 5301 745 5357 per
764 5298 857 5342 eos
877 5284 1123 5343 misimus
1151 5286 1322 5341 vobis.

475 5380 529 5437 3.
571 5379 822 5452 Legimus
844 5382 923 5438 eis
947 5383 1109 5437 etiam
1132 5374 1328 5436 librum
1357 5370 1651 5436 beatissimi
1676 5378 1925 5451 martyris
1945 5376 2196 5453 Cypriani
2221 5376 2288 5433 de
2306 5374 2559 5433 Oratione
2578 5377 2871 5444 Dominica,
2899 5389 2954 5437 et
2978 5382 3308 5438 ostendimus
3332 5385 3681 5454 quantm

400 5473 527 5529 dum
550 5471 822 5543 docuerit,
853 5475 1030 5531 omnia
1058 5490 1178 5547 quae
1201 5472 1274 5530 ad
1294 5488 1471 5530 mores
1499 5482 1714 5529 nostros
1742 5472 2043 5543 pertinent.
2076 5471 2267 5543 quibus
2293 5480 2441 5529 recte
2462 5472 2690 5531 vivimus
2709 5515 2724 5536 ,
2751 5490 2784 5530 s
2809 5474 2968 5531 Patre
2998 5486 3181 5532 nostro
3205 5479 3293 5548 qui
3319 5479 3373 5532 in
3394 5480 3545 5535 cmiis
3571 5488 3676 5549 est,

398 5576 522 5621 esse
551 5562 817 5634 poscenda
843 5578 858 5630 ;
882 5581 949 5621 ne
981 5565 1051 5621 de
1087 5565 1262 5620 libero
1287 5570 1673 5635 praesumentes
1701 5562 1943 5629 arbitrio,
1975 5576 2006 5616 a
2031 5560 2209 5634 divina
2239 5562 2406 5633 gratia
2431 5562 2761 5621 decidamus,
2813 5566 2915 5621 Ubi
2964 5567 3123 5623 etiam
3174 5568 3677 5643 demonstravimus,

400 5654 672 5729 quomodo
699 5655 1037 5712 admonuerit
1057 5656 1196 5711 idem
1225 5655 1643 5726 gloriosissimus
1664 5653 1882 5726 Martyr,
1914 5653 2075 5709 etiam
2100 5670 2197 5724 pro
2222 5652 2450 5709 inimicis
2478 5656 2695 5720 nostris,
2724 5660 2813 5726 qui
2845 5658 3080 5713 nondum
3121 5659 3176 5714 in
3205 5660 3474 5717 Christum
3503 5667 3682 5722 credi-

402 5747 623 5813 derunt,
650 5762 749 5804 nos
767 5756 831 5803 ut
848 5748 1074 5803 credant
1099 5759 1256 5801 orare
1284 5744 1480 5800 debere
1512 5763 1526 5799 :
1558 5744 1698 5815 quod
1722 5744 1906 5815 utique
1935 5744 2162 5801 inaniter
2193 5745 2375 5812 fieret,
2406 5746 2508 5801 nisi
2538 5747 2770 5803 Ecclesia
2806 5750 3062 5815 crederet,
3116 5753 3273 5808 etiam
3314 5755 3479 5813 malas
3528 5767 3687 5832 atque

469 5860 543 5925 (a)
575 5860 971 5926 Subsequentem
992 5858 1171 5909 librum
1191 5858 1256 5909 de
1274 5857 1432 5909 Gratia
1454 5864 1508 5909 et
1523 5856 1696 5908 Libero
1715 5855 1939 5908 Arbitrio.
