4142 6514
513 421 618 478 879
1407 414 1469 467 ΙΝ
1510 414 1761 470 LIBRUM
1800 413 2340 480 SUBSliQUENTEM
2384 412 2759 469 EPISTOLE.
3679 414 3792 470 880

512 534 757 589 inﬁdeles
803 530 1073 586 hominum
1113 528 1412 582 voluntates
1453 544 1548 598 per
1587 528 1676 582 Dei
1702 528 1924 598 gratiam
1957 529 2007 580 in
2047 527 2240 580 bonum
2269 541 2428 595 posse
2456 525 2713 580 converti.
2760 523 2864 579 Sed
2905 523 3042 578 hunc
3079 523 3270 577 librum
3308 524 3474 578 sancti
3511 522 3788 594 Cypriani,

511 628 632 698 quia
663 627 908 680 dixerunt
939 622 1098 677 etiam
1133 621 1241 676 illic
1279 619 1418 692 apud
1447 636 1541 676 vos
1568 636 1706 686 esse,
1740 637 1842 674 non
1865 620 2126 675 misimus.
2158 617 2327 672 Meam
2357 632 2568 688 quoque
2597 617 2876 687 epistolam
2905 615 2970 670 ad
2999 616 3205 670 Sixtum
3233 615 3484 668 Romana:
3524 613 3784 668 Ecclesia:

513 715 879 783 presbyterum
914 711 1116 779 datam,
1142 727 1302 781 quam
1323 726 1508 768 secum
1529 711 1596 766 ad
1620 727 1720 767 nos
1754 712 2066 773 attulerunt,
2101 709 2325 780 legimus
2348 724 2469 763 cum
2497 709 2608 772 eis;
2643 719 2696 764 et
2725 708 3054 764 ostendimus
3079 707 3336 763 adversus
3377 723 3472 763 eos
3499 722 3620 762 esse
3659 722 3783 766 eon-

508 806 759 874 scriptam
785 805 874 876 qui
907 804 1114 871 dicunt,
1142 806 1366 873 gratiam
1393 806 1485 861 Dei
1514 805 2018 866 secundumxnerita
2043 813 2222 858 nostra
2253 804 2391 871 dari,
2419 804 2521 860 hoc
2540 815 2642 869 est,
2667 803 2921 858 adversus
2947 803 3165 858 eosdem
3196 803 3530 873 Pelagianos.

577 900 630 953 4.
671 899 937 966 Quantum
967 914 1094 970 ergo
1125 900 1411 969 potuimus,
1442 899 1645 968 egimus
1686 915 1808 954 cum
1856 900 1968 952 istis
1996 908 2047 953 et
2079 898 2270 952 vestris
2292 906 2346 952 et
2375 898 2572 952 nostris
2603 897 2872 960 fratribus,
2911 906 2968 950 ut
2996 896 3050 950 in
3081 895 3186 951 ﬁde
3209 910 3338 950 sana
3367 894 3628 950 catholica
3655 910 3782 965 per-

505 1001 754 1047 severent
783 1010 797 1047 :
827 1007 946 1063 quae
971 1007 1146 1063 neque
1169 991 1394 1046 liberum
1424 992 1701 1047 arbitrium
1728 1000 1903 1062 negat,
1938 992 2048 1044 sive
2082 991 2134 1044 in
2163 991 2324 1044 vitam
2362 989 2556 1044 malam
2587 990 2698 1045 sive
2728 989 2780 1043 in
2811 989 3002 1044 bonam
3022 1029 3038 1056 ,
3067 1001 3239 1058 neque
3266 996 3472 1042 tantum
3493 987 3540 1042 ei
3575 987 3780 1051 tribuit,

506 1096 564 1140 ut
591 1087 706 1142 sine
734 1086 903 1156 gratia
929 1086 1024 1141 Dei
1047 1086 1220 1141 valeat
1247 1084 1466 1155 aliquid,
1493 1086 1607 1140 sive
1632 1093 1688 1138 ut
1717 1101 1781 1139 ex
1813 1086 1953 1140 malo
1989 1094 2332 1138 conversatur
2359 1084 2413 1136 in
2438 1083 2656 1149 bonum,
2695 1082 2812 1138 sive
2843 1091 2899 1136 ut
2934 1082 2984 1135 in
3020 1081 3162 1136 bono
3195 1093 3601 1150 perseveranter
3627 1083 3792 1151 proli-

505 1178 632 1246 ciat,
655 1178 766 1233 sive
797 1187 851 1232 ut
871 1178 940 1233 ab
959 1178 1156 1233 bonum
1181 1179 1565 1247 sempiternum
1590 1177 1885 1247 perveniat,
1914 1177 2002 1229 ubi
2024 1176 2134 1245 jam
2156 1191 2261 1228 non
2295 1175 2478 1229 timeat
2507 1189 2573 1228 ne
2599 1174 2830 1228 deﬁciat.
2859 1172 2964 1228 Vos
2998 1187 3228 1243 quoque,
3275 1172 3596 1239 charissimi,
3625 1174 3787 1228 etiam

505 1273 561 1328 in
588 1274 687 1326 hac
714 1271 935 1341 epistola
965 1271 1237 1336 exhortor,
1269 1269 1409 1340 quod
1436 1285 1533 1324 nos
1559 1283 1747 1324 omnes
1770 1268 2082 1324 exhortatur
2106 1265 2413 1335 Apostolus,
2445 1281 2545 1319 non
2573 1264 2687 1334 plus
2713 1281 2892 1336 sapere
2910 1307 2922 1329 ,
2955 1281 3107 1335 quant
3130 1273 3327 1335 oportet
3351 1281 3566 1333 sapere;
3597 1265 3686 1318 sed
3709 1282 3794 1318 stt-

506 1381 624 1434 pere
649 1363 718 1418 ad
747 1363 1142 1434 temperantiam,
1166 1363 1292 1416 sicut
1317 1363 1584 1428 unicuique
1600 1360 1736 1416 Deus
1767 1362 1977 1431 partitus
2008 1369 2080 1414 est
2102 1377 2384 1414 mensuram
2413 1358 2534 1428 fidei
2561 1357 2736 1431 (Rom.
2768 1375 2861 1425 xtt,
2891 1359 2968 1428 '5).

579 1457 634 1512 5.
675 1455 948 1510 Attendite
977 1454 1100 1524 quid
1132 1469 1223 1523 per
1247 1453 1586 1508 Salomonem
1613 1464 1826 1508 moneat
1853 1451 2082 1523 Spiritus
2111 1459 2363 1507 sanctus:
2395 1451 2576 1507 Rectos
2600 1468 2795 1516 cursus,
2843 1451 3032 1522 inquit,
3073 1455 3156 1524 fac
3177 1451 3384 1522 pedibus
3429 1451 3552 1516 tuis,
3598 1461 3644 1504 et
3684 1451 3789 1505 via-

509 1557 624 1602 tuas
656 1547 816 1617 dirige
844 1562 864 1599 :
894 1562 957 1599 ne
975 1544 1193 1598 declines
1220 1545 1272 1598 in
1298 1545 1588 1612 dexteram,
1618 1561 1777 1617 neque
1796 1546 1848 1599 in
1869 1545 2161 1611 sinistram;
2191 1553 2357 1600 averte
2384 1555 2551 1598 autem
2572 1545 2745 1615 pedem
2775 1553 2915 1598 tuum
2940 1561 2972 1597 a
3007 1545 3088 1598 via
3117 1545 3272 1599 mala.
3312 1544 3432 1598 Vias
3459 1546 3591 1598 enim
3616 1561 3726 1616 qua:
3759 1561 3791 1598 α

509 1639 702 1693 dextris
753 1646 891 1704 sunt,
930 1637 1062 1690 novit
1105 1635 1356 1691 Dominus
1384 1653 1402 1690 :
1435 1653 1679 1708 perversa
1709 1654 1825 1692 vero
1851 1647 1986 1702 sunt,
2018 1653 2130 1706 quae
2165 1653 2195 1689 α
2221 1637 2439 1691 sinistris
2479 1645 2613 1691 sunt.
2665 1635 2787 1707 Ipse
2825 1645 2990 1691 autem
3036 1648 3196 1691 rectos
3221 1637 3372 1709 faciet
3416 1653 3596 1692 cursus
3635 1648 3744 1692 tuos
3773 1680 3788 1704 ,

506 1732 690 1786 itinera
705 1741 874 1786 autem
895 1741 983 1785 tua
1011 1731 1062 1784 in
1092 1747 1214 1802 pace
1241 1732 1478 1800 producet
1521 1731 1702 1802 (Prov.
1738 1749 1808 1797 iv,
1839 1731 1930 1796 26,
1966 1731 2076 1801 27).
2109 1730 2163 1785 In
2189 1730 2274 1785 bis
2302 1730 2476 1784 verbis
2496 1739 2692 1785 sanctae
2713 1730 3002 1800 Scriptum
3025 1730 3379 1796 considerate,
3405 1730 3623 1798 fratres,
3657 1733 3778 1801 quia

507 1826 552 1882 si
579 1842 684 1881 non
707 1833 850 1882 esset
877 1827 1099 1881 liberum
1120 1825 1415 1893 arbitrium,
1436 1841 1540 1880 non
1561 1825 1846 1890 diceretur,
1880 1825 2060 1880 Rectos
2081 1841 2256 1879 cursus
2285 1823 2370 1891 fac
2403 1824 2612 1894 pedibus
2637 1825 2755 1887 tuis,
2785 1834 2830 1877 et
2868 1824 2974 1878 vias
3005 1834 3116 1878 tuas
3135 1824 3334 1894 dirige;
3377 1840 3438 1877 ne
3479 1825 3694 1878 declines
3722 1826 3775 1878 iu

507 1919 785 1985 dexteram,
814 1935 970 1990 neque
992 1919 1045 1971 in
1069 1917 1328 1972 sinistram
1357 1933 1377 1972 :
1405 1927 1458 1972 et
1479 1926 1656 1972 tamen
1678 1917 1795 1973 sine
1840 1918 1931 1973 Dei
1960 1916 2127 1986 gratia
2159 1917 2202 1972 si
2228 1923 2411 1986 posset
2436 1915 2538 1970 hoc
2560 1915 2692 1983 ﬁeri,
2731 1932 2840 1970 non
2889 1926 3069 1986 postea
3119 1917 3405 1982 diceretur,
3438 1915 3560 1987 Ipse
3611 1905 3780 1971 autem

507 2022 664 2066 rectos
689 2011 838 2082 faciet
855 2027 1035 2066 cursus
1052 2020 1184 2079 tuos,
1214 2021 1262 2066 et
1295 2013 1477 2066 itinera
1506 2022 1594 2066 tua
1620 2011 1675 2066 in
1701 2027 1822 2082 pace
1837 2013 2098 2082 producet.

579 2105 633 2160 6.
673 2103 847 2161 Nolite
874 2119 1000 2175 ergo
1026 2103 1295 2159 declinare
1321 2105 1376 2158 in
1397 2104 1690 2171 dexteram,
1716 2119 1888 2173 neque
1915 2103 1967 2157 in
1996 2102 2295 2177 sinistram;
2330 2104 2569 2174 quamvis
2603 2102 2883 2158 laudentur
2912 2103 3012 2158 viae
3059 2117 3178 2175 quae
3225 2120 3255 2159 a
3299 2105 3502 2162 dextris
3546 2114 3689 2171 sunt,
3732 2113 3791 2160 et

507 2199 871 2268 vituperentur
897 2211 1018 2268 quae
1047 2205 1172 2252 sunt
1204 2212 1237 2251 a
1256 2196 1508 2252 sinistris.
1541 2196 1653 2251 Hoc
1678 2203 1761 2250 est
1788 2195 1928 2248 enim
1958 2183 2174 2264 prepter
2203 2193 2341 2263 quod
2366 2193 2586 2257 addidit,
2616 2195 2794 2248 Averte
2811 2203 2980 2248 autem
3005 2194 3179 2264 pedem
3197 2205 3380 2250 tuuma
3400 2197 3479 2250 via
3508 2196 3661 2256 mata.
3685 2196 3788 2250 hoc

503 2298 606 2354 est,
633 2304 664 2344 a
684 2288 900 2343 sinistra
929 2305 942 2339 :
976 2287 1117 2358 quod
1143 2286 1446 2340 manifestat
1474 2288 1526 2340 in
1556 2284 2024 2355 consequentibus,
2056 2283 2260 2350 dicens,
2293 2282 2412 2338 Vias
2433 2285 2564 2340 enim
2583 2300 2696 2355 quia
2731 2302 2764 2337 α
2800 2284 2990 2340 dextris
3010 2296 3147 2351 sunt,
3177 2287 3310 2340 novit
3349 2285 3594 2340 Dominus
3620 2303 3638 2342 .'
3669 2303 3790 2355 per-

505 2394 660 2434 verste
678 2395 793 2434 vero
826 2386 975 2444 sunt,
1013 2393 1128 2446 quae
1151 2395 1183 2432 a
1210 2377 1429 2432 sinistris
1455 2386 1594 2432 sunt.
1625 2377 1729 2434 Eas
1755 2379 1934 2447 utique
1965 2377 2078 2430 vias
2101 2375 2374 2431 ambulare
2399 2377 2676 2444 debemus,
2709 2392 2841 2448 quas
2889 2378 3036 2433 novit
3079 2378 3364 2443 Dominus;
3401 2378 3468 2434 de
3509 2379 3701 2448 quibus
3733 2379 3788 2433 in

504 2469 710 2539 psalmo
736 2469 945 2540 legitur,
979 2467 1133 2522 Novit
1149 2467 1403 2522 Dominus
1421 2469 1552 2522 viam
1562 2469 1838 2539 justorum,
1864 2478 1910 2521 et
1934 2467 2014 2522 via
2042 2467 2316 2537 impiorum
2345 2467 2522 2538 peribit
2551 2467 2722 2540 (Psal.
2748 2484 2787 2535 ι,
2815 2468 2893 2538 6).
2920 2469 3067 2524 Hanc
3085 2469 3229 2524 enim
3277 2483 3379 2523 non
3419 2471 3562 2524 novit
3611 2470 3792 2524 Domi-

509 2563 708 2630 minus,
739 2561 860 2632 quia
885 2561 1098 2616 sinistra
1119 2571 1202 2617 est
1229 2580 1241 2616 :
1274 2563 1410 2618 sicut
1442 2561 1680 2617 dicturus
1700 2571 1782 2617 est
1806 2562 1966 2616 etiam
1995 2561 2101 2615 illis
2120 2561 2187 2615 ad
2217 2560 2485 2616 sinistram
2523 2563 2844 2629 constitutis,
2881 2561 3000 2616 Non
3029 2563 3144 2617 novi
3169 2578 3254 2616 vos
3275 2561 3485 2636 (Matth.
3527 2578 3651 2629 xxv,
3686 2559 3789 2615 1Ξῖ

515 2654 642 2708 Luc.
671 2669 786 2719 xut,
815 2652 929 2725 27).
953 2652 1088 2721 Quid
1112 2662 1194 2709 est
1217 2663 1395 2710 autem
1420 2652 1563 2725 quod
1592 2652 1681 2708 ille
1718 2667 1822 2707 non
1863 2654 2029 2718 novit,
2068 2652 2159 2723 qui
2204 2651 2384 2722 utique
2424 2653 2572 2708 novit
2599 2653 2795 2720 omnia,
2844 2653 2958 2709 sive
2986 2653 3125 2710 bona
3157 2654 3450 2721 hominum,
3483 2655 3594 2710 sive
3621 2653 3794 2710 mala?

503 2746 608 2801 Sed
635 2745 761 2816 quid
790 2755 892 2813 est,
946 2745 1062 2801 Non
1081 2761 1168 2802 vos
1193 2748 1346 2814 novi,-
1382 2746 1504 2812 nisi,
1531 2747 1664 2801 tales
1682 2761 1777 2801 vos
1811 2761 1910 2816 ego
1935 2761 2040 2799 non
2073 2744 2214 2800 feci?
2253 2745 2712 2812 Quemadmodum
2756 2746 2908 2814 illud,
2939 2746 3081 2817 quod
3107 2747 3308 2802 dictum
3344 2757 3426 2803 est
3448 2746 3518 2802 de
3547 2749 3662 2820 ipso
3692 2748 3794 2804 Do-

505 2838 650 2892 niino
680 2837 804 2894 Jesu
828 2837 1062 2907 Christo,
1091 2841 1212 2911 quia
1245 2857 1345 2894 non
1373 2848 1580 2894 noverat
1606 2849 1864 2910 peccatum
1898 2838 1964 2911 (ll
1995 2838 2111 2894 Cor.
2132 2853 2185 2903 v,
2207 2837 2336 2910 2i);
2383 2839 2508 2910 quid
2536 2849 2639 2906 est,
2683 2857 2783 2896 non
2814 2849 3038 2907 noverat,
3084 2841 3206 2905 nisi,
3247 2841 3371 2913 quia
3413 2857 3519 2898 non
3549 2841 3796 2899 fecerat?

501 2932 580 2985 Ac
613 2945 711 3000 per
751 2929 853 2986 hoc
877 2931 1017 3001 quod
1041 2931 1241 2986 dictum
1281 2940 1383 2997 est,
1425 2931 1544 2986 Vias
1581 2946 1696 3002 qua:
1729 2948 1762 2984 a
1789 2931 1978 2986 dextris
2015 2941 2150 2998 sunt,
2197 2931 2331 2985 novit
2362 2930 2630 2997 Dominus,
2661 2933 2928 3004 quomodo
2966 2933 3365 3003 intelligendum
3401 2944 3503 3002 est,
3531 2937 3628 2991 nisi
3669 2939 3792 3006 quia

503 3024 620 3094 ipse
657 3023 778 3078 fecit
807 3025 917 3076 vias
941 3022 1179 3091 dextras,
1213 3023 1263 3079 id
1283 3033 1387 3092 est,
1413 3024 1527 3078 vias
1553 3023 1838 3094 iustorum,
1879 3039 1997 3093 qua:
2022 3030 2145 3078 sunt
2167 3023 2349 3093 utique
2377 3037 2539 3093 opera
2576 3024 2712 3080 bona
2734 3067 2749 3092 ,
2783 3042 2898 3096 quae
2944 3027 3247 3097 preparavit
3282 3027 3438 3095 Deus,
3493 3030 3628 3084 sicut
3667 3031 3795 3088 dicit

485 3113 811 3186 ’Apostolus,
839 3122 892 3168 ut
918 3115 971 3168 in
997 3115 1101 3170 illis
1121 3115 1434 3172 ambulemus
1458 3115 1670 3187 (Ep/res.
1697 3133 1755 3183 ιι,
1784 3117 1914 3188 10)?
1945 3116 2069 3171 Vias
2093 3124 2269 3170 autem
2298 3118 2540 3172 sinistras
2560 3133 2856 3188 perversas,
2889 3119 2940 3174 id
2969 3119 3213 3186 est,vias
3235 3119 3536 3190 impiorum,
3565 3139 3670 3178 non
3691 3126 3794 3180 uti‘

503 3226 610 3280 que
640 3212 806 3280 novit,
835 3212 957 3282 quia
1001 3224 1108 3265 non
1134 3224 1226 3266 eas
1270 3209 1384 3280 ipse
1411 3207 1536 3265 fecit
1554 3207 1778 3275 homini,
1807 3208 2085 3282 sedvhomo
2106 3209 2208 3266 sibi
2233 3228 2247 3265 :
2271 3219 2490 3282 propter
2508 3210 2650 3282 quod
2670 3210 2820 3280 dicit,
2853 3210 3004 3268 Odivi
3047 3225 3215 3272 autem
3260 3234 3371 3291 ego.
3389 3235 3646 3290 per-amas
3687 3220 3793 3274 vias

507 3305 782 3374 malorum,
803 3306 928 3377 ipsa
943 3315 1061 3360 sunt
1080 3321 1112 3358 a
1129 3304 1365 3360 sinistris.

573 3403 631 3458 7.
669 3402 775 3458 Sed
805 3401 1158 3472 respondetur
1183 3400 1338 3456 nobis
1356 3440 1370 3465 ,
1397 3399 1506 3454 Cur
1529 3413 1659 3470 ergo
1684 3397 1839 3466 dixit,
1874 3397 1960 3454 Ne
1987 3398 2208 3455 declines
2233 3400 2288 3454 in
2313 3400 2592 3467 dexteram,
2629 3415 2787 3472 neque
2823 3401 2876 3456 in
2903 3403 3193 3471 sinistram;
3221 3421 3344 3462 cum
3383 3407 3560 3477 potius
3607 3407 3789 3464 dicere

505 3496 757 3552 debuisse
778 3497 1038 3561 videatur,
1065 3495 1213 3550 Tene
1237 3494 1532 3559 dexteram,
1560 3500 1618 3549 et
1643 3507 1714 3549 ne
1737 3493 1974 3548 declines
1997 3493 2052 3548 in
2080 3494 2387 3560 sinistram;
2415 3493 2460 3549 si
2489 3493 2645 3550 bonze
2672 3505 2797 3550 sunt
2825 3496 2923 3552 via:
2958 3514 3077 3569 quae
3116 3516 3148 3554 a
3191 3501 3393 3557 dextris
3445 3503 3612 3559 sunt?
3661 3503 3789 3572 Cur,

501 3597 772 3660 putamus,
823 3588 927 3644 nisi
971 3589 1092 3658 quia
1121 3588 1192 3642 ita
1217 3589 1317 3641 vite
1351 3594 1478 3641 sunt
1497 3585 1649 3640 bona:
1672 3601 1792 3656 quae
1823 3601 1851 3640 a
1880 3586 2084 3642 dextris
2118 3595 2263 3653 sunt,
2295 3597 2353 3642 ut
2383 3587 2438 3642 in
2471 3585 2744 3643 dexteram
2779 3597 2953 3646 tamen
2992 3591 3264 3650 declinare
3291 3611 3400 3652 non
3428 3597 3500 3652 sit
3544 3597 3791 3652 bonum?

501 3679 780 3736 Declinare
807 3681 1003 3750 quippe
1041 3678 1130 3733 ille
1158 3685 1240 3733 est
1268 3677 1646 3748 intelligendus
1677 3677 1733 3731 in
1775 3676 2073 3744 dexteram,
2107 3679 2198 3748 qui
2237 3678 2374 3734 bona
2401 3679 2514 3748 ipsa
2539 3694 2698 3749 opera
2725 3696 2845 3751 quae
2871 3681 2937 3738 ad
2959 3683 3070 3739 vias
3097 3684 3344 3742 dexteras
3374 3689 3659 3758 pertinent,
3688 3690 3790 3746 sibi

498 3773 614 3828 vult
635 3771 929 3842 assignare,
958 3785 1065 3826 non
1093 3771 1222 3826 Deo.
1244 3769 1312 3824 Et
1337 3768 1458 3825 ideo
1479 3783 1600 3823 cum
1626 3767 1867 3833 dixisset,
1911 3767 2032 3824 Vias
2051 3769 2184 3824 enim
2222 3785 2335 3840 qua:
2358 3787 2389 3822 a
2417 3769 2610 3825 dextris
2638 3780 2755 3826 sunt
2779 3773 2915 3828 novit
2935 3773 3204 3845 Dominus,
3226 3794 3473 3848 perversa:
3490 3789 3655 3836 autem
3672 3790 3790 3836 sunt

497 3877 613 3932 qua
628 3877 663 3916 a
682 3861 899 3916 simstris
917 3870 1077 3926 sunt;
1100 3869 1350 3930 tanquam
1378 3859 1648 3915 diceretur
1664 3858 1717 3914 ei
1734 3900 1751 3926 ,
1773 3858 2055 3928 Quomodo
2077 3874 2205 3931 ergo
2233 3875 2340 3916 non
2378 3861 2459 3916 vis
2485 3869 2546 3917 ut
2568 3861 2897 3920 declinemus
2921 3865 2987 3922 ad
3013 3866 3330 3925 dexteram?
3349 3883 3566 3928 secutus
3597 3873 3789 3944 adjun-

499 3955 596 4018 xit,
620 3953 745 4025 Ipse
761 3962 930 4008 autem
959 3963 1123 4008 rectos
1151 3951 1302 4024 faciet
1321 3967 1496 4006 cursus
1515 3958 1661 4017 tuos;
1685 3951 1871 4006 itinera
1896 3961 2064 4006 autem
2101 3961 2188 4005 tua
2213 3952 2268 4006 in
2297 3968 2421 4021 pace
2449 3953 2706 4024 producet.
2733 3954 2822 4010 Sic
2851 3973 2978 4028 ergo
3016 3958 3248 4030 intellige
3277 3963 3417 4032 quod
3455 3964 3545 4019 tibi
3575 3981 3779 4034 praece-

500 4051 650 4114 ptum
685 4052 786 4110 est,
818 4041 1003 4098 Rectos
1043 4057 1222 4096 cursus
1251 4043 1334 4112 fac
1359 4039 1568 4112 pedibus
1595 4041 1716 4106 tuis,
1743 4050 1790 4095 et
1817 4041 1923 4095 vias
1955 4050 2069 4096 tuas
2093 4042 2275 4114 dirige,
2302 4052 2362 4098 ut
2379 4045 2610 4112 noveris,
2642 4060 2762 4100 cum
2792 4047 2893 4104 hoc
2915 4050 3062 4114 facis,
3091 4066 3121 4104 a
3150 4052 3373 4109 Domino
3399 4055 3508 4112 Deo
3535 4056 3626 4111 tibi
3650 4073 3789 4128 prae-

499 4135 634 4191 stari
658 4143 716 4190 ut
739 4135 846 4190 hoc
871 4133 1072 4198 facias;
1099 4140 1155 4188 et
1183 4147 1287 4187 non
1312 4130 1606 4187 declinabis
1633 4131 1700 4185 ad
1717 4131 2013 4198 dexteram,
2041 4134 2286 4203 quamvis
2315 4133 2554 4190 ambules
2589 4135 2642 4189 in
2669 4136 2768 4190 viis
2795 4137 3018 4206 dextris,
3052 4156 3160 4196 non
3200 4142 3472 4200 conﬁdens
3507 4146 3561 4200 in
3591 4149 3788 4204 virtute

499 4235 590 4280 tua
617 4243 634 4281 :
663 4234 720 4280 et
740 4225 854 4294 ipse
873 4224 976 4279 erit
995 4224 1166 4278 virtus
1191 4230 1300 4288 tua,
1333 4222 1421 4292 qui
1446 4229 1606 4276 rectos
1631 4222 1780 4294 faciet
1799 4238 1976 4279 cursus
1991 4232 2124 4290 tuos,
2148 4233 2195 4279 et
2224 4224 2410 4278 itinera
2439 4234 2524 4278 tua
2544 4226 2597 4280 in
2619 4243 2742 4295 pace
2769 4229 3034 4299 producet.

574 4317 629 4373 8.
669 4315 1028 4386 Quapropter,
1045 4314 1398 4381 dilectissimi,
1427 4315 1746 4384 quicumque
1768 4314 1916 4383 dicit,
1945 4314 2202 4370 Voluntas
2229 4331 2347 4371 mea
2369 4317 2497 4372 mihi
2523 4318 2716 4374 sufﬁcit
2738 4320 2804 4374 ad
2830 4319 3067 4379 facienda
3092 4340 3252 4397 opera
3289 4328 3446 4396 bona,
3468 4330 3700 4389 declinat
3729 4333 3786 4390 in

497 4408 794 4465 dexteram.
843 4407 946 4463 Sed
974 4420 1161 4461 rursus
1189 4405 1298 4472 illi,
1329 4405 1420 4474 qui
1451 4414 1637 4475 putant
1659 4406 1854 4460 bonam
1881 4407 2044 4461 vitam
2070 4408 2585 4478 esse-deserendam,
2616 4411 2830 4482 quando
2858 4415 3080 4472 audiunt
3108 4419 3184 4473 sic
3216 4420 3307 4476 Dei
3333 4425 3556 4493 gratiam
3588 4428 3781 4497 praedi-

498 4503 632 4568 cari,
685 4511 742 4556 ut
789 4499 1040 4556 credatur
1075 4506 1130 4555 et
1179 4499 1507 4568 intelligatur
1532 4499 1834 4555 voluntates
1859 4499 2132 4556 hominum
2161 4501 2274 4570 ipsa
2305 4517 2371 4558 ex
2400 4504 2554 4558 malis
2576 4505 2744 4562 bonas
2771 4508 2966 4578 facere,
2996 4514 3108 4582 ipsa
3131 4515 3289 4570 etiam
3317 4533 3449 4588 quas
3474 4522 3657 4577 fecerit
3684 4540 3782 4579 eu-

425 4637 436 4658 ,
499 4594 721 4659 stodire,
751 4603 804 4648 et
831 4605 1110 4664 propterea
1141 4592 1347 4658 dicunt,
1371 4589 1645 4647 Faciamus
1662 4592 1816 4659 mala,
1849 4602 1905 4646 ut
1925 4593 2124 4647 veniant
2148 4593 2279 4648 bona
2305 4593 2481 4665 (Rom.
2511 4613 2589 4664 Ill,
2633 4598 2730 4666 8);
2767 4600 2820 4654 in
2848 4601 3115 4658 sinistram
3148 4605 3437 4664 declinant.
3475 4611 3598 4667 ldeo
3632 4615 3785 4671 vobis

431 4679 435 4686 “
501 4687 656 4750 dixit,
684 4684 806 4740 Non
831 4677 1088 4739 declinatis
1113 4685 1166 4737 in
1188 4684 1464 4747 dexteram,
1490 4700 1646 4754 neque
1663 4685 1718 4737 in
1739 4685 2014 4749 sinistram,
2045 4685 2148 4739 hoc
2173 4694 2271 4751 est,
2299 4702 2404 4742 non
2436 4688 2513 4744 sic
2540 4688 2834 4746 defendatis
2866 4693 3089 4750 liberum
3135 4698 3410 4756 arbitrium
3439 4745 3453 4766 ,
3478 4713 3533 4758 ut
3557 4706 3604 4759 ei
3643 4707 3777 4764 bona

500 4792 663 4848 opera
687 4777 804 4832 sine
823 4776 926 4868 Dei,
945 4776 1111 4844 gratia
1143 4775 1422 4868 tribuatis;
1451 4790 1550 4868 nec
1576 4775 1654 4830 sic
1688 4774 1982 4830 defendatis
2007 4775 2249 4868 gratiam,
2279 4787 2337 4832 ut
2360 4781 2512 4848 quasi
2539 4780 2609 4836 de
2643 4781 2729 4836 illa
2750 4785 2944 4851 securi,
2977 4787 3112 4841 mala
3144 4805 3306 4859 opera
3333 4791 3563 4864 diligatis
3595 4811 3776 4868 :quoo

498 4869 614 4936 ipsa
639 4868 808 4938 gratia
841 4867 932 4921 Dei
961 4876 1164 4921 avertat
1191 4882 1221 4920 a
1253 4867 1423 4922 vobis.
1453 4867 1660 4923 Talium
1683 4869 1878 4937 quippe
1906 4868 2067 4945 verba
2109 4867 2208 4923 sibi
2235 4885 2538 4940 proponens
2565 4875 2852 4943 Apostolus
2877 4919 2893 4946 ,
2925 4878 2999 4934 ait
3029 4898 3042 4934 :
3073 4881 3209 4948 Quid
3236 4899 3354 4955 ergo
3379 4886 3642 4944 dicemus?
3669 4908 3758 4957 per

497 4960 807 5052 manebimus
831 4959 890 5052 in
903 4968 1128 5052 peccato,
1159 4969 1215 5052 ut
1242 4959 1409 5052 gratia
1433 4959 1698 5052 abundet?
1716 4961 1900 5052 atque
1934 4958 2016 5014 bis
2041 4958 2220 5052 verbis
2251 4960 2525 5018 hominum
2562 4969 2856 5023 errantium
2881 4979 2935 5025 et
2964 4971 3054 5026 Dei
3082 4974 3304 5044 gratiam
3334 4992 3439 5032 non
3472 4979 3779 5052 intelligenv

663 5050 954 5144 respondit
968 5059 1023 5144 ut
1046 5049 1248 5144 debuit,
1276 5050 1459 5144 dicens
1482 5068 1494 5102 :
1703 5049 1769 5144 Si
1789 5051 1927 5144 enim
1948 5051 2132 5144 mortui
2145 5068 2330 5144 sumus
2351 5065 2573 5123 peccato,
2601 5061 2850 5127 quomodo
2884 5063 3101 5117 vivemus
3139 5065 3195 5119 in
3223 5082 3282 5120 eo
3327 5065 3437 5136 (Id.
3466 5085 3541 5138 v1,
3587 5049 3668 5140 1,-
3684 5074 3782 5144 2)?

500 5141 641 5237 Nihil
665 5142 834 5237 potuit
852 5141 956 5208 dici
977 5141 1188 5196 brevius
1209 5150 1267 5237 et
1283 5141 1494 5237 melius.
1521 5140 1826 5237 Quid‘enim
1845 5142 1997 5237 nobis
2017 5141 2189 5237 gratia
2215 5141 2312 5198 Dei
2340 5147 2519 5201 utilius
2546 5149 2753 5205 confert
2775 5153 2827 5206 in
2856 5152 2961 5209 hoc
2989 5159 3235 5225 praesenti
3265 5161 3463 5218 saeculo
3503 5140 3775 5237 maligno;

495 5209 678 5290 nisiut
705 5235 995 5290 moriamur
1019 5235 1271 5304 peccato?
1309 5234 1387 5328 Ac
1418 5249 1510 5302 per
1531 5233 1633 5288 hoc
1663 5234 1760 5303 ipsi
1789 5234 1974 5328 gratia:
2014 5209 2282 5290 invenitur
2312 5237 2569 5310 ingratus,
2593 5244 2681 5313 qui
2713 5258 2929 5316 propter
2955 5209 3235 5307 illamﬁvu-lt
3259 5209 3776 5328 viwver-e'in-

494 5343 593 5423 per
616 5343 776 5400 quam
803 5303 1063 5384 morimur
1088 5335 1326 5423 peccato.
1353 5325 1691 5423 Deus-autem
1719 5303 1810 5396 qui
1836 5326 1984 5382 dives
2010 5335 2096 5383 est
2128 5327 2181 5382 in
2208 5303 2570 5388 misericordia
2590 5303 2729 5399 ,udet.
2743 5303 2894 5393 vobis
2919 5349 2975 5396 et
2999 5303 3510 5416 sanumvsaperegt'

495 5418 654 5515 linem
681 5419 1022 5515 proﬁcienter
1051 5419 1104 5515 in
1131 5417 1271 5471 bono
1302 5417 1573 5515 proposito
1593 5433 1925 5515 permanere.
1960 5419 2073 5515 Hoc
2099 5433 2194 5488 pro
2220 5422 2392 5491 vobis,
2435 5425 2534 5480 hoc
2571 5441 2669 5498 pro
2691 5431 2867 5498 nobis,
2897 5432 2998 5488 hoc
3035 5450 3131 5505 pro
3169 5440 3416 5496 omnibus
3449 5444 3537 5515 qui
3568 5417 3663 5502 vos
3688 5447 3773 5503 di-

497 5508 685 5580 ligunt,
708 5520 764 5565 et
789 5503 886 5607 pro
909 5510 990 5564 eis
1017 5507 1107 5607 qui
1133 5521 1231 5607 vos
1259 5507 1503 5607 adem-nt,
1534 5508 1790 5564 instanter
1810 5511 1861 5564 in
1894 5525 2024 5581 pace
2047 5509 2280 5568 fraterna
2302 5523 2357 5570 et
2379 5516 2658 5586 vigilanter
2682 5531 2849 5580 orate.
2875 5525 2987 5583 Deo
3027 5503 3232 5586 vivatis.
3274 5532 3330 5591 Si
3354 5503 3485 5607 quid
3512 5536 3580 5596 de
3623 5541 3776 5599 vobis

501 5617 733 5672 mereor,
764 5601 944 5658 veniat
969 5599 1038 5656 ad
1064 5615 1151 5656 me
1172 5599 1341 5656 frater
1368 5601 1580 5657 Florus.
