4142 6504
1033 353 3100 562 Ξῖὺῖὲέιιιιωαπετιιπ
3207 432 3222 440 ·

1598 635 2109 698 HIPPONENSIS
2163 635 2515 700 EPlSCOPI

497 919 1276 1078 GRATIA
1393 919 1637 1060 ET
1760 913 2509 1062 LIBERO
2623 915 3603 1066 ARBITRIO

1169 1145 1278 1208 AD
1318 1141 1845 1206 VALENTINUM
1885 1142 1990 1204 ET
2033 1140 2199 1204 CUM
2240 1140 2430 1205 ILLO
2469 1141 2910 1207 MONACHOS

1719 1283 1995 1377 “iiber
2041 1265 2415 1377 πταῖμα).

1853 1456 2258 1494 m

469 1570 617 1614 Docet
638 1561 910 1614 cavendum
933 1573 1065 1621 esse,
1086 1573 1154 1610 ne
1175 1556 1260 1610 vel
1273 1559 1640 1624 grattanegato
1661 1555 1822 1607 libero
1846 1557 2063 1624 arbitrio,
2091 1556 2173 1608 vel
2197 1566 2377 1624 negata

408 1640 515 1676 rum
539 1625 800 1676 voluntatis
820 1620 1072 1692 arbitrium
1087 1624 1254 1692 inesse
1273 1620 1472 1692 homini,
1485 1620 1796 1692 constarenex
1815 1620 2163 1692 scripturarum
2186 1620 2499 1692 testimoniis;
2524 1623 2589 1674 de
2613 1627 2716 1692 ipsa
2731 1627 2882 1692 etiam
2898 1629 3054 1692 gratia
3073 1630 3180 1686 Dei,
3200 1629 3308 1678 sine
3331 1641 3427 1692 qua
3449 1628 3568 1678 nihil
3590 1632 3705 1683 boni

408 1701 560 1753 agam
584 1699 858 1753 possumus,
882 1686 992 1753 data
1016 1684 1200 1753 essein
1223 1683 1397 1753 iisdem
1418 1682 1671 1753 scripturis
1691 1682 1852 1730 divina
1874 1680 2180 1753 documenta.
2195 1690 2378 1753 itostea
2399 1680 2564 1753 contra
2584 1680 2864 1750 Pelagianos
2887 1680 3057 1753 probat
3091 1680 3294 1752 gratiam
3317 1680 3414 1740 n'on
3435 1680 3704 1743 secundum

408 1743 598 1800 πῖθι-ἰαί
609 1756 772 1817 nostra
794 1743 920 1817 dari.
939 1747 1149 1810 Explicat
1169 1745 1410 1817 quomodo
1425 1744 1521 1794 vita
1545 1751 1746 1817 aeterna,
1771 1756 1890 1816 quas
1905 1743 2045 1793 bonis
2067 1746 2561 1817 Operibusredditur,
2585 1743 2722 1817 vere
2729 1754 2793 1800 sit
2814 1743 2984 1813 gratia.
3167 1767 3288 1817 vero
3309 1760 3543 1803 monstrat
3573 1755 3704 1817 quod

410 1825 572 1874 neque
595 1811 800 1882 scientia
824 1809 966 1882 legis,
993 1805 1156 1882 neque
1181 1805 1364 1882 natura,
1384 1819 1556 1882 neque
1581 1805 2253 1882 sollaremiss‘iopeccatloruni
2270 1808 2340 1882 Asit
2368 1807 2452 1857 illa
2474 1805 2628 1871 gratia
2651 1825 2766 1882 quae
2793 1805 2880 1882 pler
2895 1819 3063 1882 desum
3084 1814 3320 1864 Christum
3343 1805 3704 1882 Dominuminof

409 1867 559 1922 atrum
590 1873 751 1930 datur,
774 1872 863 1920 sed
877 1867 989 1933 ipsa
1012 1867 1165 1933 gratia
1190 1871 1326 1933 faciat
1347 1877 1403 1918 ut
1426 1867 1506 1917 les
1536 1867 1890 1933 impleatur,_ut
1914 1874 2082 1916 natura
2108 1869 2364 1933 liberetur,
2391 1885 2453 1920 ne
2478 1867 2746 1933 peccatum

410 1935 775 1996 Pelagianorum
800 1932 1092 1996 perfugium,
1116 1944 1214 1994 quo
1235 1932 1418 1989 dicunt,

2815 1874 3072 1939 ominetur.
3102 1883 3347 1939 Expugnat
3376 1891 3549 1925 vanum
3583 1876 3704 1928 illud

1455 1948 1478 1998 ᾳ
1500 1929 1949 1998 ετθιίξιιιιβιδὶιιοιι
1971 1930 2437 1998 secundnmmerita
2455 1929 2690 1984 bonorum
2711 1949 2918 1998 operum
2935 1935 3097 1998 detur,
3123 1929 3286 1988 tamen
3307 1941 3411 1988 dari
3435 1941 3705 1990 secundum

419 2015 442 2042 ε
465 1990 634 2045 ιηὲτὶιη
659 1990 811 2063 bona!
825 1990 1100 2063 voluntatis,
1125 1990 1236 2056 qua:
1262 1990 1782 2063 praecedig'credentis
1806 1997 1858 2063 et
1894 1992 2094 2063 orantis.
2115 2008 2138 2036 ι
2168 1993 2336 2043 Incidit
2358 1995 2408 2044 in
2429 1990 2770 2063 quaestionem,
2795 2010 2882 2046 cur
2905 2006 3034 2063 Deus
3051 1990 3194 2063 jubet
3215 2001 3344 2062 quod
3378 2003 3483 2061 ipse
3505 2003 3707 2052 daturus

415 2065 520 2118 est;
547 2065 597 2106 et
619 2069 680 2106 an
701 2058 874 2119 jubeat
895 2055 1055 2119 aliqua
1077 2053 1186 2118 quia
1210 2053 1307 2119 non
1332 2066 1602 2119 possumus.
1625 2053 1932 2119 (gnaritatem,
1956 2054 2064 2102 sine

416 2114 529 2169 esse
544 2114 804 2170 convincit.
829 2114 1061 2180 ostendit,
1071 2114 1263 2180 operari
1285 2114 1437 2180 Deum
1454 2117 1523 2180 ⁸ἰιι
1538 2115 1764 2180 cordibus
1785 2114 2051 2180 hominum

2067 2067 2181 2165 ³Ἅιιιι
2207 2064 2568 2165 prmetiptauon
2586 2058 2868 2122 implentur,
2903 2074 2996 2110 non
3021 2058 3070 2110 id
3095 2058 3247 2112 nobis
3259 2063 3350 2111 nisi
3376 2058 3437 2113 ex
3476 2065 3582 2124 ipso
3605 2071 3705 2114 Deo

2143 2117 2351 2165 inclinan
2383 2130 2440 2165 as
2464 2133 2630 2165 eorum
2644 2121 2922 2165 voluntates
2941 2136 3246 2165 nnncnmmm
3273 2124 3498 2165 valuerit-
3520 2126 3624 2165 sive
3648 2125 3705 2165 ad

2143 2117 2440 2187 inclinandas
2464 2117 2922 2187 eorum_volttti_tates
2941 2136 3246 2187 quocumque
3273 2117 3508 2187 voluerit,"
3520 2126 3624 2175 sive
3648 2125 3706 2175 ad

412 2168 536 2230 δόηέδ
557 2168 649 2244 ι)το
671 2194 758 2250 ειμι
782 2168 1130 2250 ιηὶδβτίορνάίέ,
1163 2179 1350 2250 sive-ad
1374 2177 1610 2250 maiapro
1635 2177 2028 2250 meritiseorum,
2057 2168 2238 2250 leicio
2262 2181 2432 2244 utique
2453 2168 2543 2232 suo
2559 2168 3558 2250 aliquath‘5.§eiid,'5iiéih3hdéﬁééaii&
3571 2168 3706 2250 53:5:

412 2257 501 2312 per
526 2239 686 2312 tamen
705 2243 856 2312 justo.
881 2241 1094 2312 Tandem
1109 2241 1334 2312 gratuitae
1351 2239 1639 2312 gratiaa’nec
1661 2239 1849 2287 meritis
1868 2239 2074 2312 reddita:
2097 2239 2397 2292 luculentum
2429 2239 2710 2308 exemplain
2731 2239 3001 2310 suppetere
3025 2239 3071 2297 in
3095 2239 3164 2298 iis'
3177 2247 3388 2312 parvulis
3408 2250 3491 2312 qui
3515 2239 3707 2299 salvan-

413 2302 509 2366 tur,
543 2305 658 2354 dum
678 2302 761 2354 alii
783 2315 928 2353 unam
949 2316 1060 2353 cum
1080 2302 1199 2367 ipsis
1219 2302 1412 2352 ausam
1433 2302 1673 2352 habentes
1697 2306 1922 2363 pereunt.

485 2407 709 2464 CAPUT
751 2408 1034 2466 PRIMUM.
1061 2409 1206 2464 —l.
1253 2407 1478 2477 Propter
1513 2420 1606 2461 eos
1651 2406 1741 2475 qui
1783 2404 2014 2460 hominis

419 2501 644 2555 liberum
687 2501 962 2555 arbitrium
1007 2500 1085 2554 sic
1133 2498 1428 2569 praedicant
1473 2504 1530 2553 et
1572 2495 1906 2562 defendunt,
1957 2504 2014 2550 ut

427 2591 518 2645 Dei
548 2591 771 2660 gratiam
799 2605 899 2660 qua
928 2605 1183 2645 vocamur
1212 2589 1279 2643 ad
1308 2603 1431 2644 eum
1461 2597 1518 2643 et
1537 2601 1590 2639 'a
1635 2587 1833 2641 nostris
1860 2585 2014 2640 malis

427 2680 632 2734 meritis
657 2681 939 2736 liberamur
961 2721 977 2746 ,
1010 2689 1064 2736 et
1093 2695 1189 2750 per
1212 2694 1372 2749 quam
1403 2678 1542 2733 bona
1572 2678 1764 2732 merita
1792 2692 2013 2747 compa-

426 2788 608 2827 ramus
632 2773 821 2842 quibus
856 2772 921 2828 ad
965 2773 1128 2827 vitam
1177 2772 1552 2842 perveniamus
1596 2780 1850 2825 aeternam
1875 2810 1891 2836 ,
1921 2783 2016 2824 ne-

423 2880 552 2935 gare
574 2863 802 2920 audeant
828 2873 882 2920 et
905 2874 1170 2922 conentur
1193 2865 1403 2920 auferre
1427 2907 1442 2930 ,
1491 2864 1652 2918 multa
1690 2863 1800 2933 jam
1841 2862 2014 2917 disse.

422 2958 668 3024 ruimus,
727 2958 1025 3029 litterisque
1081 2958 1489 3022 mandavimus,
1545 2965 1806 3027 quantum
1864 2955 2016 3010 nobis

425 3053 682 3108 Dominus
709 3051 911 3108 donare
941 3053 1188 3123 dignatus
1218 3061 1318 3108 est.
1343 3051 1450 3108 Sed
1472 3051 1722 3122 quoniam
1750 3057 1877 3107 sunt
1900 3051 2018 3120 qui-

421 3145 540 3200 dam
567 3189 580 3211 ,
613 3146 705 3217 qui
728 3147 806 3202 sic
824 3147 1049 3218 gratiam
1076 3146 1170 3202 Dei
1190 3146 1482 3201 defendunt
1499 3188 1512 3211 ,
1545 3155 1602 3200 ut
1623 3153 1819 3216 negent
1845 3144 2018 3200 homi-

421 3236 504 3291 nis
535 3236 761 3291 liberum
789 3236 1104 3302 arbitrium;
1134 3247 1225 3290 aut
1249 3236 1460 3306 quando
1486 3239 1652 3307 gratia
1680 3235 1982 3292 defenditur
2000 3278 2014 3298 ,

424 3329 603 3399 negari
648 3330 957 3384 existiment
1001 3329 1226 3384 liberum
1275 3329 1589 3393 arbitrium;
1643 3329 1764 3382 hinc
1817 3328 2015 3400 aliquid

425 3421 661 3476 scribere
700 3422 764 3476 ad
809 3432 1040 3478 vestram
1077 3421 1443 3487 Charitatem,
1494 3421 1772 3476 Valentine
1815 3421 1978 3476 frater
2001 3464 2015 3487 ,

428 3521 484 3566 et
509 3514 684 3566 caeteri
715 3515 801 3583 qui
831 3515 989 3568 simul
1022 3514 1131 3568 Deo
1160 3513 1375 3569 servitis
1398 3555 1412 3578 ,
1452 3514 1809 3584 compellente
1836 3521 2018 3568 mutua

429 3601 690 3658 charitate
719 3606 913 3659 curavi.
945 3604 1254 3660 Nuntiatum
1283 3615 1366 3660 est
1394 3606 1540 3660 enim
1571 3606 1700 3660 milii
1730 3606 1796 3659 de
1832 3605 2016 3672 vobis,

433 3698 660 3761 fratres,
714 3697 781 3750 ab
829 3691 1092 3767 aliquibus
1138 3697 1227 3767 qui
1276 3699 1328 3752 in
1372 3709 1551 3753 vestra
1600 3701 2018 3769 congregatione

429 3795 590 3848 sunt,
617 3795 670 3842 et
698 3787 762 3840 ad
792 3802 886 3842 nos
917 3787 1040 3844 inde
1065 3797 1368 3855 venerunt,
1401 3803 1497 3858 per
1521 3804 1657 3860 quos
1697 3798 1752 3844 et
1795 3790 1895 3844 ista
1933 3788 2020 3844 di-

428 3879 669 3934 reximus
693 3922 707 3945 ,
737 3881 875 3951 quod
905 3881 971 3936 de
1005 3883 1103 3937 hac
1129 3897 1188 3937 re
1232 3882 1596 3939 dissensiones
1633 3884 1682 3936 in
1715 3883 1865 3937 vobis
1889 3884 2016 3938 sint.

425 3970 644 4040 Itaque,
677 3971 1006 4028 dilectissimi
1033 4014 1047 4037 ,
1105 3988 1175 4028 ne
1205 3989 1298 4028 vos
1344 3973 1621 4044 perturbet
1666 3973 1822 4044 hujus
1870 3991 2020 4044 qum-

427 4064 615 4118 stionis
643 4063 966 4131 obscuritas,
999 4080 1194 4120 moneo
1223 4080 1315 4120 vos
1343 4065 1597 4137 primum,
1628 4077 1686 4120 ut
1715 4065 1783 4120 de
1810 4066 1873 4120 iis
1898 4081 2019 4136 quae

427 4155 723 4224 intelligitis
745 4199 759 4221 ,
795 4158 961 4227 agatis
998 4156 1114 4212 Deo
1148 4157 1386 4228 gratias:
1429 4157 1683 4228 quidquid
1725 4167 1806 4213 est
1843 4169 2019 4213 autem

429 4261 534 4316 quo
561 4249 842 4317 pervenire
869 4249 1104 4304 nondum
1129 4259 1302 4319 potest
1323 4262 1516 4306 vestra:
1541 4252 1734 4306 mentis
1762 4253 1984 4307 intentio
2002 4295 2018 4318 ,

434 4350 617 4406 pacem
647 4338 786 4392 inter
816 4355 912 4395 vos
954 4351 1009 4396 et
1044 4342 1356 4396 charitatem
1397 4352 1671 4398 servantes
1695 4385 1710 4410 ,
1739 4359 1768 4398 a
1795 4345 2022 4398 Domino

435 4439 496 4485 ut
524 4430 825 4501 intelligatis
853 4442 1036 4497 orate;
1064 4443 1118 4489 et
1155 4434 1327 4489 donec
1365 4449 1462 4490 vos
1499 4436 1612 4506 ipse
1657 4436 1937 4506 perducat.
1954 4435 2020 4490 ad

436 4539 498 4578 ea
531 4538 649 4592 quae
679 4522 911 4578 nondum
945 4524 1232 4596 intelligitis
1257 4568 1270 4591 ,
1303 4526 1374 4581 ibi
1404 4525 1673 4582 ambulate
1699 4543 1804 4596 quo
1831 4544 2021 4598 perve-

435 4614 556 4669 nire
584 4613 852 4683 potuistis.
901 4614 1014 4669 an
1057 4616 1303 4672 admonet
1351 4618 1622 4686 apostolus
1668 4618 1902 4684 Paulus,
1933 4622 2022 4691 qui

431 4721 553 4760 cum
581 4705 805 4760 dixisset
836 4705 1068 4759 nondum
1099 4721 1156 4761 se
1184 4722 1305 4762 esse
1335 4708 1625 4777 perfectum
1652 4749 1667 4775 ,
1716 4709 1873 4779 paulo
1906 4719 2024 4779 post

426 4798 539 4863 ait,
577 4797 830 4868 Quotquot
859 4815 975 4869 ergo
1000 4800 1206 4869 perfecti
1229 4800 1326 4854 hoc
1351 4800 1653 4870 sapiamus;
1700 4799 1749 4854 id
1783 4810 1867 4856 est
1892 4843 1906 4865 ,
1952 4803 2022 4856 ita

427 4905 525 4945 nos
551 4905 673 4945 esse
704 4887 968 4960 perfectos
991 4931 1007 4957 ,
1045 4899 1102 4945 ut
1131 4891 1365 4946 nondum
1392 4891 1458 4947 ad
1487 4891 1871 4962 perfectionem
1899 4908 2018 4963 quas

428 4981 580 5036 nobis
608 4979 804 5036 sufﬁcit
833 4982 1138 5037 venerimus
1170 5001 1182 5037 :
1215 4985 1576 5055 continuoque
1604 4985 1879 5054 subiunxit
1903 5027 1917 5048 ,
1950 4984 2019 5039 Et

2114 2389 2156 2441 si
2185 2389 2306 2457 quid
2335 2390 2484 2445 aliter
2507 2393 2713 2463 sapitis,
2747 2394 2839 2447 hoc
2869 2411 3064 2465 quoque
3091 2396 3228 2450 vobis
3256 2394 3396 2450 Deus
3424 2397 3659 2451 reuelabit
3689 2410 3712 2453 .'

2115 2490 2452 2536 uerumtamen
2490 2483 2546 2538 in
2585 2486 2720 2556 quod
2765 2487 3078 2556 pervenimus
3103 2527 3117 2552 ,
3164 2486 3217 2541 in
3269 2503 3325 2540 eo
3377 2487 3710 2545 ambulemus.

2117 2569 2402 2644 (Philipp.
2447 2591 2541 2640 Ill,
2588 2576 2814 2646 12-16).
2869 2577 3202 2632 Ambulando
3238 2581 3433 2650 quippe
3471 2581 3523 2633 iu
3566 2580 3710 2650 quod

2117 2665 2490 2732 pervenimus,
2527 2675 2582 2720 et
2618 2682 2725 2737 quo
2764 2667 3001 2722 nondum
3046 2670 3389 2740 pervenimus
3433 2672 3714 2740 pervenire

2119 2759 2410 2824 poterimus
2433 2799 2448 2823 ,
2477 2759 2588 2814 Deo
2615 2760 2769 2815 nobis
2797 2761 3066 2816 revelante
3107 2762 3150 2816 si
3193 2761 3321 2832 quid
3371 2761 3531 2817 aliter
3571 2764 3715 2835 sapi-

2117 2867 2239 2909 mus
2261 2895 2277 2920 ,
2310 2855 2356 2909 si
2385 2870 2448 2909 ea
2479 2872 2597 2925 qua!
2622 2856 2733 2927 jam
2760 2859 3017 2914 revelavit
3045 2876 3152 2915 non
3182 2862 3564 2933 relinquamus.

2187 2943 2416 3003 CAPUT
2442 2947 2506 3002 ll.
2536 2980 2606 2990 ——
2629 2949 2684 3004 2.
2716 2950 2992 3008 Revelavit
3019 2962 3196 3009 autem
3240 2954 3397 3010 nobis
3437 2971 3532 3026 per
3573 2955 3718 3011 Scri-

2123 3046 2306 3108 pturas
2334 3056 2457 3096 suas
2486 3053 2719 3112 sanctas,
2752 3061 2873 3102 esse
2900 3047 2951 3101 in
2975 3047 3190 3103 homine
3216 3049 3442 3104 liberum
3467 3051 3715 3105 volunta-

2121 3132 2190 3186 tis
2215 3131 2512 3188 arbitrium.
2543 3135 2823 3204 Quomodo
2859 3148 3039 3195 autem
3083 3140 3434 3208 revelaverit,
3476 3157 3718 3198 comme-

2122 3237 2275 3278 moro
2295 3239 2390 3278 vos
2414 3268 2427 3288 .
2453 3241 2557 3280 non
2582 3226 2815 3283 humano
2836 3229 3047 3301 eloquio
3065 3271 3081 3297 ,
3106 3231 3199 3287 sed
3221 3232 3420 3287 divino.
3445 3232 3683 3290 Primum
3699 3277 3716 3304 ,

2121 3315 2243 3384 quia
2279 3317 2390 3385 ipsa
2427 3317 2602 3372 divina
2650 3333 2910 3391 prrrcepta
2956 3321 3159 3378 homini
3210 3341 3314 3379 non
3360 3327 3716 3396 prodessent,

2120 3407 2224 3462 nisi
2251 3407 2476 3464 haberet
2519 3411 2743 3466 liberum
2795 3416 3084 3472 voluntatis
3128 3417 3442 3483 arbitrium,
3499 3435 3604 3491 quo
3656 3436 3721 3477 ea

2121 3497 2320 3554 faciens
2355 3501 2423 3554 ad
2463 3501 2725 3572 promissa
2773 3507 2989 3574 praemia
3036 3510 3365 3577 perveniret.
3411 3509 3538 3565 Ideo
3575 3513 3721 3567 enim

2121 3591 2244 3646 data
2271 3602 2430 3656 sunt,
2460 3605 2517 3649 ut
2548 3595 2709 3651 homo
2735 3601 3132 3656 excusationem
3179 3602 3247 3656 de
3284 3605 3580 3672 ignorantia
3611 3621 3721 3661 non

2126 3685 2346 3742 haberet
2373 3705 2386 3740 :
2411 3687 2548 3742 sicut
2569 3689 2824 3744 Dominus
2851 3692 2980 3748 dicit
3008 3693 3060 3747 in
3087 3694 3376 3766 Evangelia
3396 3696 3463 3750 de
3483 3697 3682 3752 Judzeis
3702 3739 3717 3764 ,

2125 3778 2185 3834 Si
2215 3795 2315 3833 non
2339 3781 2580 3834 uenissem
2605 3790 2650 3836 et
2685 3783 2880 3838 locutus
2924 3786 2995 3839 eis
3035 3787 3277 3856 fuissem,
3317 3798 3575 3859 peccatum
3619 3806 3720 3844 non

2123 3870 2400 3926 haberent:
2451 3889 2584 3927 nunc
2645 3883 2811 3928 autem
2866 3878 3239 3932 accusationem
3294 3897 3396 3933 non
3439 3880 3620 3935 habent
3658 3881 3722 3936 de

2125 3974 2328 4032 peccato
2377 3981 2468 4019 suo
2500 3963 2694 4038 (Joan.
2722 3983 2814 4034 xv,
2847 3966 2918 4022 22
2941 3968 2985 4040 ).
3016 3970 3093 4025 De
3131 3986 3238 4041 quo
3279 3983 3502 4044 peccato
3546 3974 3718 4043 dicit,

2123 4055 2225 4108 nisi
2253 4055 2319 4109 de
2345 4056 2438 4110 illo
2466 4073 2660 4128 magno
2685 4101 2698 4125 ,
2732 4059 2874 4130 quod
2906 4063 3220 4130 przesciebat
3257 4079 3442 4120 eorum
3485 4066 3720 4122 futurum

2125 4148 2338 4218 quando
2363 4149 2460 4204 ista
2491 4149 2738 4216 dicebat,
2772 4151 2825 4206 id
2852 4161 2971 4216 est,
3017 4169 3124 4223 quo
3168 4171 3288 4209 cum
3336 4155 3547 4212 fuerant
3573 4158 3720 4213 occi-

2126 4241 2280 4296 suri?
2306 4242 2488 4313 Neque
2514 4243 2656 4298 enim
2687 4245 2889 4299 nullum
2917 4245 3187 4301 habebant
3217 4258 3494 4317 peccatum
3519 4290 3535 4316 ,
3565 4258 3722 4304 ante-

2125 4351 2283 4407 quam
2314 4337 2559 4392 Christus
2587 4337 2823 4393 venisset
2853 4339 2904 4392 in
2935 4351 3096 4394 carne
3135 4339 3201 4394 ad
3249 4356 3363 4396 eos.
3416 4342 3547 4396 Item
3594 4341 3724 4398 dicit

2127 4431 2419 4500 Apostolus
2445 4451 2456 4484 :
2486 4430 2760 4486 Revelatur
2787 4433 2863 4485 ira
2892 4431 2988 4486 Dei
3009 4432 3072 4486 de
3093 4432 3218 4488 caelo
3244 4435 3295 4488 in
3318 4452 3514 4489 omnem
3543 4436 3723 4506 impie-

2127 4532 2278 4577 tatem
2306 4533 2352 4576 et
2376 4523 2681 4594 injustitiam
2707 4524 2968 4576 hominum
2995 4540 3166 4578 eorum
3191 4565 3206 4589 ,
3245 4525 3330 4594 qui
3373 4525 3629 4580 veritatem
3668 4527 3723 4580 in

2126 4617 2388 4685 iniquitate
2417 4615 2679 4669 detinent:
2707 4616 2826 4686 quia
2851 4616 2986 4686 quod
3015 4626 3188 4670 notum
3224 4627 3294 4670 est
3325 4615 3421 4671 Dei
3447 4660 3458 4677 .
3502 4619 3724 4688 manifeo

2127 4717 2258 4760 stum
2269 4717 2342 4760 est
2358 4709 2412 4760 in
2442 4707 2544 4760 illis
2567 4723 2586 4771 ;
2616 4706 2752 4760 Deus
2773 4707 2905 4760 enim
2929 4708 3032 4761 illis
3054 4708 3411 4778 manifestavit.
3436 4707 3724 4764 Invisibilia

2127 4804 2260 4852 enim
2287 4801 2396 4868 ejus
2418 4841 2432 4863 ,
2459 4816 2490 4852 a
2518 4808 2748 4853 creatura
2774 4799 2953 4853 mundi
2975 4841 2990 4865 ,
3023 4816 3112 4870 per
3139 4817 3196 4854 ea
3239 4817 3351 4872 quw
3386 4801 3521 4870 facta
3556 4812 3674 4856 sunt
3699 4844 3714 4870 ,
3751 4795 3758 4826 ³

2127 4891 2379 4946 intellecta
2405 4893 2821 4962 conspiciuntur;
2850 4894 3153 4964 sempiterna
3188 4911 3383 4965 quoque
3418 4896 3573 4949 virtus
3609 4895 3720 4967 ejus

2129 5001 2188 5038 ac
2220 4984 2457 5040 divinitas
2484 5027 2498 5050 ,
2530 4995 2597 5046 ut,
2615 4985 2715 5039 sint
2756 4985 3120 5040 inexcusabile:
3159 4984 3178 5057 (
3205 4985 3357 5040 Rom.
3393 5003 3448 5055 ι,
3481 4986 3646 5043 18-20
3667 4985 3712 5059 ).

1606 5093 1890 5134 ΑΒΙΟΝΙἹΊΟ
1927 5095 2005 5133 PP.
2050 5093 2526 5134 BENIDICTINORUM.

492 5167 639 5230 “Ilius

673 5169 856 5240 operis
881 5169 1182 5240 exemplaria
1218 5182 1310 5235 pro
1339 5170 1665 5222 concinnanda
1709 5185 1831 5240 nova
1860 5172 1972 5240 ‘hac
2015 5173 2230 5240 editione
2280 5171 2449 5240 plur_a__
2472 5179 2527 5240 et
2558 5183 2832 5240 _pcrquam_
2853 5175 3061 5236 egregia
3103 5172 3274 5224 collata
3301 5182 3464 5240 sunt,

3533 5174 3724 5229 adlicet

434 5229 634 5298 Iomana
673 5229 982 5298 bibliothecae
1027 5229 1263 5298 Yaticanie
1301 5247 1421 5298 sex,
1467 5241 1536 5298 et_
1555 5235 1931 5298 quatuordecim
1965 5233 2247 5298 Gallicana,
2280 5229 2343 5282 ex
2389 5229 2694 5298 bibliotheca"
2721 5235 2865 5297 Regia
2886 5229 3068 5285 "unum
3087 5271 3103 5294 ,
3137 5249 3202 5286 ex
3222 5229 3507 5298 iColbertina
3551 5250 3720 5298 unum,

434 5302 498 5340 ex
518 5293 769 5361 sorbonica
792 5305 968 5361 unum,
986 5293 1126 5361 aliud
1152 5295 1400 5361 “emensis
1426 5293 1691 5361 _Eccle_'sia:,
1736 5295 1866 5361 aliud
1877 5294 2139 5361 _clarlssimi
2164 5297 2252 5344 viri
2271 5359 2279 5361 _
2298 5294 2488 5361 Nicolai
2517 5293 2810 5356 atanessier,
2840 5300 3053 5361 Doctoris
3087 5293 3319 5361 ‘rheologi
3356 5299 3635 5348 Parisiensis
3667 5293 3720 5350 et

429 5354 548 5403 socii
569 5353 834 5410 Sorbonici,
858 5352 950 5404 alia
970 5354 1068 5405 duo
1089 5369 1153 5406 ex
1177 5352 1694 5421 abbatiapisterciensi
1711 5397 1725 5419 ,
1761 5359 1889 5407 aliud
1916 5371 1980 5407 ex
2003 5359 2282 5421 Corbeiensi
2315 5359 2698 5421 vetustissimum,
2726 5352 2841 5407 ante
2878 5359 3038 5421 mille,
3073 5366 3127 5408 ut
3158 5352 3379 5418 videiur,
3412 5372 3565 5421 annos
3603 5362 3722 5410 scri-

429 5422 596 5483 ptum,
630 5423 807 5464 cetera
828 5429 892 5465 ex
914 5420 1221 5483 [nonasteriis
1242 5418 1540 5483 I’ratellensi.
1565 5418 1957 5483 Gemmeticensi,
1986 5420 2230 5478 Beecensi,
2257 5419 2552 5483 Michaelino,
2576 5419 2832 5480 Casalensi,
2862 5428 2914 5470 et
2947 5418 3281 5483 Andegavensi
3312 5428 3355 5469 s.
3379 5419 3536 5483 Albini
3561 5433 3719 5483 :exa-

428 5477 622 5546 alipene
645 5484 882 5546 praeterea
905 5481 1151 5529 variantes
1172 5479 1412 5531 lectiones
1433 5481 1650 5531 codicum
1671 5495 1762 5532 sex
1789 5477 2086 5545 Belgioorum
2101 5518 2114 5540 ,
2140 5477 2251 5546 qua:
2268 5482 2395 5544 apud
2418 5477 2740 5532 Lovauienses
2776 5477 2989 5543 exstant,
3012 5491 3064 5532 et
3084 5477 3333 5543 'perlecte
3366 5481 3564 5533 fuerunt
3583 5481 3721 5534 celo-

427 5537 618 5590 briores
635 5537 874 5590 editiones
898 5551 994 5589 .tm.
1022 5548 1095 5590 Er.
1115 5550 1167 5592 et
1187 5550 1296 5592 ιον.

502 5623 1021 5711 Comparavimus
1041 5640 1352 5711 praterea
1381 5652 1480 5695 eas
1511 5625 1717 5697 omnes
1745 5634 2045 5697 editiones
2072 5633 2262 5696 initio
2294 5633 2465 5694 Retr.
2489 5638 2544 5691 et
2562 5627 2876 5702 Confess.,
2903 5639 2948 5691 t.
2985 5631 3044 5705 1,
3072 5638 3460 5693 memoratas.
3545 5631 3640 5696 Μ.
3739 5693 3742 5709 ί

484 5750 559 5818 (tt)
588 5759 802 5820 Sumtus
821 5767 950 5806 anno
970 5755 1144 5806 Christi
1165 5754 1258 5805 426
1278 5763 1362 5806 aut
1383 5756 1490 5806 427.

2487 1562 2553 1612 tia
2574 1561 2782 1612 liberum
2804 1564 3056 1616 arbitrium
3085 1563 3410 1617 defendatur:
3437 1577 3549 1616 nam
3569 1565 3700 1620 libo-
3775 1552 3782 1572 ⁷
