4142 6518
487 326 592 386 885

483 446 761 514 Quomodo
783 445 915 503 dicit
937 443 1322 504 inexcusabiles
1342 486 1358 511 ,
1388 443 1491 500 nisi
1512 441 1582 500 de
1605 439 1695 500 Illa
1718 434 2060 494 excusatione

482 558 583 613 qua
623 541 760 598 solet
799 539 980 596 dicere
1022 538 1255 595 humana
1293 534 1538 608 superbla
1563 575 1577 600 ,
1603 532 1660 588 Si
1688 529 1906 587 sclssem
1929 569 1944 593 ,
1981 526 2095 605 l'e-I

483 633 676 688 cissem
703 648 716 696 ;
747 632 868 688 ideo
891 647 999 688 non
1023 631 1125 688 feci
1147 673 1162 696 ,
1189 631 1312 702 quia
1341 625 1578 684 nescivi?
1601 633 1692 684 aut
1715 663 1732 690 ,
1752 621 1807 682 Si
1829 621 2021 678 scirem
2039 659 2056 686 ,

483 725 709 780 facerem
734 739 749 788 ;
780 724 900 779 ideo
928 740 1034 778 non
1062 723 1198 778 iacio
1215 763 1230 788 ,
1258 719 1379 792 quia
1404 717 1622 773 nescio?
1642 715 1768 770 Haec
1791 715 1872 768 eis
1897 726 2057 766 excu-

481 817 616 872 satio
645 815 846 870 tollitur
873 858 888 881 ,
917 813 1126 886 quando
1149 818 1472 884 praeceptum
1497 807 1652 862 datur
1675 847 1691 874 ,
1725 805 1806 859 vel
1835 801 2056 858 scientia

481 925 586 964 non
613 905 868 978 peccandi
890 905 1278 964 manifestatur.

551 999 604 1054 3.
633 998 740 1057 Sed
765 1003 890 1055 sunt
909 996 1153 1055 homines
1179 993 1268 1064 qui
1290 993 1448 1052 etiam
1491 990 1558 1051 de
1594 991 1709 1060 ipso
1733 989 1846 1043 Deo
1873 1001 1931 1042 se
1959 1000 2057 1042 ex-

481 1107 668 1148 cusare
709 1098 1002 1153 conantur,
1053 1087 1246 1158 quibus
1291 1085 1424 1160 dicit
1467 1084 1737 1155 apostolus
1784 1080 2054 1136 Jacobus:

483 1183 648 1239 Nemo
671 1200 786 1238 cum
810 1189 1066 1245 tentatur,
1107 1180 1281 1243 dicat,
1323 1175 1574 1244 Quoniam
1609 1193 1642 1231 a
1681 1175 1787 1230 Deo
1829 1182 1991 1228 lentor
2015 1172 2055 1226 ‘.

482 1274 618 1328 Deus
645 1273 773 1328 enint
799 1272 1068 1326 intentator
1097 1269 1347 1324 malorum
1390 1279 1462 1322 est
1491 1283 1510 1321 :
1551 1269 1658 1336 ipse
1691 1275 1856 1318 autem
1897 1265 2056 1322 nemi-

482 1384 593 1421 nem
623 1374 795 1418 tentat.
831 1363 1181 1434 Unusquisque
1207 1378 1320 1416 vero
1348 1369 1568 1416 tentatur
1595 1377 1626 1412 a
1654 1356 2057 1429 concupiscentia

474 1476 566 1512 sua
592 1455 869 1512 abstractus
908 1467 954 1511 et
992 1456 1188 1510 illectus
1218 1473 1238 1510 :
1281 1454 1462 1508 deinde
1497 1451 1896 1522 concupiscentia
1941 1462 2055 1502 cum

473 1549 792 1620 conceperit,
825 1549 959 1618 parit
989 1559 1291 1619 peccatum;
1326 1553 1584 1616 peccatum
1627 1559 1741 1598 vero
1788 1558 1903 1598 cum
1935 1557 2053 1596 con-

474 1651 782 1696 summatum
809 1642 961 1714 fuerit
983 1683 996 1706 ,
1020 1646 1224 1714 generat
1267 1648 1474 1693 mortem
1508 1636 1724 1710 (Jacobi
1747 1651 1765 1692 ι
1786 1679 1800 1706 ,
1829 1635 1990 1693 15-15
2012 1635 2052 1708 )'.

473 1731 606 1792 Item
634 1733 702 1792 de
728 1735 844 1806 ipso
875 1735 984 1790 Deo
1007 1749 1066 1793 se
1089 1746 1346 1788 excusare
1377 1730 1675 1786 volentibus
1701 1767 1716 1796 ,
1767 1728 2055 1798 respondet

474 1828 608 1887 liber
634 1827 1047 1884 Proverbiorum
1071 1823 1372 1881 Salomonis
1397 1840 1409 1876 :
1453 1820 1755 1894 Insiplentla
1782 1821 1876 1874 viri
1903 1820 2055 1874 violat

472 1919 578 1974 vias
603 1919 714 1990 ejus
737 1959 749 1983 ,
780 1916 944 1972 Deum
961 1926 1137 1974 autem
1163 1923 1399 1971 causatur
1427 1913 1481 1970 in
1509 1912 1659 1973 corde
1694 1929 1804 1971 suo.
1848 1909 1869 1986 (
1896 1908 2052 1968 Prov.

469 2025 564 2066 xix
590 2053 604 2078 ,
636 2012 670 2067 5
695 2009 739 2083 ).
772 2009 838 2066 Ει
861 2010 997 2066 liber
1033 2007 1436 2063 Ecclesiastlcus
1481 2004 1611 2060 dicit
1638 2019 1652 2058 :
1704 2002 1788 2058 Ne
1823 2003 2012 2057 dixeris
2035 2043 2051 2070 ,

474 2103 607 2171 Quia
649 2111 853 2174 prapter
904 2100 1176 2158 Dominum
1215 2098 1438 2154 recessi:
1471 2113 1586 2168 quae
1621 2097 1753 2152 enim
1800 2095 1906 2154 odit
1952 2111 2054 2174 non

471 2165 658 2266 ilicium.
687 2165 768 2248 Ne
789 2194 976 2249 dixeris
1001 2231 1018 2260 ,
1049 2193 1181 2260 Quia
1217 2195 1326 2264 ipse
1367 2205 1448 2245 me
1484 2165 1686 2244 induxit
1714 2203 1734 2242 :
1774 2201 1878 2241 non
1921 2165 2086 2240 enlnf

474 2301 601 2356 opus
626 2283 770 2338 habet
796 2283 903 2339 viro
952 2291 1228 2353 peccatore.
1277 2277 1437 2336 Omne
1480 2287 1905 2334 exsecramentum
1948 2275 2054 2330 odit

471 2375 723 2432 Dominus
743 2417 757 2442 ,
784 2384 834 2432 et
863 2391 963 2430 non
987 2385 1060 2430 est
1088 2371 1306 2432 amabile
1333 2369 1620 2430 timentibus
1646 2369 1816 2427 illum.
1843 2367 1966 2438 Ipse
1991 2366 2052 2420 ab

469 2469 616 2524 initio
661 2468 777 2540 fecit
802 2468 1054 2526 hominem
1077 2507 1092 2528 ,
1127 2474 1175 2524 et
1201 2465 1400 2535 reliquit
1425 2480 1538 2522 eum
1582 2463 1636 2518 in
1677 2478 1830 2516 manu
1855 2459 2054 2519 consilii

467 2560 569 2616 sui.
597 2559 662 2616 Si
687 2557 906 2615 uolueris
929 2599 945 2626 ,
971 2554 1285 2615 cortseruabis
1306 2553 1548 2612 mandata
1569 2593 1585 2619 ,
1617 2563 1662 2608 et
1687 2552 1840 2624 ﬁdem
1869 2550 2052 2605 bonam

469 2650 664 2722 placiti.
689 2649 916 2721 Apponit
943 2647 1033 2702 tibi
1061 2649 1227 2718 ignem
1250 2655 1297 2702 et
1321 2659 1546 2718 aquam;
1591 2644 1660 2700 ad
1705 2642 2055 2714 quodcumque

465 2741 682 2798 uolueris
722 2739 932 2796 extende
972 2753 1179 2794 manum
1218 2745 1376 2791 tuam.
1420 2733 1488 2793 In
1525 2741 1794 2804 conspectu
1834 2732 2052 2791 hominis

465 2833 568 2887 vita
620 2840 668 2886 et
717 2846 852 2888 mors
873 2869 890 2900 ,
964 2838 1010 2887 et
1059 2828 1404 2901 quodcumque
1455 2825 1700 2902 placuerit
1754 2823 1957 2882 dabitur
2007 2823 2053 2878 ei

469 2923 488 2994 (
518 2921 679 2977 Eccli.
712 2936 806 2990 xv,
838 2918 1069 2995 ll-l8).
1109 2919 1251 2980 Ecce
1295 2917 1632 2994 apertissime
1669 2915 1914 2975 videmus
1960 2932 2051 2990 ex-

467 3029 711 3086 pressum
742 3014 966 3073 liberum
999 3013 1245 3072 humana:
1273 3011 1560 3068 voluntatis
1585 3007 1886 3067 arbitrium.

536 3108 592 3164 4.
621 3107 756 3181 Quid
788 3107 948 3172 illud,
975 3105 1116 3177 quod
1141 3114 1250 3162 tam
1287 3103 1473 3166 multis
1517 3101 1650 3164 locis
1685 3099 1863 3157 omnia
1905 3115 2052 3160 man-

466 3199 587 3256 data
619 3215 712 3257 sua
739 3199 997 3257 custodiri
1029 3207 1082 3254 et
1107 3198 1219 3258 ﬁeri
1254 3196 1407 3272 jubet
1446 3194 1630 3254 Deus?
1669 3193 1938 3266 quomodo
1959 3193 2050 3265 ju-

469 3292 560 3346 bet
581 3331 598 3360 ,
630 3291 676 3346 si
703 3305 808 3346 non
837 3301 919 3346 est
945 3291 1174 3349 liberum
1199 3286 1520 3344 arbitrium?
1546 3285 1682 3354 Quid
1712 3286 1899 3341 beatus
1925 3285 2013 3343 ille
2034 3327 2048 3349 ,

467 3382 536 3438 de
562 3397 669 3456 quo
691 3379 938 3436 Psalmns
953 3379 1118 3458 dicit,
1147 3379 1291 3456 quod
1311 3379 1363 3437 in
1389 3378 1498 3450 lege
1517 3377 1724 3436 Domini
1749 3377 1848 3448 fuit
1873 3373 2053 3432 uolun-

468 3484 548 3529 tas
567 3475 677 3550 ejus
705 3469 895 3546 (Psal.
924 3488 982 3542 ι,
1007 3473 1044 3530 2
1063 3469 1110 3546 )‘l
1150 3487 1325 3531 nonne
1359 3471 1492 3531 satis
1541 3469 1738 3528 indicat
1781 3468 2052 3524 voluntate

468 3579 566 3622 sua
604 3564 873 3620 hominem
910 3563 966 3620 in
1012 3563 1131 3635 lege
1178 3561 1273 3620 Dei
1321 3559 1657 3619 consistere?
1702 3558 1900 3614 Deinde
1944 3566 2050 3614 tam

471 3659 638 3714 multa
666 3657 913 3716 mandata
937 3697 955 3724 ,
978 3671 1096 3728 qua“:
1116 3656 1286 3728 ipsam
1305 3653 1535 3725 quodam
1556 3652 1716 3710 modo
1739 3651 2051 3715 nominatim

469 3750 793 3806 conveniunt
817 3749 1144 3804 voluntatem
1169 3787 1187 3814 ,
1216 3747 1355 3805 sicut
1381 3754 1464 3802 est
1484 3785 1503 3811 ,
1547 3743 1676 3800 Noli
1703 3744 1832 3804 vinci
1859 3761 1891 3804 a
1915 3741 2050 3800 male

469 3838 490 3914 (
514 3838 665 3896 Rom.
691 3855 766 3896 xu
793 3881 807 3909 ,
837 3837 902 3894 ill
931 3835 952 3911 )
981 3857 996 3894 :
1023 3846 1079 3894 et
1103 3836 1206 3893 alia
1245 3836 1437 3894 similia
1461 3878 1478 3904 ,
1523 3837 1660 3892 sicut
1679 3844 1836 3900 sunt,
1878 3834 2053 3893 Nolite

469 3935 580 4004 ﬁeri
604 3934 736 3988 sicut
763 3949 918 4004 equus
957 3940 1004 3986 et
1042 3931 1211 3986 mulus
1233 3969 1251 3998 ,
1291 3928 1470 4004 quibus
1513 3944 1616 3984 non
1656 3937 1730 3982 est
1767 3927 2050 3982 intellectus

398 4081 401 4083 _
469 4021 662 4100 (Psal.
707 4041 872 4091 xxxi,
899 4021 1127 4096 9);et,
1173 4019 1300 4077 Noli
1341 4017 1585 4093 repellere
1627 4018 1839 4074 consilia
1874 4018 2051 4080 matris

465 4127 566 4174 tute
589 4117 608 4192 (
633 4115 788 4172 Prov.
813 4133 832 4174 ι
851 4157 868 4184 ,
889 4115 924 4174 8
947 4117 988 4190 );
1013 4123 1069 4172 et
1091 4157 1106 4180 ,
1129 4111 1260 4170 Noli
1281 4129 1388 4168 esse
1405 4112 1608 4184 sapiens
1626 4109 1766 4184 apud
1785 4119 1832 4164 te
1849 4109 2050 4180 ipsum;

465 4217 521 4265 et
540 4250 557 4276 ,
587 4201 714 4264 Noli
741 4207 956 4280 deﬁcere
978 4225 1010 4262 a
1033 4205 1303 4278 disciplina
1338 4204 1585 4270 Domini;
1614 4211 1703 4270 et,
1736 4201 1862 4259 Noli
1885 4203 2050 4282 negli-

462 4317 580 4376 gere
609 4302 766 4374 legem
789 4318 810 4367 ;
839 4307 894 4354 et
916 4341 932 4367 ,
969 4297 1091 4371 Noli
1118 4299 1365 4354 abstinere
1387 4297 1509 4352 bene
1532 4299 1699 4369 facere
1723 4295 1884 4366 egenti
1905 4309 1928 4362 ,'
1955 4303 2008 4358 et
2031 4337 2046 4360 ,

464 4391 591 4448 Noli
620 4392 872 4466 fabricare
894 4389 948 4446 in
977 4391 1197 4448 amicum
1225 4403 1365 4448 tuum
1389 4388 1526 4444 mala
1567 4388 1586 4462 (
1611 4387 1698 4444 Id.
1731 4405 1829 4458 ιιι,
1859 4389 1914 4456 7,
1940 4389 1998 4444 Η
2029 4430 2044 4458 ,

461 4485 554 4553 27,
576 4483 648 4540 29
669 4481 712 4562 );
739 4493 794 4540 et
813 4527 828 4552 ,
859 4482 986 4538 Noli
1008 4481 1266 4538 intendere
1283 4480 1460 4556 fallaci
1484 4480 1686 4536 mulieri
1707 4477 1833 4553 (Id.
1866 4495 1923 4548 v,
1949 4479 1986 4534 2
2004 4479 2045 4550 );

459 4586 516 4634 et
536 4618 554 4644 ,
583 4573 765 4632 Noluit
787 4574 1069 4646 intelligere
1090 4583 1143 4629 ut
1169 4573 1290 4632 bene
1317 4583 1485 4649 ageret
1521 4572 1542 4646 (
1567 4569 1714 4629 Psal.
1746 4589 1914 4638 xxxv,
1941 4575 1978 4636 4
2001 4573 2044 4648 );

462 4677 516 4724 et
538 4709 558 4736 ,
600 4665 887 4722 Noluerunt
931 4667 1158 4738 accipere
1201 4664 1524 4744 disciplinam
1569 4664 1588 4738 (
1616 4662 1771 4720 Prov.
1802 4681 1854 4732 ι,
1883 4664 1998 4746 ‘29)
2027 4682 2042 4720 :

463 4765 520 4814 et
547 4757 952 4813 innumerabilia
981 4757 1101 4811 talia
1129 4757 1187 4828 iu
1217 4757 1488 4817 veteribus
1531 4755 1704 4815 Libris
1743 4756 2042 4812 divinorum

461 4848 794 4920 eloquiorum
833 4843 960 4918 quid
993 4847 1320 4916 ostendunt,
1361 4847 1464 4903 nisi
1506 4847 1728 4903 liberum
1768 4847 2042 4902 arbitrium

459 4938 750 4996 voluntatis
777 4922 1066 4996 humanm?
1088 4940 1144 4994 In
1168 4937 1344 4996 Libris
1363 4937 1522 4994 etiam
1549 4939 1700 4994 novis
1725 4937 2043 5008 evangelicis

460 5039 514 5086 et
565 5030 874 5101 apostolicis
922 5029 1049 5101 quid
1097 5029 1240 5086 aliud
1288 5030 1622 5094 ostenditur,
1673 5029 1762 5084 ubi
1812 5029 2040 5096 dicitur,

458 5124 637 5181 Nolite
663 5123 799 5180 vobis
834 5125 1045 5181 condere
1063 5125 1323 5180 thesauros
1343 5126 1396 5178 in
1416 5132 1550 5178 terra
1569 5121 1786 5195 (Matth.
1813 5138 1884 5185 vt,
1912 5119 1978 5176 19
1999 5119 2040 5192 );

457 5225 512 5272 et
529 5253 550 5282 ,
583 5212 761 5273 Nolite
786 5215 958 5271 timere
981 5233 1066 5272 eos
1089 5217 1176 5286 qui
1197 5215 1428 5275 occidunt
1450 5230 1634 5284 corpus
1655 5211 1674 5286 (
1695 5211 1782 5272 Id.
1815 5228 1846 5266 x
1870 5252 1884 5275 ,
1914 5208 1983 5266 28
1999 5211 2038 5282 );

455 5318 509 5366 et
533 5351 548 5376 ,
577 5308 682 5375 Qui
705 5310 815 5363 uult
838 5309 1004 5364 venire
1026 5319 1142 5379 post
1171 5324 1249 5362 me
1272 5349 1288 5376 ,
1331 5311 1540 5377 abneget
1563 5305 1881 5377 semetipsum
1905 5305 1924 5376 (
1950 5303 2038 5359 Id.

455 5416 546 5457 ιιι
569 5441 587 5468 ,
617 5397 687 5456 Si
707 5399 754 5474 );
778 5409 835 5456 et
854 5441 873 5469 ,
905 5398 1026 5456 Pax
1051 5399 1107 5455 in
1132 5407 1266 5454 terra
1291 5394 1577 5456 hominibus
1601 5395 1746 5455 bona
1770 5395 2042 5456 voluntatis

457 5487 626 5564 (Luc.
667 5507 708 5550 ιι
736 5534 752 5558 ,
805 5491 957 5566 ﬂ):
1007 5500 1064 5547 et
1109 5491 1253 5560 quod
1300 5489 1432 5545 dicit
1481 5489 1753 5560 apostolus
1793 5489 2037 5555 Paulus,

457 5581 608 5650 Quod
632 5584 737 5639 uult
765 5583 924 5656 faciat
943 5624 956 5646 ,
985 5598 1088 5636 non
1113 5589 1284 5654 peccat
1309 5581 1354 5636 si
1379 5579 1532 5635 nubat
1556 5582 1578 5614 '
1601 5597 1616 5636 :
1637 5581 1724 5650 qui
1744 5590 1910 5635 autem
1935 5589 2038 5633 sta-

520 5715 539 5778 !
561 5713 734 5778 Plures
749 5721 878 5778 Mss,
895 5718 1117 5778 tentatur.
1135 5720 1299 5764 Gt'aace
1315 5719 1410 5773 est,
1434 5710 1742 5778 peirazomai.

683 5776 770 5848 hic
793 5783 845 5826 et.
865 5773 986 5825 intra
1009 5783 1303 5848 constanter.
1326 5787 1421 5825 non
1435 5773 1624 5837 peccat,
1649 5775 1828 5838 nubat;
1858 5773 2037 5822 omissa

457 5835 783 5900 Mei,
804 5840 1182 5902 quaeneccstin
1203 5850 1381 5902 greco.

1267 322 1355 382 DE
1387 319 1651 384 GM'I'IA
1679 315 1776 379 ΕΤ
1807 315 2062 376 LIBER!)
2100 315 2438 386 ARBITRIO,
2482 318 2534 374 S.
2578 317 2945 379 AUGUSTI?“

3627 320 3750 386 εει

2167 453 2260 512 tuit
2289 455 2338 508 in
2361 455 2520 510 corde
2555 471 2647 512 suo
2668 497 2686 526 ,
2724 471 2827 520 non
2869 459 3057 521 habens
3097 459 3441 515 necessitatem
3463 502 3480 530 ,
3522 471 3746 534 potesta-

2167 557 2263 601 tem
2308 558 2476 602 autem
2514 549 2699 604 habens
2745 567 2852 606 sua
2894 551 3196 620 voluntatis,
3249 563 3294 608 et
3337 554 3434 609 hoc
3473 557 3648 610 statuit
3691 558 3749 612 in

2165 641 2316 693 corde
2337 657 2427 696 suo
2455 683 2470 708 ,
2501 655 2698 698 servare
2721 645 2961 714 virginem
2982 661 3127 700 suam
3150 688 3166 714 ,
3195 645 3320 701 bene
3371 648 3495 716 iacit
3536 648 3554 720 (
3580 647 3598 702 l
3623 649 3744 705 Cor.

2165 748 2233 785 vn
2257 773 2271 796 ,
2301 734 2367 787 56
2387 775 2402 798 ,
2432 735 2498 788 57
2525 734 2566 806 ).
2598 735 2724 790 Item
2753 736 2880 791 dicit
2907 779 2919 802 ,
2947 735 3008 792 Si
3031 747 3200 792 autem
3219 737 3388 792 volens
3415 781 3430 805 ,
3453 739 3548 793 hoc
3576 740 3708 810 facio
3729 783 3746 807 ,

2165 828 2440 880 mercedem
2467 829 2624 883 habeo
2651 829 2668 898 (
2697 827 2784 883 Id.
2817 846 2869 884 Ix
2898 872 2914 896 ,
2948 830 3054 903 l7)
3083 848 3096 884 :
3139 841 3194 886 et
3231 831 3338 886 alio
3375 832 3493 887 loco
3513 875 3527 897 ,
3577 831 3749 888 Sobrii

2161 931 2314 978 estote
2327 923 2468 993 juste
2486 963 2500 989 ,
2529 931 2574 976 et
2598 914 2752 986 nolite
2773 937 2977 993 peccem
3001 919 3126 994 (Id.
3154 931 3239 990 ιν,
3267 923 3370 996 54)
3401 937 3416 979 t
3444 931 3496 988 et
3517 925 3706 982 iterum
3727 967 3744 993 ,

2165 1009 2234 1068 Ut
2257 1013 2678 1080 quemadmodum
2703 1024 2962 1084 promptus
2999 1023 3073 1070 est
3108 1015 3310 1070 animus
3335 1011 3607 1069 voluntatis
3631 1057 3645 1082 ,
3672 1017 3746 1071 ita

2161 1106 2224 1158 sit
2247 1115 2290 1158 et
2319 1106 2609 1175 perﬁciendi
2635 1105 2654 1177 (
2675 1105 2717 1160 ll
2750 1104 2869 1168 Cor.
2898 1123 2986 1169 vut
3013 1149 3028 1174 ,
3073 1107 3131 1162 li
3166 1106 3208 1174 ).
3235 1107 3298 1160 Et
3318 1107 3384 1161 ad
3407 1107 3746 1164 Timotheum

2161 1197 2320 1261 dicit,
2375 1195 2500 1252 Cum
2541 1198 2672 1252 enim
2700 1199 2753 1253 in
2783 1198 2976 1253 deliciis
3003 1199 3192 1269 egerint
3219 1199 3271 1252 in
3299 1196 3498 1254 Christo
3517 1239 3530 1261 ,
3564 1198 3750 1254 nubere

2160 1292 2332 1346 volunt
2361 1289 2420 1362 (I
2452 1289 2579 1343 Tim.
2611 1305 2668 1357 γ,
2704 1292 2760 1344 ll
2791 1290 2810 1364 )
2843 1299 2934 1345 :et
2959 1291 3080 1344 alibi
3107 1331 3121 1356 ,
3155 1288 3260 1346 Sed
3285 1299 3332 1344 et
3355 1306 3527 1344 omnes
3553 1291 3639 1361 qui
3664 1293 3750 1362 pie

2131 1384 2331 1450 _volnnt
2360 1383 2518 1434 vivere
2545 1383 2597 1434 in
2629 1381 2828 1436 Christo
2855 1379 2980 1435 Iesu
3003 1421 3020 1446 ,
3060 1381 3453 1451 persecutionem
3489 1383 3749 1452 patientur

2163 1472 2180 1544 (
2207 1471 2248 1526 ll
2283 1471 2412 1536 Tim,
2444 1489 2497 1527 ιιι
2523 1515 2537 1538 ,
2571 1473 2638 1528 12
2665 1472 2682 1545 )
2709 1491 2722 1528 :
2755 1483 2808 1528 et
2838 1473 2938 1541 ipsi
2968 1472 3248 1528 Timotheo
3273 1515 3287 1539 ,
3328 1471 3456 1527 Noli
3494 1473 3749 1546 negligere

2158 1567 2379 1636 gratiam
2405 1581 2517 1636 qua:
2543 1566 2596 1620 in
2627 1575 2674 1620 te
2713 1573 2788 1622 est
2825 1563 3042 1642 (lTim.
3075 1581 3146 1628 Iv,
3181 1566 3310 1638 14).
3363 1564 3431 1631 Et
3468 1565 3540 1620 ad
3571 1565 3748 1622 Phile-

2157 1673 2368 1714 monem
2401 1677 2413 1715 :
2445 1657 2530 1712 Ne
2557 1659 2740 1714 bonum
2769 1669 2909 1714 tuum
2929 1659 3060 1717 velut
3082 1675 3145 1714 ea:
3163 1659 3452 1718 necessitate
3468 1668 3632 1725 esset,
3652 1658 3749 1714 sed

2156 1767 2220 1806 ea:
2243 1751 2496 1806 voluntate
2550 1752 2569 1823 (
2600 1751 2814 1807 Philem.
2846 1753 2912 1808 l4
2934 1751 2978 1826 ).
3008 1750 3210 1808 Servos
3242 1752 3400 1813 etiam
3439 1751 3586 1824 ipsos
3627 1765 3748 1807 mo-

2157 1851 2284 1908 net,
2326 1851 2385 1897 ut
2409 1843 2637 1898 dominis
2667 1844 2778 1898 suis
2803 1859 2868 1902 ea:
2893 1843 3064 1898 animo
3100 1844 3318 1906 serviant
3356 1859 3471 1896 cum
3503 1841 3632 1898 bona
3655 1855 3748 1902 uo-

2157 1936 2347 1990 luntate
2375 1935 2395 2010 (
2419 1935 2606 2009 Ephes.
2637 1951 2692 1991 vt
2713 1976 2730 2008 ,
2775 1936 2810 1990 6
2831 1935 2869 2006 ).
2900 1933 3032 1990 item
3066 1935 3294 1990 Jacobus
3320 1974 3336 2000 ,
3377 1933 3550 1988 Nolite
3573 1935 3748 2006 itaque

2154 2043 2324 2082 errare
2346 2067 2362 2091 ,
2395 2029 2578 2097 fratres
2608 2026 2704 2088 mei
2725 2065 2740 2091 ,
2767 2035 2814 2080 et
2839 2025 2993 2080 nolite
3016 2025 3069 2082 in
3101 2041 3426 2093 personarum
3453 2025 3748 2095 acceptione

2156 2117 2336 2172 habere
2352 2117 2504 2187 ﬁdem
2527 2116 2732 2172 Domini
2757 2115 2916 2172 nostri
2937 2115 3062 2170 Iesu
3083 2116 3274 2170 Christi
3297 2113 3519 2190 (Jacobi
3543 2129 3580 2170 ιι
3599 2154 3613 2184 -,
3646 2117 3670 2170 1
3693 2114 3744 2188 )t

2154 2218 2208 2264 ct
2231 2251 2246 2276 ,
2279 2207 2454 2264 Nolite
2479 2207 2738 2272 detrahere
2782 2207 2846 2264 de
2883 2209 3126 2273 alterutro
3177 2206 3196 2276 (
3225 2205 3310 2268 Id.
3339 2223 3414 2276 tv,
3446 2203 3508 2271 li
3539 2203 3581 2278 ),

2153 2300 2384 2356 Joannes
2413 2301 2467 2355 in
2500 2300 2734 2370 Epistula
2775 2312 2872 2354 sua
2896 2337 2912 2366 ,
2959 2297 3133 2353 Nolito
3168 2298 3378 2370 diligere
3408 2296 3745 2368 multum”

2153 2393 2310 2448 Joan.
2343 2407 2379 2448 ιι
2403 2433 2421 2460 ,
2453 2393 2521 2451 lii
2544 2392 2565 2465 )
2589 2411 2606 2449 t
2627 2403 2684 2448 et
2709 2401 2904 2448 statera
2929 2391 3252 2464 huiusmodi.
3275 2391 3480 2461 Nempe
3499 2391 3590 2447 ubi
3606 2390 3745 2447 dici-

2156 2492 2242 2539 tur
2263 2525 2278 2550 ,
2309 2483 2429 2539 Noli
2457 2483 2560 2542 hoc
2581 2518 2599 2551 ,
2629 2491 2684 2541 et
2708 2485 2816 2542 noli
2847 2483 2976 2542 illud
3000 2521 3016 2551 ,
3060 2492 3114 2541 et
3148 2483 3244 2542 ubi
3277 2482 3344 2540 ad
3384 2481 3586 2554 aliquid
3612 2483 3630 2517 ί
3657 2481 3742 2538 Ie-

2152 2574 2400 2630 eiendum
2428 2574 2513 2630 vel
2543 2589 2646 2628 non
2675 2574 2974 2632 iaciendum
3019 2575 3074 2630 in
3119 2573 3314 2629 divinis
3353 2574 3565 2630 monitis
3601 2586 3744 2644 opus

2154 2665 2442 2721 voluntatis
2469 2665 2698 2738 exigitur
2717 2705 2732 2734 ,
2758 2670 2892 2722 satis
2921 2666 3148 2724 liberum
3177 2665 3576 2727 demonstratur
3597 2665 3746 2720 arbi-

2154 2757 2336 2817 trium.
2364 2757 2533 2813 Nemo
2557 2773 2684 2828 ergo
2711 2758 2878 2812 Deum
2907 2765 3156 2814 censetur
3200 2757 3254 2812 in
3287 2755 3452 2814 corde
3473 2769 3577 2812 suo
3595 2786 3615 2822 θ
3639 2753 3744 2811 sed

2153 2849 2254 2904 sibi
2280 2849 2502 2920 imputet
2528 2850 2750 2920 quisque
2767 2887 2786 2916 ,
2810 2863 2933 2904 eum
2959 2859 3165 2920 peccat.
3187 2849 3378 2920 Neque
3392 2857 3516 2906 sunt
3538 2847 3742 2920 aliquid

2153 2940 2446 2994 secundum
2477 2940 2638 2996 Deum
2665 2949 2916 3010 operatur
2937 2979 2953 3007 ,
2983 2941 3182 2997 alienat
3217 2941 3321 3004 hoc
3346 2956 3377 2998 ιι
3405 2941 3615 3011 propria
3640 2954 3740 2996 vo-

2153 3029 2372 3092 luntate.
2401 3030 2630 3099 Quando
2647 3032 2792 3090 enim
2809 3032 2996 3090 volens
3021 3031 3149 3090 facit
3162 3071 3179 3100 ,
3199 3040 3328 3092 tunc
3349 3031 3636 3088 dicendum
3653 3039 3742 3094 αι

2153 3138 2287 3193 opus
2315 3124 2512 3180 bonum
2536 3165 2553 3190 ,
2585 3133 2712 3180 tunc
2737 3123 3002 3194 speranda
3037 3133 3121 3180 est
3156 3123 3284 3186 boni
3315 3123 3496 3194 operis
3527 3134 3742 3187 memon

2152 3213 2220 3274 ab
2257 3229 2324 3272 eo
2345 3255 2363 3281 ,
2391 3215 2458 3275 de
2484 3232 2590 3286 quo
2615 3215 2814 3279 dictum
2845 3223 2932 3272 est
2951 3255 2967 3282 ,
3012 3215 3112 3281 Qui
3139 3214 3314 3273 reddet
3350 3214 3620 3286 unicuique
3654 3228 3738 3270 se.

2153 3307 2374 3363 cundum
2400 3324 2556 3378 opera
2580 3325 2674 3367 sua
2699 3307 2720 3381 (
2743 3307 2932 3362 Matth.
2965 3322 3055 3362 sva
3079 3345 3095 3372 ,
3119 3306 3191 3362 θ’]

2223 3395 2447 3454 CAPUT
2475 3397 2562 3452 Ill.
2591 3427 2664 3449 -η
2698 3398 2752 3454 5.
2779 3399 2880 3466 Qui
2916 3413 3046 3470 ergo
3079 3406 3352 3458 noverunt
3377 3395 3557 3460 divine
3576 3409 3732 3457 manu

2152 3489 2294 3558 data,
2335 3490 2573 3549 aufertur
2611 3491 2694 3548 eis
2735 3491 3028 3557 excusatio,
3065 3506 3228 3562 quam
3267 3491 3446 3548 solem
3489 3489 3740 3551 homine!

2155 3581 2350 3640 habere
2379 3583 2448 3639 de
2476 3585 2792 3654 ignorantia.
2819 3583 2928 3644 Sed
2965 3600 3066 3640 nec
3090 3585 3193 3654 ipsi
3221 3585 3338 3641 sine
3371 3599 3529 3656 poma
3553 3592 3734 3653 erant,

2153 3674 2242 3744 qui
2273 3675 2442 3746 legem
2475 3677 2567 3732 Dei
2607 3677 2870 3739 nesciunt.
2919 3676 3018 3743 Qui
3057 3677 3191 3730 enim
3216 3676 3324 3734 sine
3361 3675 3470 3748 lege
3502 3693 3738 3747 peccante,

2152 3779 2291 3834 runt,
2311 3769 2423 3831 sine
2441 3770 2549 3841 lege
2569 3769 2804 3841 peritiam
2830 3786 2850 3824 :
2872 3771 2961 3841 qui
2983 3779 3152 3824 autem
3173 3770 3229 3824 in
3249 3768 3359 3842 lege
3381 3779 3734 3841 peccaverunt,

2154 3879 2243 3932 per
2263 3863 2422 3934 legem
2438 3861 2808 3934 iudicabuntur
2831 3862 3023 3934 (Rom.
3047 3878 3103 3929 tt,
3135 3861 3204 3918 {2
3300 3862 3454 3929 Quod
3475 3861 3606 3918 mihi
3625 3876 3735 3918 mn

2151 3953 2362 4008 videtur
2389 3955 2676 4024 Apostolus
2699 3954 2773 4010 ita
2795 3953 3030 4022 dixisse,
3055 3961 3311 4026 tanquam
3354 3953 3508 4026 pejus
3529 3953 3735 4025 aliquid

2151 4045 2525 4116 signiﬁcaverit
2557 4060 2681 4103 esse
2705 4061 2958 4116 passuros
2980 4082 2999 4114 ,
3037 4047 3132 4118 qui
3185 4047 3356 4118 legati
3396 4046 3644 4102 nesciunt
3674 4046 3734 4102 in

2153 4139 2385 4208 peccatis
2409 4139 2522 4194 suis
2545 4179 2562 4206 ,
2591 4153 2752 4209 quam
2782 4139 2902 4197 illos
2925 4139 3015 4210 qui
3056 4141 3249 4200 sciunt.
3301 4140 3458 4211 Pejus
3479 4139 3623 4196 enim
3652 4140 3733 4196 vi.—

2151 4228 2306 4284 detur
2343 4244 2464 4286 esse
2491 4231 2668 4300 perire
2688 4266 2704 4294 ,
2731 4245 2889 4300 quam
2926 4231 3156 4301 iudicari
3183 4248 3201 4284 ε
3233 4231 3328 4287 sed
3365 4244 3486 4293 ann
3514 4230 3617 4286 hoc
3659 4230 3734 4290 de

2150 4319 2408 4378 Gentibus
2435 4329 2489 4375 et
2511 4320 2581 4376 de
2607 4319 2806 4382 ludatis
2833 4320 3142 4392 loqueretur
3159 4363 3176 4388 ,
3203 4323 3330 4394 quia
3368 4322 3444 4377 illi
3472 4321 3586 4377 sine
3611 4321 3733 4390 lego

2153 4421 2294 4476 sunt,
2318 4412 2405 4476 isti
2429 4419 2610 4468 autem
2635 4411 2808 4483 legem
2828 4420 3177 4484 acceperunt;
3199 4413 3324 4484 quis
3339 4411 3532 4472 audeat
3549 4411 3733 4470 dicere

2148 4501 2361 4560 Judaeos
2383 4503 2476 4574 qui
2505 4503 2557 4558 in
2589 4503 2704 4574 lege
2733 4512 2978 4574 peccant,
3009 4517 3114 4559 non
3143 4519 3266 4560 esse
3288 4504 3730 4576 perituros,cum

2149 4594 2201 4650 in
2219 4593 2489 4659 Christum
2517 4608 2624 4652 non
2641 4595 2966 4652 crediderint
2989 4604 3044 4662 ις
3074 4594 3502 4666 quandoun
3523 4593 3592 4652 de
3622 4593 3729 4652 illis

2148 4685 2360 4748 dictum
2394 4695 2481 4746 est
2497 4729 2520 4754 ,.
2544 4705 2633 4760 per
2661 4689 2819 4760 legem
2851 4689 3219 4760 iudicabuntur
3237 4689 3264 4745 7
3299 4687 3429 4746 Sine
3452 4687 3562 4747 ﬁde
3584 4688 3738 4743 enim.

2145 4777 2344 4842 Christi
2379 4793 2538 4839 nemo
2565 4779 2778 4840 liberari
2817 4787 3020 4850 potest;
3062 4794 3127 4835 ac
3155 4794 3249 4850 per
3273 4779 3375 4838 hoc
3401 4780 3476 4836 ita
3515 4779 3726 4849 indica.-

2147 4872 2344 4930 buntur
2363 4880 2424 4928 ut
2447 4881 2692 4944 pereunt.
2713 4871 2847 4932 Nam
2869 4873 2916 4929 si
2940 4873 3093 4944 pejor
3105 4881 3190 4937 est
3209 4873 3446 4930 conditio
3477 4873 3728 4928 nescien-

2148 4967 2276 5028 tium
2311 4981 2474 5036 quam
2514 4965 2798 5026 scientiam
2849 4966 3021 5037 legem
3065 4967 3156 5022 Dei
3177 5008 3194 5034 ,
3233 4967 3508 5037 quomodo
3540 4981 3724 5022 verum

2145 5059 2247 5116 erit
2273 5057 2414 5129 quod
2459 5058 2716 5114 Dominus
2742 5059 2793 5113 in
2836 5059 3121 5130 Evangelio
3147 5058 3259 5127 ait,
3309 5058 3496 5115 Servus
3525 5059 3612 5129 qui
3635 5075 3726 5111 ne-

2145 5151 2238 5208 scit
2261 5152 2565 5208 uoluntatem
2587 5151 2780 5210 deﬂui
2800 5151 2899 5217 sui,
2927 5161 2980 5211 et
2999 5151 3126 5223 fecit
3145 5150 3302 5221 digna
3330 5149 3496 5222 plagis
3517 5193 3532 5217 ,
3549 5161 3725 5221 eapu-

2147 5241 2269 5296 lobit
2292 5255 2454 5312 pauca
2483 5257 2502 5296 :
2528 5256 2700 5296 seruus
2739 5249 2906 5296 autem
2942 5241 3030 5313 qui
3056 5241 3150 5298 scit
3194 5239 3502 5296 voluntatem
3533 5239 3726 5294 domini

2143 5333 2246 5402 sui,
2269 5343 2316 5388 et
2340 5331 2464 5406 (facit
2484 5334 2638 5406 digna
2649 5331 2837 5405 plagis,
2857 5332 3113 5403 vapulabit.
3135 5333 3300 5386 multa
3329 5327 3478 5403 (Luc.
3511 5346 3604 5396 xu,
3629 5329 3724 5398 48.

2144 5425 2212 5481 47
2239 5426 2297 5496 )1
2347 5426 2486 5480 Ecce
2529 5424 2621 5480 ubi
2667 5424 2900 5480 ostendit
2944 5425 3154 5496 gravius
3185 5435 3407 5494 peccare
3450 5421 3725 5477 hominem

2145 5517 2398 5574 scientem
2447 5531 2606 5587 quam
2633 5501 2986 5572 nescientem.
3014 5513 3122 5572 Nec
3166 5525 3342 5574 tamen
3366 5513 3490 5574 ideo
3531 5511 3722 5570 conlu-

2204 5651 2373 5711 llusa,
2413 5649 2497 5702 ubi
2527 5647 2746 5714 aliquid;
2775 5650 2972 5714 omisso,
2991 5643 3597 5700 ad.3edexbisnonmih
3617 5633 3727 5710 pro,

2141 5712 2323 5778 aliquid
2339 5753 2358 5778 ,ν
2379 5715 2580 5778 habent,
2603 5711 2818 5778 aliquod.

2207 5769 2232 5808 θ’
2247 5769 2516 5840 aduncum
2529 5769 2582 5828 in
2595 5769 2838 5826 chﬁstum
2857 5785 2952 5826 non
2991 5773 3321 5827 crediderunt.
3345 5769 3570 5825 meliores
3591 5769 3722 5840 διώ..

2145 5852 2238 5890 non
2262 5835 2574 5891 crediderint.
