4142 6542
479 351 585 407 887

483 467 576 524 ille
619 465 674 523 in
699 465 836 522 libro
864 459 1150 532 Sapientia;
1184 476 1197 514 :
1228 457 1353 513 Cum
1400 459 1582 514 scirem
1623 461 1744 530 quia
1777 475 1922 514 nemo
1952 473 2058 514 esse

478 568 642 631 potest
668 559 928 614 continens
964 553 1063 606 nisi
1089 551 1228 604 Deus
1257 549 1380 615 det;
1405 559 1452 604 et
1498 551 1592 606 hoc
1618 551 1788 620 ipsum
1833 559 1940 605 erat
1970 567 2054 604 sa-

478 657 697 727 pientia,
739 653 867 708 scire
893 649 1041 718 cujus
1062 657 1189 703 esset
1217 647 1311 702 hoc
1340 646 1529 700 donum
1569 644 1738 719 (Sap.
1764 660 1886 712 vnl,
1922 643 1988 698 21
2016 643 2056 714 ).

477 747 547 803 Ut
583 751 756 799 autem
793 743 892 796 ista
939 753 1047 794 non
1088 747 1368 794 serventur
1410 738 1666 794 castitatis
1693 747 1873 793 sancta
1905 751 2060 790 man-

473 837 617 902 data,
648 833 988 904 unusquisque
1011 840 1231 885 tentatur
1257 847 1288 883 a
1307 830 1714 900 concupiscentia
1739 847 1830 884 sua
1859 829 2056 883 abstra-

472 937 586 981 ctus
630 935 677 982 et
705 925 902 980 illectus
931 923 1144 997 (Jacobi
1182 938 1237 989 ι,
1271 923 1340 977 14
1445 921 1549 978 Ubi
1589 923 1630 977 si
1662 922 1892 985 dixerit,
1921 921 2058 975 Volo

477 1033 694 1074 servare
713 1059 727 1084 ,
757 1017 851 1072 sed
881 1017 1066 1072 vincor
1093 1033 1120 1069 a
1164 1015 1594 1084 concupiscentia
1631 1030 1748 1068 mea
1787 1033 1800 1068 :
1832 1027 2059 1082 respon-

473 1109 563 1164 det
591 1108 864 1178 Scriptura
894 1109 1065 1164 libero
1093 1108 1210 1178 ejus
1237 1106 1482 1171 arbitrio,
1506 1105 1648 1176 quod
1673 1105 1783 1175 jam
1809 1105 2056 1175 superius

473 1200 603 1265 dixi,
657 1197 783 1254 Noli
813 1200 945 1254 vinci
993 1217 1024 1253 a
1053 1200 1189 1254 malo
1214 1241 1228 1264 ,
1278 1197 1366 1252 sed
1392 1198 1532 1252 vince
1571 1197 1626 1251 in
1665 1197 1791 1250 bono
1842 1197 2054 1250 malum.

472 1290 624 1360 Quod
651 1299 828 1346 tamen
859 1299 915 1345 ut
939 1291 1047 1356 ﬁat,
1079 1290 1292 1358 adjuvat
1319 1287 1484 1359 gratia
1521 1307 1534 1342 :
1567 1303 1686 1358 qua:
1712 1287 1812 1341 nisi
1840 1287 2059 1358 adjuve-

469 1385 560 1452 rit,
598 1382 728 1438 nihil
775 1383 860 1438 lex
902 1382 1004 1437 erit
1046 1383 1148 1436 nisi
1186 1381 1351 1435 virtus
1382 1381 1605 1451 peccati.
1648 1381 1886 1450 Augetur
1914 1379 2055 1434 enim

471 1475 898 1545 concupiscentia
920 1517 935 1542 ,
977 1481 1033 1528 et
1057 1472 1287 1544 majores
1316 1471 1458 1526 vires
1497 1470 1689 1541 accipit
1735 1471 1849 1542 lege
1877 1470 2059 1540 prohi-

470 1567 656 1634 bente,
687 1567 787 1622 nisi
815 1566 1031 1637 adjuvet
1059 1566 1274 1636 spiritus
1301 1565 1505 1636 gratiae.
1541 1565 1653 1620 Hoc
1671 1574 1754 1620 est
1781 1563 1926 1636 quod
1956 1564 2042 1618 di-

476 1663 549 1716 cit
589 1662 678 1717 ille
720 1661 832 1731 ipse
862 1661 1060 1716 Doctor
1103 1658 1353 1717 Gentium
1385 1679 1398 1714 :
1431 1659 1650 1714 Aculeus
1679 1669 1844 1715 autem
1879 1661 2056 1716 mortis

433 1745 444 1766 ³
473 1763 547 1808 est
571 1762 864 1825 peccatum;
887 1755 1048 1809 virtus
1075 1770 1190 1808 vero
1217 1754 1427 1823 peccati,
1461 1753 1560 1807 leas.
1589 1753 1730 1810 Ecce
1758 1753 1899 1809 unde
1928 1754 2056 1830 dicit

480 1845 663 1911 homo,
721 1844 852 1900 Volo
895 1845 1028 1916 legis
1067 1860 1284 1900 servare
1339 1844 1668 1913 mandatum,
1721 1845 1815 1900 sed
1858 1845 2056 1901 virtute

471 1937 918 2010 concupiscentiae
962 1953 1096 1994 mea:
1147 1937 1347 1992 vincor.
1380 1937 1448 1992 Et
1486 1953 1606 1992 cum
1655 1939 1902 1994 voluntas
1942 1939 2058 2008 ejus

471 2030 808 2098 convenitur,
858 2037 912 2086 et
958 2029 1170 2094 dicitur,
1228 2027 1356 2083 Noli
1382 2030 1514 2083 vinci
1553 2046 1586 2082 a
1631 2030 1805 2094 malo;
1853 2029 1981 2100 quid
2005 2031 2056 2086 ei

467 2123 708 2192 prodest,
738 2123 837 2178 nisi
864 2124 1027 2194 gratia
1052 2131 1398 2179 succurrente
1423 2122 1550 2176 fiat?
1575 2122 1728 2191 Quod
1761 2123 1874 2192 ipse
1900 2122 2050 2191 Apo-

467 2216 637 2270 stolus
685 2225 898 2271 secutus
937 2215 1226 2285 adjunxit:
1275 2229 1398 2270 nam
1447 2229 1567 2270 cum
1611 2215 1871 2279 dixisset,
1900 2213 2057 2268 virtus

467 2310 662 2379 peccati
691 2309 791 2374 lex,
823 2309 1076 2364 continuo
1101 2309 1348 2378 subjecit,
1385 2307 1591 2363 Gratias
1620 2318 1786 2362 autem
1809 2306 1934 2368 Deo,
1971 2307 2058 2373 qui

467 2401 554 2454 dat
575 2401 717 2455 nobis
744 2401 1002 2456 uictoriam
1029 2417 1116 2469 per
1134 2399 1414 2454 Dominum
1435 2409 1661 2454 nostrum
1701 2397 1734 2452 J
1740 2415 1878 2452 esum
1901 2397 2055 2453 Chri-

467 2502 596 2549 stum
624 2491 686 2565 (l
716 2491 831 2546 Cor.
859 2508 952 2556 xv,
985 2493 1072 2558 56,
1098 2492 1212 2563 57).
1242 2493 1384 2563 Ergo
1411 2501 1464 2546 et
1503 2491 1722 2546 victoria
1738 2507 1840 2561 qua
1869 2491 2058 2560 pecca-

469 2594 582 2637 tum
605 2583 850 2651 vincitur,
883 2584 1008 2637 nihil
1036 2582 1178 2638 aliud
1205 2591 1287 2638 est
1311 2598 1470 2653 quam
1498 2582 1696 2638 donum
1723 2583 1836 2649 Dei,
1869 2583 1919 2636 in
1949 2582 2051 2636 isto

468 2674 762 2729 certamine
783 2674 1081 2744 adjuvantis
1111 2674 1333 2730 liberum
1355 2673 1653 2729 arbitrium.

541 2763 594 2820 9.
637 2765 863 2834 Propter
898 2765 1036 2835 quod
1072 2765 1200 2820 dicit
1239 2775 1294 2820 et
1331 2765 1566 2822 omlestis
1605 2765 1876 2835 Magister,
1915 2763 2060 2836 Vigi-

468 2860 585 2924 late,
613 2869 662 2915 et
692 2869 864 2926 orate,
895 2876 955 2913 ne
981 2859 1177 2914 intretis
1217 2860 1272 2913 in
1297 2860 1621 2916 tentationem
1651 2858 1862 2932 (Matth.
1891 2873 2016 2913 xxvr
2036 2901 2051 2926 ,

468 2951 584 3023 41).
617 2952 758 3022 Ergo
787 2952 1152 3022 unusquisque
1179 2959 1365 3006 contra
1395 2966 1545 3006 suam
1573 2951 2055 3022 concupiscentiam

470 3043 732 3118 dimicans
766 3053 902 3110 oret,
946 3059 1013 3098 ne
1043 3042 1205 3098 intret
1245 3044 1298 3098 in
1343 3043 1709 3110 tentationem,
1751 3043 1803 3098 id
1848 3052 1950 3112 est,
1990 3059 2060 3099 ne

471 3132 542 3188 sit
569 3133 635 3188 ab
662 3134 748 3187 illa
781 3134 1077 3188 abstractus
1106 3142 1160 3188 et
1195 3134 1428 3190 illectus.
1456 3133 1576 3190 Non
1608 3143 1784 3189 autem
1816 3135 1974 3189 intrat
2003 3135 2056 3190 in

471 3226 814 3280 tentationem
839 3267 852 3290 ,
897 3227 937 3278 si
974 3225 1247 3280 voluntate
1285 3225 1422 3280 bona
1457 3226 1635 3280 vincat
1670 3227 2058 3297 concupiscen-

470 3313 600 3368 tiam
640 3315 854 3368 malam.
885 3315 994 3370 Nec
1022 3323 1197 3370 tmnen
1237 3315 1430 3370 sufﬁcit
1469 3315 1743 3371 arbitrium
1772 3317 2058 3370 voluntatis

470 3404 740 3472 humanae,
778 3407 878 3460 nisi
921 3423 947 3458 a
989 3407 1217 3462 Domino
1246 3408 1462 3463 victoria
1495 3408 1818 3464 concedatur
1845 3411 2054 3478 oranti,

472 3511 542 3550 ne
569 3496 730 3552 intret
759 3497 809 3550 in
843 3499 1208 3552 tentationem.
1239 3497 1374 3567 Quid
1403 3514 1531 3554 vero
1557 3499 1854 3556 evidentius
1898 3517 2056 3572 quam

471 3585 566 3640 Dei
611 3587 908 3640 ostenditur
934 3587 1122 3658 gratia,
1170 3588 1256 3642 ubi
1294 3589 1434 3659 quod
1467 3599 1649 3644 oratur
1687 3591 1974 3661 accipitur?
2001 3592 2056 3648 Si

471 3679 614 3734 enim
655 3679 877 3736 dixisset
901 3680 1145 3736 Salvator
1173 3691 1374 3744 noster.
1419 3681 1633 3752 Vigilate
1653 3724 1672 3749 ,
1699 3700 1762 3738 ne
1784 3685 1979 3738 intretis
2003 3685 2057 3739 in

471 3771 826 3836 tentationem;
869 3771 1210 3828 admonuisse
1250 3775 1616 3830 tantummodo
1645 3775 1916 3832 videretur
1955 3777 2057 3832 ho-

469 3860 632 3915 minis
657 3861 981 3917 voluntatem
1012 3878 1025 3913 :
1057 3877 1178 3917 cum
1199 3879 1327 3920 vero
1350 3864 1574 3932 addidit,
1605 3874 1653 3920 et
1681 3876 1839 3933 orate,
1871 3876 2056 3924 osten-

467 3951 547 4006 dit
587 3951 752 4008 Deum
789 3954 1059 4023 adjuvare,
1105 3970 1173 4010 ne
1211 3956 1438 4012 intretur
1477 3958 1527 4011 in
1566 3961 1928 4015 tentationem.
1962 3961 2056 4016 Di-

469 4052 614 4100 ctum
637 4053 720 4100 est
746 4046 914 4101 libero
939 4047 1179 4112 arbitrio,
1207 4047 1338 4114 Fili,
1367 4050 1473 4103 noli
1498 4050 1711 4119 deﬁcere
1733 4069 1766 4105 a
1786 4052 2058 4122 disciplina

376 4129 378 4131 ’
471 4135 680 4192 Domini
709 4135 890 4208 (Prov.
921 4154 998 4202 ιιι,
1035 4137 1117 4208 ll)
1153 4157 1166 4194 :
1199 4149 1248 4194 et
1283 4139 1537 4195 Dominus
1566 4141 1718 4208 dixit,
1749 4142 1861 4216 Ego
1884 4147 2060 4217 rogaui

470 4246 564 4300 pro
605 4239 688 4298 te,
721 4229 908 4295 Petre,
954 4247 1017 4284 ne
1055 4229 1256 4299 deﬁciat
1296 4231 1424 4300 ﬁdes
1464 4241 1552 4287 tua
1593 4232 1746 4306 (Luc.
1778 4252 1905 4304 χχιι,
1941 4238 2052 4309 32).

471 4319 645 4374 Homo
685 4321 850 4390 ergo‘
887 4321 1053 4390 gratia
1085 4321 1317 4391 juvatur,
1358 4337 1424 4378 ne
1461 4325 1578 4380 sine
1614 4339 1772 4382 causa
1802 4327 2056 4384 voluntati

469 4413 584 4482 ejus
605 4412 874 4483 jubeatur.

539 4503 765 4562 CAPUT
795 4503 860 4559 γ.
890 4536 964 4547 -
995 4505 1080 4562 10.
1107 4505 1240 4562 Cum
1267 4507 1392 4565 dicit
1423 4510 1580 4574 Deus.
1613 4511 1964 4568 Conuertimini
1989 4515 2057 4570 ad

468 4614 567 4662 me,
609 4607 658 4652 et
697 4605 962 4653 convertar
1000 4597 1068 4652 ad
1103 4613 1191 4654 uos
1227 4598 1406 4671 (Zach.
1439 4616 1488 4668 ι,
1519 4601 1575 4676 3)
1605 4620 1619 4657 :
1662 4619 1821 4659 unum
1865 4604 2054 4662 horum

470 4690 680 4745 videtur
718 4705 838 4746 esse
877 4699 1074 4744 nostra:
1103 4691 1410 4758 voluntatis,
1453 4693 1504 4748 id
1546 4703 1648 4762 εει,
1683 4703 1741 4750 ut
1775 4707 2055 4752 converta-

471 4797 592 4836 mur
629 4781 694 4836 ad
723 4797 878 4847 eum;
911 4782 1137 4837 alterum
1165 4798 1288 4837 vero
1329 4785 1494 4854 ipsius
1517 4787 1720 4856 gratiae,
1763 4787 1812 4842 id
1855 4798 1956 4856 est,
1999 4798 2058 4846 ut

467 4875 628 4928 etiam
673 4873 786 4942 ipse
827 4881 1166 4928 convertatur
1202 4874 1269 4929 ad
1312 4891 1428 4930 nos.
1479 4875 1578 4933 Ubi
1622 4886 1844 4948 possunt
1873 4890 2058 4950 putare

468 4963 740 5035 Pelagiani
762 4979 911 5018 suam
932 4964 1176 5021 obtinere
1205 4967 1545 5033 sententiam,
1579 4985 1678 5037 qua
1703 4969 1904 5038 dicunt,
1935 4987 2057 5042 gra-

469 5057 599 5110 tiam
631 5055 725 5110 Dei
763 5056 1051 5114 secundum
1079 5058 1267 5114 merita
1298 5069 1478 5114 nostra
1506 5059 1638 5114 dari.
1664 5059 1814 5128 Quod
1844 5063 2055 5132 quidem

470 5150 524 5202 in
551 5149 789 5213 Oriente,
834 5148 937 5204 hoc
972 5159 1076 5214 est,
1121 5151 1173 5206 in
1216 5152 1486 5221 provincia
1517 5151 1821 5220 Palaestina,
1861 5156 1914 5210 in
1953 5172 2056 5227 qua

469 5246 554 5295 est
580 5239 766 5294 civitas
793 5239 1106 5308 Jerusalem,
1141 5257 1262 5297 cum
1289 5243 1403 5313 ipse
1431 5243 1673 5314 Pelagius
1700 5245 1766 5300 ab
1793 5247 2057 5319 episcopis

467 5332 763 5400 audiretur,
807 5332 1074 5390 afﬁrmare
1110 5350 1216 5389 non
1261 5351 1424 5391 ausus
1465 5345 1565 5392 est.
1609 5336 1742 5392 Nam
1789 5341 1926 5396 inter
1953 5357 2059 5398 cte-

471 5431 582 5478 tera
613 5439 731 5494 quae
760 5423 834 5478 illi
860 5425 1067 5494 objecta
1093 5435 1237 5492 sunt,
1267 5437 1322 5481 et
1351 5425 1454 5481 hoc
1481 5427 1746 5498 objectum
1775 5441 1874 5498 est,
1912 5433 2054 5504 quod

469 5514 692 5580 diceret,
733 5517 954 5587 gratiam
993 5516 1088 5570 Dei
1127 5515 1418 5572 secundum
1458 5519 1646 5575 merita
1673 5531 1857 5578 nostra
1897 5523 2053 5581 dari:

469 5609 611 5678 quod
655 5611 730 5664 sic
766 5610 998 5663 alienum
1036 5617 1118 5664 est
1157 5624 1190 5664 a
1228 5611 1485 5666 catholica
1525 5612 1764 5674 doctrina
1795 5624 1848 5671 et
1877 5616 2055 5672 inimi-

469 5713 592 5756 cum
630 5703 815 5772 gratia:
852 5701 1080 5770 Christi,
1119 5711 1180 5758 ut
1217 5705 1317 5760 nisi
1351 5705 1452 5762 boc
1475 5705 1742 5776 objectum
1781 5708 1881 5765 sibi
1923 5724 2056 5767 ana-

533 5808 554 5840 έ
578 5814 886 5866 Corbeiensis
905 5821 1009 5880 Μελ,
1033 5815 1178 5870 etim.

1299 341 1386 396 DE
1423 338 1681 398 GRATIA
1719 338 1811 396 ΕΤ
1847 337 2097 396 LIBERO
2135 338 2476 406 ARBITRIO,
2519 341 2572 397 S.
2617 343 2980 402 AUGUSTINI

2173 454 2462 510 themasset
2476 457 2515 524 ί,
2539 457 2652 528 ipse
2673 459 2794 515 inde
2813 462 3180 519 anathematus
3199 463 3394 522 exisset
3411 463 3510 539 (α).
3531 465 3639 526 Sed
3661 473 3753 528 fal-

2169 546 2352 601 laciter
2363 562 2484 602 eum
2498 549 2884 617 anathemasse,
2902 553 3222 621 posteriores
3237 556 3354 626 ejus
3367 557 3598 615 indicant
3610 560 3732 617 libri
3747 615 3754 624 ,

2169 639 2222 691 in
2254 639 2444 706 quibus
2470 641 2688 696 omnino
2715 643 2846 697 nihil
2886 644 3028 699 aliud
3053 645 3308 714 defendit,
3339 665 3498 718 quam
3530 654 3756 722 gratiam

2169 729 2262 784 Dei
2289 731 2575 786 secundum
2603 735 2793 789 merita
2821 745 3000 790 nostra
3029 736 3162 792 dari.
3187 738 3335 795 Talia
3365 757 3492 812 ergo
3517 743 3585 799 de
3613 744 3755 800 Scri-

2166 823 2336 892 pturis
2367 825 2644 894 colligunt,
2669 826 2825 895 quale
2850 837 2932 882 est
2960 827 3060 884 hoc
3089 846 3252 886 unum
3278 834 3418 902 quod
3450 837 3606 905 paulo
3629 847 3756 896 ante

2165 913 2305 981 dixi,
2337 913 2696 970 Convertimini
2721 918 2790 971 ad
2827 936 2933 987 me,
2963 930 3011 974 et
3038 934 3299 978 convertar
3325 925 3394 978 ad
3423 941 3508 982 uos
3530 944 3550 991 ;
3581 939 3638 984 ut
3665 946 3752 986 se-

2166 1006 2396 1061 cundum
2428 1010 2675 1064 meritum
2706 1014 3068 1068 conversionis
3099 1026 3295 1071 nostrae
3335 1019 3401 1073 ad
3433 1021 3624 1086 Deum,
3657 1023 3754 1079 de-

2167 1106 2253 1152 tur
2293 1100 2458 1169 gratia
2500 1102 2636 1170 ejus,
2677 1103 2728 1158 in
2770 1121 2871 1175 qua
2911 1107 2978 1160 ad
3019 1123 3116 1162 nos
3157 1119 3209 1164 et
3247 1110 3360 1180 ipse
3399 1115 3752 1172 convertitur.

2165 1185 2275 1244 Nec
2303 1189 2583 1246 attendunt
2609 1193 2699 1262 qui
2729 1193 2830 1250 hoc
2871 1197 3124 1262 sentiunt,
3159 1201 3279 1270 quia
3309 1201 3410 1256 nisi
3437 1203 3635 1258 donum
3661 1207 3754 1262 Dei

2164 1287 2310 1335 esset
2347 1282 2506 1336 etiam
2547 1283 2658 1351 ipsa
2696 1285 2763 1338 ad
2804 1285 2969 1342 Deum
3010 1298 3192 1345 nostra
3229 1293 3532 1360 conversio,
3561 1309 3666 1350 non
3705 1297 3754 1352 ei

2163 1372 2446 1440 diceretur,
2489 1373 2626 1429 Deus
2654 1377 2914 1446 virtutum,
2956 1393 3185 1437 converte
3226 1400 3317 1438 nos
3359 1384 3528 1456 (Psal.
3561 1403 3752 1453 Lxxlx,

2163 1463 2240 1532 8);
2289 1473 2362 1532 et,
2407 1463 2566 1532 Deus,
2614 1475 2668 1520 tu
2705 1478 2995 1524 convertens
3039 1473 3313 1542 uiuiﬁcabis
3342 1491 3472 1540 nos;
3512 1487 3584 1543 et,
3616 1477 3753 1532 Con-

2161 1563 2294 1609 verte
2337 1572 2448 1623 nos,
2491 1556 2629 1612 Deus
2669 1559 2944 1614 sanitatum
2987 1571 3274 1617 nostrarum
3313 1565 3486 1633 (Psal.
3531 1583 3750 1636 LXXXIV,

2165 1645 2217 1713 7,
2250 1643 2328 1718 5);
2359 1655 2413 1701 et
2441 1646 2744 1718 hujusmodi
2774 1649 2897 1716 alia,
2929 1667 3048 1722 qua:
3087 1667 3509 1712 commemorare
3538 1659 3754 1732 longum

2161 1747 2260 1794 est.
2289 1737 2421 1792 Nam
2439 1748 2493 1794 et
2521 1742 2702 1796 venire
2725 1741 2793 1796 ad
2816 1742 3107 1812 Christum,
3137 1745 3266 1816 quid
3285 1755 3367 1802 est
3391 1748 3532 1804 aliud
3563 1751 3664 1805 nisi
3685 1751 3752 1806 ad

2161 1845 2281 1885 eum
2321 1831 2590 1888 credendo
2617 1835 2898 1890 converti?
2927 1837 2994 1892 Et
3031 1846 3208 1894 tamen
3238 1841 3313 1895 ait
3343 1857 3357 1894 :
3395 1839 3560 1898 Nemo
3591 1855 3753 1914 potest

2161 1923 2326 1976 venire
2356 1925 2424 1978 ad
2451 1939 2550 1992 me,
2579 1926 2678 1980 nisi
2717 1927 2894 1982 datum
2920 1929 3073 1999 fuerit
3103 1932 3147 1985 ei
3175 1948 3207 1985 a
3247 1931 3402 1988 Patre
3427 1950 3538 1989 meo
3571 1935 3751 2007 (Joan.

2163 2019 2238 2084 vi,
2270 2016 2381 2087 66).

2236 2109 2323 2164 ll.
2364 2109 2496 2166 Item
2527 2110 2666 2183 quod
2699 2113 2953 2184 scriptum
2985 2116 3143 2171 estin
3171 2116 3314 2180 libro,
3335 2119 3568 2176 secundo
3593 2121 3753 2177 Para-

2161 2199 2490 2270 lipomenon,
2519 2201 2767 2258 Dominus
2805 2205 3078 2272 uobiscum,
3117 2225 3230 2262 cum
3259 2225 3345 2264 uos
3373 2212 3491 2264 estis
3520 2228 3632 2266 cum
3671 2230 3750 2282 eo,

2162 2300 2208 2345 et
2245 2292 2288 2346 si
2323 2293 2622 2362 quaesieritis
2661 2311 2794 2362 eum,
2827 2297 3122 2364 invenietis;
3166 2300 3212 2353 si
3251 2309 3418 2354 autem
3455 2304 3754 2372 reliqueritis

2161 2401 2295 2451 eum,
2328 2386 2632 2456 derelinquet
2659 2404 2746 2443 vos
2779 2387 2845 2460 (ll
2877 2387 3004 2442 Par.
3050 2407 3137 2456 xv,
3167 2391 3248 2462 2);
3291 2394 3592 2450 manifestat
3630 2399 3752 2466 qui-

2161 2477 2282 2532 dem
2308 2479 2598 2535 voluntatis
2626 2482 2927 2539 arbitrium.
2957 2483 3060 2538 Sed
3093 2485 3167 2540 illi
3197 2487 3286 2556 qui
3317 2487 3501 2543 dicunt
3525 2492 3748 2559 gratiam

2162 2568 2256 2624 Dei
2283 2571 2577 2626 secundum
2607 2574 2800 2628 merita
2841 2585 3022 2630 nostra
3049 2576 3184 2644 dari,
3217 2579 3316 2634 ista
3345 2581 3644 2636 testimonia
3673 2583 3753 2638 sic

2161 2661 2447 2730 accipiunt,
2495 2671 2554 2717 ut
2594 2663 2776 2720 dicant
2818 2667 3067 2721 meritum
3114 2681 3354 2725 nosuum
3399 2672 3452 2726 in
3491 2687 3558 2727 eo
3595 2689 3746 2742 esse,

2161 2752 2300 2822 quod
2328 2768 2511 2810 sumus
2536 2771 2660 2810 cum
2689 2758 2831 2824 Deo;
2861 2758 2976 2829 ejus
3001 2768 3178 2816 autem
3204 2764 3430 2832 gratiam
3457 2765 3751 2823 secundum

2161 2842 2265 2898 hoc
2289 2847 2536 2901 meritum
2563 2846 2698 2915 dari,
2727 2857 2784 2904 ut
2811 2850 2882 2905 sit
2909 2860 2963 2906 et
2989 2852 3102 2922 ipse
3129 2856 3425 2910 nobiscum.
3455 2857 3586 2914 Item
3619 2875 3737 2915 me-

2161 2936 2323 2991 ritum
2359 2950 2600 2994 nostrum
2633 2941 2688 2995 in
2721 2957 2788 2997 eo
2821 2957 2960 3010 esse,
3001 2944 3144 3013 quod
3188 2949 3476 3018 quazrimus
3503 2965 3663 3018 eum;
3697 2963 3752 3009 et

2161 3028 2454 3084 secundum
2483 3031 2586 3087 hoc
2605 3033 2854 3088 meritum
2877 3034 2990 3088 dari
3017 3036 3133 3106 ejus
3155 3039 3400 3107 gratiam,
3429 3049 3488 3094 ut
3509 3042 3750 3098 invenia-

2161 3134 2284 3175 mus
2310 3137 2455 3177 eum.
2491 3123 2556 3177 Et
2583 3124 2634 3177 in
2665 3124 2801 3180 libro
2829 3126 3002 3196 primo
3027 3128 3166 3198 quod
3195 3129 3394 3186 dictum
3423 3141 3526 3196 est,
3561 3133 3627 3187 Et
3657 3145 3709 3188 tu
3733 3178 3748 3201 ,

2163 3209 2410 3265 Salomon
2451 3212 2530 3282 ﬁli
2564 3215 2654 3280 mi,
2693 3231 2937 3286 cognosce
2967 3217 3152 3286 Deum,
3184 3231 3230 3274 et
3265 3223 3393 3276 servi
3429 3225 3474 3278 ei
3509 3225 3561 3278 in
3603 3227 3752 3282 corde

2163 3303 2384 3372 perfecto
2413 3315 2460 3358 et
2498 3305 2671 3358 anima
2700 3309 2895 3362 volente
2911 3326 2928 3373 ,'
2967 3311 3086 3380 quia
3121 3314 3290 3366 omnia
3317 3315 3471 3367 corda
3499 3326 3751 3372 scrutatur

2161 3394 2435 3464 Dominus,
2475 3407 2522 3451 et
2569 3413 2765 3453 omnem
2809 3403 3164 3473 cogitationem
3206 3408 3448 3462 mentium
3477 3409 3612 3463 novit
3651 3426 3671 3464 :
3708 3411 3752 3464 si

2160 3490 2414 3559 quasieris
2439 3507 2574 3556 eum,
2607 3493 2886 3547 invenietur
2915 3494 3036 3559 tibi;
3065 3505 3109 3550 et
3137 3498 3180 3552 si
3208 3498 3458 3555 dimiseris
3495 3517 3630 3568 eum,
3662 3519 3749 3557 re-

2162 3581 2312 3649 pellet
2340 3589 2388 3635 te
2424 3581 2476 3635 in
2507 3592 2804 3654 perpetuum
2838 3584 2881 3656 (l
2911 3585 3038 3640 Par.
3068 3604 3250 3658 xxvm,
3285 3590 3365 3664 9);
3393 3591 3630 3650 declarat
3652 3611 3750 3652 vo-

2163 3668 2380 3724 luntatis
2407 3671 2706 3728 arbitrium.
2736 3675 2841 3730 Sed
2870 3676 2946 3730 illi
2977 3677 3029 3732 in
3060 3695 3125 3734 eo
3151 3693 3354 3750 ponunt
3379 3687 3628 3742 meritum
3655 3687 3752 3744 bo-

2161 3764 2342 3830 minis,
2379 3764 2522 3834 quod
2550 3763 2751 3821 dictum
2792 3775 2896 3836 est,
2926 3771 2970 3825 si
2997 3775 3254 3842 qua’sieris
3277 3793 3431 3842 eum;
3470 3788 3526 3834 et
3555 3796 3750 3838 secun-

2160 3855 2287 3910 dum
2317 3856 2419 3912 hoc
2447 3858 2694 3913 meritum
2731 3858 2846 3914 dari
2873 3863 3120 3933 gratiam,
3169 3865 3220 3920 in
3265 3882 3331 3922 eo
3368 3871 3510 3940 quod
3547 3871 3749 3930 dictum

2159 3956 2243 4003 est
2257 3946 2302 4014 ',
2347 3947 2624 4003 inuenietur
2668 3950 2758 4004 tibi
2789 3966 2809 4005 :
2846 3959 2900 4006 et
2933 3955 3152 4010 omnino
3190 3956 3451 4028 laborant,
3492 3972 3748 4034 quantum

2158 4048 2400 4108 possunt,
2430 4038 2714 4096 ostendere
2741 4043 2966 4112 gratiam
2993 4045 3086 4101 Dei
3115 4049 3409 4106 secundum
3438 4055 3622 4109 merita
3651 4071 3748 4112 no-

2159 4137 2268 4183 stra
2298 4130 2444 4198 dari;
2475 4131 2574 4185 hoc
2602 4141 2704 4198 est,
2731 4134 2954 4202 gratiam
2982 4151 3092 4191 non
3121 4152 3240 4194 esse
3263 4143 3510 4211 gratiam.
3541 4144 3746 4212 Quibus

2161 4224 2302 4277 cnim
2358 4223 2648 4279 secundum
2708 4228 2955 4283 meritum
3014 4231 3273 4302 redditur,
3322 4251 3424 4292 non
3471 4239 3749 4311 imputatur

2161 4331 2345 4369 merces
2371 4316 2643 4369 secundum
2663 4319 2902 4386 gratiam,
2925 4321 3014 4376 sed
3043 4327 3320 4379 secundum
3341 4327 3579 4398 debitum,
3610 4331 3749 4388 sicut

2160 4407 2496 4476 apertissime
2520 4407 2650 4462 dicit
2676 4411 2963 4479 Apostolus
2990 4411 3164 4486 (Rom.
3190 4433 3262 4484 ιν,
3291 4418 3367 4490 l).

2233 4497 2318 4552 12.
2361 4497 2603 4554 Meritum
2640 4503 2780 4556 enim
2823 4503 2922 4558 fuit
2959 4505 3170 4576 quidem
3205 4511 3254 4563 in
3283 4513 3524 4580 apostolo
3558 4515 3744 4588 Paulo,

2161 4588 2254 4644 sed
2285 4589 2503 4656 malum,
2549 4593 2762 4663 quando
2790 4598 3204 4666 persequebatur
3233 4599 3528 4660 Ecclesium
3559 4625 3571 4660 :
3606 4609 3746 4666 unde

2161 4679 2307 4748 dicit,
2351 4680 2472 4736 Non
2513 4700 2626 4738 sum
2659 4686 2870 4741 idoneus
2899 4691 3064 4745 uocari
3090 4693 3384 4763 Apostolus,
3424 4701 3543 4769 quia
3579 4719 3744 4773 persc-
3773 4755 3776 4758 .

2160 4782 2303 4828 cutus
2340 4789 2452 4828 sum
2477 4773 2762 4831 Ecclesium
2795 4780 2908 4835 Dei.
2939 4783 3073 4838 Cum
3101 4800 3228 4856 ergo
3257 4787 3478 4847 haberet
3501 4793 3604 4850 hoc
3627 4811 3744 4852 me-

2160 4863 2319 4918 ritum
2364 4865 2585 4933 malum,
2631 4869 2900 4925 redditum
2944 4882 3026 4928 est
3071 4875 3118 4930 ei
3164 4878 3360 4933 bonum
3409 4897 3503 4951 pro
3550 4886 3690 4941 malo
3729 4906 3742 4941 :

2160 4954 2385 5026 ideoque
2415 4967 2632 5014 secutus
2657 4959 2916 5030 adjunxil,
2950 4963 3057 5019 Sed
3083 4969 3246 5038 gratia
3272 4969 3370 5025 Dei
3397 4973 3508 5029 sum
3535 4976 3590 5030 id
3611 4959 3746 5048 quod

2160 5061 2291 5100 sum.
2321 5049 2495 5118 Atque
2526 5057 2582 5103 ut
2608 5053 2916 5109 ostenderet
2945 5066 2999 5111 et
3027 5057 3252 5114 liberum
3287 5049 3590 5135 arbitrium,
3621 5085 3744 5126 mox

2161 5137 2384 5207 addidit,
2419 5150 2465 5194 et
2494 5144 2659 5212 gratia
2684 5145 2796 5216 ejus
2830 5147 2884 5201 in
2923 5166 3003 5203 me
3037 5166 3194 5206 vacua
3231 5170 3331 5208 non
3367 5159 3484 5228 fuit,
3516 5161 3604 5214 sed
3629 5163 3747 5234 plus

2161 5231 2390 5286 omnibus
2435 5233 2538 5289 illis
2584 5234 2824 5293 laboravi.
2864 5240 2977 5296 noc
3015 5245 3158 5299 enim
3199 5245 3424 5304 liberum
3469 5231 3744 5312 arbitrium

2163 5321 2394 5379 hominis
2420 5327 2731 5384 exhortatur
2755 5339 2812 5386 et
2836 5333 2888 5388 in
2916 5334 3058 5402 aliis,
3089 5337 3281 5407 quibus
3308 5340 3456 5412 dicit,
3487 5344 3748 5418 Rogamus

2228 5457 2869 5540 in
2887 5479 2918 5540 ;_
2930 5473 2984 5518 et
3001 5467 3144 5532 infra,
3166 5473 3606 5540 anathematizatus,
3635 5494 3749 5532 mm-

2531 5529 2588 5574 At
2611 5531 2715 5575 Mss.
2737 5517 3056 5592 antiquiores,

2228 5617 2786 5723 ῗεξέἇῷξηᾷἓᾷρηιιι,
2799 5647 2882 5723 illa
2905 5654 3074 5723 verba,
3093 5655 3407 5723 siqutesieris
3423 5677 3536 5715 eum
3565 5677 3584 5716 :
3599 5673 3648 5720 et
3667 5682 3745 5722 se-

2164 5705 2291 5786 gni-id
2297 5707 2484 5786 πέρι-φρ
2742 5710 2863 5786 νάιιηὶ
2877 5705 3084 5776 gratiam
3097 5705 3262 5778 (sic?)
3267 5705 3408 5786 'diidri

2163 5779 2274 5829 quin
2297 5767 2392 5817 huc
2413 5778 2703 5820 revocantur
2727 5785 2792 5822 ex
2807 5767 2914 5824 ωδε.
3098 5767 3110 5778 ’
3137 5767 3146 5768 '
3172 5767 3181 5769 '
3209 5767 3253 5770 "
3282 5767 3405 5786 1”"
3438 5767 3626 5782 ἠν-νυ·
3641 5767 3711 5782 νυν
3728 5771 3744 5794 ι

2227 5827 2301 5892 (a)
2339 5829 2450 5880 vide
2473 5831 2649 5882 librum
2664 5834 2728 5884 de
2750 5837 2907 5886 Gestis
2924 5837 3120 5902 Pelagii,
3145 5855 3192 5892 ιι.
3214 5845 3377 5896 30-57.
