4142 6490
391 348 499 407 889

389 486 454 525 ne
479 470 532 522 in
561 481 778 521 vacuum
821 473 1038 536 gratiam
1079 460 1176 518 Dei
1211 459 1498 531 suscipiatis
1525 457 1594 531 (ll
1640 457 1758 514 Cor.
1786 473 1862 524 vn,
1885 457 1973 527 ι).

389 558 584 632 thuid
615 557 758 612 enim
803 570 898 610 eos
942 563 1124 626 rogat,
1154 555 1198 608 si
1227 553 1451 624 gratiam
1489 552 1569 607 sic
1605 557 1977 620 susceperunt,

388 666 444 708 ut
485 649 753 722 propriam
798 646 1082 716 perderent
1107 643 1471 699 voluntatem?
1510 643 1708 697 Tamen
1756 655 1824 696 ne
1866 641 1980 710 ipsa

388 744 632 798 voluntas
674 741 792 794 sine
829 739 998 810 gratia
1029 737 1124 792 Dei
1168 746 1383 808 putetur
1409 737 1532 792 boni
1562 735 1760 806 aliquid
1799 749 1974 806 posse,

388 834 639 890 continuo
667 845 789 885 cum
833 828 1076 892 dixisset,
1122 827 1301 882 Gratia
1328 829 1440 898 ejus
1480 831 1533 881 in
1574 844 1651 880 me
1678 842 1837 880 vacua
1877 841 1977 880 non

387 929 506 998 fuit,
537 925 624 980 sed
667 924 781 993 plus
807 921 1036 985 omnibus
1069 921 1173 977 illis
1212 921 1474 985 laboravi;
1506 920 1778 990 subjunxit
1820 931 1979 990 atque

387 1021 481 1085 ait,
517 1016 640 1072 Non
669 1032 758 1088 ego
783 1024 970 1079 autem,
1002 1013 1092 1068 sed
1128 1014 1294 1085 gratia
1320 1011 1416 1066 Dei
1443 1028 1637 1066 mecum
1665 1011 1708 1084 (Ι
1737 1010 1856 1066 Cor.
1885 1029 1973 1079 xv,

385 1111 443 1176 9,
473 1111 565 1180 10)
591 1127 605 1163 :
647 1108 697 1163 id
724 1116 824 1171 est,
859 1121 964 1160 non
993 1105 1160 1171 solus,
1190 1104 1282 1160 sed
1306 1104 1475 1174 gratia
1504 1103 1598 1158 Dei
1627 1118 1836 1158 mecum
1872 1122 1884 1158 :
1915 1119 1978 1160 ac

393 1219 488 1273 per
515 1202 620 1256 hoc
649 1215 746 1256 nec
771 1198 938 1269 gratia
979 1198 1072 1253 Dei
1102 1197 1236 1264 sola,
1263 1211 1363 1252 nec
1391 1197 1504 1266 ipse
1534 1196 1702 1263 solus,
1735 1194 1829 1251 sed
1858 1212 1978 1266 gra-

393 1296 465 1350 tia
495 1295 589 1349 Dei
619 1308 732 1347 cum
760 1292 869 1347 illo.
898 1289 970 1346 Ut
994 1298 1172 1345 autem
1198 1289 1266 1344 de
1289 1289 1428 1344 caelo
1453 1299 1752 1354 vocaretur,
1784 1297 1839 1344 et
1869 1298 1974 1344 tam

393 1400 581 1455 magna
602 1383 970 1438 efﬁcacissima
993 1380 1270 1436 vocatione
1291 1389 1692 1436 converteretur
1713 1381 1848 1453 (Act.
1874 1381 1969 1452 Ix),

387 1479 552 1548 gratia
597 1476 688 1531 Dei
715 1485 832 1533 erat
870 1476 1017 1541 sola;
1062 1475 1185 1545 quia
1214 1477 1402 1530 merita
1428 1475 1544 1545 ejus
1571 1485 1721 1530 erant
1761 1491 1970 1546 magna,

385 1569 480 1623 sed
509 1568 668 1622 mala.
704 1568 940 1638 Denique
967 1576 1024 1622 et
1047 1567 1171 1622 alibi
1200 1567 1327 1622 dicit
1351 1567 1415 1622 ad
1443 1566 1784 1624 Timotheum
1812 1587 1824 1622 :
1857 1568 1975 1625 Col-

385 1661 559 1715 labora
590 1659 867 1732 Evangelia
890 1660 1163 1714 secundum
1188 1661 1416 1714 virtutem
1447 1659 1545 1715 Dei
1575 1659 1741 1715 salvos
1770 1679 1859 1717 nos
1888 1667 1971 1734 fa-

384 1753 580 1817 cientis,
609 1762 656 1805 et
682 1753 907 1806 vocantis
931 1751 1193 1805 vocatione
1219 1767 1312 1805 sua
1335 1761 1546 1816 sancta;
1575 1769 1676 1807 non
1698 1755 1974 1807 secundum

387 1862 542 1914 opera
582 1854 777 1911 nostra,
815 1844 904 1900 sed
941 1844 1214 1899 secundum
1251 1861 1397 1898 suum
1437 1845 1747 1916 propositum
1778 1857 1823 1900 et
1850 1863 1972 1916 gra-

386 1939 527 2004 tiam,
561 1954 673 2006 qute
699 1937 820 1991 data
849 1947 923 1992 est
949 1937 1090 1992 nobis
1114 1938 1166 1991 in
1194 1933 1392 1992 Christo
1419 1935 1544 1991 Iesu
1572 1935 1639 2010 (ll
1669 1937 1798 1990 Tim.
1833 1954 1846 1992 ι
1870 1979 1882 2002 ,
1915 1938 1969 2006 8,

387 2031 466 2100 9).
497 2030 624 2084 item
654 2031 845 2086 merita
879 2044 993 2096 sua,
1037 2030 1131 2086 sed
1163 2029 1302 2084 mala
1329 2045 1757 2088 commemorans
1799 2032 1926 2087 dicit
1955 2051 1968 2087 :

388 2120 603 2175 Fuimus
618 2122 750 2174 enim
775 2121 916 2176 stulti
941 2131 988 2174 et
1016 2139 1107 2176 nos
1130 2122 1403 2192 aliquando
1429 2132 1476 2176 et
1503 2123 1770 2190 increduli,
1799 2140 1974 2177 erran-

387 2221 480 2279 tes,
508 2213 775 2267 servientes
801 2211 1061 2267 desideriis
1089 2221 1134 2266 et
1171 2213 1511 2284 voluptatibus
1537 2215 1708 2280 variis,
1739 2216 1793 2268 in
1825 2216 1974 2269 mali-

387 2307 458 2359 tia
495 2315 541 2359 et
569 2305 759 2360 invidia
801 2317 1024 2379 agentes,
1054 2307 1445 2374 abominabiles,
1487 2309 1696 2363 invicem
1730 2309 1846 2363 odio
1881 2311 1975 2364 ha-

389 2398 571 2452 bentes.
601 2398 736 2464 Quid
767 2399 881 2453 istis
917 2408 1022 2453 tam
1053 2399 1206 2454 malis
1237 2401 1439 2455 meritis
1480 2401 1578 2455 nisi
1608 2416 1762 2471 poena
1793 2402 1974 2472 utique

389 2488 719 2544 debebatur?
756 2488 861 2545 Sed
908 2491 1017 2544 Deo
1058 2489 1315 2546 reddente
1358 2491 1496 2546 bona
1537 2507 1635 2562 pro
1674 2492 1846 2556 malis,
1879 2507 1974 2562 per

393 2581 616 2649 gratiam
640 2597 758 2651 qua:
785 2596 888 2635 non
918 2581 1210 2636 secundum
1249 2583 1438 2637 merita
1467 2592 1648 2637 nostra
1675 2583 1848 2650 datur,
1892 2583 1971 2637 fa-

393 2678 540 2725 ctum
566 2679 649 2727 est
685 2671 826 2742 quod
851 2671 1038 2728 deinde
1063 2673 1333 2743 subiungit
1360 2683 1414 2728 et
1443 2674 1569 2729 dicit
1600 2693 1614 2729 :
1667 2694 1686 2726 ι
1719 2673 1849 2729 Cum
1880 2690 1975 2728 au-

392 2774 500 2820 tem
533 2765 828 2836 benignitas
856 2776 906 2821 et
933 2766 1233 2822 humanitas
1274 2767 1448 2821 illuxit
1477 2766 1775 2822 Salvatoris
1805 2768 1970 2822 nostri

390 2858 505 2924 Dei,
549 2873 652 2912 non
682 2873 745 2912 ex
776 2856 1025 2928 operibus
1045 2857 1264 2927 iustitia:
1304 2873 1421 2929 quin
1454 2859 1674 2913 fecimus
1706 2874 1836 2924 nos;
1879 2859 1971 2914 sed

389 2950 683 3006 secundum
711 2965 861 3005 suam
901 2949 1320 3006 misericordiam
1363 2951 1538 3006 salvos
1563 2967 1660 3006 nos
1706 2950 1845 3016 fecit,
1881 2967 1974 3021 per

385 3041 652 3097 lavacrum
691 3043 1110 3112 regenerationis
1136 3051 1190 3097 et
1215 3043 1575 3098 renovationis
1600 3043 1828 3113 Spiritus
1852 3059 1976 3098 san-

382 3133 485 3200 cti,
533 3149 692 3204 quem
737 3133 1000 3189 ditissime
1040 3133 1228 3189 effudit
1278 3150 1439 3204 super
1487 3150 1605 3200 nos,
1657 3151 1750 3206 per
1790 3136 1970 3191 Jcsum

381 3223 650 3278 Christum
698 3224 1030 3281 Salvatorem
1071 3234 1336 3288 nostrum,
1388 3235 1446 3279 ut
1493 3225 1764 3294 iustiﬁcati
1806 3228 1973 3298 ipsius

379 3315 570 3385 gratia,
627 3314 866 3372 hmredes
933 3314 1228 3371 efﬁciamur
1280 3316 1572 3371 secundum
1645 3331 1796 3387 spem
1847 3318 1972 3372 vita:

384 3417 599 3463 aeternae
624 3406 749 3482 (Tit.
773 3425 851 3476 ιιι,
880 3409 1026 3480 5-7).

458 3500 684 3559 CAPUT
711 3501 797 3558 Vl.
825 3533 896 3543 —
921 3504 1009 3559 15.
1044 3501 1136 3558 His
1172 3511 1226 3559 et
1262 3502 1454 3558 talibus
1483 3504 1800 3560 testimoniis
1833 3505 1972 3561 divi-

389 3595 474 3648 nis
504 3595 776 3663 probatur,
801 3595 1024 3666 gratiam
1054 3594 1147 3650 Dei
1186 3609 1292 3650 non
1333 3595 1623 3650 secundum
1652 3597 1842 3651 merita
1869 3611 1970 3652 no-

389 3695 499 3741 stra
529 3687 641 3741 dari
668 3705 682 3742 :
707 3686 1130 3758 quandoquidem
1158 3701 1264 3742 non
1294 3687 1468 3742 solum
1499 3687 1656 3742 nullis
1681 3687 1856 3752 bonis,
1879 3702 1972 3743 ve-

388 3782 504 3836 rum
533 3781 692 3836 etiam
737 3781 916 3836 multis
939 3779 1143 3836 meritis
1186 3781 1339 3836 malis
1370 3780 1796 3850 praecedentibus
1817 3781 1969 3838 vide-

384 3888 505 3928 mus
528 3873 727 3940 datam,
758 3881 814 3929 et
837 3873 1072 3944 quotidie
1098 3873 1212 3928 dari
1244 3873 1508 3928 videmus.
1538 3872 1643 3928 Sed
1669 3873 1826 3944 plane
1847 3888 1969 3928 cum

383 3965 504 4020 data
531 3964 727 4032 fuerit,
758 3965 1018 4037 incipiunt
1043 3980 1166 4022 esse
1189 3965 1348 4021 etiam
1378 3965 1568 4020 merita
1595 3975 1774 4019 nostra
1805 3966 1966 4035 bona,

383 4072 480 4128 per
517 4057 658 4114 illam
693 4067 872 4113 tamen
913 4075 925 4110 :
957 4073 1082 4113 nam
1121 4058 1167 4112 si
1205 4072 1264 4111 se
1308 4057 1397 4112 illa
1432 4058 1775 4123 subtraxerit,
1831 4059 1972 4114 cadit

384 4150 546 4205 homo
565 4193 580 4218 ,
609 4167 714 4206 non
743 4161 986 4217 erectus,
1016 4150 1108 4206 sed
1137 4151 1498 4222 przccipitatus
1526 4152 1697 4208 libero
1723 4153 1965 4208 arbitrio.

387 4243 714 4313 Quapropter
739 4259 840 4299 nec
877 4243 1090 4315 quando
1115 4242 1341 4313 ceperit
1362 4243 1523 4298 homo
1551 4243 1752 4300 habere
1779 4246 1968 4300 merita

389 4335 546 4400 bona,
571 4335 728 4390 debet
749 4335 849 4390 sibi
877 4337 1108 4391 tribucre
1141 4335 1228 4389 illa
1248 4377 1262 4400 ,
1292 4335 1387 4391 sed
1414 4336 1544 4404 Deo,
1573 4337 1658 4391 cui
1688 4337 1886 4393 dicitur
1914 4340 1968 4395 in

393 4425 606 4480 Psalmo
628 4467 641 4489 ,
673 4425 888 4491 Adiutor
909 4443 1050 4481 meus
1079 4437 1210 4491 esto,
1247 4444 1310 4481 ne
1331 4426 1652 4498 derelinquas
1676 4445 1756 4483 me
1793 4428 1968 4500 (Psal.

392 4533 544 4584 xxvr,
576 4516 654 4591 9).
687 4518 941 4586 Dicendo,
967 4535 1028 4572 ne
1054 4519 1372 4591 derelinquas
1397 4536 1493 4586 me,
1518 4519 1752 4574 ostendit
1777 4523 1899 4592 quia
1927 4524 1970 4577 si

388 4613 676 4668 derelictus
702 4611 881 4680 fuerit,
907 4612 1035 4668 nihil
1060 4613 1180 4666 boni
1205 4615 1344 4669 valet
1365 4614 1479 4684 ipse
1505 4630 1598 4683 per
1623 4629 1682 4668 se
1711 4633 1724 4670 :
1752 4616 1893 4670 unde
1919 4624 1974 4672 et

385 4707 474 4762 ille
503 4706 576 4760 ait
601 4746 615 4771 ,
647 4703 761 4776 Ego
790 4705 973 4760 dixiin
1007 4706 1318 4760 abundantia
1341 4723 1451 4760 mea
1471 4748 1487 4774 ,
1511 4705 1630 4761 Non
1659 4708 1892 4762 movebar
1918 4710 1970 4762 in

382 4808 645 4852 teternum.
685 4797 971 4852 Putaverat
997 4798 1138 4852 enim
1189 4813 1342 4853 suum
1373 4796 1538 4853 fuisse
1566 4797 1762 4853 bonum
1783 4840 1799 4867 ,
1831 4800 1971 4870 quod

384 4892 431 4946 ei
471 4891 549 4946 sic
577 4891 918 4957 abundabat,
951 4902 1008 4946 ut
1046 4908 1153 4946 non
1184 4901 1489 4947 moveretur
1516 4907 1530 4944 :
1581 4891 1676 4948 sed
1708 4901 1765 4946 ut
1791 4901 1989 4946 osten--

385 4983 599 5039 dcretur
622 4984 699 5038 illi
723 5026 738 5049 ,
763 4984 916 5052 cujus
944 4992 1089 5038 esset
1117 4983 1249 5038 illud
1272 4985 1315 5050 ¹,
1343 4983 1412 5039 de
1438 4999 1544 5054 quo
1592 4993 1843 5054 tanquam
1875 4998 1974 5039 suo

388 5084 624 5146 cmperat
648 5076 895 5147 gloriari,
928 5076 1198 5146 paululum
1226 5076 1392 5147 gratia
1422 5074 1706 5131 deserente
1731 5077 1751 5107 ²
1782 5076 1972 5131 admo-

391 5167 532 5222 nitus
553 5168 681 5223 dicit
703 5210 717 5235 ,
744 5167 964 5223 Domine
983 5210 995 5234 ,
1021 5169 1074 5222 in
1099 5167 1354 5223 voluntate
1379 5175 1464 5222 tua
1493 5169 1768 5239 prastitisti
1800 5169 1972 5223 decori

387 5276 499 5314 meo
539 5259 805 5326 virtutem;
853 5260 1078 5314 avertisti
1121 5269 1288 5313 autem
1319 5261 1500 5330 faciem
1527 5255 1680 5313 tuam
1709 5276 1740 5314 a
1765 5277 1842 5315 me
1865 5302 1879 5328 ,
1926 5271 1974 5316 et

387 5354 554 5423 factus
599 5366 710 5403 sum
751 5350 1074 5404 conturbatus
1103 5348 1276 5424 (Psal.
1308 5367 1475 5418 χχιχ,
1518 5350 1571 5414 7,
1618 5349 1697 5419 8).
1733 5351 1855 5405 Ideo
1881 5367 1976 5408 ne-

387 5444 678 5500 cessarium
707 5452 791 5499 est
825 5444 1046 5508 homini,
1079 5451 1137 5497 ut
1161 5443 1330 5514 gratia
1359 5443 1449 5497 Dei
1477 5457 1582 5497 non
1611 5443 1780 5498 solum
1809 5442 1974 5512 justi-

386 5537 577 5591 ﬁcetur
603 5536 815 5606 impius,
843 5535 893 5590 id
919 5545 1036 5600 est,
1065 5551 1130 5592 ex
1162 5535 1326 5605 impio
1356 5536 1444 5588 liat
1465 5535 1640 5605 justus
1659 5577 1674 5601 ,
1701 5550 1823 5589 cum
1854 5534 1976 5590 rcd~

414 5712 423 5722 .
452 5649 630 5722 1aditi,
665 5649 803 5714 cujus
837 5657 960 5702 esset
1003 5647 1130 5700 illud
1161 5647 1349 5700 bonum.
1389 5647 1550 5710 Abest,
1588 5647 1780 5710 bonum,
1814 5661 1844 5699 a
1866 5647 1974 5712 ple-

384 5720 958 5848 ΐῗᾟιιεὲἱὲῗςναιὶρ
988 5776 1254 5827 deserente.
1294 5775 1459 5834 Abest,
1501 5772 1608 5835 Dei,
1647 5775 1791 5825 etiam
1814 5787 1843 5824 a
1865 5773 1973 5837 ple-

385 5838 551 5899 risque

1801 339 2002 396 LIBER
2037 339 2240 400 UNUS.

3569 357 3677 418 890

2089 459 2283 516 duntur
2305 461 2353 518 ei
2380 462 2518 519 bona
2562 481 2656 536 pro
2687 468 2869 535 malis;
2893 468 2987 525 sed
3015 470 3174 525 etiam
3201 485 3322 528 cum
3359 471 3522 530 fuerit
3545 475 3659 545 jam

2081 549 2399 620 justifiestus
2425 570 2487 610 ex
2504 555 2626 624 ﬁde,
2655 560 3026 616 ambuletcum
3057 563 3144 616 illo
3164 565 3353 635 gratia,
3384 573 3438 621 et
3460 568 3669 621 incum-

2083 642 2175 697 bat
2198 660 2359 715 super
2382 647 2550 716 ipsam
2580 665 2646 704 ne
2671 650 2845 706 cadat.
2880 653 3110 722 Propter
3136 655 3240 713 hoe
3280 659 3537 730 scriptum
3583 667 3667 716 est

2083 734 2138 790 in
2163 735 2382 794 Cantico
2411 741 2736 797 canticorum
2767 743 2834 800 de
2861 746 2971 816 ipsa
3003 748 3236 804 Ecclesia
3270 768 3282 804 :
3319 751 3446 819 Quae
3470 761 3542 806 est
3568 753 3664 807 ista

2083 843 2195 896 quae
2211 830 2436 883 ascendit
2451 831 2701 896 dealbata,
2721 834 3009 892 incumbens
3035 856 3190 910 super
3210 843 3500 912 fratruelem
3515 860 3664 898 suum

2091 919 2258 989 (Cant.
2295 938 2406 986 vm,
2437 923 2535 995 5)?
2561 924 2813 982 Dealbata
2842 939 2924 984 est
2955 932 3098 986 enim
3125 947 3243 998 qua:
3280 948 3374 1004 per
3401 949 3460 990 se
3499 937 3668 1007 ipsam

2083 1013 2198 1067 alba
2223 1030 2343 1069 esse
2382 1031 2488 1071 non
2533 1029 2733 1087 posset.
2768 1020 2882 1073 Eta
2908 1038 3017 1091 quo
3043 1023 3283 1078 dealbata
3313 1036 3426 1092 est,
3472 1027 3571 1082 nisi
3597 1029 3664 1084 ab

2081 1104 2189 1169 illo,
2212 1107 2300 1176 qui
2327 1122 2422 1176 per
2450 1107 2762 1178 prophetam
2793 1109 2944 1178 dicit,
2978 1111 3040 1167 Si
3061 1113 3250 1180 {amnt
3274 1127 3476 1182 peccata
3505 1128 3665 1173 vestra

2081 1205 2135 1250 ut
2181 1197 2506 1269 pluenicium,
2560 1201 2686 1255 sicut
2737 1202 2899 1256 nivem
2954 1203 3194 1260 dealbabo
3233 1205 3387 1277 (Isai.
3439 1225 3475 1272 I,
3525 1211 3659 1280 18)?

2079 1287 2301 1355 Quando
2344 1305 2472 1361 ergo
2516 1291 2760 1347 dealbata
2806 1303 2907 1359 est,
2959 1294 3088 1349 nihil
3135 1296 3260 1352 boni
3303 1299 3608 1354 merebatur
3651 1320 3665 1357 :

2074 1379 2185 1449 jam
2215 1397 2342 1436 vero
2367 1384 2484 1438 alba
2511 1383 2671 1452 facta,
2702 1385 2838 1442 bene
2863 1386 3138 1452 ambulat;
3166 1389 3261 1444 sed
3285 1391 3330 1444 si
3357 1406 3516 1460 super
3546 1408 3667 1447 eum

2077 1488 2109 1526 a
2133 1488 2239 1542 quo
2269 1473 2513 1530 dealbata
2549 1485 2650 1544 est,
2685 1489 3095 1548 perseveranter
3123 1480 3412 1536 incumbat.
3448 1482 3670 1551 Pr0pter

2078 1564 2219 1633 quod
2262 1575 2316 1620 et
2354 1567 2466 1635 ipse
2493 1566 2668 1636 Jesus,
2701 1584 2862 1638 super
2903 1586 3061 1641 quem
3101 1571 3360 1627 incumbit
3400 1573 3667 1642 dealbata,

2077 1655 2210 1712 dixit
2223 1656 2499 1729 discipulis
2519 1661 2652 1728 suis,
2678 1659 2804 1718 Sine
2822 1679 2901 1717 me
2921 1663 3051 1717 nihil
3070 1665 3275 1735 potestis
3295 1668 3463 1736 facere
3481 1664 3664 1737 (Joan.

2077 1762 2168 1814 xv,
2201 1747 2278 1818 5).

2151 1841 2242 1894 14.
2284 1840 2427 1912 Ergo
2459 1841 2742 1898 redeamus
2784 1843 2852 1899 ad
2891 1845 3188 1914 apostolum
3217 1846 3458 1913 Paulum,
3508 1863 3670 1918 quem

2076 1939 2223 1987 certe
2265 1933 2564 1987 invenimus
2608 1934 2726 1989 sine
2764 1935 2890 1989 ullis
2935 1936 3142 1990 meritis
3183 1937 3360 2003 bonis,
3404 1937 3511 1992 imo
3545 1954 3668 1994 cum

2078 2023 2260 2079 multis
2303 2024 2506 2079 meritis
2542 2027 2718 2092 malis,
2759 2027 2852 2082 Dei
2887 2029 3114 2098 gratiam
3153 2038 3498 2085 consecutum
3540 2031 3668 2086 red-

2078 2115 2251 2170 dentis
2277 2117 2412 2170 bona
2445 2133 2541 2186 pro
2569 2119 2721 2174 malis
2751 2137 2764 2172 :
2795 2120 3070 2176 videamus
3110 2122 3235 2192 quid
3264 2122 3407 2178 dicat
3436 2139 3530 2178 sua
3553 2125 3667 2194 jam

2079 2212 2466 2281 propinquante
2497 2213 2765 2282 passione,
2797 2215 3039 2269 scribens
3065 2215 3131 2269 ad
3163 2215 3524 2273 Timotheum.
3555 2217 3668 2290 Ego

2077 2304 2209 2356 enim
2234 2303 2350 2373 jam
2379 2305 2629 2370 immolor,
2669 2306 2858 2376 inquit,
2889 2316 2937 2361 et
2975 2317 3167 2378 tempus
3193 2308 3514 2365 resolutionis
3543 2328 3668 2368 mete

2076 2395 2251 2450 instat.
2294 2395 2495 2451 Bonum
2535 2408 2784 2454 certamen
2826 2402 3031 2468 certavi,
3063 2418 3265 2457 cursum
3301 2405 3664 2473 consummavi,

2077 2488 2228 2558 ﬁdem
2258 2493 2470 2543 servavi.
2501 2489 2605 2545 lsta
2634 2491 2819 2561 utique
2845 2493 2953 2562 jam
2986 2494 3173 2549 merita
3205 2509 3300 2549 sua
3335 2497 3475 2551 bona
3515 2511 3666 2552 com-

2077 2591 2368 2648 memorat;
2400 2593 2456 2638 ut
2483 2594 2603 2653 post
2627 2585 2763 2639 bona
2798 2587 2984 2640 merita
3007 2597 3365 2657 consequatur
3387 2604 3664 2658 coronam,

2075 2674 2164 2743 qui
2205 2683 2326 2744 post
2356 2674 2544 2728 merita
2585 2675 2722 2729 mala
2751 2685 3072 2731 consecutus
3109 2688 3192 2731 est
3217 2680 3464 2748 gratiam.
3498 2680 3664 2734 Deni-

2076 2780 2178 2835 que
2207 2764 2464 2821 attendite
2501 2765 2627 2836 quid
2665 2776 2958 2836 sequatur:
2992 2766 3268 2839 Superest,
3314 2768 3514 2840 inquit,
3543 2769 3670 2824 mihi

2077 2875 2264 2912 corona
2288 2859 2526 2930 justitiw,
2555 2876 2708 2930 quant
2732 2861 2909 2916 reddet
2934 2861 3059 2914 mihi
3098 2860 3352 2916 Dominus
3377 2863 3429 2916 in
3468 2863 3560 2916 illa
3585 2862 3668 2917 die

2066 2951 2241 3021 justus
2258 2951 2422 3021 judea:
2454 2951 2519 3021 (ll
2548 2950 2680 3006 Tim.
2713 2969 2786 3020 tv,
2833 2953 2976 3025 6-8).
3005 2952 3101 3009 Cui
3132 2955 3379 3010 redderet
3405 2970 3660 3010 coronam

2071 3042 2247 3110 justus
2270 3041 2454 3111 judex,
2485 3044 2527 3097 si
2561 3057 2665 3098 non
2707 3044 2957 3100 donasset
2980 3046 3205 3116 gratiam
3243 3047 3548 3102 misericors
3575 3062 3667 3117 pa-

2078 3134 2200 3189 ter?
2237 3135 2303 3190 Et
2343 3137 2612 3207 quomodo
2673 3147 2816 3193 esset
2858 3139 2958 3192 ista
3002 3153 3198 3193 corona
3251 3139 3470 3208 justitize
3495 3180 3509 3206 ,
3559 3139 3663 3194 nisi

2076 3229 2440 3298 praecessisset
2467 3228 2634 3299 gratia
2665 3245 2782 3300 qum
2807 3229 3062 3299 justilicat
3099 3229 3354 3300 impium?
3380 3229 3662 3299 Quomodo

2076 3320 2174 3374 ista
2209 3319 2390 3375 debita
2421 3319 2762 3390 redderetur,
2793 3321 2896 3376 nisi
2932 3321 3080 3392 prius
3113 3321 3202 3376 illa
3240 3321 3465 3392 gratuita
3494 3321 3663 3377 dona-

2074 3411 2265 3466 retur?

2149 3503 2238 3557 t5.
2266 3502 2370 3558 Sed
2395 3518 2515 3558 cum
2543 3501 2726 3558 dicunt
2758 3503 3025 3574 Pelagiani
3056 3503 3193 3558 hanc
3218 3517 3338 3559 esse
3363 3503 3529 3559 solam
3560 3517 3666 3560 non

2077 3595 2366 3652 secundum
2398 3595 2586 3649 merita
2617 3603 2797 3648 nostra
2827 3595 3069 3666 gratiam,
3093 3609 3196 3665 qna
3219 3594 3418 3650 homini
3446 3603 3665 3666 peccata

2076 3687 2446 3752 dimittuntur;
2479 3685 2622 3740 illam
2654 3701 2782 3740 vero
2828 3701 2947 3756 qua:
2975 3685 3133 3740 datur
3162 3685 3214 3740 in
3248 3685 3354 3740 line
3381 3727 3395 3751 ,
3449 3685 3500 3740 id
3539 3697 3662 3754 est,

2077 3790 2331 3835 aeternam
2352 3779 2537 3846 vitam,
2570 3778 2772 3833 meritis
2803 3779 2999 3832 nostris
3028 3777 3450 3848 praecedentibus
3476 3777 3662 3834 reddi:

2077 3872 2504 3944 respondendum
2532 3880 2615 3928 est
2641 3873 2742 3929 eis.
2770 3871 2823 3927 Si
2849 3871 2989 3926 enim
3025 3871 3212 3926 merita
3251 3879 3431 3925 nostra
3471 3871 3550 3926 sic
3578 3871 3664 3926 in-

2077 3965 2395 4036 telligerent,
2416 3971 2475 4018 ut
2499 3963 2658 4018 etiam
2685 3963 2797 4034 ipsa
2825 3961 2965 4017 dona
2992 3962 3085 4018 Dei
3112 3975 3232 4018 esse
3255 3970 3663 4033 cognoscerent,

2077 4073 2182 4114 non
2212 4067 2355 4112 esset
2384 4055 2711 4127 reprobanda
2741 4056 2758 4088 ί
2794 4056 2893 4110 ista
2927 4055 3188 4110 sententia
3217 4073 3229 4108 :
3261 4055 3510 4125 quoniam
3536 4069 3667 4110 vero

2077 4150 2266 4206 merita
2307 4148 2536 4202 humana
2563 4145 2642 4202 sic
2667 4147 2978 4218 praedicant,
3002 4153 3061 4200 ut
3079 4161 3141 4201 ea
3168 4161 3236 4200 ex
3263 4146 3550 4215 semetipso
3571 4145 3666 4200 ha-

2077 4243 2204 4298 bere
2232 4243 2502 4298 hominem
2545 4241 2745 4308 dicant,
2789 4253 3011 4312 prorsus
3043 4239 3346 4295 rectissime
3376 4237 3668 4309 respondet

2078 4337 2385 4408 Apostolus,
2434 4334 2559 4402 Quis
2598 4336 2730 4390 enim
2771 4345 2819 4389 te
2854 4333 3134 4388 discernit?
3160 4333 3296 4399 Quid
3323 4342 3490 4386 autem
3515 4331 3667 4387 habes

2077 4429 2213 4501 quod
2240 4445 2342 4484 non
2370 4427 2647 4499 accepisti?
2676 4426 2736 4482 Si
2761 4434 2927 4480 autem
2955 4433 3004 4479 et
3032 4425 3289 4496 accepisti,
3318 4424 3442 4495 quid
3472 4423 3662 4496 gloria-

2077 4523 2147 4576 ris
2176 4521 2320 4592 quasi
2366 4536 2469 4573 non
2513 4519 2763 4588 acceperis
2789 4515 2844 4588 (Ι
2889 4516 3005 4571 Cor.
3047 4532 3119 4583 IV,
3150 4515 3247 4587 7)?
3289 4515 3515 4570 Prorsus
3540 4515 3660 4569 talia

2077 4612 2328 4683 cogitanti
2354 4611 2632 4666 verissime
2659 4609 2852 4664 dicitur
2888 4625 2902 4662 :
2931 4607 3078 4662 Dona
3109 4621 3203 4662 sua
3233 4613 3456 4662 coronat
3479 4607 3620 4662 Deus
3647 4647 3662 4672 ,

2078 4721 2185 4760 non
2208 4705 2398 4759 merita
2423 4713 2545 4767 tua;
2570 4703 2612 4757 si
2638 4703 2780 4758 tibia
2811 4710 2862 4756 te
2888 4703 3024 4773 ipso,
3056 4716 3163 4756 non
3193 4701 3260 4756 ab
3285 4701 3375 4754 illo
3402 4709 3525 4755 sunt
3551 4716 3667 4754 me-

2079 4798 2178 4852 rita
2207 4805 2314 4851 tua.
2339 4795 2464 4850 Haec
2490 4794 2631 4849 enim
2659 4793 2702 4848 si
2725 4793 2846 4847 talia
2873 4801 3015 4859 sunt,
3039 4792 3174 4846 mala
3199 4799 3349 4855 sunt;
3376 4804 3495 4861 quae
3515 4792 3536 4822 '
3558 4805 3662 4845 non

2079 4897 2302 4944 coronat
2326 4888 2468 4943 Deus
2502 4904 2516 4941 :
2545 4887 2588 4941 si
2626 4895 2804 4940 autem
2835 4885 2972 4939 bona
3005 4892 3160 4949 sunt,
3205 4882 3295 4936 Dei
3330 4880 3467 4936 dona
3495 4889 3619 4936 sunt
3649 4897 3664 4948 ;

2079 4981 2200 5052 quia
2227 4979 2364 5035 sicut
2387 4978 2516 5033 dicit
2539 4976 2814 5048 apostolus
2843 4975 3093 5039 Iacobus,
3129 4972 3292 5028 Omne
3315 4972 3490 5026 datum
3527 4981 3664 5044 ορῑι-

2080 5091 2218 5130 mum
2238 5117 2253 5141 ,
2293 5082 2338 5128 et
2368 5089 2514 5127 omne
2542 5071 2730 5126 donum
2755 5073 3029 5143 perfectum
3059 5068 3319 5122 desursum
3345 5075 3436 5130 est,
3460 5065 3668 5119 descen—

2081 5166 2202 5220 dens
2243 5182 2276 5219 a
2318 5163 2476 5220 Patre
2519 5163 2765 5217 luminum
2805 5160 3004 5235 (Jacobi
3041 5177 3079 5223 ι,
3125 5159 3237 5230 17).
3275 5156 3427 5214 Unde
3452 5155 3584 5211 dicit
3612 5165 3668 5212 οἱ

2080 5260 2312 5316 Joannes
2333 5272 2630 5328 praecursor
2658 5255 2892 5320 Domini,
2927 5252 3046 5307 Non
3075 5261 3234 5323 potest
3262 5251 3410 5304 homo
3431 5248 3661 5315 accipere

2081 5353 2372 5424 quidquam,
2405 5350 2504 5403 nisi
2529 5349 2679 5421 fuerit
2707 5348 2752 5402 ei
2768 5349 2943 5401 datum
2973 5346 3034 5399 de
3061 5345 3186 5400 caelo
3217 5341 3392 5415 (Joan.
3423 5355 3499 5404 ιιι,
3521 5337 3617 5409 27)
3647 5354 3663 5392 :

2081 5445 2261 5516 utique
2285 5443 2352 5498 de
2376 5442 2534 5507 coelo,
2564 5439 2705 5496 unde
2743 5441 2904 5495 etiam
2949 5437 3094 5492 venit
3134 5435 3363 5506 Spiritus
3403 5439 3618 5487 sanctus
3644 5468 3663 5500 ,

2081 5535 2292 5608 quando
2317 5533 2472 5590 Jesus
2497 5531 2738 5588 ascendit
2763 5531 2818 5586 in
2846 5530 3010 5583 altum
3027 5570 3043 5595 ,
3072 5525 3354 5597 captivavit
3381 5522 3658 5592 captivita-

2145 5716 2163 5748 ι
2189 5720 2296 5763 Mss.
2320 5712 2548 5770 Vaticani,
2569 5708 2730 5760 Gallici
2755 5716 2808 5760 et
2828 5705 3024 5769 Belgici,
3047 5701 3268 5770 reprobo.

2145 5779 2166 5810 ³
2184 5761 2334 5825 ἑλὶἱὶιο
2348 5761 2468 5832 Αιιι.,
2489 5761 2599 5836 qua:
2623 5777 2747 5822 sunt.
2793 5777 2868 5818 Er.
2889 5761 3114 5836 citem;
3142 5778 3254 5832 quia
3287 5761 3420 5819 mala
3462 5771 3586 5820 sunt.
3610 5772 3664 5819 In

2082 5847 2191 5890 llas.
2209 5851 2322 5898 nec,
2345 5828 2472 5896 sunt,
2492 5828 2709 5893 additur;
2733 5844 2845 5892 nec,
2868 5828 3012 5882 ntala.
