4142 6526
502 485 639 543 tem,
668 472 817 530 dedit
840 471 978 531 dona
1006 464 1308 523 hominibus
1348 460 1522 533 (Psal.
1562 475 1724 525 nxvu,
1757 457 1858 522 l9;
1886 453 2075 525 Ephes.

500 586 578 639 tv,
606 569 686 642 8).
719 567 774 623 Si
805 578 929 635 ergo
959 559 1052 615 Dei
1086 560 1222 615 dona
1259 565 1384 612 sunt
1420 555 1558 612 bona
1595 552 1782 609 merita
1824 561 1931 616 tua,
1972 563 2081 607 non

500 662 644 718 Deus
662 663 885 715 coronat
912 653 1102 713 merita
1121 661 1209 708 tua
1228 661 1479 722 tanquam
1507 648 1692 704 merita
1714 656 1825 715 tua,
1846 645 1945 701 sed
1965 653 2083 699 tan-

498 768 658 823 quam
687 750 823 804 dona
849 763 965 803 sua.

566 840 791 899 CAPUT
815 839 927 899 γυ,
954 869 1025 879 -
1041 838 1128 899 l6.
1152 836 1381 893 Proinde
1398 834 1804 891 consideremus
1822 832 1934 902 ipsa
1962 844 2078 889 me~

495 934 595 989 rita
641 932 866 1002 apostoli
912 932 1079 996 Pauli,
1119 929 1312 1001 quibus
1350 928 1484 987 dixit
1516 942 1770 983 coronam
1812 924 2031 996 iustitia:
2058 924 2077 957 ³

496 1024 822 1081 redditurum
850 1023 1081 1094 judicem
1107 1022 1308 1093 justum
1329 1062 1344 1087 ,
1375 1030 1427 1074 et
1452 1020 1723 1075 videamus
1760 1026 1936 1072 utrum
1965 1030 2079 1070 me-

494 1115 593 1170 rita
625 1114 790 1184 ipsius
818 1124 1069 1186 tanquam
1108 1112 1274 1184 ipsius
1293 1154 1306 1178 ,
1354 1111 1407 1166 id
1436 1123 1550 1177 est,
1579 1127 1647 1168 ex
1674 1110 1794 1183 ipso
1818 1108 1893 1163 illi
1919 1122 2075 1164 com-

494 1216 698 1277 parata,
726 1222 794 1262 an
821 1207 964 1269 dona
1000 1205 1113 1262 sint
1159 1205 1274 1261 Dei.
1313 1203 1535 1272 Bonum,
1585 1202 1776 1273 inquit,
1827 1208 2077 1259 certamen

494 1298 698 1366 certavi,
724 1313 926 1359 cursum
951 1296 1322 1363 consummavi,
1359 1295 1512 1365 ﬁdem
1535 1294 1746 1350 servavi.
1776 1291 1955 1346 Primo
1978 1290 2077 1347 ista

494 1388 633 1449 bona
656 1403 819 1459 opera
838 1430 856 1457 ,
893 1388 938 1449 si
970 1404 1076 1444 non
1101 1402 1164 1442 ea
1189 1386 1587 1458 prazcessissent
1608 1383 1953 1454 cogitationes
1976 1381 2076 1439 bo—

496 1496 601 1546 nae,
633 1480 779 1535 nulla
797 1487 998 1535 essent.
1028 1478 1300 1535 Attendite
1323 1476 1501 1547 itaque
1527 1474 1653 1546 quid
1681 1474 1749 1530 de
1773 1474 1904 1545 ipsis
1927 1473 2077 1544 cogi-

500 1570 786 1625 tationibus
807 1570 946 1629 dicat
973 1587 987 1624 z
1014 1570 1087 1627 ait
1102 1570 1246 1629 enim
1267 1569 1506 1626 scribens
1519 1566 1587 1622 ad
1606 1566 1929 1631 Corinthios,
1958 1566 2079 1621 Non

494 1664 615 1733 quia
645 1663 815 1725 idonei
853 1680 1029 1720 suavius
1059 1664 1281 1734 cogitare
1304 1661 1501 1733 aliquid
1528 1678 1562 1714 α
1581 1661 1725 1721 nobis
1752 1661 1803 1727 ³,
1834 1668 2077 1731 mortem

496 1771 558 1808 ea:
599 1754 997 1824 nobismetipsis;
1046 1755 1134 1810 sed
1176 1754 1468 1825 suﬂicientia
1518 1761 1692 1807 nostra
1738 1768 1803 1807 ea:
1842 1750 1953 1806 Deo
2004 1758 2078 1807 est

496 1847 516 1918 (
533 1848 575 1902 ll
600 1848 719 1903 Cor.
747 1865 826 1912 ut,
849 1850 931 1920 Β).
959 1848 1157 1904 Deinde
1181 1847 1387 1918 singula
1415 1847 1758 1917 inspiciamus
1788 1864 1801 1907 ε
1830 1846 2028 1903 Bonum
2059 1887 2074 1912 ,

495 1938 684 2009 inquit,
710 1950 961 1995 certamen
981 1939 1184 1995 certavi.
1212 1940 1405 2005 Quer
1425 1951 1526 2008 qua
1551 1938 1745 1991 virtute
1771 1935 2075 2002 certaverit;

496 2039 672 2086 turum
702 2046 821 2099 quae
846 2030 922 2087 illi
947 2046 1013 2085 ex
1043 2030 1332 2101 semetipso
1366 2028 1560 2092 fuerit,
1598 2043 1665 2082 an
1702 2043 1821 2098 qua:
1848 2026 2078 2096 desuper

494 2117 612 2172 data
643 2119 731 2174 sit.
762 2119 867 2175 Sed
885 2120 1096 2175 absitut
1116 2127 1290 2175 tantus
1309 2118 1496 2181 doctor
1516 2117 1537 2149 ⁸
1558 2118 1877 2188 ignoraverit
1908 2118 2077 2188 legem

493 2208 607 2277 Dei,
651 2210 804 2279 cujus
847 2225 951 2267 vox
1000 2219 1084 2266 est
1133 2211 1186 2266 in
1230 2210 1687 2269 Deuteronomio:
1730 2208 1813 2264 Ne
1856 2210 1996 2264 dicas
2020 2210 2077 2265 in

494 2302 644 2359 corde
687 2312 794 2372 tuo,
838 2303 1111 2363 Fortitudo
1139 2321 1249 2361 mea
1277 2313 1322 2358 et
1346 2304 1571 2374 potentia
1605 2319 1786 2358 manus
1812 2319 1936 2361 metu
1958 2303 2077 2372 [θοὰ

499 2394 624 2455 milii
650 2395 881 2457 virtutem
908 2413 1143 2467 magnam
1170 2396 1304 2453 Itone
1331 2413 1351 2449 :
1389 2395 1480 2457 sed
1512 2393 1865 2457 moraberis
1894 2395 2076 2449 Domi-

495 2486 548 2547 ηἱ
602 2485 699 2547 Dei
741 2488 817 2548 tui
837 2528 851 2552 ,
880 2488 998 2557 quia
1026 2488 1135 2558 ipse
1159 2487 1250 2548 tibi
1278 2488 1364 2539 dat
1393 2486 1738 2558 fortitudinem
1765 2490 1932 2559 facere
1971 2486 2075 2542 vir~

493 2586 648 2633 tutem
674 2578 851 2650 (Deut.
888 2595 998 2646 vut,
1038 2580 1132 2646 17,
1157 2579 1419 2652 18).Οιιίιι
1439 2590 1615 2637 autem
1641 2578 1857 2649 prodest
1872 2579 2073 2639 bonum

494 2678 788 2736 certamen,
816 2670 919 2727 nisi
961 2680 1212 2741 sequatur
1241 2670 1499 2731 victoria?
1527 2671 1597 2726 Et
1622 2671 1742 2741 quis
1771 2670 1862 2731 dat
1908 2672 2078 2727 victo-

496 2758 652 2824 riam,
684 2760 785 2819 nisi
830 2760 921 2816 ille
958 2761 1026 2817 de
1058 2778 1162 2845 qua
1189 2761 1319 2821 dicit
1345 2763 1480 2832 ipse,
1512 2761 1715 2823 Gratias
1743 2763 1850 2817 Deo
1877 2765 1965 2834 qui
1987 2765 2075 2819 dat

495 2849 638 2903 nobis
664 2850 923 2911 victoriam
949 2869 1039 2923 per
1066 2851 1338 2915 Dominum
1363 2863 1588 2910 nostrum
1616 2855 1648 2909 J
1654 2872 1794 2911 esum
1822 2857 2076 2913 Christum

497 2938 547 3010 (Ι
581 2938 698 2997 Cor.
734 2958 823 3008 xv,
871 2943 1003 3013 57)?
1044 2945 1110 2999 Et
1145 2946 1252 3001 alio
1286 2946 1404 3001 loco
1441 2961 1563 3001 cum
1605 2960 2077 3006 commemorasset

496 3032 857 3095 testimonium
888 3035 955 3097 de
981 3036 1214 3105 Psalmo,
1247 3038 1498 3106 Quoniam
1518 3050 1725 3111 propter
1741 3049 1790 3095 te
1802 3044 2078 3112 mortiﬁca-

494 3141 609 3181 mur
637 3135 742 3181 tota
764 3127 863 3193 die,
888 3129 1114 3200 deputati
1138 3147 1313 3189 sumus
1336 3132 1464 3189 velut
1485 3149 1599 3188 oves
1632 3134 1932 3201 occisionis;
1952 3137 2078 3191 sub-

491 3214 626 3285 jecit
648 3226 809 3290 atque
845 3219 952 3288 ait,
994 3220 1099 3275 Sed
1121 3222 1174 3275 in
1208 3223 1287 3281 his
1309 3224 1541 3281 omnibus
1564 3227 1961 3296 supervincimus
1987 3246 2088 3299 per,

495 3324 607 3361 eum
629 3309 714 3387 qui
736 3311 913 3371 dilexit
958 3328 1050 3367 nos
1089 3310 1266 3385 (Psal.
1295 3329 1444 3381 Itan,
1475 3314 1577 3381 22;
1622 3315 1772 3377 Boni.
1804 3333 1917 3383 vut.
1963 3320 2032 3374 56
2054 3359 2072 3385 ,

494 3399 584 3468 57)
614 3418 627 3453 :
656 3416 760 3455 non
788 3416 916 3473 ergo
945 3417 1041 3472 per
1080 3418 1197 3468 nos,
1229 3405 1324 3458 sed
1358 3420 1453 3474 per
1476 3421 1598 3461 eum
1624 3407 1715 3476 qui
1741 3408 1927 3463 dilexit
1952 3426 2073 3471 nos.

495 3490 696 3549 Deinde
722 3492 879 3559 dixit,
897 3493 1113 3553 Cursum
1135 3498 1477 3555 consummavi
1505 3514 1526 3555 .°
1548 3499 1641 3559 sed
1671 3500 1761 3555 illa
1789 3501 1890 3557 hoc
1917 3502 2070 3571 dixit,

493 3583 582 3652 qui
610 3583 714 3641 alio
743 3585 858 3639 loco
882 3585 1031 3652 dicit,
1062 3584 1228 3658 Igitur
1264 3603 1365 3641 non
1385 3590 1598 3649 volentis
1616 3606 1775 3660 neque
1793 3594 2038 3653 currentis
2052 3626 2074 3659 ο

492 3673 581 3726 sed
614 3676 893 3737 misereutis
932 3684 1003 3731 est
1044 3675 1141 3731 Dei
1165 3678 1340 3749 (Rom.
1374 3696 1448 3746 ιι,
1483 3678 1592 3753 16).
1631 3681 1763 3749 Quae
1811 3686 2076 3741 sententia

492 3766 640 3825 nullo
675 3766 835 3827 modo
861 3776 1036 3840 potest
1059 3770 1217 3827 etiam
1254 3772 1332 3827 sic
1358 3774 1595 3835 converti
1624 3784 1678 3830 ut
1700 3774 1928 3843 dicatur,
1958 3777 2076 3834 Non

494 3857 800 3915 miscrentis
828 3858 941 3923 Dei,
967 3862 1062 3916 sed
1088 3861 1313 3921 volentis
1332 3872 1385 3918 et
1412 3865 1674 3928 currentis
1698 3874 1782 3922 est
1808 3866 2071 3926 hominis:

492 3950 733 4021 quisquis
771 3953 911 4015 enim
963 3953 1065 4015 hoc
1117 3970 1279 4015 ausus
1322 3955 1484 4021 fuerit
1530 3958 1731 4025 dicere.
1783 3970 1970 4031 aperte
2013 3978 2076 4023 se

372 4101 376 4105 ,
492 4042 724 4099 ostendit
749 4045 1003 4116 Apostolo
1031 4048 1420 4107 contradicere.

566 4136 652 4193 17.
688 4136 962 4193 Postremo
1007 4138 1180 4204 dixit,
1225 4139 1408 4201 Fidem
1449 4144 1643 4199 servavi
1680 4157 1699 4203 .'
1730 4146 1828 4203 sed
1858 4145 1947 4202 ille
1971 4145 2074 4203 hoc

491 4227 643 4297 dixit,
675 4230 764 4300 qui
791 4231 916 4288 alibi
945 4231 1056 4301 ait,
1103 4230 1509 4291 Misericordiam
1537 4246 1830 4295 consecutus
1851 4254 1984 4305 sum,
2017 4247 2075 4304 ut

494 4319 657 4390 ﬁdelis
681 4337 836 4379 essent
866 4320 924 4395 (Ι
948 4320 1065 4376 Cor.
1095 4339 1186 4388 vn,
1227 4322 1342 4394 25).
1380 4323 1496 4379 Non
1522 4325 1662 4385 enim
1689 4328 1841 4397 dixit,
1870 4328 2076 4391 Miseru-

490 4411 726 4467 cordiam
765 4421 1086 4489 consecutus
1110 4428 1250 4478 sum,
1280 4414 1401 4484 quia
1430 4416 1603 4471 ﬁdelis
1627 4432 1808 4485 eram;
1855 4421 1948 4475 sed
1968 4460 1983 4489 ,
2018 4430 2075 4479 ut

490 4502 659 4573 ﬁdelis
699 4488 857 4559 essent
883 4520 903 4558 :
933 4504 1056 4567 hinc
1080 4506 1369 4567 ostendens
1394 4509 1553 4572 etiam
1580 4511 1749 4581 ipsam
1786 4511 1945 4569 ﬁdem
1972 4488 2073 4569 ha-

488 4593 602 4649 beri
636 4594 737 4651 nisi
784 4595 892 4651 Deo
930 4595 1217 4659 miserante
1259 4612 1364 4653 non
1408 4613 1566 4669 posse
1589 4642 1605 4669 ,
1637 4611 1691 4657 et
1723 4618 1844 4659 esse
1868 4603 2070 4660 donum

492 4684 607 4739 Dei.
656 4685 809 4752 Quod
859 4687 1196 4755 apertissime
1245 4688 1418 4758 docet,
1474 4691 1679 4758 dicens,
1730 4691 1908 4755 Gratia
1943 4696 2073 4753 salvi

491 4776 614 4846 facti
632 4777 749 4831 estis
773 4793 861 4847 per
879 4778 1053 4847 ﬁdem,
1085 4781 1243 4836 ethoc
1262 4799 1364 4838 non
1388 4800 1451 4839 ea:
1472 4785 1629 4852 vobis,
1650 4786 1741 4842 sed
1762 4786 1858 4849 Dei
1879 4789 2072 4844 donum

493 4874 590 4922 est.
620 4868 846 4928 Possem
870 4870 1012 4929 enim
1040 4871 1251 4941 dicere,
1295 4873 1420 4939 Ideo
1469 4878 1772 4950 accepimus
1796 4880 2018 4948 gratiam
2049 4919 2067 4949 ,

492 4957 612 5027 quia
643 4957 965 5019 credidimus
991 4958 1047 5027 ις
1083 4971 1328 5034 tanquam
1375 4966 1477 5031 sibi
1528 4967 1686 5023 ﬁdem
1731 4968 2027 5029 tribuentes
2050 5010 2066 5041 ,

489 5048 711 5117 gratiam
746 5048 851 5104 Deo
883 5066 897 5106 :
931 5059 1146 5123 prepter
1174 5052 1277 5109 hoc
1315 5056 1601 5131 Apostolus
1641 5071 1763 5119 cum
1808 5058 2066 5129 dixisset,

474 5154 582 5207 .per
608 5139 759 5209 ﬁdem
775 5157 796 5209 ;
820 5149 864 5197 et
888 5142 1002 5210 hoc,
1028 5144 1219 5216 inquit,
1247 5162 1348 5201 non
1376 5162 1438 5201 ea:
1468 5147 1624 5216 vobis,
1651 5146 1741 5203 sed
1762 5148 1858 5205 Dei
1881 5149 2071 5207 donum

489 5238 580 5284 est.
610 5229 849 5302 Rursus,
876 5250 945 5291 ne
973 5235 1212 5291 dicerent
1235 5237 1347 5292 suis
1371 5238 1619 5308 operibus
1653 5255 1712 5295 se
1741 5240 1940 5299 donum
1967 5244 2070 5301 tale

488 5323 767 5392 meruisse,
796 5327 1047 5385 continuo
1073 5327 1319 5403 Subjecit,
1349 5328 1469 5384 Non
1493 5347 1558 5386 ea:
1577 5334 1829 5403 operibus,
1851 5351 1914 5390 ne
1936 5338 2070 5413 forte

551 5461 731 5540 tatem,
1088 5463 1429 5531 reddituram;
1467 5470 1668 5532 onusso,
1685 5471 1904 5536 Iustitia,
1938 5474 2071 5540 quod

489 5530 1169 5700 exﬂtﬁblegatligsl?
1198 5585 1384 5652 aliquid
1427 5598 1654 5659 tanquam
1675 5609 1740 5648 ea:
1776 5595 1913 5650 nobis
1955 5605 2069 5651 met-

489 5656 639 5700 tpsss;
661 5659 860 5700 omisso.
883 5662 914 5696 a
935 5661 996 5699 no
1055 5664 1086 5695 θ.

485 5656 639 5709 ipsis;
661 5656 860 5706 omisso,
883 5662 914 5696 a
935 5656 1086 5700 nobis.
1523 5656 1531 5659 ’

487 5707 768 5788 “gener.
798 5717 850 5760 et
866 5707 1036 5773 putres
1060 5718 1189 5773 Uss.
1206 5719 1438 5771 tum
1456 5716 1854 5773 daturam
1871 5720 2066 5788 ignra-

486 5775 793 5885 wi'hSiooﬁs.
971 5834 1234 5895 credam

1280 344 1369 400 DE
1408 340 1662 401 GRATIA
1701 340 1791 396 ET
1827 336 2079 394 ΗΒΕ]κο
2106 335 2466 404 ΔΒΒΙΤΒῙΟ,
2516 338 2575 395 S.
2618 338 2979 397 AUGUSTINI

2190 454 2303 524 quis
2343 454 2614 509 extolletur
2651 456 2864 527 (Ephes.
2908 472 2967 523 ιι,
3004 456 3076 524 8,
3136 456 3214 526 9).
3244 457 3356 513 Non
3412 460 3535 531 quia
3557 465 3772 533 negavit

2187 554 2277 598 aut
2299 547 2574 603 evacuavit
2598 562 2762 616 opera
2788 548 2951 616 bona,
2978 563 3100 603 cum
3123 550 3268 605 dicat
3289 551 3455 607 Deum
3480 553 3771 624 unicuique

2184 636 2411 693 reddere
2437 638 2726 693 secundum
2759 655 2925 711 opera
2948 640 3066 711 ejus
3096 640 3270 714 (Rom.
3298 659 3360 712 ιι,
3388 643 3445 714 6)
3474 662 3490 700 ε
3514 644 3611 701 sed
3642 648 3772 716 quia

2186 741 2347 797 opera
2386 738 2510 786 sunt
2548 745 2617 785 ex
2653 731 2756 787 lide
2779 772 2794 797 ,
2843 747 2948 786 non
2996 748 3057 791 ex
3086 733 3337 803 aperibus
3372 734 3539 802 ﬁdes;
3571 753 3637 791 ac
3668 752 3771 807 per

2183 819 2288 875 hoc
2323 822 2392 879 ab
2420 822 2509 876 illo
2539 831 2665 883 sunt
2704 825 2858 885 nobis
2892 839 3055 894 opem
3081 825 3319 896 justitise,
3348 843 3375 880 ιι
3405 843 3513 898 quo
3538 840 3620 884 est
3652 830 3768 900 ipsa

2184 912 2349 980 ﬁdes,
2389 914 2458 969 de
2494 930 2597 985 qua
2625 916 2823 970 dictum
2850 926 2967 983 est,
3002 916 3186 979 Justus
3226 936 3291 979 ex
3323 921 3428 989 ﬁde
3468 923 3584 975 vivit
3633 921 3769 993 (Ha-

2183 1002 2290 1060 bac.
2325 1021 2363 1060 tt
2384 1047 2396 1067 .
2426 1006 2505 1078 4).

2256 1099 2339 1154 18.
2369 1100 2620 1156 Homines
2640 1110 2818 1161 autem
2841 1118 2950 1163 non
2979 1105 3356 1176 intelligentes,
3383 1108 3527 1178 quod
3549 1109 3623 1164 ait

2183 1189 2489 1260 Apostolus,
2521 1193 2838 1253 Arbitrantur
2868 1197 3151 1266 justiﬁcort'
3200 1199 3449 1257 housinem
3485 1219 3578 1272 per
3610 1204 3768 1271 ﬁdens

2182 1282 2290 1337 sine
2317 1286 2549 1353 operibus
2571 1285 2694 1357 legis
2717 1287 2893 1357 (Rom.
2920 1304 2994 1354 ut,
3020 1290 3112 1362 28)
3136 1307 3150 1355 ;
3187 1300 3507 1361 mutaverunt
3537 1311 3660 1350 eum
3685 1296 3767 1352 dia

2183 1390 2305 1433 cere
2332 1377 2579 1433 sufﬁcere
2606 1378 2809 1437 hornini
2840 1381 3031 1446 ﬁderit,
3077 1383 3287 1439 etiamsi
3332 1386 3475 1440 male
3518 1386 3665 1443 vivat
3709 1397 3767 1443 et

2183 1467 2318 1522 bona
2345 1484 2504 1538 opera
2536 1486 2641 1525 non
2670 1470 2880 1526 habeat.
2920 1473 3072 1541 Quod
3117 1474 3255 1529 absit
3290 1484 3345 1529 ut
3388 1477 3611 1532 sentiret
3655 1476 3766 1535 Vas

2182 1559 2458 1623 electionis
2486 1580 2499 1615 :
2524 1563 2755 1632 quicum
2777 1563 2998 1621 dixisset
3030 1567 3261 1635 quodam
3295 1567 3437 1633 loco,
3472 1568 3535 1622 In
3560 1570 3763 1626 Christo

2182 1651 2315 1704 enim
2339 1650 2465 1706 Jesu
2493 1670 2651 1724 neque
2672 1656 2987 1710 circumcisio
3012 1658 3204 1727 aliquid
3242 1659 3369 1714 vald
3385 1700 3402 1726 ,
3442 1677 3603 1733 neque
3627 1680 3763 1733 prte-

2182 1744 2413 1813 putium;
2436 1761 2555 1801 mox
2583 1746 2817 1813 addidit,
2864 1747 2955 1802 sed
2988 1749 3119 1817 ﬁdes
3164 1766 3278 1821 quin
3320 1767 3408 1820 per
3448 1753 3765 1809 dilectionem

2182 1844 2419 1903 operatur
2445 1835 2640 1906 (Galat.
2678 1853 2730 1905 ν,
2776 1840 2855 1910 6).
2898 1839 3014 1909 ipsa
3042 1850 3127 1897 est
3153 1841 3285 1896 lidcs
3309 1859 3429 1913 quae
3454 1843 3644 1901 ﬁdeles
3670 1846 3764 1903 Dei

2182 1936 2394 1997 separat
2420 1929 2487 1983 ab
2516 1930 2802 1985 immundis
2826 1932 3162 1993 dacmtmibus
3192 1953 3207 1989 ε
3236 1951 3357 1991 nam
3390 1944 3444 1992 et
3473 1937 3594 2007 ipsi.
3626 1939 3766 1995 sicut

2182 2018 2309 2074 dicit
2333 2023 2604 2091 apostolus
2631 2023 2882 2093 Jacobus,
2914 2027 3124 2081 credunt
3152 2037 3199 2081 et
3223 2032 3615 2089 coruremiscut
3640 2032 3761 2103 (Ja-

2179 2109 2290 2164 cobi
2333 2128 2391 2177 n,
2423 2111 2546 2186 i9);
2591 2115 2684 2170 sed
2713 2132 2821 2172 non
2848 2117 2987 2173 bene
3021 2120 3451 2188 operatumNou
3486 2138 3620 2193 ergo
3664 2123 3762 2180 ha»

2178 2203 2307 2259 bent
2330 2205 2485 2260 istam
2517 2206 2674 2262 ﬁdem
2703 2224 2770 2264 ex
2798 2225 2899 2280 qua
2925 2211 3100 2279 justus
3121 2213 3265 2274 vivit,
3295 2214 3346 2268 id
3383 2225 3487 2281 est,
3510 2231 3633 2286 qua
3665 2232 3760 2283 per

2180 2294 2518 2353 dilectionem
2548 2309 2832 2370 operatur,
2865 2311 2922 2356 ut
2950 2303 3136 2359 reddat
3162 2305 3211 2359 ei
3238 2306 3379 2361 Deus
3409 2308 3569 2363 vitam
3598 2319 3759 2364 mter—

2179 2401 2301 2440 nam
2332 2389 2620 2446 secundum
2656 2406 2816 2461 opera
2856 2392 2992 2463 ejus.
3050 2395 3154 2449 Sed
3197 2398 3322 2467 quia
3370 2407 3425 2452 et
3466 2399 3579 2469 ipsa
3620 2401 3761 2457 bona

2179 2493 2340 2553 opera
2366 2480 2519 2535 nobis
2555 2497 2619 2537 ex
2653 2484 2761 2538 Deo
2787 2492 2932 2552 sunt,
2962 2499 2994 2539 a
3018 2502 3123 2557 quo
3150 2488 3305 2542 nobis
3331 2498 3385 2543 et
3410 2489 3549 2551 ﬁdes.
3569 2502 3673 2557 est,
3702 2501 3763 2548 at

2178 2568 2414 2639 dilectio,
2441 2581 2723 2642 prepterea
2762 2574 2902 2630 idem
2934 2577 3049 2647 ipse
3080 2578 3276 2632 Doctor
3301 2579 3569 2649 Gentium,
3592 2584 3761 2640 etiam

2178 2661 2345 2730 ipsam
2377 2663 2536 2720 vitam
2573 2673 2825 2721 tetcrnam
2851 2669 3077 2738 gratiam
3099 2672 3440 2741 nuncupavit.

2247 2749 2471 2809 CAPUT
2509 2753 2642 2815 Vill.
2669 2786 2744 2796 —
2771 2756 2858 2812 t9.
2889 2759 2958 2814 Et
2981 2760 2998 2791 ί
3028 2761 3263 2819 nascitur
3290 2762 3413 2819 inde
3446 2778 3556 2823 non
3597 2781 3760 2837 parva

2177 2846 2421 2915 quaestio,
2460 2860 2578 2917 qua:
2619 2848 2843 2904 Domino
2868 2850 3101 2909 donante
3128 2852 3380 2917 solvenda
3407 2865 3509 2913 est.
3532 2856 3592 2917 Si
3617 2859 3761 2915 enim

2176 2937 2282 2992 vita
2310 2948 2511 2994 interna
2533 2940 2687 2998 bonis
2706 2942 2958 3013 operibus
2980 2945 3243 3014 redditur,
3272 2948 3407 3009 Sicut
3426 2951 3762 3019 apertissimo

2177 3026 2305 3084 dicit
2332 3028 2625 3102 Scriptura,
2656 3033 2920 3102 Quoniam
2962 3035 3105 3092 Deus
3150 3038 3326 3099 reddet
3366 3040 3638 3114 uisionis“
3676 3061 3759 3101 so-

2178 3121 2397 3175 cuudum
2441 3140 2595 3196 opera
2626 3127 2737 3196 ejus
2760 3124 2976 3200 (Matth.
3002 3144 3111 3194 XVI,
3133 3128 3226 3203 27)
3252 3146 3270 3185 t
3299 3133 3568 3202 quomodo
3588 3137 3761 3207 gratia

2179 3223 2257 3269 est
2285 3214 2388 3270 vita
2415 3225 2633 3285 aaterna,
2663 3233 2783 3273 cum
2814 3221 2983 3291 gratia
3024 3235 3129 3278 non
3157 3223 3414 3292 operibus
3453 3226 3713 3284 reddatur
3737 3268 3756 3298 ,

2179 3306 2273 3360 sed
2293 3308 2460 3377 gratis
2487 3308 2664 3376 detur,
2694 3310 2812 3381 ipso
2837 3314 3095 3381 Apostolo
3122 3314 3355 3382 dicente,
3384 3316 3453 3372 Ei
3470 3320 3556 3390 qui
3579 3336 3761 3391 opera-

2180 3406 2281 3463 tur,
2311 3415 2495 3455 merces
2521 3417 2619 3455 non
2651 3401 2932 3472 imputatur
2965 3405 3242 3467 secundum
3264 3410 3487 3479 gratiam
3508 3446 3527 3475 ,
3561 3412 3650 3467 sed
3674 3426 3760 3469 se-

2179 3489 2399 3549 cundum
2426 3490 2646 3547 debitum
2674 3494 2695 3525 ’
2722 3494 2897 3563 (Rom.
2930 3511 3001 3563 tv,
3041 3497 3096 3568 4)
3118 3497 3142 3551 ?
3165 3506 3220 3555 et
3245 3498 3460 3567 iterum,
3491 3502 3757 3574 Rdiqstiw,

2181 3581 2372 3659 inquit,
2402 3601 2491 3655 per
2516 3585 2804 3643 electionem
2825 3588 3006 3658 gratia:
3022 3589 3178 3645 salvto
3198 3594 3353 3664 (bene
3375 3602 3533 3650 sunt:
3548 3604 3606 3651 et
3633 3611 3757 3657 mox

2179 3675 2400 3744 addidit,
2430 3677 2490 3732 Si
2516 3687 2683 3733 autem
2709 3682 2894 3751 gratia,
2917 3683 3035 3753 jam
3050 3699 3153 3745 non
3174 3701 3238 3749 ea:
3256 3687 3514 3757 operibus;
3532 3689 3757 3760 alioquin

2178 3768 2343 3837 gratia
2363 3768 2479 3845 jam
2511 3786 2613 3825 non
2650 3780 2722 3833 est
2742 3774 2911 3843 gratia
2940 3773 3048 3846 (Id.
3078 3792 3157 3845 ιι,
3178 3778 3238 3843 5,
3264 3777 3343 3851 ϐ).
3373 3779 3651 3847 Quomodo
3674 3792 3759 3841 est

2178 3872 2305 3928 ergo
2335 3861 2501 3929 gratia
2531 3862 2636 3923 vita
2664 3872 2882 3931 aeternio,
2925 3880 3046 3935 quat
3084 3882 3149 3922 ex
3197 3870 3448 3938 operibus
3477 3872 3757 3931 sumitur?

2178 3948 2262 4005 An
2288 3950 2424 4006 forte
2448 3952 2607 4013 vitam
2635 3963 2889 4015 {sternam
2918 3971 3024 4013 non
3048 3958 3485 4031 dixitApostolus
3500 3965 3757 4035 gratiam?

2178 4040 2290 4098 lmo
2316 4058 2444 4097 vero
2472 4044 2549 4099 sic
2572 4043 2703 4101 dixit
2720 4087 2735 4112 ,
2764 4056 2821 4107 ut
2849 4048 3031 4119 negari
3060 4051 3276 4115 omnino
3300 4067 3407 4115 non
3431 4055 3633 4125 possit;
3658 4072 3758 4117 nos

2177 4134 2559 4195 intellectorcm
2585 4146 2820 4204 acutum,
2851 4139 2947 4195 sed
2972 4144 3341 4205 tantummodo
3368 4146 3633 4207 intentum
3653 4136 3755 4206 dc-

2178 4224 2373 4282 sideret
2410 4226 2724 4291 auditorem.
2765 4229 2897 4297 Cum
2934 4232 3077 4288 enim
3123 4234 3384 4304 dixisset,
3430 4237 3754 4308 SWM

2178 4316 2390 4385 peccati,
2432 4333 2565 4372 mors
2587 4333 2608 4382 ;
2650 4319 2903 4381 continuo
2928 4322 3180 4393 subdidit,
3212 4323 3392 4389 Gratia
3418 4336 3584 4384 autent
3608 4329 3708 4386 Dei
3730 4368 3752 4401 ,

2176 4406 2275 4460 vita
2295 4415 2505 4472 reterns,
2535 4408 2589 4473 iu
2613 4408 2811 4477 Christo
2833 4410 2957 4477 Iesu
2979 4412 3201 4479 Domino
3215 4428 3386 4479 nostra
3402 4418 3517 4492 (Id.
3541 4438 3614 4490 vs,
3636 4422 3754 4497 εὖ).

2246 4497 2336 4557 20.
2386 4497 2488 4563 Ista
2534 4514 2663 4571 ergo
2702 4504 2926 4575 quaestio
2971 4506 3115 4567 nullo
3165 4509 3326 4575 modo
3369 4511 3501 4577 mihi
3545 4513 3759 4573 videtur

2176 4605 2335 4661 posse
2369 4592 2626 4663 dissolvi,
2676 4595 2780 4659 nisi
2823 4597 3180 4670 intelligamus
3204 4610 3259 4658 et
3284 4603 3395 4674 ipsa
3424 4604 3562 4661 bona
3588 4621 3754 4678 opera

2175 4690 2357 4739 nostra
2401 4683 2595 4754 quibus
2621 4693 2821 4751 aeterna
2866 4688 3104 4757 redditur
3126 4691 3234 4747 vita
3255 4734 3269 4758 ,
3309 4692 3377 4759 ad
3406 4693 3502 4759 Dei
3530 4697 3752 4766 gratiam

2175 4773 2461 4843 pertinere,
2496 4785 2713 4846 propter
2735 4778 2863 4843 illud
2883 4781 3022 4852 quod
3050 4784 3124 4839 ait
3147 4783 3405 4851 Dominus
3428 4787 3604 4855 Jesus,
3628 4789 3756 4853 .Sine

2174 4882 2255 4921 me
2282 4867 2410 4923 nihil
2440 4869 2644 4939 potestis
2665 4872 2830 4940 facere
2855 4870 3037 4942 (Joan.
3077 4890 3165 4940 xv,
3192 4876 3268 4947 5).
3301 4877 3369 4932 Et
3390 4879 3502 4949 ipse
3525 4880 3753 4951 Aposto-

2175 4956 2257 5013 lus
2283 4972 2403 5013 cum
2435 4958 2674 5026 dixisset,
2703 4960 2881 5017 Gratia
2915 4964 3043 5027 salvi
3081 4967 3206 5039 facti
3241 4970 3359 5024 estis
3397 4987 3488 5041 per
3513 4973 3686 5042 ﬁdem,
3708 4991 3754 5028 et

2176 5047 2269 5101 hoc
2299 5064 2397 5103 non
2415 5065 2479 5104 ea:
2498 5050 2654 5119 vobis,
2696 5052 2785 5107 sed
2807 5053 2900 5109 Dei
2921 5057 3112 5113 donum
3138 5068 3210 5115 est
3232 5077 3251 5125 ;
3277 5078 3376 5117 non
3395 5079 3461 5119 ea:
3480 5066 3712 5135 operibus
3735 5106 3751 5133 ,

2174 5153 2238 5193 ne
2257 5142 2390 5211 forte
2412 5141 2521 5211 quis
2546 5142 2818 5197 extollatur
2847 5160 2868 5200 :
2895 5145 3025 5209 vidit
3048 5150 3229 5219 utique
3257 5161 3444 5220 putare
3465 5170 3621 5223 posse
3649 5156 3750 5213 ho-

2175 5229 2346 5285 mines
2368 5229 2469 5285 hoc
2495 5231 2561 5286 ita
2589 5232 2811 5309 dictum,
2834 5239 2981 5306 quasi
3004 5243 3302 5298 necessaria
3329 5259 3435 5300 non
3461 5247 3569 5303 sint
3588 5263 3752 5319 Opera

2173 5322 2310 5377 bona
2364 5324 2701 5381 credentibus
2728 5368 2745 5394 ,
2799 5328 2893 5385 sed
2933 5332 3012 5393 eis
3059 5332 3192 5389 ﬁdes
3237 5337 3350 5405 sola
3390 5340 3651 5410 sufﬁciat;
3681 5353 3757 5407 ,et

2174 5429 2360 5471 rursus
2383 5431 2541 5487 posse
2563 5417 2805 5477 homines
2830 5421 2897 5477 de
2927 5423 3080 5483 bonis
3105 5429 3356 5499 operibus
3382 5434 3588 5501 extolli,
3611 5436 3756 5494 velut

2173 5505 2239 5569 ad
2260 5523 2321 5562 ea
2350 5507 2587 5565 iacienda
2612 5511 2712 5565 sibi
2741 5512 2838 5582 ipsi
2861 5513 3156 5585 sufficiant;
3180 5535 3301 5583 mox
3328 5521 3506 5597 itaque
3526 5526 3751 5595 addidit,

2175 5599 2346 5671 Ipsius
2391 5602 2523 5657 enim
2560 5620 2736 5659 sumus
2771 5607 3094 5677 ﬁgmentum,
3121 5614 3276 5668 creati
3307 5614 3361 5669 in
3395 5614 3594 5672 Christo
3630 5617 3755 5675 Iesu

2172 5692 2226 5748 in
2254 5692 2486 5765 operibus
2507 5692 2668 5764 bonis,
2691 5714 2805 5768 quis
2833 5703 3134 5771 praeparavit
3166 5704 3303 5762 Deus
3320 5747 3339 5776 ,
3360 5716 3415 5763 ut
3436 5709 3489 5769 iu
3514 5708 3621 5769 illis
3643 5728 3757 5773 αδδς

2239 5786 2414 5854 ξων..
2435 5785 2546 5839 sed.
2575 5786 2672 5854 am.
2695 5795 2771 5839 ει.
2797 5797 2851 5842 et
2873 5797 3004 5854 uss,
3027 5799 3090 5845 et.

2240 5848 2375 5900 tam.
2400 5854 2474 5900 Er.
2498 5857 2551 5902 et
2572 5849 2739 5911 plures
2759 5860 2886 5915 uss,
2908 5848 3149 5909 merum
