4142 6496
343 468 808 541 ηιεπηιεωρὴοι.
849 482 908 530 ιι,
947 461 1128 538 8-10).
1175 463 1314 532 Quid
1351 469 1434 518 est
1483 461 1606 528 hoc,
1635 459 1777 534 quod
1805 477 1924 517 cum

343 565 438 622 Dei
465 564 693 636 gratiam
721 558 1107 616 commendans
1127 557 1381 621 dixisset,
1427 571 1530 610 non
1558 571 1622 611 es
1655 553 1886 624 operibus
1909 595 1924 622 ,

337 675 404 714 ne
433 661 562 730 forte
588 655 700 726 quis
720 653 1024 717 extollatur,-
1050 665 1148 706 cur
1175 650 1277 706 hoc
1295 649 1492 705 dixerit
1511 650 1775 704 rationem
1803 647 1927 703 red-

339 749 490 813 deuS,
524 745 700 818 Ipsius
719 746 852 800 enim
876 757 1072 808 sumus,
1113 737 1303 813 inquit,
1347 742 1662 813 ﬁgmentum,
1693 739 1848 793 creati
1873 739 1929 792 in

341 841 539 898 Christo
581 839 709 894 Iesu
743 839 800 892 in
833 836 1070 909 operibus
1121 837 1262 891 bonis
1283 835 1311 891 2
1343 835 1622 905 Quomodo
1649 846 1796 905 ergo,
1827 849 1929 888 non

340 950 402 988 ea:
439 933 691 1002 operibus,
731 946 796 984 ne
816 929 950 1002 forte
973 929 1088 1000 quis
1113 927 1430 983 extollatur?
1465 926 1570 982 Sed
1597 925 1742 991 audi,
1767 933 1822 980 et
1848 925 1930 978 in-

341 1027 519 1097 telligo
544 1069 557 1090 ,
610 1041 713 1080 non
757 1037 822 1077 ea:
851 1022 1086 1091 operibus
1109 1019 1331 1085 dictum,
1365 1031 1614 1089 tanquam
1639 1018 1744 1072 tuis
1782 1032 1850 1072 ex
1876 1025 1928 1072 te

339 1119 460 1188 ipso
487 1117 583 1172 tibi
608 1114 978 1179 existentibus,
1011 1112 1106 1168 sed
1133 1122 1380 1184 tanquam
1421 1112 1504 1166 his
1541 1111 1594 1164 in
1634 1109 1825 1181 quibus
1875 1117 1928 1165 te

341 1211 488 1266 Deus
521 1209 690 1276 tinxit,
717 1206 771 1262 id
806 1214 891 1262 est
917 1205 1164 1261 formavit
1185 1213 1238 1260 et
1260 1205 1478 1259 creavit.
1508 1203 1621 1258 Hoc
1649 1203 1790 1259 enim
1815 1202 1883 1257 ait
1907 1244 1924 1271 ,

343 1302 522 1373 Ipsius
555 1315 724 1356 sumus
749 1300 1063 1372 ﬁgmentum,
1091 1298 1247 1352 creati
1265 1298 1318 1351 in
1338 1294 1537 1352 Christo
1558 1295 1683 1350 Iesu
1711 1297 1763 1350 in
1802 1311 1922 1366 ape-

346 1393 488 1447 ribus
511 1392 692 1454 bonis;
718 1405 824 1446 non
864 1391 953 1446 illa
985 1389 1256 1444 creatione
1283 1401 1385 1460 qua
1416 1388 1658 1443 homines
1685 1387 1809 1442 facti
1834 1401 1927 1444 su-

339 1499 479 1548 mus,
511 1482 605 1538 sed
631 1497 693 1536 ea
719 1482 788 1537 de
809 1495 912 1553 qua
938 1481 1027 1536 ille
1053 1480 1282 1549 dicebat,
1313 1480 1403 1551 qui
1425 1481 1605 1550 utique
1626 1479 1734 1550 jam
1765 1479 1924 1534 homo

338 1583 474 1641 erat,
496 1572 598 1629 Cor
621 1573 870 1628 mundum
895 1589 1010 1628 creo
1042 1573 1098 1626 in
1125 1587 1222 1640 me,
1265 1569 1404 1625 Deus
1429 1569 1598 1644 (Psal.
1629 1587 1680 1638 ι,
1715 1570 1841 1643 19.);
1869 1579 1925 1626 et

334 1664 403 1720 de
426 1680 528 1736 qua
555 1663 686 1720 dicit
722 1664 1032 1734 Apostolus,
1076 1663 1140 1720 Si
1171 1680 1270 1734 qua
1294 1663 1452 1736 igitur
1480 1665 1532 1717 in
1569 1663 1768 1718 Christo
1795 1679 1924 1718 nova

333 1763 583 1820 creatura,
605 1765 774 1810 uetera
795 1756 1121 1822 transierunt;
1143 1771 1253 1809 ecce
1272 1755 1409 1824 facta
1429 1765 1547 1810 sunt
1568 1771 1696 1810 nova
1717 1771 1736 1810 :
1755 1759 1924 1811 omnia

332 1859 501 1903 autem
527 1864 589 1902 ea:
616 1847 725 1904 Deo
753 1849 822 1922 (ll
843 1847 967 1904 ﬂor.
996 1863 1058 1904 ν.
1087 1847 1180 1914 17,
1219 1845 1327 1920 18).
1361 1847 1632 1919 Fingimur
1669 1863 1827 1919 ergo,
1871 1847 1922 1903 id

332 1947 416 1996 est
459 1941 748 1995 lormamur
781 1948 838 1996 et
860 1955 1106 1995 creamur
1128 1940 1182 1994 in
1209 1939 1443 2010 cperibus
1469 1940 1629 2006 bonis,
1659 1955 1788 2012 quae,
1813 1955 1922 1994 non

333 2033 752 2104 praeparavimus
791 2045 915 2099 nos,
963 2031 1056 2088 sed
1088 2031 1394 2102 prreparauit
1433 2029 1592 2099 Deus,
1630 2040 1685 2084 ut
1722 2031 1779 2085 in
1819 2031 1923 2084 illis

333 2122 660 2177 ambulemus.
687 2121 892 2194 Itaque,
920 2122 1218 2178 charissimi
1258 2123 1297 2187 ί,
1340 2122 1383 2176 si
1424 2120 1529 2176 vita
1555 2121 1694 2177 bona
1739 2130 1919 2176 nostra

329 2215 462 2270 nihil
500 2215 646 2271 aliud
683 2223 770 2272 est
806 2229 966 2287 quam
1009 2216 1102 2271 Dei
1143 2216 1335 2287 gratia,
1375 2215 1492 2270 sine
1521 2215 1685 2270 dubio
1714 2224 1770 2270 et
1811 2216 1920 2270 vita

330 2317 550 2372 aeterna,
583 2307 704 2378 quae
742 2307 897 2362 bona:
933 2307 1058 2362 vitae
1093 2307 1357 2374 redditur,
1388 2305 1483 2361 Dei
1513 2305 1682 2377 gratia
1712 2316 1796 2361 est
1821 2322 1836 2359 :
1863 2309 1920 2360 et

331 2401 446 2472 ipsa
483 2399 626 2455 enim
667 2399 835 2470 gratis
873 2398 1035 2454 datur
1057 2440 1072 2463 ,
1123 2397 1241 2469 quia
1285 2397 1452 2468 gratis
1473 2397 1592 2452 data
1615 2405 1700 2452 est
1725 2397 1814 2452 illa
1835 2397 1920 2452 cui

333 2492 510 2548 datur.
547 2492 654 2548 Sed
693 2492 780 2546 illa
813 2493 899 2547 cui
941 2493 1137 2558 datur,
1187 2491 1552 2546 tantummodo
1593 2491 1760 2562 gratia
1793 2499 1918 2546 est:

335 2585 455 2642 hate
493 2595 818 2656 autemqute
839 2585 920 2640 illi
957 2585 1152 2655 datur,
1187 2583 1438 2656 quoniam
1483 2583 1760 2656 praemium
1800 2583 1917 2653 ejus

333 2684 440 2744 est,
464 2677 632 2748 gratia
651 2683 739 2732 est
757 2689 855 2748 pro
875 2676 1062 2748 gratia,
1083 2685 1332 2748 tanquam
1355 2689 1562 2732 merces
1581 2675 1912 2746 projustitia;

331 2774 392 2821 ut
420 2781 605 2823 verum
627 2767 715 2835 sit,
741 2766 988 2839 quoniam
1006 2773 1192 2823 verum
1221 2773 1325 2832 cst,
1346 2767 1470 2838 quia
1500 2765 1686 2822 reddet
1703 2765 1912 2820 unicui-

329 2871 436 2930 que
462 2859 604 2914 Deus
631 2858 921 2915 secundum
947 2873 1113 2930 opera
1137 2860 1274 2930 ejus.

399 2949 924 3008 ϐΑΡΙΙΪΙΧξ-Ἦ.
944 2947 1136 3008 Utrum
1153 2959 1339 3006 autem
1356 2951 1644 3020 legerimus
1665 2950 1723 3004 in
1745 2949 1920 3004 Libris

327 3044 548 3110 sanctis,
588 3043 809 3115 gratiam
857 3055 954 3114 pro
990 3043 1196 3114 gratia,
1243 3041 1463 3098 forsitan
1508 3041 1764 3112 quaeﬁtis.
1810 3039 1916 3096 Sed

326 3135 532 3192 habetis
563 3137 915 3208 Evsngelium
959 3137 1254 3193 secundum
1303 3135 1563 3192 Joannem
1609 3141 1750 3190 tanta
1791 3135 1916 3190 luce

325 3227 701 3295 clarissimum,
733 3227 824 3282 ubi
852 3227 1087 3283 Joannes
1111 3226 1348 3296 Baptista
1370 3226 1438 3280 de
1460 3225 1685 3279 Domino
1701 3223 1916 3279 Christo

325 3317 474 3384 dicit,
501 3317 615 3373 Nos
641 3327 812 3373 autem
849 3334 913 3374 ea:
935 3319 1246 3390 plenitudine
1271 3319 1381 3391 ejus
1401 3317 1704 3385 accepimus,
1729 3325 1776 3370 et
1800 3333 1920 3388 gra~

327 3411 451 3464 tiam
485 3427 580 3481 pro
615 3412 782 3483 gratia
813 3409 998 3485 (Joan.
1023 3426 1058 3478 ι,
1087 3409 1202 3482 lii).
1233 3409 1312 3464 Ex
1339 3409 1456 3479 ejus
1483 3418 1659 3480 itaque
1682 3409 1916 3478 plenitu-

327 3501 456 3557 dine
478 3503 895 3573 aeceplmuspm
911 3502 1131 3558 modan
1147 3511 1336 3556 nostro
1359 3507 1612 3572 tanquam
1629 3501 1918 3572 particulas

329 3604 544 3651 nostras
563 3605 625 3650 ut
645 3595 785 3651 bene
805 3596 1070 3662 manus,
1095 3597 1226 3650 sicut
1260 3594 1395 3650 Deus
1418 3595 1636 3665 partitus
1671 3601 1741 3649 est
1769 3609 1915 3647 men-

330 3701 505 3744 suram
533 3689 652 3759 ﬁdei
671 3685 852 3761 (Rome.
881 3703 975 3756 xu,
1009 3690 1110 3761 ﬁ);
1139 3689 1262 3760 quia
1283 3689 1628 3759 unusquisque
1656 3687 1916 3760 proprium

332 3781 526 3836 donum
565 3781 715 3836 habet
745 3791 779 3836 tt
811 3780 937 3849 Deo,
967 3781 1104 3836 alius
1129 3782 1224 3849 sic,
1263 3782 1397 3836 alius
1433 3790 1600 3836 autem
1625 3780 1766 3851 sic(l
1792 3779 1912 3834 Cor.

332 3885 428 3940 ru,
455 3873 546 3943 ἠς
571 3881 629 3928 et
653 3873 770 3944 ipsa
802 3879 884 3929 est
909 3874 1082 3945 gratia
1105 3889 1127 3929 -:
1155 3873 1250 3928 sed
1275 3873 1497 3943 insuper
1513 3872 1837 3942 accipiemus
1861 3877 1916 3928 et

323 3964 547 4034 gratiam
577 3977 678 4034 pro
699 3963 870 4034 gratia
887 3997 903 4030 ,
931 3963 1146 4034 quando
1173 3961 1326 4018 nobis
1355 3963 1462 4018 vita
1488 3973 1687 4018 teter-na
1713 3961 1912 4018 redde-

323 4062 439 4122 tur,
475 4055 546 4111 de
583 4071 688 4127 qua
718 4056 858 4112 dixit
900 4059 1206 4128 Apostolus,
1247 4056 1428 4112 Gratia
1467 4066 1638 4110 autem
1675 4053 1776 4111 Dei
1811 4056 1915 4110 vita

324 4155 512 4202 (eterna
549 4147 604 4202 in
639 4146 844 4203 Christo
879 4148 1009 4204 Iesu
1064 4147 1286 4203 Domino
1327 4157 1498 4203 nostro
1535 4164 1554 4204 :
1602 4165 1721 4203 cum
1767 4149 1915 4219 prius

331 4239 578 4307 dixisset,
613 4239 936 4312 Stipendium
979 4241 1204 4312 peccati,
1249 4257 1402 4294 ntere.
1433 4239 1624 4295 Merito
1648 4241 1792 4296 enim
1821 4241 1916 4295 sti-

332 4331 586 4402 pendium
608 4372 624 4398 ,
659 4332 780 4403 quia
807 4331 1013 4387 militiae
1038 4331 1319 4390 diabolicae
1357 4346 1504 4387 mors
1550 4340 1748 4386 {eterna
1791 4341 1913 4386 tan-

329 4436 492 4493 quam
526 4421 761 4477 debitum
803 4421 1057 4479 redditur.
1100 4421 1202 4480 Ubi
1245 4435 1366 4478 cum
1413 4413 1590 4492 posset
1628 4422 1826 4488 dicere,
1856 4427 1912 4478 et

331 4523 483 4570 recte
503 4511 708 4579 dicere,
735 4513 1070 4584 Stipendium
1097 4523 1276 4570 autem
1313 4515 1530 4585 iustitiae
1561 4515 1666 4570 vita
1689 4522 1911 4579 artemo;

327 4606 520 4662 maluit
556 4605 758 4673 dicere,
795 4604 976 4660 Gratia
991 4615 1164 4662 autem
1183 4607 1300 4670 Dei,
1333 4607 1432 4660 vita
1466 4616 1692 4660 wterna:
1713 4606 1916 4661 utbiuc

325 4697 770 4768 intelligeremus,
802 4709 909 4752 non
949 4711 1045 4768 pro
1074 4695 1280 4754 meritis
1313 4698 1512 4752 nostris
1532 4697 1698 4752 Deum
1727 4710 1824 4751 nos
1848 4697 1915 4752 ad

323 4799 580 4844 aiternam
616 4789 802 4856 vitam,
829 4788 925 4844 sed
956 4802 1053 4860 pro
1091 4803 1183 4844 sua
1229 4789 1572 4844 miseratione
1600 4789 1911 4860 perducere.

327 4882 402 4937 De
429 4899 536 4953 quo
557 4883 615 4938 in
641 4883 858 4940 Pssimo
886 4883 1018 4939 dicit
1050 4884 1214 4940 homo
1237 4886 1356 4954 eius
1385 4883 1576 4938 animae
1603 4897 1714 4937 suae
1756 4900 1768 4936 :
1816 4880 1916 4948 Qui

327 4982 533 5027 coronat
556 4983 604 5030 te
625 4974 686 5030 in
705 4975 1033 5030 miseratione
1056 4983 1103 5028 et
1129 4975 1473 5030 misericordia
1513 4972 1684 5048 (Ps-nl.
1707 4987 1800 5039 ett,
1832 4973 1912 5044 4).

329 5065 594 5138 Numquid
632 5083 740 5123 non
785 5081 986 5124 corona
1027 5068 1180 5122 bonis
1219 5067 1470 5138 operibus
1510 5066 1784 5122 redditur?
1810 5065 1916 5120 Sed

331 5157 455 5227 quia
489 5155 603 5227 ipsa
635 5158 774 5214 bona
799 5173 965 5230 opera
993 5159 1085 5214 ille
1110 5159 1164 5214 in
1185 5159 1342 5214 bonis
1364 5165 1618 5228 operatur
1645 5157 1688 5222 ³,
1717 5156 1785 5212 de
1810 5171 1917 5226 quo

330 5247 534 5304 dictum
559 5259 660 5314 est,
693 5247 824 5306 Dens
843 5258 916 5304 est
941 5250 1074 5304 enim
1097 5251 1183 5321 qui
1205 5259 1448 5322 operatur
1470 5249 1525 5302 in
1543 5248 1681 5301 nobis
1716 5257 1766 5302 et
1792 5247 1920 5302 velle

330 5348 378 5394 et
405 5340 624 5410 operari,
661 5355 753 5410 pro
789 5340 920 5398 bona
949 5341 1242 5406 voluntate;
1290 5341 1411 5396 ideo
1453 5339 1590 5395 dixit
1626 5339 1872 5394 Psalmus
1900 5377 1914 5402 ,

327 5429 552 5491 Coronat
580 5441 630 5486 te
662 5433 718 5486 in
752 5433 1074 5488 miseratione
1109 5439 1157 5488 at
1201 5432 1556 5488 misericordia
1585 5448 1606 5486 :
1646 5431 1768 5502 quia
1799 5429 1916 5500 ejus

327 5524 674 5582 miseratione
693 5525 830 5582 bona
853 5540 1163 5597 operemur,
1201 5525 1394 5596 quibus
1415 5538 1617 5580 corona
1649 5522 1911 5578 redditur.

391 5661 406 5688 '
429 5669 576 5736 “bovi,
589 5663 986 5736 _Ilaque,_fratres
1009 5649 1304 5715 charissimi.
1327 5659 1514 5725 Abest,
1531 5659 1732 5727 fratres,
1756 5675 1785 5712 a
1811 5671 1918 5713 Mss.

327 5731 375 5776 et
398 5725 461 5774 ab
485 5726 630 5776 editis
652 5735 752 5775 Am.
787 5725 861 5775 Er.

387 5787 867 5866 Lt’aticaniquamor
880 5793 990 5840 uss.
1029 5793 1085 5840 et
1867 5784 1922 5844 in

1775 337 1974 404 mra
2011 336 2215 408 usus.

3515 359 3621 430 8M

2035 463 2148 519 Non
2174 465 2338 534 enim,
2365 467 2488 538 quia
2530 469 2684 541 dixit,
2728 472 2864 529 Deus
2892 481 2965 530 est
3001 476 3132 532 enim
3173 477 3261 552 qui
3297 491 3536 552 operatur
3563 501 3618 538 tn

2037 555 2172 610 vobis
2193 567 2240 611 et
2264 559 2392 616 velle
2417 570 2464 614 et
2483 564 2686 633 aperari
2702 605 2718 630 ,
2745 581 2836 636 pro
2861 565 2990 622 bona
3020 571 3294 641 voluntate,
3323 573 3446 630 ideo
3483 573 3618 631 libe-

2037 659 2154 702 rum
2195 649 2470 708 arbitrium
2509 653 2794 714 abstulisse
2833 657 3098 728 putandus
3135 671 3236 719 est.
3273 663 3427 734 Quod
3469 666 3514 721 si
3545 667 3614 721 ita

2035 750 2212 810 esset,
2252 758 2354 798 non
2386 750 2631 816 superius
2659 749 2903 822 dixisset,
2936 755 3060 810 Cum
3105 757 3282 815 timore
3315 770 3361 814 et
3405 769 3619 816 tremore

2033 843 2250 924 uestram
2283 835 2506 908 ipsorum
2543 839 2755 897 salutem
2795 845 3074 916 operamini
3111 849 3369 922 (Philipp.
3396 867 3469 921 ιι,
3503 855 3570 910 15
3597 897 3614 924 ,

2037 923 2148 996 l2).
2177 926 2401 994 Quando
2430 929 2574 984 enim
2601 930 2820 1001 iubetur
2842 947 2901 992 ut
2929 948 3241 1009 operentur,
3265 938 3491 1000 liberum
3522 961 3612 1002 co-

2034 1033 2152 1073 rum
2197 1019 2512 1078 convenitur
2537 1025 2819 1083 arbitrium
2853 1047 2866 1082 :
2897 1033 2990 1087 sed
3020 1033 3140 1088 ideo
3175 1049 3294 1090 cum
3335 1038 3524 1094 timore
3563 1049 3616 1096 et

2035 1117 2298 1178 tremore;
2327 1127 2395 1169 ne
2421 1115 2521 1170 sibi
2551 1117 2832 1174 tribuendo
2853 1122 2994 1192 quod
3029 1124 3167 1180 bene
3201 1137 3510 1196 onerantur,
3546 1125 3615 1185 de

2034 1201 2187 1258 bouis
2235 1213 2482 1276 tanquam
2524 1209 2634 1264 suis
2673 1211 2997 1268 extollantur
3041 1217 3310 1286 operibus.
3341 1218 3614 1288 Tanquam

2032 1307 2160 1364 ergo
2181 1295 2600 1368 interrogaretur
2629 1302 2937 1371 Apostolus,
2967 1297 3021 1360 et
3053 1300 3326 1364 diceretur
3345 1307 3418 1376 ei,
3441 1307 3618 1376 Quare

2032 1385 2229 1452 dixisti,
2253 1387 2379 1443 Cum
2405 1391 2583 1446 timore
2608 1403 2656 1448 et
2687 1395 2940 1451 tremore?
2965 1395 3157 1452 borum
3199 1400 3485 1454 verborum
3525 1415 3617 1455 ra-

2031 1477 2228 1534 tionem
2264 1480 2495 1536 reddidit
2531 1483 2731 1549 dicens,
2761 1485 2900 1540 Deus
2927 1497 3000 1542 est
3023 1487 3155 1542 enim
3186 1489 3274 1560 qui
3309 1497 3547 1561 operatur
3563 1490 3618 1544 in

2029 1567 2186 1627 vobis.
2217 1571 2271 1627 Si
2291 1575 2430 1627 enim
2457 1575 2652 1630 timetis
2673 1586 2726 1632 et
2754 1579 3000 1643 tremitis,
3022 1593 3129 1636 non
3153 1581 3477 1638 extollimini
3499 1594 3615 1638 tan-

2029 1672 2188 1731 quam
2225 1663 2292 1719 de
2327 1668 2520 1721 vestris
2552 1667 2804 1738 operibus
2843 1671 3018 1740 bonis,
3065 1675 3187 1746 quia
3225 1671 3369 1732 Deus
3405 1683 3488 1732 est
3523 1675 3615 1747 qui

2030 1765 2278 1825 operatur
2311 1758 2366 1812 in
2407 1759 2580 1815 vobis.

2099 1847 2324 1905 CAPUT
2353 1850 2421 1906 X.
2466 1882 2538 1893 —
2586 1851 2680 1910 22.
2719 1851 2935 1926 itaque,
2977 1855 3167 1916 fratres
3191 1900 3206 1927 ,
3243 1855 3452 1916 debetis
3493 1859 3613 1932 qui-

2029 1940 2149 1997 dem
2195 1957 2295 2014 per
2336 1944 2565 2001 liberum
2622 1947 2898 2003 arbitrium
2945 1963 3052 2005 non
3103 1949 3279 2007 facere
3325 1951 3500 2017 mala,
3559 1957 3618 2008 et

2026 2029 2205 2090 facere
2257 2033 2432 2104 bona;
2503 2031 2608 2094 hoc
2655 2039 2799 2094 enim
2872 2039 3027 2096 nobis
3084 2039 3172 2097 lex
3223 2041 3319 2098 Dei
3373 2041 3616 2114 praecipit

2029 2123 2082 2178 in
2107 2119 2284 2180 Libris
2329 2129 2550 2197 sanctis,
2603 2128 2715 2186 sive
2761 2132 3049 2200 veteribus,
3093 2133 3208 2188 sive
3251 2132 3402 2188 novis
3451 2152 3464 2189 :
3513 2131 3609 2188 sed

2026 2214 2262 2286 legamus
2307 2225 2362 2274 et
2413 2218 2701 2289 adjuvante
2757 2222 2981 2277 Domino
3037 2221 3395 2294 intelligamus
3459 2221 3610 2294 Apo-

2027 2307 2219 2362 stolum
2249 2305 2534 2380 dicentem,
2570 2311 2702 2379 Quia
2729 2329 2830 2367 non
2842 2311 3206 2385 justi/ica'bitur
3231 2325 3294 2369 ex
3316 2312 3424 2385 lege
3443 2313 3607 2369 omnis

2027 2413 2145 2453 caro
2169 2413 2338 2455 coram
2362 2403 2452 2460 illo
2477 2443 2488 2457 .
2516 2421 2603 2473 per
2632 2403 2789 2486 legem
2811 2406 2943 2460 enim
2967 2407 3186 2480 cognitio
3214 2409 3404 2479 peccati
3426 2405 3612 2478 (Horn.

2028 2506 2106 2558 nt,
2129 2487 2246 2564 20).
2274 2491 2502 2566 Cognitio
2527 2495 2690 2562 dixit;
2723 2513 2850 2566 non,
2879 2497 3252 2571 Consumptio.
3274 2497 3497 2568 Quando
3520 2516 3616 2555 au-

2029 2592 2133 2640 tem
2159 2588 2432 2656 cegnoscit
2465 2587 2626 2644 homo
2655 2598 2958 2660 peccatum,
2990 2593 3034 2646 si
3066 2607 3171 2646 non
3201 2592 3418 2662 adjuvat
3439 2591 3610 2664 gratia

2027 2686 2086 2733 ut
2121 2679 2390 2748 cognitum
2413 2691 2682 2750 caveatur,
2717 2683 2835 2738 sine
2867 2681 3032 2738 dubio
3053 2683 3143 2739 lex
3174 2685 3308 2738 iram
3338 2693 3612 2754 operatur.

2027 2765 2179 2838 Quod
2209 2769 2312 2825 alio
2335 2771 2456 2828 loco
2475 2773 2588 2844 ipse
2615 2775 2902 2844 Apostolus
2925 2773 3074 2842 dicit,
3096 2775 3262 2847 ipsius
3281 2776 3426 2832 enim
3448 2774 3613 2832 verba

2029 2867 2195 2915 sunt:
2230 2859 2336 2916 Lex
2371 2861 2504 2916 iram
2537 2871 2790 2934 operatur.
2835 2863 2945 2920 Hoc
2975 2874 3150 2924 autem
3181 2861 3334 2934 dixit,
3380 2865 3502 2935 quia
3529 2864 3608 2920 ira

2029 2947 2123 3006 Dei
2168 2951 2339 3023 major
2366 2961 2448 3008 est
2485 2951 2542 3008 in
2581 2955 3010 3024 prmvaricatore,
3055 2955 3144 3027 qui
3187 2971 3284 3026 per
3311 2956 3485 3028 legem
3521 2968 3613 3011 co-

2026 3045 2232 3114 gnoscit
2265 3053 2566 3114 peccatum,
2591 3057 2647 3102 et
2671 3053 2849 3102 tamen
2881 3045 3007 3102 facit
3035 3064 3048 3102 :
3077 3047 3200 3102 talis
3225 3046 3420 3118 quippe
3447 3042 3609 3101 lio'mo

2027 3135 2404 3205 praevaricator
2441 3143 2524 3192 est
2563 3137 2693 3208 legis
2719 3177 2732 3201 ,
2778 3137 2917 3192 sicut
2949 3145 3004 3194 et
3049 3137 3103 3192 in
3153 3134 3258 3192 alio
3301 3137 3418 3213 loco
3459 3135 3612 3204 dicit,

2029 3222 2130 3280 Ubi
2180 3225 2316 3280 enim
2365 3226 2449 3282 lea:
2502 3241 2604 3281 non
2655 3234 2772 3296 est,
2829 3244 2919 3282 nec
2970 3227 3322 3301 prtcvaricatio
3374 3235 3447 3282 est
3495 3225 3609 3301 (Id.

2024 3329 2098 3383 tv,
2140 3312 2250 3388 15).
2301 3317 2527 3388 Propter
2573 3317 2676 3373 hoc
2718 3325 2773 3373 et
2815 3317 2942 3374 alibi
2983 3321 3079 3385 ait,
3127 3317 3196 3374 Ut
3237 3319 3512 3374 serviamus
3556 3318 3613 3374 in

2022 3407 2237 3461 novitate
2277 3406 2503 3478 spiritus,
2545 3417 2593 3462 et
2640 3425 2744 3463 non
2773 3409 2829 3464 in
2877 3417 3122 3464 uetustate
3149 3409 3330 3464 litterae
3377 3425 3398 3466 :
3432 3406 3608 3481 legem

2022 3495 2208 3552 volens
2253 3497 2475 3569 intelligi
2521 3499 2720 3555 iitterze
2761 3507 3102 3568 vetustatem,
3149 3501 3445 3556 novitatem
3483 3515 3614 3558 vero

2023 3590 2240 3660 spiritus
2263 3589 2413 3661 quid,
2441 3591 2542 3644 nisi
2566 3591 2826 3661 gratiam?
2854 3593 2920 3648 Et
2943 3605 3011 3647 ne
3029 3599 3310 3664 putaretur
3329 3603 3610 3648 accusasse

2022 3683 2192 3754 legem
2255 3685 2342 3740 vel
2402 3685 2846 3753 reprehendisse;
2905 3686 3158 3740 continuo
3199 3683 3309 3740 sibi
3361 3685 3611 3756 opposuit

2021 3777 2390 3847 qumstionem,
2415 3783 2468 3830 et
2495 3775 2589 3841 ait,
2624 3774 2762 3844 Quid
2781 3792 2900 3847 ergo
2925 3775 3146 3830 dicemus
3167 3775 3192 3830 .’
3215 3767 3325 3831 Lex
3344 3785 3608 3856 peccatum

2021 3865 2136 3922 est?
2155 3865 2312 3922 Absit.
2334 3865 2534 3922 Deinde
2554 3867 2842 3938 subjunxit,
2861 3865 2968 3923 Sed
2981 3875 3239 3939 peccatum
3260 3884 3359 3922 non
3379 3867 3610 3939 cognovi,

2022 3957 2118 4010 nisi
2157 3973 2247 4030 per
2274 3957 2432 4030 legem
2461 3973 2479 4011 :
2522 3956 2624 4012 hoc
2651 3969 2732 4013 ρει
2757 3957 2897 4028 quod
2925 3958 3152 4026 dixerat,
3197 3953 3302 4015 Per
3338 3960 3498 4032 legem
3527 3975 3613 4015 co-

2019 4048 2176 4119 gnitio
2194 4047 2402 4119 peccati.
2428 4045 2567 4101 Nam
2588 4045 3061 4119 concupiscentiam,
3091 4049 3281 4120 inquit,
3310 4048 3606 4118 nesciebam,

2020 4140 2118 4192 nisi
2142 4139 2226 4192 lex
2257 4137 2463 4204 diceret,
2496 4137 2551 4193 Ν
2555 4155 2620 4194 οη
2647 4139 2990 4210 concupisces.
3026 4137 3304 4195 Occasione
3331 4150 3498 4194 autem
3525 4153 3612 4194 ac-

2019 4241 2183 4304 cepto,
2239 4242 2498 4302 peccatum
2547 4245 2638 4301 per
2687 4229 2982 4286 mandatum
3032 4241 3290 4304 operatum
3334 4242 3404 4286 cst
3438 4232 3491 4286 in
3533 4247 3613 4286 me

2019 4337 2218 4377 onmem
2271 4323 2729 4396 concupiscentiam
2785 4339 2806 4378 :
2859 4323 2968 4378 sine
3019 4323 3125 4394 lege
3171 4325 3304 4377 enim
3352 4335 3612 4396 peccatum

2019 4423 2273 4469 mortuum
2299 4423 2370 4470 est
2389 4413 2433 4468 ι.
2469 4413 2576 4486 Ego
2603 4418 2774 4470 autem
2795 4413 3070 4486 aliquando
3096 4413 3316 4468 vivebam
3342 4415 3448 4468 sine
3468 4415 3576 4486 lege
3593 4429 3613 4468 :

2021 4505 2312 4560 adveniente
2337 4515 2504 4559 autem
2523 4503 2784 4572 mandato,
2813 4514 3072 4574 peccatum
3101 4505 3296 4569 revixit,
3322 4520 3411 4576 ego
3446 4513 3613 4557 autem

2019 4606 2245 4649 mortuus
2269 4611 2403 4663 sum,
2427 4603 2473 4649 et
2495 4597 2756 4650 inventum
2777 4604 2849 4650 est
2873 4595 2998 4649 mihi
3023 4595 3317 4648 mandatum
3343 4595 3477 4664 quod
3503 4603 3610 4650 erat

2019 4687 2073 4742 in
2099 4687 2272 4752 vitam,
2301 4687 2394 4740 hoc
2418 4701 2525 4740 esse
2546 4686 2599 4739 in
2627 4694 2875 4752 mortem;
2905 4695 3165 4758 peccatum
3192 4685 3323 4738 enim
3352 4685 3614 4739 occasione

2020 4787 2226 4849 accettm
2265 4795 2353 4850 per
2377 4777 2674 4831 mandatum
2704 4775 2884 4848 fefellit
2923 4793 3022 4844 me,
3053 4787 3101 4830 et
3131 4793 3220 4848 per
3249 4773 3380 4831 illud
3408 4778 3610 4832 occidit.

2021 4869 2202 4942 Itaque
2223 4870 2304 4925 lca:
2322 4869 2520 4940 quidem
2541 4878 2736 4935 sancta,
2766 4877 2813 4923 et
2838 4868 3134 4923 mandatum
3161 4875 3408 4936 sanctum,
3437 4881 3484 4924 et
3521 4871 3616 4940 ju-

2026 4973 2180 5028 stum,
2205 4968 2249 5017 et
2279 4961 2484 5016 bonum.
2509 4961 2660 5029 Quod
2688 4975 2806 5033 ergo
2835 4957 3114 5016 bonum'es't
3138 5003 3152 5029 ,
3181 4961 3307 5016 mihi
3334 4965 3521 5034 factum
3545 4972 3617 5018 est

2024 5058 2202 5113 mors?
2229 5055 2387 5111 Absit.
2422 5055 2528 5112 Sed
2556 5065 2815 5124 peccatum
2844 5065 2896 5108 ut
2927 5065 3171 5127 appareat
3202 5065 3494 5126 peccatum,
3527 5073 3617 5126 per

2023 5147 2206 5202 bonum
2239 5147 2364 5200 mihi
2393 5145 2655 5218 apemtum
2679 5155 2749 5200 est
2775 5154 3004 5213 mortem,
3032 5155 3086 5198 ut
3111 5143 3202 5216 ﬁat
3229 5161 3384 5216 supra
3409 5143 3615 5200 modum

2025 5251 2254 5310 peccator
2273 5249 2358 5292 aut
2387 5249 2647 5310 peccatum
2672 5237 2696 5271 ⁸
2725 5253 2812 5308 per
2840 5237 3136 5292 mandatum
3164 5235 3274 5312 (Id.
3299 5250 3394 5303 vu,
3427 5237 3616 5310 6-15).

2023 5332 2092 5386 Et
2117 5331 2182 5386 ad
2219 5330 2434 5386 Galatas
2461 5329 2589 5384 dicit
2632 5347 2644 5383 :
2694 5329 2922 5384 Sclentes
2947 5339 3116 5384 autem
3141 5331 3378 5400 quoniam
3401 5347 3504 5388 non
3521 5331 3617 5404 ju-

2023 5421 2274 5493 sti/lentur
2312 5420 2460 5474 homo
2500 5435 2565 5474 ex
2604 5419 2836 5489 aperibus
2865 5421 2991 5492 legis
3021 5420 3121 5474 nisi
3165 5433 3255 5492 per
3283 5421 3440 5494 ﬁdem
3489 5423 3616 5478 Jesu

2023 5533 2270 5650 ngreditt,
2300 5537 2543 5586 mortuum
2573 5539 2696 5585 erat.
2733 5538 2844 5584 Mss.
2895 5537 3136 5584 mortuum
3163 5537 3254 5586 est.
3299 5543 3461 5588 Graece
3509 5545 3584 5587 est
3601 5571 3617 5602 ,

2139 5611 2190 5647 a.

2089 5663 2110 5692 ι
2137 5670 2239 5710 Am.
2265 5665 2320 5711 et
2349 5664 2442 5718 ει..
2477 5671 2631 5724 supra
2666 5656 2864 5714 tnodttm
2884 5661 3154 5726 peccatum.
3189 5667 3324 5726 ωυρι
3343 5669 3496 5724 supra
3514 5674 3622 5716 ute-

2027 5721 2145 5796 dum
2184 5733 2394 5796 peccatus?
2431 5721 2697 5796 peccatum.
2722 5721 3172 5796 feroanpra
3191 5724 3385 5796 modum
3405 5721 3620 5796 peccetur

2024 5791 2106 5836 aut
2153 5779 2401 5852 peccatum
2431 5779 2464 5835 ':
2503 5785 2670 5849 paucis
2709 5781 2966 5848 exceptis,
3013 5779 3104 5850 qui
3161 5779 3472 5852 meum,
3515 5779 3618 5851 aut,

2026 5851 2347 5920 prme
