4142 6514
515 470 699 527 Christt
717 512 733 538 ,
763 478 812 526 et
839 487 930 526 nos
955 470 1010 523 in
1037 466 1236 522 Christo
1263 463 1388 517 Jesu
1419 462 1755 528 credidimus,
1785 471 1840 516 ut
1859 462 2109 533 justiﬁce-

515 583 629 621 mur
656 581 717 620 ea:
743 565 844 632 ﬁde
868 560 1050 616 Christi
1077 599 1090 622 ,
1124 567 1168 611 et
1197 573 1298 610 non
1333 571 1395 609 ea;
1433 556 1666 625 operibus
1694 553 1834 626 legis,
1869 554 2108 624 quoniam

516 674 579 713 ea:
624 653 853 724 operibus
895 651 1016 720 legis
1061 666 1162 703 non
1196 647 1562 718 justiﬁcabitur
1607 647 1770 701 omnis
1813 663 1930 700 caro
1981 643 2109 716 (Ga—

517 749 604 802 lut.
621 762 693 808 'tl,
726 744 840 814 16).

588 833 812 890 CAPUT
842 831 936 888 Xl.
972 862 1043 872 --
1083 833 1179 888 25.
1229 831 1367 898 Quid
1394 839 1476 886 est
1505 845 1633 900 ergo
1658 830 1798 901 quod
1827 827 2102 884 vanissimi

517 926 757 982 homines
780 933 833 979 et
863 922 1251 996 perversissimi
1283 920 1554 990 Pelagiani
1580 922 1750 990 legem
1773 920 1958 973 dicunt
1983 931 2107 972 esse

523 1021 614 1074 Dei
646 1018 904 1087 gratiam,
948 1033 1052 1087 qua
1076 1017 1325 1086 juvamur
1347 1014 1414 1068 ad
1442 1029 1548 1068 non
1579 1011 1944 1084 peccandum?
1971 1009 2109 1080 Quid

517 1117 598 1163 est
621 1109 800 1164 miseri
827 1109 968 1180 quod
996 1109 1197 1172 dicunt,
1228 1107 1316 1178 qui
1339 1105 1454 1160 sine
1483 1106 1585 1158 ulla
1611 1104 1941 1158 dubitatione
1958 1110 2108 1158 tanto

520 1201 778 1269 Apostolo
817 1199 1228 1256 contradicunt?
1258 1198 1349 1252 Ille
1377 1197 1506 1250 dicit
1529 1205 1808 1267 peccatum
1849 1195 1986 1249 vires
2012 1192 2108 1248 ad-

516 1305 702 1345 versus
745 1290 1017 1346 hominem
1065 1291 1337 1359 accepisse
1381 1302 1477 1358 per
1526 1288 1720 1356 legem,
1758 1295 1812 1339 et
1851 1301 1972 1340 eum
2015 1299 2111 1354 per

522 1380 854 1446 mandatum,
887 1381 1130 1451 quamvis
1184 1386 1425 1458 sanctum
1457 1385 1512 1432 et
1557 1377 1760 1446 justum
1791 1384 1846 1430 et
1889 1376 2107 1439 bonum,

523 1485 699 1530 tamen
724 1473 987 1538 occidere,
1019 1484 1072 1527 et
1102 1487 1194 1542 per
1221 1471 1420 1526 bonum
1445 1468 1654 1539 operari
1684 1468 1732 1523 ei
1763 1476 2014 1534 mortem,
2044 1466 2112 1522 de

523 1582 626 1636 qua
675 1581 780 1620 non
831 1567 1170 1628 liberaretur,
1222 1564 1326 1619 nisi
1364 1563 1656 1617 viviﬁcaret
1703 1563 1919 1631 spiritus
1965 1573 2108 1622 eum,

524 1673 682 1728 quem
705 1658 877 1713 littera
907 1658 1176 1714 occiderat
1201 1658 1336 1711 sicut
1363 1657 1467 1710 alio
1492 1655 1610 1710 loco
1633 1655 1782 1721 dicit,
1816 1654 2008 1709 Littera
2029 1671 2113 1709 oc-

526 1749 666 1814 cidit,
697 1751 907 1821 spiritus
933 1759 1097 1804 autem
1123 1750 1342 1817 uiviﬁcat
1371 1747 1438 1818 (ll
1452 1747 1570 1802 Cor.
1604 1764 1679 1812 ιιι,
1705 1748 1759 1819 6)
1792 1766 1804 1802 :
1835 1757 1886 1802 et
1915 1749 2002 1803 isti
2030 1747 2114 1802 in-

529 1838 730 1895 dociles
757 1849 938 1894 contra
969 1841 1139 1894 lucem
1169 1838 1264 1893 Dei
1307 1839 1455 1902 eieci,
1499 1847 1552 1893 et
1601 1848 1784 1892 contra
1815 1853 1998 1893 vocem
2021 1839 2116 1893 Dei

531 1932 699 1999 surdi,
733 1933 1064 1988 occidentem
1091 1931 1321 1986 litteram
1351 1931 1621 1986 viviﬁcare
1650 1930 1868 1997 dicunt,
1903 1938 1957 1984 et
1979 1930 2116 1984 vivi-

532 2023 708 2078 ﬁcanti
736 2023 942 2094 spiritui
973 2023 1364 2077 contradicunt.
1407 2021 1546 2093 Ergo
1572 2062 1587 2087 ,
1618 2022 1800 2091 fratres
1819 2063 1835 2087 ,
1865 2031 1923 2076 ut
1952 2021 2118 2092 ipsius

528 2113 706 2184 potius
735 2115 972 2185 Apostoli
1008 2114 1187 2170 verbis
1224 2129 1321 2169 vos
1365 2128 1633 2177 moneam,
1667 2114 1913 2167 debitores
1943 2130 2118 2168 sumus

526 2219 626 2258 non
651 2204 814 2270 carni,
856 2213 908 2258 ut
934 2204 1213 2259 secundum
1239 2221 1449 2258 carnem
1487 2206 1732 2258 vivamus.
1778 2205 1840 2259 Si
1866 2205 1998 2258 enim
2035 2221 2120 2259 se-

527 2295 745 2348 cundum
772 2311 974 2350 carnem
1001 2296 1247 2362 vixet-itis,
1289 2296 1575 2350 moriemini
1604 2311 1620 2349 :
1653 2297 1698 2349 si
1739 2306 1909 2350 autem
1936 2296 2119 2368 spiritu

526 2388 744 2442 actiones
791 2388 960 2442 carnis
1003 2389 1454 2458 mortiﬁcaueritis,
1491 2389 1683 2446 uinetis.
1730 2388 1857 2444 Haec
1883 2389 2020 2456 dixi,
2067 2397 2122 2445 ut

527 2478 833 2547 apostolicis
869 2479 1046 2534 verbis
1069 2479 1295 2534 liberum
1338 2481 1616 2536 arbitrium
1655 2489 1890 2536 vestrum
1915 2496 1948 2536 a
1975 2481 2119 2537 malo

527 2569 876 2637 deterrerem,
921 2580 978 2627 et
1011 2571 1325 2627 exhortarer
1370 2573 1437 2626 ab
1486 2581 1683 2628 bonum
1729 2592 1743 2630 :
1799 2587 1897 2628 nec
1941 2581 2120 2629 tamen

529 2662 648 2718 ideo
676 2663 880 2718 debetis
907 2665 958 2718 in
988 2664 1222 2730 homine,
1256 2665 1357 2720 hoc
1377 2674 1478 2732 est,
1503 2666 1554 2720 in
1575 2665 1724 2721 vobis
1753 2667 1902 2736 ipsis,
1933 2681 2040 2722 non
2067 2668 2120 2722 in

529 2755 755 2809 Domino
789 2756 1023 2825 gloriari,
1063 2757 1274 2827 quando
1319 2772 1424 2813 non
1456 2757 1748 2813 secundum
1782 2774 1998 2814 carnem
2031 2760 2114 2814 vi-

529 2845 666 2910 vitis,
697 2845 791 2900 sed
816 2847 1004 2917 spiritu
1033 2848 1270 2903 actiones
1301 2848 1475 2903 carnis
1503 2849 1854 2904 mortilicatis.
1892 2848 1958 2905 Ut
1975 2849 2118 2903 enim

529 2953 634 2994 non
667 2952 724 2994 se
753 2940 1072 2996 extollerent
1100 2942 1294 3010 quibus
1324 2942 1422 2996 ista
1462 2940 1712 3008 dicebat,
1744 2942 2115 2997 existimantes

528 3044 587 3084 se
627 3043 726 3084 suo
767 3031 953 3100 spiritu
999 3039 1143 3084 tanta
1187 3031 1302 3086 luec
1350 3031 1488 3086 bona
1516 3047 1677 3102 opera
1719 3031 1897 3088 facere
1943 3047 2118 3102 posse,

529 3134 634 3173 non
683 3119 809 3186 Dei;
860 3129 1146 3189 propterea
1188 3135 1311 3175 cum
1353 3122 1597 3188 dixisset,
1640 3121 1702 3177 Si
1747 3131 1912 3176 autem
1941 3124 2123 3194 spiritu

527 3213 749 3263 actiones
780 3211 946 3264 carnis
971 3212 1410 3280 mortiﬁcaveritis,
1454 3215 1646 3280 uivetis,
1693 3215 1948 3269 continuo
1991 3215 2120 3270 sub:-

525 3302 670 3370 jecit,
705 3301 954 3370 Quotquot
993 3305 1127 3356 enim
1159 3306 1342 3374 spiritu
1387 3305 1484 3360 Dei
1523 3315 1763 3377 aguntur,
1797 3308 1849 3360 hi
1888 3309 1984 3376 ﬁlii
2007 3318 2123 3362 sunt

530 3391 628 3446 Dei
662 3393 834 3464 (Rom.
866 3411 979 3464 vtu,
1013 3395 1230 3468 42-“).
1258 3397 1482 3464 Quando
1507 3414 1637 3469 ergo
1667 3401 1852 3469 spiritu
1881 3402 2122 3457 actiones

530 3485 1067 3564 carnis'mortilicatis
1093 3497 1151 3542 ut
1184 3488 1392 3554 vivatis,
1443 3489 1590 3544 illum
1625 3490 1938 3560 gloriﬁcate,
1970 3492 2122 3548 illum

528 3576 760 3642 laudate,
791 3577 864 3631 illi
893 3581 1091 3650 gratias
1111 3581 1273 3650 agite,
1307 3581 1459 3650 cujus
1485 3582 1676 3652 spiritu
1695 3584 1914 3654 agimini
1937 3594 1994 3640 ut
2017 3587 2121 3641 ista

529 3666 770 3734 valeatis,
813 3677 868 3723 ut
901 3685 992 3723 vos
1021 3670 1158 3726 ﬁlios
1199 3671 1296 3726 Dei
1322 3686 1442 3727 esse
1485 3676 1815 3730 monstretis.
1867 3676 2121 3746 Quotquot

529 3757 658 3810 enim
685 3759 866 3826 spiritu
893 3759 989 3814 Dei
1022 3771 1260 3832 aguntur,
1291 3762 1345 3816 hi
1364 3763 1461 3831 ﬁlii
1483 3772 1599 3818 sunt
1625 3763 1739 3818 Dei.

601 3845 826 3904 CAPUT
865 3848 980 3904 Xll.
1019 3879 1091 3890 -—
1128 3851 1218 3906 24.
1261 3851 1529 3923 Quotquot
1559 3869 1685 3925 ergo
1714 3855 1963 3924 adjuncto
2003 3858 2120 3912 solo

527 3941 790 4014 adjutorio
821 3943 973 4013 legis,
1005 3944 1121 4000 sine
1169 3944 1433 4014 adjutorio
1453 3947 1662 4016 gratiae,
1693 3949 2021 4005 conﬁdentes
2061 3951 2116 4006 in

528 4035 724 4088 virtute
765 4050 880 4100 sua,
928 4051 1026 4092 suo
1069 4037 1254 4108 spiritu
1282 4048 1528 4108 aguntur,
1563 4056 1668 4094 non
1705 4051 1830 4096 sunt
1865 4043 1968 4100 ﬁlii
2001 4046 2114 4100 Dei.

529 4125 684 4180 Tales
713 4137 837 4181 sunt
859 4127 926 4182 de
948 4130 1138 4199 quibus
1165 4129 1304 4184 idem
1331 4131 1458 4187 dicit
1483 4134 1778 4203 apostolus,
1805 4136 1948 4205 quod
1967 4138 2117 4207 igno-

527 4229 697 4274 rantes
727 4220 822 4274 Dei
837 4223 1108 4290 justitiam,
1139 4232 1185 4276 et
1203 4239 1349 4278 suam
1371 4224 1592 4280 uolentes
1621 4228 1939 4294 constituere,
1959 4229 2119 4298 justi-

531 4311 616 4364 tia:
650 4311 747 4365 Dei
782 4329 883 4367 non
913 4323 1030 4367 sunt
1057 4315 1267 4384 subjecti
1308 4315 1418 4385 (Id.
1452 4333 1507 4384 x,
1559 4317 1637 4388 5).
1687 4319 1760 4373 De
1790 4319 1988 4376 .ludtnis
2017 4320 2118 4376 hoc

539 4401 692 4466 dixit,
727 4403 818 4472 qui
849 4403 916 4458 de
945 4419 1003 4458 se
1030 4415 1415 4474 praesumentes
1439 4410 1660 4478 gratiam
1687 4409 2036 4480 repellebant,
2064 4420 2119 4468 et

534 4495 584 4547 in
632 4495 902 4550 Christum
942 4505 1223 4567 propterea
1267 4512 1374 4553 non
1421 4500 1733 4556 credebant.
1782 4502 1943 4558 Suam
1985 4519 2117 4560 vero

525 4585 785 4655 justitiam
830 4586 960 4640 dicit
994 4603 1087 4642 eos
1113 4589 1354 4654 volentes
1380 4592 1727 4657 constituere,
1770 4609 1889 4660 quae
1912 4593 2116 4664 justitia

531 4683 615 4730 est
636 4691 702 4730 ex
731 4677 845 4747 lege
869 4693 884 4742 ;
915 4693 1021 4732 non
1048 4679 1166 4749 quia
1206 4680 1291 4735 lex
1315 4681 1382 4736 ab
1413 4683 1543 4752 ipsis
1574 4691 1656 4738 est
1680 4688 1989 4752 constituta,
2017 4685 2116 4741 sed

531 4767 584 4820 in
611 4768 727 4837 lege
752 4783 870 4837 quae
897 4784 962 4824 ex
997 4771 1102 4824 Deo
1123 4779 1224 4838 εει,
1251 4787 1400 4828 suam
1425 4775 1681 4844 justitiam
1705 4778 2112 4842 constituerant,

533 4859 746 4928 quando
777 4861 1019 4916 eamdem
1047 4863 1218 4933 legem
1243 4867 1356 4920 suis
1387 4867 1585 4922 viribus
1622 4883 1681 4922 se
1709 4869 1932 4940 implere
1955 4884 2114 4940 posse

528 4950 815 5006 credebant
840 4970 852 5004 :
884 4951 1188 5024 ignorantes
1211 4957 1302 5012 Dei
1331 4959 1610 5028 justitiam,
1637 4975 1742 5014 non
1770 4975 1871 5031 qua
1894 4961 2102 5031 justitia

531 5041 672 5096 Deus
693 5045 868 5112 justus
897 5055 999 5106 est.
1041 5048 1133 5103 sed
1166 5065 1285 5120 quae
1310 5051 1512 5119 justitia
1540 5061 1622 5106 est
1651 5051 1853 5108 homini
1881 5069 1947 5109 ex
1978 5055 2106 5110 Deo.

531 5133 598 5187 Et
625 5143 683 5189 ut
701 5129 884 5192 sciatis
909 5139 1046 5194 hanc
1071 5140 1218 5194 illum
1250 5157 1435 5212 eorum
1460 5142 1658 5197 dixisse
1680 5144 1962 5212 justitiam,
1987 5162 2110 5216 qua:

527 5235 610 5280 est
637 5242 702 5282 ex
729 5229 879 5300 lege;
907 5231 1046 5286 hanc
1069 5244 1246 5286 autem
1273 5233 1388 5299 Dei,
1415 5249 1532 5302 quae
1553 5234 1752 5289 homini
1777 5247 1857 5291 est
1876 5253 1942 5292 ex
1965 5239 2107 5294 Deo:

526 5317 706 5376 audite
731 5322 856 5392 quid
884 5322 991 5377 alio
1017 5323 1134 5377 loco
1159 5323 1340 5389 dicat,
1372 5339 1492 5378 cum
1518 5324 1585 5380 de
1613 5325 1826 5382 Christo
1854 5328 2110 5397 loquere-

527 5417 628 5465 tur.
665 5405 885 5482 Propter
908 5427 1055 5484 quem
1075 5413 1266 5479 omnia,
1297 5413 1486 5484 inquit,
1513 5431 1614 5469 non
1633 5417 1794 5470 solum
1813 5417 2110 5476 detrimenta

524 5519 630 5558 esse
645 5503 858 5570 credidi,
890 5519 1060 5560 verum
1087 5515 1132 5559 et
1160 5514 1380 5560 stercora
1403 5508 1682 5563 existimaui
1711 5526 1834 5576 esse,
1869 5520 1922 5566 ut
1951 5511 2102 5566 Chri-

525 5603 656 5649 stum
695 5594 1034 5666 lucrifaciam,
1078 5605 1127 5651 et
1157 5599 1383 5653 inveniar
1411 5599 1464 5653 in
1490 5600 1579 5655 illo
1603 5617 1708 5656 non
1732 5602 1917 5658 habens
1947 5621 2110 5658 meam

515 5688 768 5760 justitiam
797 5705 912 5759 qua
939 5706 1004 5746 ea:
1031 5689 1138 5764 lege
1176 5702 1268 5760 est,
1304 5695 1392 5748 sed
1434 5710 1544 5748 eam
1581 5711 1694 5765 qua:
1726 5705 1800 5750 est
1827 5715 1915 5766 per
1952 5697 2108 5766 ﬁdem

527 5775 732 5846 Christi,
763 5797 877 5850 qua
899 5792 972 5838 est
1005 5799 1068 5838 ea:
1093 5783 1201 5838 Deo
1228 5783 1487 5856 (Philipp.
1518 5802 1596 5852 ιιι,
1628 5785 1706 5857 8).
1739 5787 1876 5855 Quid
1901 5799 1984 5844 est
2009 5805 2108 5844 au-

524 5876 660 5936 tem,
691 5887 792 5926 non
816 5873 1003 5932 habens
1025 5893 1188 5931 meam
1206 5878 1464 5944 justitiam
1481 5893 1598 5947 qua
1621 5895 1684 5933 ex
1707 5880 1814 5948 lege
1841 5891 1946 5948 est;
1984 5897 2106 5936 cum

1299 349 1388 405 DE
1425 349 1684 406 GRATIA
1721 348 1812 405 ET
1850 347 2102 404 LIBERO
2138 349 2482 419 ARBITRIO,
2521 353 2578 409 S.
2619 353 2981 412 AUGUSTINI

2214 480 2308 520 sua
2355 483 2462 522 non
2505 479 2648 524 esset
2687 471 2772 524 lex
2815 471 2948 538 ipsa,
2991 467 3086 524 sed
3135 469 3228 524 Dei
3268 487 3282 524 :
3322 469 3444 536 nisi,
3475 471 3600 541 quia
3643 486 3797 530 suam

2211 557 2343 612 dixit
2369 560 2650 629 justitiam,
2691 562 2931 630 quamvis
2970 576 3036 616 ex
3079 561 3194 632 lege
3234 572 3391 627 esset,
3426 563 3548 633 quia
3576 578 3670 619 sua
3698 580 3798 620 vo-

2211 649 2410 704 luntate
2433 651 2604 722 legem
2636 667 2694 707 se
2717 668 2868 721 posse
2897 652 3116 723 putabat
3145 654 3160 684 ¹
3195 654 3414 724 implere
3441 657 3558 712 sine
3587 657 3799 728 adjuto-

2212 745 2292 798 rio
2315 746 2498 814 gratia:
2519 761 2636 816 qua:
2663 757 2744 801 est
2767 763 2858 816 per
2879 746 3036 802 ﬁdem
3063 748 3304 803 Christi?
3334 749 3458 805 Ideo
3478 765 3602 805 cum
3631 751 3801 808 dixis-

2213 845 2313 902 set,
2342 853 2442 890 non
2470 837 2656 892 habens
2683 854 2842 890 meum
2863 839 3116 907 justitiam
3147 857 3260 908 quae
3281 857 3344 895 ea:
3369 839 3477 912 lege
3504 852 3613 906 est;
3639 857 3800 898 secu-

2213 936 2296 981 tus
2325 927 2572 996 adjunxit
2596 970 2608 992 ,
2639 928 2727 982 sed
2756 945 2864 982 eam
2890 945 3004 998 quae
3028 941 3100 984 est
3132 947 3220 1000 per
3249 931 3399 999 ﬁdem
3439 931 3656 996 Christi,
3687 949 3805 1004 qua:

2211 1028 2283 1071 est
2307 1034 2368 1071 ex
2395 1017 2522 1071 Deo.
2552 1018 2698 1072 Hanc
2721 1021 3052 1089 ignorabant,
3076 1021 3141 1076 de
3165 1023 3356 1091 quibus
3376 1024 3472 1088 ait,
3503 1024 3798 1094 ignorantes

2212 1107 2308 1162 Dei
2326 1111 2580 1179 justitiam
2603 1151 2616 1176 ,
2645 1111 2696 1166 id
2724 1120 2824 1177 est,
2856 1128 2974 1184 quae
3005 1122 3088 1169 est
3117 1130 3184 1170 ex
3213 1116 3324 1170 Deo
3353 1115 3516 1186 (hanc
3542 1121 3684 1171 enim
3709 1117 3802 1173 dat

2212 1218 2320 1256 non
2347 1203 2521 1258 littera
2545 1205 2817 1273 occidens,
2847 1209 2942 1262 sed
2972 1208 3245 1263 viviﬁcans
3268 1209 3551 1279 Spiritus);
3578 1221 3626 1264 et
3653 1228 3800 1266 suam

2213 1294 2430 1349 uolentes
2454 1297 2773 1364 constituere,
2805 1315 2963 1368 quam
2986 1299 3120 1354 dixit
3144 1300 3260 1371 ipse
3286 1316 3352 1356 ex
3379 1301 3496 1372 lege
3516 1301 3801 1371 justitiam,

2214 1397 2332 1438 cum
2365 1385 2567 1440 diceret
2591 1429 2606 1454 ,
2633 1404 2734 1442 non
2763 1389 2947 1443 habens
2984 1407 3144 1444 meum
3181 1392 3446 1471 justitiam
3464 1408 3578 1461 quae
3605 1410 3668 1447 ea:
3697 1395 3804 1464 lege

2214 1487 2287 1531 est
2311 1493 2331 1531 :
2348 1479 2564 1548 justitia
2587 1479 2684 1533 Dei
2713 1498 2812 1535 non
2839 1492 2954 1536 sunt
2973 1482 3198 1554 subjecti,
3234 1483 3336 1537 hoc
3363 1492 3465 1550 est,
3499 1485 3682 1554 gratiae
3709 1487 3804 1540 Dei

2215 1587 2322 1624 non
2353 1580 2474 1624 sunt
2504 1573 2745 1641 subjecti.
2779 1573 2891 1628 Sub
2917 1574 3032 1643 lege
3054 1575 3198 1628 enim
3224 1583 3397 1642 erant,
3423 1589 3528 1628 non
3562 1575 3662 1630 sub
3681 1591 3806 1645 gra-

2217 1662 2317 1724 tia;
2348 1671 2401 1715 et
2430 1662 2552 1717 ideo
2578 1664 2658 1718 eis
2684 1664 3056 1719 dominabatur
3085 1675 3382 1736 peccatum,
3417 1682 3446 1719 a
3473 1681 3579 1736 quo
3606 1683 3712 1721 non
3744 1668 3808 1722 ﬁt

2217 1752 2379 1806 homo
2404 1754 2539 1807 liber
2568 1755 2705 1826 lege,
2738 1757 2828 1810 sed
2852 1757 3039 1826 gratia.
3074 1756 3303 1826 Propter
3327 1758 3467 1830 quod
3497 1759 3621 1812 alibi
3651 1759 3804 1826 dicit,
3829 1739 3844 1776 ί

2219 1843 2494 1898 Peccatum
2524 1849 2656 1900 enim
2684 1850 2821 1902 vobis
2851 1867 2950 1903 non
2988 1849 3366 1914 dominabitur;
3393 1867 3496 1904 non
3531 1851 3662 1904 enim
3687 1854 3810 1907 estis

2218 1935 2307 1988 sub
2335 1938 2442 2008 lege
2464 1978 2478 2004 ,
2508 1939 2594 1992 sed
2621 1940 2711 1992 sub
2735 1941 2898 2008 gratia
2927 1939 3106 2010 (Rom.
3137 1957 3208 2004 γι,
3244 1941 3331 2011 14)
3365 1958 3380 1996 ;
3426 1957 3531 1996 ιιοιι
3563 1943 3686 2012 quia
3717 1944 3804 1998 lex

2219 2029 2354 2082 mula
2397 2039 2509 2096 est;
2545 2031 2638 2085 sed
2669 2031 2790 2101 quia
2821 2034 2922 2088 sub
2953 2033 3040 2087 illa
3072 2041 3194 2088 sunt
3234 2049 3368 2102 quos
3411 2050 3531 2090 reos
3560 2035 3687 2090 facit
3716 2037 3809 2106 ju-

2219 2121 2414 2186 bendo,
2447 2137 2553 2176 non
2575 2122 2893 2192 adjuvando.
2924 2123 3102 2180 Gratia
3127 2125 3323 2195 quippe
3341 2125 3562 2196 adjuvat
3587 2135 3646 2182 ut
3665 2129 3806 2200 legis

2221 2213 2444 2282 quisque
2488 2215 2557 2267 sit
2597 2214 2783 2279 iactor,
2817 2217 2932 2270 sine
2961 2231 3063 2287 qua
3107 2219 3273 2287 gratia
3316 2218 3416 2274 sub
3457 2219 3574 2289 lege
3607 2221 3810 2290 positus

2221 2306 2586 2362 tantummodo
2615 2309 2716 2362 erit
2755 2307 2890 2379 legis
2918 2309 3150 2365 auditor.
3193 2310 3410 2366 Talibus
3450 2311 3630 2382 itaque
3655 2313 3808 2381 dicit,

2225 2398 2325 2465 Qui
2377 2400 2428 2452 in
2479 2401 2586 2472 lege
2619 2402 3018 2473 justiﬁcamini,
3075 2420 3108 2456 a
3156 2405 3322 2475 gratia
3373 2406 3630 2460 excidistis
3680 2405 3812 2476 (Ga-

2223 2491 2312 2544 lat.
2335 2507 2388 2557 v,
2416 2490 2494 2562 4).

2291 2582 2518 2638 CAPUT
2536 2583 2846 2642 Kuh—25.
2864 2587 2996 2656 Quis
3015 2587 3086 2641 ita
3105 2587 3174 2642 sit
3196 2588 3386 2642 surdus
3407 2589 3664 2648 adversus
3679 2607 3812 2661 apo-

2223 2675 2435 2728 stolicas
2459 2691 2638 2742 voces,
2669 2679 2786 2748 quis
2811 2680 2880 2732 ita
2907 2679 3154 2749 desipiat,
3179 2680 3287 2734 imo
3313 2680 3540 2736 insaniat
3565 2683 3812 2739 nesciens

2223 2765 2346 2834 quid
2369 2765 2633 2836 loquatur,
2667 2777 2724 2821 ut
2748 2769 2939 2824 audeat
2967 2769 3170 2836 dicere,
3209 2769 3380 2840 legem
3405 2786 3526 2826 esse
3562 2773 3810 2842 gratiam,

2223 2872 2343 2912 cum
2371 2859 2563 2913 clamet
2603 2861 2695 2930 qui
2724 2861 2925 2916 sciebat
2951 2862 3076 2932 quid
3124 2863 3454 2932 loqueretur,
3499 2863 3598 2931 Qui
3626 2865 3678 2918 in
3704 2867 3814 2936 lege

2211 2948 2589 3017 justiﬁcamini,
2618 2967 2649 3003 α
2673 2952 2838 3021 gratia
2863 2952 3118 3007 excidistis
3139 2953 3165 3006 ?
3195 2952 3252 3007 Si
3278 2961 3456 3008 autem
3490 2955 3574 3010 lex
3598 2968 3706 3010 non
3730 2964 3815 3011 est

2223 3041 2410 3110 gratia,
2438 3042 2557 3112 quia
2586 3053 2641 3096 ut
2669 3044 2780 3115 ipsa
2809 3044 2894 3098 lex
2921 3045 3046 3110 ﬁat,
3086 3061 3192 3100 non
3219 3055 3396 3116 potest
3425 3047 3509 3102 lex
3537 3047 3810 3116 adjuvare,

2223 3133 2315 3188 sed
2343 3136 2543 3204 gratia;
2569 3137 2823 3207 numquid
2863 3145 3050 3193 natura
3085 3139 3188 3194 erit
3225 3139 3432 3209 gratia?
3479 3138 3610 3194 Nam
3631 3140 3816 3196 ethoc

2225 3225 2486 3296 Pelagiani
2517 3229 2629 3282 ausi
2673 3239 2796 3283 sunt
2830 3229 3026 3296 dicere,
3059 3239 3282 3302 gratiam
3313 3247 3434 3287 esse
3461 3242 3726 3298 naturam,
3757 3235 3814 3291 in

2223 3334 2327 3388 qua
2353 3320 2428 3374 sic
2453 3322 2620 3375 creati
2650 3337 2834 3377 sumus
2852 3365 2866 3387 ,
2906 3333 2962 3377 ιιι
2993 3325 3284 3380 habeamus
3313 3335 3546 3380 mentem
3575 3328 3812 3382 rationa-

2223 3411 2348 3478 lem,
2370 3427 2474 3482 qua
2505 3413 2798 3484 intelligere
2824 3415 3113 3484 valeamus,
3141 3415 3264 3471 facti
3289 3417 3356 3472 ad
3381 3419 3662 3488 imaginem
3684 3420 3805 3490 Dei,

2222 3512 2281 3557 ut
2317 3502 2656 3560 dominemur
2684 3507 2918 3576 piscibus
2957 3509 3140 3578 maris,
3172 3519 3226 3565 et
3249 3511 3554 3568 volucribus
3579 3514 3726 3582 cmli,
3755 3525 3814 3572 et

2222 3598 2469 3652 omnibus
2523 3599 2808 3668 pecoribus
2857 3616 2978 3671 quae
3021 3613 3216 3672 repunt
3253 3617 3414 3674 super
3444 3614 3662 3661 terram.
3697 3606 3806 3663 Sed

2225 3704 2330 3744 non
2360 3690 2476 3745 haec
2505 3701 2586 3747 est
2609 3692 2777 3762 gratia
2797 3735 2813 3761 ,
2843 3709 3002 3764 quam
3028 3695 3370 3752 commendat
3394 3698 3682 3767 Apostolus
3715 3715 3808 3769 per

2223 3781 2381 3836 ﬁdem
2429 3782 2554 3837 Jesu
2595 3783 2812 3839 Christi.
2855 3784 3004 3842 Hanc
3045 3787 3189 3842 enim
3227 3796 3470 3842 naturam
3498 3790 3656 3844 etiam
3683 3804 3806 3845 cum

2223 3874 2404 3942 impiis
2443 3883 2498 3930 et
2539 3875 2843 3932 inﬁdelibus
2868 3887 3074 3934 certum
3103 3888 3186 3934 est
3223 3881 3377 3936 nobis
3401 3895 3522 3935 esse
3561 3896 3812 3938 commu-

2221 3979 2345 4019 nem
2377 3981 2390 4018 :
2420 3967 2590 4036 gratia
2618 3982 2744 4022 vero
2773 3983 2866 4037 per
2896 3968 3054 4024 fidem
3094 3969 3222 4026 Jesu
3247 3971 3448 4026 ChriSti
3475 3988 3658 4027 eorum
3686 3982 3810 4028 tan-

2225 4059 2494 4114 tummodo
2514 4068 2614 4126 est,
2637 4077 2858 4131 quorum
2881 4073 2964 4118 est
2987 4065 3096 4133 ipsa
3121 4064 3270 4120 ﬁdes.
3293 4063 3416 4120 Non
3435 4067 3566 4120 enim
3588 4068 3812 4122 omnium

2221 4159 2292 4204 est
2321 4152 2448 4218 ﬁdes
2469 4153 2534 4223 (ll
2557 4151 2736 4208 Thess.
2761 4171 2836 4217 ιιι,
2859 4155 2938 4226 2).
2975 4157 3216 4228 Denique
3239 4159 3376 4214 sicut
3395 4161 3474 4214 eis
3504 4161 3590 4230 qui
3617 4162 3810 4216 volen-

2225 4249 2306 4296 tes
2332 4241 2384 4296 in
2415 4242 2531 4312 lege
2558 4245 2860 4312 jnstiﬁcari,
2911 4262 2940 4300 a
2971 4251 3136 4319 gratia
3167 4251 3498 4319 exciderunt,
3534 4254 3812 4311 verissime

2219 4331 2366 4398 dicit,
2411 4333 2472 4388 Si
2496 4351 2558 4388 ea:
2583 4337 2692 4407 lege
2717 4339 2958 4408 justitia,
2999 4358 3117 4413 ergo
3145 4341 3377 4398 Christus
3399 4346 3554 4416 gratis
3579 4357 3812 4402 mortuus

2219 4429 2290 4475 est
2318 4419 2516 4494 (Galat.
2546 4441 2604 4490 ιι,
2632 4425 2724 4498 21)
2755 4445 2767 4480 :
2801 4429 2881 4484 sic
2915 4438 2970 4484 et
2996 4429 3079 4485 his
3106 4433 3193 4502 qui
3221 4435 3444 4502 gratiam
3472 4450 3630 4506 quam
3662 4451 3810 4492 com-

2218 4513 2503 4569 mendatet
2531 4518 2754 4587 percipit
2781 4517 2910 4574 ﬁdes
2933 4519 3153 4588 Christi,
3187 4533 3372 4592 putant
3393 4541 3513 4581 esse
3539 4535 3804 4594 naturam,
3855 4547 3868 4564 ‘-

2215 4606 2494 4664 verissime
2517 4607 2728 4675 dicitur,
2762 4612 2817 4667 Si
2845 4628 2909 4668 ex
2939 4625 3126 4670 natura
3152 4617 3378 4686 justitia,
3409 4635 3536 4690 ergo
3557 4621 3804 4678 Christus

2215 4700 2382 4769 gratis
2409 4710 2650 4757 mortuus
2669 4712 2772 4758 est.
2797 4704 2914 4760 Jam
2941 4706 3030 4762 hic
3053 4709 3194 4764 enim
3225 4719 3341 4765 erat
3369 4712 3472 4778 lex,
3509 4722 3563 4767 et
3591 4729 3695 4769 non
3719 4715 3808 4784 ju-

2217 4789 2509 4856 stiﬂcabat;
2535 4793 2644 4864 jam
2675 4794 2758 4848 hic
2787 4807 2903 4852 erat
2930 4809 2984 4854 et
3011 4809 3222 4866 natura,
3243 4811 3297 4856 et
3323 4817 3428 4856 non
3442 4803 3804 4874 justiﬁcahat:

2215 4881 2338 4938 ideo
2367 4884 2612 4941 Christus
2650 4892 2958 4961 non'gratis
2997 4904 3239 4950 mortuus
3269 4905 3370 4962 est,
3403 4907 3461 4952 ut
3499 4909 3554 4954 et
3583 4899 3668 4954 lex
3705 4915 3806 4970 per

2215 4976 2363 5031 illum
2401 4978 2732 5048 impleretur,
2761 4984 2850 5053 qni
2886 4984 3038 5052 dixit,
3081 4985 3202 5042 Non
3243 4990 3356 5043 veni
3393 4992 3582 5046 soluere
3619 4994 3802 5063 legem,

2212 5071 2302 5125 sed
2325 5071 2534 5142 implere
2561 5074 2772 5143 (Matth.
2801 5093 2854 5145 v,
2892 5079 2984 5151 l7)
3017 5099 3030 5134 :
3069 5090 3124 5136 et
3149 5091 3338 5140 natura
3361 5100 3456 5155 per
3479 5085 3650 5142 Adam
3683 5104 3806 5158 pcr-

2212 5163 2342 5233 dita,
2369 5183 2464 5238 per
2489 5167 2638 5223 illum
2669 5182 3026 5242 repararetur,
3059 5177 3150 5246 qui
3175 5177 3306 5234 dixit
3337 5181 3551 5235 venisse
3577 5195 3636 5236 se
3657 5198 3804 5252 gnte-

2212 5275 2322 5312 rere
2364 5269 2410 5313 et
2437 5260 2633 5315 saluere
2669 5265 2804 5334 quod
2843 5268 3057 5336 perierat
3109 5267 3216 5340 (Id.
3265 5276 3415 5337 xvm,
3458 5274 3545 5337 ll,
3586 5281 3630 5328 et
3671 5273 3802 5330 Luc.

2214 5365 2326 5414 xxx,
2350 5349 2474 5423 10);
2507 5355 2558 5408 in
2578 5370 2734 5424 quem
2760 5367 3039 5413 venturum
3065 5361 3266 5431 antiqui
3287 5363 3445 5418 etiam
3474 5373 3652 5436 patres
3675 5381 3802 5421 cre-

2211 5441 2456 5498 diderant
2485 5446 2526 5510 ²,
2559 5447 2647 5515 qui
2675 5446 2966 5518 diligebant
2987 5450 3173 5506 Deum.

2281 5534 2371 5590 26.
2413 5537 2604 5594 Dicunt
2641 5541 2800 5595 etiam
2841 5543 3060 5612 gratiam
3105 5544 3230 5610 Dei,
3257 5561 3376 5616 qua:
3415 5547 3536 5606 data
3584 5557 3666 5604 est
3695 5564 3797 5619 per

2213 5626 2368 5683 ﬁdem
2394 5629 2520 5686 Jesu
2544 5629 2743 5686 Christi
2768 5673 2784 5699 ,
2815 5647 2936 5703 quas
2967 5649 3144 5706 neque
3172 5636 3254 5691 lex
3281 5647 3363 5694 est
3384 5654 3560 5710 neque
3586 5649 3799 5710 natura,

2275 5831 2398 5896 {sic
2419 5837 2526 5882 Mss.
2551 5832 2666 5896 Editi
2681 5867 2696 5893 ,
2715 5831 2959 5896 putabant.

2271 5893 2293 5924 ¹
2324 5894 2397 5942 sic
2411 5901 2517 5946 Mss.
2535 5895 2653 5945 Editi
2676 5893 2813 5954 vero,
2837 5893 3164 5947 crediderunt.
