2071 3255
181 206 234 235 897

180 262 214 290 ad
230 262 280 290 hoc
294 266 395 289 tantum
409 260 509 293 valere,
526 264 554 287 ut
568 264 674 295 peccata
690 258 823 295 prteterita
836 257 973 285 dimlllall-

181 312 233 341 tur,
250 316 303 336 non
319 312 348 335 ut
360 307 450 335 futura
461 307 586 340 vitentur,
602 307 643 334 vel
657 306 831 341 repugnantia
846 312 976 339 superen-

180 360 232 382 tur.
246 354 300 382 Sed
313 355 335 381 si
349 354 399 381 hoc
413 361 505 381 verum
517 357 597 385 esset,
612 353 701 387 utique
715 352 740 379 in
754 352 874 379 oratione
889 350 974 377 domi-

182 401 239 428 nica
251 421 259 434 ,
275 408 334 427 ctnn
357 399 518 427 dixissemus
530 420 537 431 ,
553 398 657 425 Dimitte
678 398 749 425 nobis
769 397 851 424 debita
871 401 973 428 nostra,

181 447 243 473 sicut
258 450 281 473 et
296 454 342 473 nos
357 445 506 472 dimittimus
528 444 680 471 debitoribus
694 444 802 475 nostris;
823 450 875 470 non
890 441 973 469 adde-

182 499 280 524 retnus,
295 496 317 518 et
333 500 362 518 ne
374 500 419 517 nos
434 491 460 517 in
477 491 571 526 {erasin
583 491 742 516 lettlttllottem
755 489 861 525 (Matth.
876 496 911 521 γι,
928 487 971 520 1‘2,

183 537 237 572 l3).
255 537 318 564 lllud
339 537 408 564 enim
425 536 537 562 dicimus
553 540 579 562 nt
594 541 701 570 peccata
722 535 904 565 dimittantur;
924 534 973 559 hoc

183 589 271 610 autem
285 587 314 610 ut
326 588 478 614 caveantur,
490 583 546 610 sive
558 582 696 608 vincantur
709 591 715 608 :
728 581 798 616 qttod
811 589 826 607 a
841 581 917 607 Patre
928 580 973 613 qni

184 629 209 655 in
226 630 300 657 caelis
314 634 367 661 est,
382 629 450 655 nulla
467 629 569 655 ratione
591 633 741 662 peteremus
752 649 759 659 ,
777 628 799 654 si
813 628 909 654 virtute
920 632 972 653 vo-

185 675 292 702 luntatis
315 676 435 702 human:e
457 676 507 701 hoc
525 682 664 709 possemus
683 674 797 701 efﬁcere.
812 674 974 700 Commoneo

184 727 270 748 autem
285 721 445 748 Charitatem
469 727 603 752 vestram,
620 725 647 748 ct
661 721 772 747 Inuitum
792 720 927 752 exhortor,
946 725 975 746 ut

183 768 251 794 beati
264 766 388 803 Cypriani
412 767 507 794 librum
523 775 600 802 quem
617 767 721 801 scripsit
735 767 768 794 de
783 766 908 793 Oratione
923 767 975 793 Do—

182 813 279 840 minica
291 834 299 846 ,
314 813 456 847 diligenter
468 813 578 848 legatis;
595 818 621 839 et
636 817 762 847 quantum
784 820 830 839 vos
847 813 973 839 Dominus

180 859 321 893 adjuvcrit,
339 859 509 894 intelligalis,
525 859 713 893 memoria'quc
728 858 867 885 tnandetis.
884 858 920 884 lbi
936 858 975 884 vi-

126 919 133 923 -
181 906 276 933 debitis
297 905 520 940 quemadmodum
543 906 580 932 sic
599 906 749 940 alloquntur
770 906 881 932 liberum
904 904 975 932 arbi-

181 951 261 978 trium
275 958 367 978 eorum
379 971 385 982 ,
403 959 470 986 quos
484 951 678 985 conscriptione
695 951 734 977 sui
748 951 879 977 sermonis
893 950 975 977 :cdili-

180 1002 232 1029 cat,
249 1001 277 1024 ut
289 998 412 1025 ostendat
427 1003 513 1025 tamen
529 1006 559 1025 ea
571 1006 629 1032 qua:
644 998 775 1032 implenda
788 998 914 1032 jubenlnr
925 999 933 1013 ¹
948 998 973 1024 in

181 1044 248 1078 lege,
263 1044 288 1070 in
304 1044 426 1071 oratione
444 1052 503 1071 esse
524 1044 665 1078 poscenda.
685 1043 759 1077 Quod
782 1044 873 1078 utique
888 1043 975 1070 vanis-

180 1090 246 1117 sime
265 1090 354 1122 ﬁeret,
370 1090 392 1116 si
410 1090 443 1116 ad
465 1090 507 1116 illa
528 1090 629 1124 agenda
652 1090 710 1116 sine
732 1090 822 1116 divino
842 1090 975 1124 adjutorio

180 1135 301 1162 voluntas
315 1135 430 1162 humana
444 1135 589 1163 sufﬁceret.

216 1182 327 1210 CAPUT
341 1182 410 1209 XIV.
423 1197 458 1202 -ο
468 1183 512 1208 27.
526 1182 578 1210 Sed
591 1191 650 1209 cum
666 1183 763 1209 fuerint
777 1183 906 1215 convicti,
922 1191 973 1210 non

182 1228 345 1260 defensores,
362 1228 408 1256 sed
423 1228 561 1255 inﬂatorcs
571 1233 597 1255 et
611 1228 820 1263 prrecipitatores
841 1228 916 1255 liberi
929 1236 973 1255 ar-

184 1274 255 1300 bitrii
266 1295 272 1307 ,
285 1274 346 1309 quia
358 1282 442 1309 neque
454 1274 563 1302 scientia
579 1274 673 1301 divina:
686 1275 760 1308 legis,
775 1282 859 1308 neque
870 1279 972 1306 natura,

185 1328 270 1355 neque
286 1321 341 1347 sola
360 1322 480 1348 remissio
497 1326 665 1356 peccatorum
682 1325 722 1348 est
743 1322 784 1348 illa
800 1321 901 1356 gratia,
916 1330 974 1356 qua:

185 1375 233 1401 per
251 1367 340 1394 Jcsum
363 1367 494 1395 Christum
520 1368 659 1394 Dominum
681 1373 800 1395 nostrum
825 1368 911 1399 datur,
927 1368 974 1395 sed

183 1413 239 1448 ipsa
256 1413 317 1441 iacit
340 1418 368 1441 ut
389 1414 432 1441 lex
454 1414 603 1448 impleatur,
627 1419 656 1441 ut
678 1419 772 1440 natura
788 1414 923 1445 liberetur,
941 1422 974 1440 ne

183 1463 318 1492 peccatum
339 1459 580 1487 dominetur2cum
600 1467 663 1494 ergo
679 1459 703 1485 in
725 1459 764 1485 his
781 1459 896 1486 convicti
919 1459 975 1485 iue-

182 1506 246 1539 rint,
260 1505 293 1533 ad
307 1505 357 1533 boc
373 1514 402 1533 se
421 1511 593 1538 convertunt,
609 1511 637 1532 ut
650 1513 815 1540 quocumque
835 1505 915 1532 modo
926 1512 974 1532 eoo

182 1557 278 1579 nentur
288 1551 431 1580 ostendere
442 1553 553 1587 gratiam
565 1552 610 1579 Dei
623 1552 767 1579 secundum
779 1551 872 1578 merita
884 1556 974 1578 nostra

179 1597 246 1625 dari.
261 1598 354 1625 Dicunt
364 1601 436 1626 enim
450 1607 457 1625 :
472 1608 482 1625 ‹
500 1598 554 1626 Etsi
569 1606 620 1625 non
632 1598 709 1625 datur
719 1597 863 1625 sCCundum
880 1598 974 1624 merita

180 1643 308 1671 bonorum
327 1651 441 1679 operum
453 1665 460 1677 ,
477 1644 537 1679 quia
558 1652 606 1679 per
625 1644 709 1679 ipsam
725 1644 792 1671 bene
812 1651 973 1678 operantur;

182 1693 271 1717 tamen
284 1690 430 1718 secundum
446 1691 541 1718 merita
559 1691 636 1717 bonre
649 1690 793 1717 voluntatis
805 1690 883 1717 datur
895 1699 902 1717 :
914 1690 974 1724 quia

182 1734 251 1762 bona
265 1735 397 1769 voluntas,
415 1745 424 1762 ι
441 1736 572 1771 inquiunt,
590 1745 599 1761 ‹
619 1736 743 1771 praecedit
757 1736 875 1768 orantis,
892 1743 971 1770 quam

182 1782 319 1815 prmcessit
328 1781 449 1809 voluntas
458 1781 602 1814 credentis,
614 1786 642 1808 ut
653 1781 799 1809 secundum
812 1781 869 1808 base
881 1782 974 1808 merita

183 1827 266 1862 gratia
281 1832 408 1862 sequatur
421 1827 587 1855 exaudientis
602 1828 658 1855 Dei.
679 1837 688 1853 ι

218 1874 263 1902 28.
283 1873 341 1901 Jam
355 1874 460 1908 quidem
472 1873 505 1902 de
519 1874 580 1906 ﬁde,
598 1874 648 1901 hoc
662 1878 712 1906 est,
727 1874 760 1901 de
771 1874 908 1901 voluntate
918 1881 976 1900 cre-

184 1920 271 1948 dentis
291 1920 412 1955 superius
425 1920 556 1955 disputavi
570 1919 682 1956 (Supra,
698 1929 743 1947 nn.
764 1919 860 1956 t6-t8)
871 1941 878 1952 ,
893 1927 976 1954 usque

182 1965 248 1993 adeo
261 1973 319 1993 eam
334 1965 520 1993 demonstrans
532 1966 564 1993 ad
576 1966 687 2001 gratiam
700 1966 831 2000 pertinere
842 1987 849 1998 ,
864 1970 892 1992 ut
904 1967 976 1999 Apo-

182 2011 266 2039 stolus
286 2019 339 2044 non
361 2011 482 2043 diceret,
497 2011 702 2038 Misericordiam
725 2015 885 2038 consecutus
898 2018 955 2037 sum
968 2031 974 2042 ,

182 2057 245 2091 quia
269 2056 354 2084 ﬁdelis
368 2064 460 2088 eram;
473 2056 522 2084 sed
536 2056 650 2089 diceret,
667 2057 869 2083 Misericordiam
890 2064 977 2083 conse-

184 2108 256 2130 cutus
270 2111 342 2136 sum,
365 2107 390 2129 ut
405 2103 488 2137 ﬁdelis
507 2111 586 2130 essem
598 2103 620 2139 (l
642 2103 700 2130 Cor.
715 2111 770 2135 vn,
790 2103 847 2137 25).
865 2103 932 2130 Sunt
951 2107 979 2130 et

186 2147 236 2174 alia
247 2148 408 2180 testimonia,
423 2148 450 2175 in
463 2148 558 2183 quibus
568 2153 609 2176 est
622 2149 691 2183 quod
703 2149 748 2181 ait,
762 2149 851 2183 Sapite
865 2149 898 2175 ad
916 2154 978 2175 tem-

188 2194 338 2229 perantiam,
353 2194 415 2220 sicut
431 2194 563 2229 unicuique
576 2193 644 2221 Deus
660 2195 767 2229 partitus
781 2199 815 2221 est
835 2203 977 2221 mensuram

188 2239 248 2273 ﬁdei
263 2237 348 2274 (Rom.
365 2247 410 2272 xu,
424 2240 462 2275 5).
477 2240 510 2267 Et
523 2240 593 2275 quod
604 2239 659 2274 jam
672 2241 878 2267 commemoravi
891 2249 897 2266 :
911 2240 978 2266 Gra-

188 2285 224 2310 tia
238 2285 304 2312 salvi
324 2285 387 2320 [acti
399 2285 457 2312 estis
472 2293 515 2320 per
527 2285 616 2320 ﬁdem,
633 2291 656 2312 et
667 2286 713 2312 hoc
726 2294 776 2312 non
790 2294 821 2312 ex
835 2286 901 2312 vobis
912 2307 918 2318 ,
934 2285 978 2312 sed

187 2329 236 2357 Dei
246 2331 342 2357 donum
358 2334 397 2358 est
411 2330 516 2366 (Ephes.
532 2339 560 2364 ιι,
574 2331 612 2366 8).
626 2331 659 2359 Et
670 2332 732 2359 illud
744 2331 814 2366 quod
828 2332 933 2366 scripsit
946 2332 978 2358 ad

187 2375 338 2411 Ephesios:
353 2376 412 2404 Pax
433 2377 554 2412 fratribus
576 2382 598 2404 et
622 2378 732 2404 charitas
752 2386 808 2403 cum
833 2378 882 2411 [ide
896 2386 911 2403 a
925 2377 978 2404 Deo

189 2423 265 2449 Patre
287 2427 311 2450 et
331 2422 441 2450 Domino
454 2423 517 2450 Iesu
531 2423 630 2450 Christo
647 2423 701 2459 (Id.
716 2432 760 2456 v1,
774 2424 830 2458 25).
850 2424 883 2450 Ει
898 2424 959 2451 illud
970 2444 978 2455 ,

187 2469 231 2496 ubi
246 2469 300 2496 ait:
315 2468 382 2503 Quia
395 2469 463 2496 vobis
473 2469 596 2496 donatum
611 2474 647 2496 est
659 2478 705 2504 pro
719 2469 827 2500 Christo,
838 2478 887 2496 non
897 2470 978 2496 solum

189 2519 215 2541 ut
229 2515 335 2542 credatis
354 2515 380 2542 in
402 2523 475 2548 eum,
490 2523 575 2543 verum
595 2516 670 2543 etiam
690 2521 718 2542 ut
740 2517 870 2551 patiamini
891 2525 936 2551 pro
951 2525 980 2544 eo

191 2560 320 2597 (Philipp.
335 2570 353 2594 I,
368 2561 426 2595 29).
441 2561 591 2597 Utrumque
605 2570 668 2598 ergo
683 2562 715 2590 ad
730 2563 775 2590 Dei
788 2563 898 2597 gratiam
919 2571 979 2598 per-

191 2608 268 2642 tinet,
282 2612 309 2636 et
328 2608 394 2636 ﬁdes
408 2608 574 2636 credentium
585 2630 592 2642 ,
609 2614 635 2636 et
649 2609 786 2636 tolerantia
809 2609 961 2642 patientium
971 2629 979 2642 ,

191 2653 252 2689 quia
266 2658 405 2689 utrumque
417 2654 483 2682 dixit
495 2661 555 2682 esse
569 2654 706 2682 donatum.
728 2655 761 2682 Et
776 2655 839 2682 illud
855 2656 979 2689 maxime,

192 2699 236 2726 ubi
262 2699 326 2727 dicit
348 2708 356 2727 :
377 2699 505 2728 Habentes
528 2706 612 2728 autem
641 2701 755 2728 eumdem
778 2701 894 2736 spiritum
922 2701 982 2736 ﬁdei

191 2743 227 2780 (ll
238 2743 296 2772 Cor.
312 2753 347 2777 tv,
364 2744 419 2781 15).
435 2745 493 2773 Νοιι
507 2746 579 2774 enim
594 2746 631 2773 ait
643 2767 650 2779 ,
663 2745 806 2774 Scientiam
820 2746 898 2778 ﬁdei;
914 2746 961 2774 sed
972 2767 980 2780 ,

189 2790 307 2825 spiritum
328 2790 388 2825 ﬁdei
399 2791 489 2826 :quod
507 2796 650 2827 propterea
669 2791 752 2824 dixit,
774 2795 804 2818 ut
822 2791 983 2826 intelligere-

190 2843 260 2870 mus,
274 2837 334 2872 quia
345 2836 411 2865 ﬁdes
419 2842 447 2865 et
460 2845 514 2865 non
525 2838 608 2872 petita
621 2837 787 2869 conceditur,
803 2841 831 2864 ut
844 2837 868 2864 ei
881 2837 981 2871 petenti

190 2882 241 2910 alia
253 2882 445 2911 concedantur.
460 2883 594 2916 Quomodo
609 2884 680 2911 enim
695 2882 845 2910 invocabunt
856 2904 864 2918 ,
880 2883 980 2918 inquit,

222 2937 726 2972 Inhumanum.

879 199 981 228 LIBER
999 199 1099 228 UNUS.

1770 204 1823 233 Μ

1029 256 1056 282 in
1069 264 1141 290 quem
1154 264 1204 283 non
1218 257 1377 285 crediderunt
1390 258 1477 293 (Rom.
1493 266 1522 291 x,
1539 258 1603 293 ﬂ)?
1618 258 1690 294 Ergo
1707 260 1821 295 spiritus

1030 301 1122 336 gratim
1144 301 1207 329 facit
1222 307 1250 329 ut
1266 303 1409 331 habeamus
1424 304 1502 331 tidem
1512 325 1521 338 ,
1534 309 1563 332 ut
1577 313 1624 340 per
1637 305 1717 334 ﬁdem
1737 306 1821 340 impe-

1029 352 1130 375 tremus
1151 349 1271 382 orando,
1295 354 1325 377 ut
1347 351 1479 385 possimus
1503 350 1591 379 facere
1612 360 1671 387 qme
1686 352 1819 388 jubemnr.

1028 393 1092 422 Ideo
1104 395 1160 430 ipse
1173 396 1316 430 Apostolus
1326 396 1431 424 assidue
1442 396 1493 432 legi
1505 398 1636 432 praeponit
1646 397 1724 425 ﬁdem
1738 406 1821 433 :quo-

1028 440 1098 468 niam
1111 441 1182 476 quod
1195 442 1236 469 lex
1246 441 1332 477 jubet,
1348 442 1434 471 facere
1449 451 1502 471 non
1513 445 1633 471 valemus
1642 465 1650 478 ,
1664 445 1715 472 nisi
1728 452 1776 480 per
1789 445 1820 472 ll-

1027 487 1087 515 dem
1100 488 1219 523 rogando
1234 490 1417 524 impetremus,
1432 495 1461 517 ut
1472 490 1560 518 facere
1573 491 1718 519 valeamus.

1062 534 1107 562 29.
1128 534 1193 562 Nam
1213 535 1235 562 si
1257 535 1322 563 [ides
1343 536 1417 563 liberi
1437 541 1478 563 est
1493 536 1676 564 tantummodo
1697 537 1818 571 arbitrii,

1027 587 1077 607 nec
1090 580 1167 607 datur
1178 584 1195 607 a‘
1206 581 1270 613 Deo,
1287 586 1397 616 propter
1409 581 1472 616 quid
1483 589 1531 616 pro
1544 582 1582 609 eis
1596 583 1641 618 qui
1655 584 1748 611 nolunt
1760 591 1821 611 cre-

1027 625 1099 658 dere,
1115 633 1222 653 oramus
1246 631 1274 654 ut
1295 627 1422 654 credant?
1443 628 1518 661 Quod
1540 636 1650 664 prorsus
1673 630 1821 658 faceremus

1027 671 1149 704 inaniter,
1166 672 1214 699 nisi
1229 673 1376 700 rectissime
1392 673 1571 707 crederemus,
1587 674 1667 702 etiam
1681 682 1821 710 perversas

1026 721 1054 744 et
1067 717 1125 744 lldei
1139 718 1284 745 contrarias
1296 718 1446 747 voluntates
1459 720 1668 755 omnipotentem
1690 721 1771 748 Deum
1787 721 1821 749 ad

1026 762 1188 790 credendum
1203 771 1280 798 posse
1292 769 1459 792 convertere.
1477 765 1601 792 Liberum
1617 765 1722 800 quidem
1735 766 1822 793 homi-

1027 808 1068 835 nis
1088 809 1226 836 arbitrinm
1248 810 1377 843 pulsatur,
1397 810 1442 837 ubi
1463 810 1578 837 dicitur:
1592 810 1677 838 Hodie
1696 812 1718 838 si
1734 819 1820 838 vocem

1027 854 1082 889 ejus
1095 854 1236 888 audieritis,
1249 855 1325 882 nolite
1337 855 1463 883 obdurare
1471 856 1549 883 corda
1556 861 1638 883 vestra
1649 856 1735 892 (Psal.
1748 865 1818 891 xctv,

1027 899 1067 935 8).
1082 900 1136 928 Sed
1151 900 1202 928 nisi
1216 906 1307 936 posset
1321 902 1390 929 Deus
1402 902 1481 929 etiam
1493 902 1617 929 duritiam
1631 903 1719 930 cordis
1731 903 1820 930 aufer-

1026 954 1066 981 re,
1081 954 1134 974 non
1155 947 1257 975 diceret
1276 956 1323 982 per
1342 949 1498 984 prophetam
1513 949 1653 984 :Auferam
1675 949 1706 976 ab
1728 950 1763 977 eis
1777 957 1820 976 cor

1027 994 1163 1030 lapideum,
1180 999 1203 1022 et
1218 995 1281 1021 dabo
1294 995 1329 1022 eis
1342 1003 1386 1022 cor
1399 1004 1526 1023 carneum.
1542 996 1618 1030 Quod
1632 996 1664 1024 de
1680 1003 1749 1023 novo
1765 996 1820 1024 Te-

1027 1045 1160 1068 stamento
1174 1039 1255 1068 fuisse
1269 1041 1433 1075 prmdietum,
1450 1042 1514 1068 satis
1529 1042 1674 1076 Apostolus
1689 1041 1819 1074 ostendit,

1027 1086 1071 1113 ubi
1086 1086 1123 1113 ait
1139 1095 1145 1112 ε
1162 1085 1279 1121 Epistola
1297 1091 1384 1113 nostra
1409 1095 1452 1113 vos
1477 1087 1545 1120 estis,
1568 1088 1663 1122 scripta
1684 1095 1734 1114 non
1748 1092 1820 1114 atra-

1027 1137 1120 1165 mento,
1135 1133 1179 1159 sed
1192 1133 1281 1167 spiritu
1296 1132 1342 1160 Dei
1357 1133 1405 1160 viai
1413 1141 1423 1164 ,'
1437 1141 1488 1160 non
1502 1134 1528 1160 in
1542 1133 1634 1161 tabulis
1647 1133 1764 1168 lapideis,
1775 1132 1820 1160 sed

1026 1180 1053 1206 in
1069 1180 1160 1206 tabulis
1173 1180 1256 1207 cordis
1270 1179 1413 1207 carnalibus
1427 1180 1436 1215 (
1448 1179 1469 1207 ll
1482 1179 1541 1207 Cor.
1558 1188 1597 1213 Ill,
1611 1179 1661 1216 2).
1676 1180 1751 1214 Quod
1767 1188 1821 1207 non

1028 1226 1088 1253 ideo
1100 1226 1200 1253 dictum
1214 1230 1347 1260 putemus,
1363 1230 1391 1253 ut
1405 1226 1549 1253 carnaliter
1561 1227 1652 1254 vivant
1667 1227 1712 1261 qui
1723 1226 1821 1253 debent

1027 1272 1200 1306 spiritualiter
1214 1272 1303 1299 vivere
1317 1281 1323 1299 :
1336 1272 1383 1299 sed
1394 1292 1400 1304 ,
1417 1272 1478 1307 quia
1502 1273 1570 1307 lapis
1589 1272 1648 1300 sine
1666 1280 1745 1300 sensu
1759 1278 1819 1306 est,

1027 1318 1070 1345 cui
1085 1323 1270 1352 comparatum
1288 1322 1329 1345 est
1348 1325 1395 1345 cor
1412 1318 1508 1345 durum
1519 1339 1526 1351 ,
1540 1318 1584 1345 cui
1599 1319 1649 1345 nisi
1670 1318 1743 1345 carni
1758 1325 1821 1346 sen-

1028 1363 1102 1390 tienti
1118 1371 1165 1390 cor
1179 1363 1330 1398 intelligens
1344 1362 1437 1390 debuit
1449 1363 1617 1397 comparari?
1627 1363 1673 1391 Sic
1684 1364 1755 1390 enim
1770 1363 1821 1390 hoc

1026 1408 1123 1435 dicitur
1144 1416 1191 1443 per
1204 1408 1372 1436 Ezechielem
1388 1408 1545 1443 prophetam
1560 1417 1566 1435 :
1580 1408 1614 1436 Et
1629 1408 1694 1436 dabo
1707 1409 1743 1436 eis
1753 1429 1761 1442 ,
1777 1409 1820 1436 in-

1026 1455 1098 1489 quit,
1114 1463 1157 1481 cor
1170 1455 1251 1487 aliud,
1263 1460 1286 1482 et
1300 1455 1416 1490 spiritum
1428 1463 1520 1482 novum
1533 1455 1598 1482 dabo
1611 1456 1665 1489 eis;
1678 1461 1701 1483 et
1714 1456 1820 1484 evellam

1026 1508 1070 1528 cor
1085 1501 1214 1536 lapideum
1226 1502 1258 1528 de
1270 1510 1346 1529 carne
1357 1510 1453 1534 eorum,
1469 1506 1493 1529 et
1506 1502 1571 1529 dabo
1585 1503 1621 1530 eis
1635 1511 1678 1530 cor
1689 1511 1818 1536 corneum,

1027 1552 1055 1574 ut
1068 1548 1095 1574 in
1111 1548 1241 1583 preceptis
1256 1548 1318 1575 meis
1337 1548 1480 1581 ambulent,
1495 1553 1518 1575 et
1534 1548 1732 1584 justiﬁcationes
1752 1557 1820 1576 meas

1028 1592 1165 1625 observent,
1182 1598 1205 1620 et
1218 1593 1312 1629 faciant
1327 1602 1370 1621 eas
1382 1601 1391 1621 :
1401 1598 1425 1620 et
1445 1598 1517 1621 erunt
1531 1594 1593 1620 mihi
1603 1595 1629 1621 in
1643 1595 1764 1630 populum
1776 1615 1784 1628 ,
1797 1599 1821 1622 et

1026 1649 1072 1676 ego
1082 1649 1124 1668 ero
1135 1641 1170 1668 eis
1180 1641 1206 1667 in
1217 1640 1310 1674 Deum,
1322 1641 1382 1667 dicit
1396 1640 1520 1668 Dominus
1535 1640 1641 1676 (Ezech.
1654 1649 1692 1675 xt,
1706 1642 1750 1675 19,
1761 1641 1819 1677 20).

1026 1687 1159 1722 Numquid
1182 1695 1245 1722 ergo
1265 1695 1407 1722 possumus
1430 1687 1479 1714 nisi
1501 1687 1693 1716 absurdissime
1713 1688 1819 1722 dicere,

1027 1732 1127 1760 bonutn
1141 1733 1266 1760 meritum
1286 1732 1362 1760 bona:
1376 1732 1522 1760 voluntatis
1545 1733 1571 1760 in
1586 1733 1693 1761 homine
1707 1741 1822 1768 praeces-

1027 1778 1096 1805 sisse
1106 1799 1113 1811 ,
1131 1782 1159 1804 nt
1178 1778 1340 1806 evelleretur
1353 1778 1361 1794 ι
1376 1778 1410 1805 ab
1423 1785 1456 1805 eo
1470 1785 1518 1805 cor
1538 1778 1670 1813 lapideum
1683 1787 1689 1805 :
1704 1778 1823 1812 quando-

1028 1824 1134 1859 quidem
1149 1824 1235 1859 ipsum
1248 1831 1294 1851 cor
1308 1823 1441 1859 lapideum
1456 1832 1510 1851 non
1523 1824 1655 1859 signiﬁcat
1673 1824 1722 1851 nisi
1735 1824 1822 1852 duris-

1027 1870 1123 1897 simam
1138 1870 1300 1897 voluntatem
1320 1874 1348 1898 et
1369 1869 1497 1898 adversus
1518 1870 1601 1897 Deum
1622 1871 1731 1898 omnino
1747 1870 1823 1898 inﬂe-

1028 1914 1154 1942 xibilem?
1171 1915 1219 1943 Ubi
1233 1915 1303 1942 enim
1319 1915 1445 1950 praecedit
1464 1915 1533 1943 bona
1546 1916 1686 1950 voluntas,
1698 1916 1753 1952 jam
1768 1925 1821 1945 non

1028 1966 1069 1989 est
1082 1963 1173 1997 utique
1185 1969 1232 1989 cor
1246 1961 1390 1996 lapideum.

1065 2007 1110 2035 50.
1123 2007 1189 2034 Nam
1204 2012 1231 2035 et
1244 2007 1297 2035 alio
1309 2007 1368 2035 loco
1382 2016 1430 2043 per
1443 2008 1567 2037 eumdem
1583 2009 1739 2045 prophetam
1750 2011 1822 2040 Deus

1030 2052 1246 2080 manifestissime
1269 2053 1405 2086 ostendit,
1427 2061 1481 2081 non
1503 2059 1612 2089 propter
1625 2063 1718 2083 eorum
1733 2056 1821 2091 aliqua

1029 2098 1098 2126 bona
1119 2099 1230 2133 merita,
1245 2098 1292 2126 sed
1314 2103 1422 2134 propter
1436 2107 1533 2127 nomen
1552 2108 1630 2128 suum
1652 2101 1702 2129 ista
1717 2101 1820 2134 facere,

1031 2145 1074 2172 ubi
1089 2140 1144 2172 ait:
1158 2144 1214 2180 Ego
1229 2145 1295 2180 facio
1306 2145 1327 2177 ’,
1342 2145 1431 2172 domus
1446 2145 1545 2173 Israel:
1557 2147 1602 2174 sed
1617 2152 1720 2183 propter
1732 2156 1823 2176 nomen

1031 2198 1112 2218 meum
1124 2182 1239 2217 sanctum
1252 2190 1320 2225 quod
1335 2191 1487 2226 profanastis
1501 2191 1527 2218 in
1539 2182 1668 2227 gentibus,
1679 2202 1728 2228 quo
1741 2194 1822 2221 intra-

1030 2237 1075 2264 stis
1093 2236 1154 2263 illuc
1165 2245 1174 2263 :
1185 2241 1208 2264 et
1222 2236 1387 2271 sancti/icabo
1403 2245 1492 2264 nomen
1513 2246 1596 2264 meum
1616 2247 1736 2274 magnum
1755 2240 1824 2276 quod

1032 2284 1195 2317 profanatum
1210 2287 1246 2309 est
1259 2282 1285 2309 in
1298 2281 1413 2317 gentibus
1424 2303 1432 2316 ,
1447 2283 1515 2317 quod
1529 2284 1683 2318 profanastis
1701 2286 1728 2312 in
1742 2286 1824 2313 medio

1032 2335 1137 2360 eorum;
1154 2333 1177 2355 et
1190 2328 1268 2355 scient
1289 2332 1373 2363 gentes
1392 2328 1452 2363 quia
1469 2337 1514 2363 ego
1531 2337 1586 2355 sum
1610 2329 1751 2363 Dominus,
1765 2331 1825 2358 dicit

1031 2373 1130 2400 Adonei
1144 2373 1279 2406 Dominus,
1295 2382 1353 2400 cum
1366 2374 1536 2409 sancti/iectus
1554 2377 1628 2411 fuero
1643 2376 1669 2403 in
1687 2376 1755 2404 vobis
1768 2383 1827 2406 ante

1032 2420 1118 2447 oculos
1129 2427 1225 2447 eorum.
1242 2419 1275 2446 Et
1298 2420 1420 2455 accipiant
1435 2428 1478 2447 vos
1492 2420 1524 2447 de
1537 2421 1667 2456 gentibus,
1685 2427 1708 2449 et
1719 2430 1825 2459 congre-

1032 2465 1096 2500 gabo
1107 2474 1150 2492 vos
1164 2473 1195 2492 ea:
1207 2464 1323 2492 omnibus
1338 2465 1426 2498 terris,
1452 2470 1474 2492 et
1493 2466 1612 2493 inducam
1626 2475 1668 2494 vos
1685 2467 1711 2495 in
1734 2473 1826 2496 terram

1032 2517 1140 2538 vestram
1151 2518 1160 2538 :
1171 2515 1194 2538 et
1207 2519 1341 2547 aspergam
1354 2518 1397 2538 vos
1407 2520 1474 2547 aqua
1487 2512 1591 2545 munda,
1606 2517 1629 2540 et
1642 2514 1827 2542 mundabimini

1033 2558 1064 2585 ab
1078 2557 1193 2584 omnibus
1212 2557 1379 2584 immunditiis
1402 2558 1506 2591 uestris,
1520 2564 1543 2585 et
1566 2559 1597 2586 ab
1617 2560 1731 2587 omnibus
1751 2561 1828 2589 idolis

1033 2603 1130 2636 uestris,
1146 2607 1170 2630 et
1181 2603 1191 2618 ³
1203 2602 1330 2629 mandabo
1349 2610 1392 2629 vos
1404 2610 1412 2629 :
1422 2607 1445 2630 et
1465 2603 1531 2631 dabo
1544 2604 1612 2631 vobis
1624 2613 1668 2632 cor
1682 2614 1772 2633 novum
1783 2627 1790 2639 ,
1805 2611 1829 2633 et

1033 2649 1151 2684 spiritum
1170 2656 1261 2676 novum
1280 2648 1345 2675 dabo
1365 2648 1391 2675 in
1405 2648 1492 2681 vobis;
1511 2655 1533 2676 et
1553 2652 1682 2685 auferetur
1702 2659 1745 2677 cor
1760 2651 1828 2685 lapi-

1035 2694 1109 2721 deum
1129 2694 1161 2721 de
1173 2702 1249 2721 carne
1268 2698 1364 2727 vestra,
1379 2698 1403 2721 et
1421 2694 1486 2721 dabo
1498 2694 1567 2722 vobis
1588 2703 1631 2722 cor
1650 2703 1767 2722 corneum
1779 2716 1786 2729 ,
1804 2700 1828 2723 et

1069 2816 1078 2833 ί
1096 2816 1169 2846 Editi,
1182 2814 1332 2841 caederetur.
1346 2817 1374 2847 at
1381 2815 1485 2839 Vaticani
1497 2818 1560 2844 Mss,
1572 2814 1713 2847 crederetur
1728 2821 1737 2840 :
1748 2818 1829 2847 recte;

1035 2854 1091 2882 natu
1102 2848 1128 2873 in
1138 2846 1427 2882 Esechieleprretnissum
1434 2848 1477 2882 est
1485 2863 1492 2875 ,
1504 2848 1527 2870 et
1538 2845 1646 2882 apellant.

1067 2880 1078 2895 ’
1095 2882 1145 2915 Αιιι.
1157 2881 1193 2902 Er.
1203 2881 1233 2914 _et
1250 2876 1342 2908 aliquot
1353 2880 1418 2905 Mss,
1430 2880 1480 2900 Non
1491 2879 1587 2908 propter
1599 2883 1639 2902 vos
1653 2877 1778 2934 regem.

1069 2910 1079 2926 ³
1096 2913 1138 2934 mc
1149 2908 1289 2934 particulam
1299 2924 1306 2934 .
1318 2910 1357 2934 et.
1377 2906 1510 2934 adiecimus
1526 2913 1558 2932 ex
1577 2911 1630 2933 Mss.
1640 2926 1648 2934 .
1666 2915 1699 2934 au
1773 2917 1778 2933 t

1069 2910 1079 2926 ³
1096 2910 1138 2934 Hic
1149 2906 1306 2941 particulam,
1318 2910 1357 2937 et,
1377 2906 1510 2938 adiecimus
1526 2906 1558 2932 ex
1577 2911 1630 2933 Mss.
1640 2926 1648 2940 ,
1666 2906 1757 2940 quibus
1773 2915 1830 2934 oon-

1037 2942 1112 2966 sentit
1118 2939 1197 2973 grieta
1207 2939 1282 2965 lectio
1290 2941 1354 2964 Lxx.
1470 2945 1473 2947 ’
1563 2963 1566 2966 ,
1675 2939 1683 2940 ί
1828 2971 1833 2977 ⁸

1750 3072 1770 3082 ο
