4142 6544
511 506 617 565 899

511 622 744 694 spiritum
770 634 932 676 meum
959 614 1088 670 dabo
1113 613 1166 667 in
1192 610 1327 667 vobis
1349 625 1368 665 .°
1390 617 1435 663 et
1470 608 1654 680 faciam
1680 614 1736 660 ut
1759 606 1811 658 in
1831 595 2085 674 justiﬁed-

512 714 725 769 tionibus
752 711 872 764 meis
902 704 1180 767 ambuletis,
1216 712 1259 759 et
1276 700 1475 773 judicia
1507 715 1617 753 mea
1645 695 1906 752 observetis
1935 700 1980 745 et
2009 695 2090 762 fa-

510 807 649 861 ciatis
676 778 882 871 (Ezech.
910 813 1099 864 xxxvt,
1117 792 1329 865 22-27).
1356 790 1568 861 Quisita
1596 790 1665 844 sit
1678 802 1872 853 caecus,
1894 791 1954 839 ut
1978 796 2086 857 non

509 899 718 960 videat;
748 893 868 965 quis
897 892 967 947 ita
993 886 1254 961 lapideus,
1290 894 1348 943 ut
1376 900 1482 940 non
1510 883 1740 950 sentiat,
1774 880 1932 935 istam
1968 891 2089 946 gra-

509 989 635 1043 tiam
657 1029 671 1052 ,
700 1001 806 1051 non
849 981 1140 1039 secundum
1188 978 1375 1035 merita
1412 977 1568 1033 bonze
1614 971 1902 1027 voluntatis
1930 967 2083 1031 dari,

510 1079 733 1134 Domino
777 1077 988 1133 dicente
1034 1086 1192 1144 atque
1235 1077 1500 1135 testante,
1535 1065 1647 1139 Ego
1693 1063 1864 1137 facio,
1911 1059 2089 1113 domus

507 1170 693 1238 Israel,
719 1169 807 1224 sed
833 1178 1039 1239 propter
1059 1181 1236 1220 nomen
1262 1179 1426 1217 meum
1448 1156 1723 1219 sanctum?
1750 1154 1926 1223 Quare
1947 1152 2087 1207 enim

507 1262 660 1331 dixit,
692 1260 803 1334 Ego
847 1261 1001 1330 facio,
1044 1257 1134 1317 sed
1178 1265 1380 1327 propter
1408 1268 1587 1309 nomen
1616 1266 1780 1304 meum
1820 1255 2088 1310 sanctum;

506 1356 610 1413 nisi
639 1371 706 1413 ne
736 1353 812 1409 illi
854 1360 1098 1425 putarent
1128 1358 1345 1421 propter
1372 1348 1511 1403 bona
1560 1343 1749 1399 merita
1797 1355 1895 1397 sua
1926 1338 2042 1395 fieri
2068 1378 2085 1419 ,

507 1448 650 1521 quod
698 1464 805 1503 non
844 1446 1167 1504 erubescunt
1208 1442 1387 1497 dicere
1427 1435 1735 1508 Pelagiani?
1764 1451 1871 1492 non
1918 1433 2089 1491 solum

419 1598 429 1606 ,
507 1549 685 1609 autem
717 1539 857 1595 bona
886 1537 1074 1593 merita
1116 1549 1302 1592 eorum
1331 1533 1492 1600 nulla,
1519 1545 1705 1586 verum
1745 1528 1906 1584 etiam
1950 1524 2089 1583 mala

509 1628 700 1685 merita
729 1624 1067 1699 praecessisse
1091 1620 1459 1685 demonstrat,
1488 1614 1736 1682 dicendo,
1768 1613 1854 1669 sed
1882 1622 2089 1684 prapter

508 1736 689 1775 nomen
736 1734 904 1773 meum
940 1724 1198 1778 sanctum,
1227 1709 1362 1782 quod
1408 1709 1715 1782 profanastis
1743 1706 1796 1762 in
1834 1704 2086 1778 gentibus.

508 1809 637 1878 Quis
665 1825 774 1864 non
800 1807 976 1863 videat
1005 1807 1327 1860 horrendum
1357 1802 1554 1857 malum
1582 1814 1722 1864 esse,
1748 1812 1940 1855 nomen
1966 1810 2090 1871 san-

508 1910 651 1958 ctum
679 1899 885 1955 Domini
908 1894 1224 1968 profanare?
1246 1894 1312 1948 Et
1339 1903 1515 1959 tamen
1546 1898 1760 1963 propter
1788 1890 1961 1959 ipsum
1990 1901 2089 1939 no-

507 2009 631 2049 men
663 2008 865 2057 meum,
893 1989 1082 2060 inquit,
1113 1986 1255 2061 quod
1282 1984 1601 2056 profanastis
1629 1997 1748 2047 vos,
1776 1995 1875 2051 ego
1900 1977 2090 2034 faciam

507 2101 605 2142 vos
634 2086 802 2140 bonos
821 2125 837 2152 ,
868 2098 971 2137 non
1015 2090 1230 2151 pr0pter
1260 2093 1356 2133 vos
1379 2095 1392 2130 :
1414 2086 1464 2132 et
1492 2074 1817 2144 sanctiﬁcabo
1837 2113 1854 2140 ,
1886 2071 2087 2141 inquit,

509 2195 689 2233 nomen
718 2192 884 2230 meum
919 2189 1192 2245 magnum,
1221 2170 1355 2241 quod
1383 2174 1709 2241 profanatum
1734 2175 1804 2220 est
1842 2165 1897 2218 in
1922 2163 2084 2234 genti-

513 2269 620 2333 bus,
648 2266 781 2338 quod
809 2265 1117 2338 profanastis
1154 2264 1209 2317 in
1250 2252 1413 2316 medio
1440 2277 1630 2315 eorum.
1662 2256 2003 2314 Sanctiﬁcure
2032 2270 2091 2311 se

508 2358 635 2414 dicit
664 2373 857 2412 nomen
894 2371 1048 2411 suum
1074 2396 1087 2419 ,
1115 2352 1257 2425 quod
1298 2351 1542 2422 superius
1570 2350 1777 2404 dixerat
1821 2357 2086 2403 sanctum.

507 2450 623 2507 Hoc
661 2459 742 2505 est
773 2463 900 2518 ergo
929 2445 1070 2517 quod
1101 2459 1315 2500 oramus
1344 2444 1393 2497 in
1424 2443 1665 2499 oratione
1690 2438 1977 2505 dominica,
2005 2435 2088 2492 di-

509 2553 693 2598 centes
713 2582 726 2605 ,
757 2537 1119 2607 Sanctificelur
1158 2552 1339 2590 nomen
1376 2545 1516 2589 tuum
1543 2531 1768 2608 (Matth.
1801 2547 1873 2596 v1,
1899 2529 1971 2602 9)
1998 2546 2010 2582 :
2036 2536 2092 2583 ut

511 2631 872 2689 sanctiﬁcetur
912 2629 965 2685 in
999 2629 1304 2684 hominibus
1325 2628 1363 2694 ³,
1394 2627 1533 2698 quod
1564 2643 1659 2699 per
1708 2626 1943 2696 seipsum
1974 2623 2091 2680 sine

509 2710 671 2780 dubio
714 2738 927 2796 semper
972 2732 1053 2777 est
1103 2730 1366 2775 sanctum.
1418 2716 1658 2789 Denique
1703 2717 1947 2788 sequitur
1977 2732 1992 2769 :
2022 2712 2093 2770 Et

508 2815 663 2870 scient
687 2830 859 2868 omnes
884 2822 1053 2886 gentes
1084 2810 1203 2884 quia
1229 2826 1320 2881 ego
1346 2826 1459 2865 sum
1486 2809 1735 2863 Dominus
1754 2850 1770 2876 ,
1798 2807 1920 2861 dicit
1954 2805 2086 2860 Ado-

510 2906 597 2961 nai
622 2904 872 2960 Dominus
894 2946 909 2972 ,
943 2920 1058 2959 cum
1096 2903 1440 2973 sanctificatus
1484 2905 1627 2975 fuero
1676 2902 1728 2956 in
1773 2899 1929 2954 vobis.
1960 2894 2092 2953 Cum

510 3013 636 3071 ergo
665 2998 779 3068 ipse
819 3011 1033 3067 semper
1060 2996 1130 3050 sit
1165 3002 1382 3050 sanctus
1404 3036 1421 3065 ,
1448 2992 1810 3048 sanctificatur
1833 2998 2008 3045 tamen
2037 2989 2091 3055 in

510 3088 589 3145 eis
622 3088 816 3160 quibus
862 3087 1084 3158 largitur
1111 3086 1336 3158 gratiam
1367 3093 1507 3140 tuam
1532 3127 1548 3155 ,
1589 3081 1881 3153 auferendo
1923 3080 1992 3135 ab
2017 3081 2096 3136 eis

514 3195 607 3236 cor
646 3177 937 3251 lapideum,
981 3190 1078 3250 per
1108 3176 1248 3250 quod
1288 3192 1483 3233 nomen
1522 3172 1733 3232 Domini
1775 3175 2092 3251 profanave-

512 3283 656 3329 runt.
1384 3344 1389 3352 -

583 3360 814 3420 CAPUT
837 3357 1127 3419 XV.—5l.
1145 3358 1223 3418 Ne
1240 3370 1417 3418 autem
1437 3368 1669 3433 putetur,
1682 3358 1815 3417 nihil
1828 3358 1901 3417 ibi
1921 3358 2097 3417 facere

514 3457 661 3527 ipsos
690 3455 931 3511 homines
962 3470 1058 3528 per
1082 3455 1308 3511 liberum
1331 3452 1627 3520 arbitrium,
1658 3453 1778 3509 ideo
1805 3454 1858 3510 in
1890 3450 2095 3524 psalmo

517 3545 728 3612 dicitur,
771 3542 946 3600 Nolite
987 3545 1233 3601 obdurare
1260 3547 1414 3601 corda
1451 3555 1630 3601 vestra.
1672 3542 1739 3601 Et
1783 3561 1880 3616 per
1921 3546 2093 3614 ipsum

515 3634 871 3707 Ezechielem,
903 3635 1148 3710 Projicite
1174 3655 1207 3692 a
1234 3637 1370 3693 vobis
1396 3655 1566 3692 omnes
1581 3636 1857 3710 impietates
1882 3620 2088 3702 vestras,

515 3747 641 3802 quas
660 3730 811 3801 impie
833 3730 1002 3801 egistis
1022 3731 1075 3785 in
1099 3746 1197 3797 me,
1221 3739 1267 3784 et
1288 3729 1439 3800 facile
1463 3726 1599 3784 vobis
1627 3745 1714 3785 cor
1732 3746 1913 3784 novum
1930 3737 1975 3783 et
1990 3728 2096 3801 spi-

510 3821 664 3875 ritum
685 3837 888 3890 novum,
916 3832 961 3877 et
989 3822 1140 3896 facite
1163 3818 1332 3877 omnia
1358 3821 1600 3877 mandata
1625 3839 1756 3877 mea.
1777 3820 1969 3892 thuid
1988 3806 2094 3876 ino-

510 3910 731 3979 riemini,
750 3911 929 3967 domus
957 3908 1155 3978 Israel,
1187 3910 1308 3967 dicit
1337 3910 1627 3967 Dominus?
1660 3916 1779 3984 quia
1809 3913 1924 3966 nolo
1958 3928 2095 3966 mor-

513 4013 611 4059 tem
652 4005 939 4070 morientis,
970 4005 1089 4058 dicit
1117 4004 1316 4059 Adonei
1339 4004 1609 4074 Dominus,
1642 4015 1688 4060 et
1710 4004 2054 4065 convertimini
2074 4007 2095 4039 ³

512 4102 561 4150 et
588 4094 756 4150 vivetis
783 4090 992 4170 (Ezech.
1021 4112 1169 4163 xvm,
1199 4092 1287 4162 51,
1318 4093 1431 4170 52).
1451 4096 1849 4154 Meminerimus
1876 4114 1997 4154 eum
2023 4099 2099 4154 di-

512 4202 656 4257 cere,
680 4200 727 4244 et
754 4189 1096 4244 convertimini
1111 4194 1157 4242 et
1171 4188 1337 4244 vivetis
1348 4208 1367 4256 ;
1384 4188 1468 4246 cui
1493 4191 1705 4258 dicitur,
1722 4190 1961 4247 Converte
1983 4209 2095 4260 nos,

512 4278 651 4335 Deus
697 4278 869 4347 (Psal.
921 4295 1099 4344 Lxxtx,
1135 4278 1189 4349 4,
1225 4289 1270 4334 ει
1317 4296 1518 4347 nxxxv,
1560 4282 1640 4353 5).
1687 4278 2088 4338 Meminerimus

513 4387 634 4428 eum
666 4372 866 4438 dicere,
899 4371 1143 4444 Projicite
1167 4390 1198 4425 a
1223 4373 1358 4427 vobis
1383 4392 1555 4429 omnes
1584 4376 1863 4447 impietates
1884 4386 2095 4442 vestras;

512 4480 632 4521 cum
661 4467 773 4534 ipse
787 4464 1046 4535 justificet
1070 4465 1284 4536 impium
1309 4464 1480 4539 (Rom.
1502 4482 1573 4533 tv,
1597 4468 1674 4540 5).
1702 4467 2097 4524 Meminerimus

512 4556 687 4626 ipsum
716 4553 916 4624 dicere,
946 4554 1125 4610 Facite
1151 4556 1292 4611 vobis
1335 4574 1422 4612 cor
1452 4575 1644 4613 novum
1670 4569 1716 4614 et
1739 4561 1971 4629 spiritum
2000 4578 2094 4616 no-

512 4662 666 4711 vum;
693 4647 784 4717 qui
828 4646 994 4712 dicit,
1030 4644 1170 4702 Dabo
1212 4646 1348 4703 vobis
1393 4666 1480 4703 cor
1520 4666 1735 4721 novum,
1777 4661 1823 4706 et
1862 4652 2098 4723 spiritum

515 4756 697 4792 novum
727 4739 857 4794 dabo
885 4740 937 4793 in
964 4739 1118 4794 vobis.
1148 4740 1426 4808 Quomodo
1452 4757 1579 4813 ergo
1607 4744 1695 4813 qui
1739 4743 1882 4811 dicit,
1918 4739 2096 4803 Facite

519 4831 693 4895 vobis;
723 4830 825 4885 hoc
849 4830 999 4899 dicit,
1030 4830 1173 4887 Dabo
1197 4833 1332 4887 vobis
1350 4833 1376 4887 ?
1397 4835 1572 4901 Quare
1594 4835 1765 4904 jubet,
1795 4837 1836 4891 si
1865 4837 1976 4905 ipse
2003 4836 2099 4890 da-

515 4933 663 4978 turus
693 4924 810 4979 est?
832 4923 1007 4992 Quare
1032 4924 1143 4994 dat,
1174 4925 1219 4981 si
1250 4925 1409 5003 homo
1437 4928 1670 5007 facturus
1696 4938 1813 4994 est;
1842 4929 1945 4983 nisi
1970 4928 2094 4999 quia

514 5016 601 5072 dat
627 5016 766 5088 quod
785 5016 954 5088 jubet,
978 5033 1099 5072 eum
1127 5011 1345 5089 adjuvat
1362 5031 1418 5075 ut
1438 5021 1595 5076 faciat
1617 5022 1701 5077 cui
1724 5021 1913 5092 jubet?
1939 5022 2092 5087 Sent-

515 5123 609 5179 per
646 5118 728 5163 est
771 5119 948 5163 autem
984 5108 1039 5164 in
1091 5111 1243 5175 nobis
1291 5112 1535 5169 voluntas
1584 5113 1787 5179 libera,
1837 5113 1934 5168 sed
1984 5129 2092 5170 non

512 5214 727 5272 semper
773 5210 857 5255 est
893 5198 1050 5256 bona.
1101 5200 1211 5258 Aut
1245 5205 1388 5260 enim
1430 5221 1460 5258 a
1513 5204 1717 5276 iustitia
1761 5205 1925 5262 libera
1967 5218 2048 5265 est
2073 5248 2095 5278 ,

510 5290 725 5361 quando
754 5293 914 5348 servit
946 5302 1183 5373 peccato,
1226 5303 1281 5350 et
1326 5303 1449 5352 tunc
1473 5306 1557 5352 est
1583 5296 1720 5353 mala
1742 5312 1763 5363 ε,
1785 5306 1880 5353 aut
1904 5314 1935 5354 a
1964 5313 2092 5375 pec-

509 5392 628 5439 cato
674 5383 837 5440 libera
866 5393 982 5454 est,
1012 5385 1224 5457 quando
1254 5388 1420 5442 servit
1458 5387 1711 5467 justitite,
1756 5399 1811 5446 et
1852 5401 1977 5447 tunc
2012 5402 2098 5453 est

507 5477 666 5535 bona.
700 5476 881 5536 Gratia
912 5494 1043 5535 vero
1072 5478 1167 5534 Dei
1196 5493 1409 5550 semper
1435 5490 1519 5536 est
1543 5480 1683 5537 bona
1703 5524 1719 5549 ,
1746 5492 1801 5539 et
1831 5500 1927 5554 per
1955 5485 2090 5541 hanc

507 5572 564 5629 lit
590 5582 649 5629 ut
674 5572 743 5629 sit
770 5572 929 5629 homo
955 5572 1109 5628 bona:
1132 5572 1418 5629 voluntatis
1434 5616 1449 5641 ,
1478 5575 1569 5646 qui
1597 5575 1745 5647 prius
1765 5577 1864 5634 fuit
1891 5579 2089 5635 volun-

507 5666 632 5724 tatis
656 5667 830 5726 malta.
861 5667 966 5723 Per
993 5666 1132 5723 hanc
1152 5666 1316 5724 etiam
1343 5666 1403 5723 ﬁt
1426 5674 1485 5723 at
1506 5667 1623 5740 ipsa
1646 5669 1785 5728 bona
1810 5671 2091 5745 voluntas,

573 5828 588 5893 ξ
627 5826 930 5893 Antiquiores
958 5834 1420 5893 μςεχιιιᾝῐειειιηι,
1434 5827 1484 5885 in
1504 5828 1791 5893 hminibus.

507 5890 696 6005 “sane
736 5888 829 5940 itas
876 5888 1164 5975 Vadmm'et
1202 5888 1443 5943 Gallicani.
1468 5897 1525 5946 at
1557 5888 1712 5960 editi.
1753 5896 2094 5957 καθα-Μι-

1305 490 1394 547 on
1432 489 1687 575 CRATIA
1730 486 1817 541 ET
1857 440 2104 539 uacuo
2143 472 2487 545 ARBITRIO,
2526 478 2584 535 s.
2617 475 2986 536 AUGUSTlNl

3667 473 3775 535 900

2197 609 2315 663 quae
2336 592 2446 664 jam
2474 607 2596 648 esse
2625 591 2806 664 coepit,
2834 602 3113 666 augeatur,
3138 603 3193 661 et
3218 601 3324 649 tam
3354 607 3545 665 magna
3580 589 3693 658 hat,
3721 602 3784 653 ut

2196 686 2366 756 possit
2412 687 2634 758 implere
2675 687 2851 742 divina
2891 686 3139 742 mandata
3182 702 3302 758 qua:
3351 668 3615 754 voluerit,
3661 700 3787 742 cum

2199 783 2361 840 valde
2386 784 2725 857 perfecteque
2748 782 2996 839 voluerit.
3038 780 3120 837 Ad
3148 781 3252 837 hoc
3291 782 3434 837 enim
3478 780 3617 843 valet
3641 778 3785 854 quod

2197 877 2452 950 scriptum
2479 888 2582 946 est,
2606 877 2667 935 Si
2696 876 2933 942 volueris,
2955 874 3172 931 servabis
3199 875 3440 930 mandata
3466 870 3651 946 (Eccli.
3683 888 3784 941 xv,

2197 988 2296 1026 sec.
2329 968 2499 1044 LXX)
2533 980 2632 1028 :ut
2675 971 2836 1027 homo
2881 969 2974 1043 qui
3003 969 3232 1026 voluerit
3277 978 3332 1029 et
3377 984 3486 1026 non
3517 968 3783 1040 potuerit,

2198 1064 2433 1121 nondum
2463 1081 2522 1122 se
2564 1066 2721 1137 plene
2749 1065 2888 1123 velle
2914 1074 3238 1137 cognoscat,
3269 1071 3325 1120 et
3349 1072 3469 1120 oret
3493 1071 3552 1120 ut
3589 1061 3785 1117 habeat

2198 1164 2398 1213 tantam
2423 1157 2775 1226 voluntatem,
2801 1164 2999 1229 quanta
3019 1155 3214 1220 sufﬁcit
3241 1155 3309 1213 ad
3340 1154 3606 1226 implenda
3636 1169 3785 1210 man-

2198 1247 2340 1317 data.
2369 1246 2459 1304 Sic
2495 1248 2691 1319 quippe
2733 1246 3035 1319 adiuvatur,
3066 1256 3126 1303 ut
3166 1246 3324 1303 faciat
3363 1245 3506 1317 quod
3546 1244 3782 1317 jubetur.

2200 1341 2349 1395 Tunc
2392 1341 2534 1397 enim
2583 1341 2711 1397 utile
2759 1350 2843 1397 est
2870 1341 3027 1407 velle,
3057 1356 3178 1399 cum
3208 1354 3527 1411 possumus;
3559 1347 3616 1395 et
3658 1347 3786 1397 tunc

2198 1430 2329 1487 utile
2356 1440 2438 1488 est
2467 1447 2647 1502 posse,
2678 1447 2798 1487 cum
2825 1431 3070 1499 volumus
3092 1447 3109 1486 :
3130 1445 3253 1487 nam
3282 1429 3412 1504 quid
3452 1429 3715 1503 prodest,
3740 1430 3787 1487 si

2197 1522 2339 1594 quod
2390 1538 2497 1578 non
2537 1538 2822 1596 possumus
2862 1523 3148 1595 volumus,
3179 1531 3272 1583 aut
3314 1522 3455 1593 quod
3502 1536 3787 1595 possumus

2198 1614 2477 1671 nolumus?
3066 1615 3069 1619 ‘
3547 1647 3553 1663 .

2267 1705 2493 1763 CAPUT
2530 1705 2671 1762 XVI.
2703 1736 2775 1748 —
2800 1703 2892 1765 52.
2934 1706 3182 1779 Magnum
3207 1700 3406 1776 aliquid
3427 1702 3697 1775 Pelagiani
3725 1719 3784 1761 se

2196 1801 2333 1856 scire
2348 1808 2555 1870 putant,
2579 1800 2792 1873 quando
2807 1800 3012 1869 dicunt,
3039 1818 3058 1853 ι
3091 1799 3209 1857 Νοιι
3223 1799 3437 1872 iuberet
3457 1799 3618 1868 Deus,
3641 1797 3785 1869 quod

2196 1891 2359 1967 sciret
2385 1908 2489 1947 non
2517 1907 2673 1964 posse
2698 1893 2765 1948 ab
2780 1891 3000 1948 homine
3029 1891 3166 1953 fieri.
3200 1909 3219 1944 ι
3247 1890 3375 1959 Quis
3400 1889 3502 1959 hoc
3540 1888 3785 1953 nesciat!

2196 1983 2304 2049 Sed
2334 1984 2453 2040 ideo
2476 1985 2627 2056 jubet
2661 1985 2838 2057 aliqua
2867 2002 2985 2057 quae
3013 2000 3119 2041 non
3156 1998 3460 2056 possumus,
3492 1992 3551 2041 ut
3570 1982 3785 2039 noveri-

2195 2091 2318 2131 mus
2343 2075 2469 2147 quid
2518 2072 2585 2132 ab
2632 2076 2723 2133 illo
2773 2085 2958 2149 petere
3003 2076 3315 2133 debeamus.
3359 2074 3477 2147 ipsa
3520 2082 3605 2135 est
3642 2073 3786 2131 enim

2196 2166 2487 2238 ﬁdes,qu:e
2513 2168 2717 2235 orando
2764 2166 3013 2240 impetrat
3048 2167 3190 2251 quod
3216 2166 3306 2222 lex
3337 2167 3581 2236 imperat.
3622 2164 3784 2227 Deni-

2196 2273 2300 2330 que
2327 2260 2440 2329 ipse
2465 2260 2554 2330 qui
2575 2259 2724 2325 dixit,
2753 2258 2816 2315 Si
2831 2260 3055 2321 volueris
3081 2301 3097 2326 ,
3146 2257 3462 2317 couservabis
3500 2255 3783 2324 mandata;

2196 2352 2250 2408 in
2276 2352 2465 2409 eodem
2495 2354 2633 2409 libro
2661 2353 3037 2410 Ecclesiastico
3052 2353 3320 2424 aliquanto
3346 2359 3469 2422 post
3482 2350 3631 2413 dicit,
3656 2349 3783 2417 Qui:

2197 2442 2335 2499 dabit
2355 2445 2409 2499 in
2426 2462 2512 2500 ore
2540 2462 2648 2501 meo
2676 2445 2976 2513 custodiam,
3003 2454 3048 2500 et
3087 2462 3236 2517 super
3255 2443 3391 2505 labia
3414 2460 3525 2499 mea
3547 2443 3786 2517 signacu-

2197 2539 2303 2593 lum
2330 2548 2573 2604 astutum,
2600 2554 2663 2593 ne
2684 2542 2815 2611 forte
2834 2535 3017 2592 cadam
3045 2538 3106 2595 ab
3132 2554 3189 2592 eo
3206 2578 3223 2609 ,
3245 2546 3291 2591 et
3320 2536 3492 2609 lingua
3515 2551 3628 2591 mea
3652 2551 3776 2606 per-

2199 2631 2286 2685 dat
2311 2628 2536 2697 me(1d.
2566 2645 2705 2697 xxtt,
2734 2629 2804 2685 55
2832 2627 3032 2702 )‘lJam
3078 2637 3228 2685 certe
3270 2625 3520 2699 mandata
3561 2639 3787 2697 accepe-

2198 2731 2282 2779 rat
2310 2742 2322 2777 :
2346 2721 2533 2781 Cohibe
2562 2722 2788 2794 linguam
2816 2732 2955 2777 tuam
2984 2739 3015 2775 a
3038 2721 3195 2789 malo,
3232 2729 3277 2783 et
3319 2720 3454 2775 labia
3496 2727 3583 2774 tua
3605 2734 3669 2772 ne
3709 2717 3788 2777 lo-

2198 2823 2418 2887 quantur
2445 2813 2619 2869 dolum
2644 2812 2831 2888 (Psal.
2881 2829 3075 2881 xxxut,
3103 2814 3168 2868 14
3270 2809 3404 2866 Cum
3433 2825 3564 2881 ergo
3600 2824 3789 2866 verum

2200 2906 2425 2979 sitquod
2442 2907 2593 2973 dixit,
2624 2907 2684 2962 Si
2703 2908 2939 2976 volueris,
2962 2906 3276 2963 conservabis
3300 2905 3542 2960 mandata
3568 2919 3589 2959 :
3615 2917 3783 2976 quare

2202 2989 2602 3075 quznritin'ore
2647 3014 2746 3055 suo
2791 2998 2907 3056 dari
2931 2999 3227 3059 custodiam
3253 3013 3269 3066 ;
3297 2996 3486 3057 similis
3514 2996 3565 3061 ei
3589 2994 3682 3077 qui
3704 2993 3787 3053 di-

2200 3091 2275 3147 cit
2300 3093 2353 3147 in
2372 3091 2605 3160 Psalmo,
2634 3090 2798 3175 Pone,
2823 3090 3057 3161 Domine,
3076 3091 3356 3151 custodiam
3375 3090 3453 3145 ori
3478 3106 3587 3149 meo
3605 3084 3783 3163 (Psal.

2203 3197 2325 3249 (ιιι,
2359 3182 2392 3237 5
2418 3181 2438 3255 )
2463 3182 2488 3236 ?
2513 3183 2687 3252 Quare
2715 3197 2823 3239 non
2849 3184 2897 3239 ei
2916 3182 3112 3240 sufﬁcit
3140 3181 3449 3239 mandatum
3475 3181 3572 3237 Dei
3598 3189 3653 3235 et
3676 3194 3777 3237 vo-

2207 3270 2385 3333 luntas
2431 3291 2561 3344 sua;
2590 3276 3018 3349 quandoquidem
3070 3277 3116 3332 si
3160 3276 3410 3343 voluerit,
3448 3272 3793 3347 conservabit

2202 3369 2499 3427 mandata?
2525 3371 2695 3440 Quam
2724 3372 2890 3426 multa
2917 3370 3011 3426 Dei
3033 3368 3281 3425 mandata
3311 3377 3435 3424 sunt
3463 3376 3652 3423 contra
3689 3381 3785 3422 su-

2202 3462 2479 3537 perbiam:
2498 3462 2611 3536 jam
2656 3464 2804 3531 novit
2842 3478 2905 3519 ea
2930 3479 2945 3527 ;
2968 3462 3012 3518 si
3040 3461 3290 3528 voluerit,
3321 3459 3659 3527 conservabit
3701 3472 3786 3519 ea.

2204 3558 2382 3627 Quare
2401 3572 2531 3629 ergo
2557 3554 2716 3628 paulo
2750 3566 2870 3631 post
2919 3553 3069 3621 dicit,
3099 3552 3316 3621 Domine
3359 3551 3518 3617 Pater
3562 3560 3609 3607 et
3651 3548 3789 3607 Deus

2205 3653 2319 3706 vitte
2342 3666 2484 3717 meae,
2517 3649 2781 3705 elationem
2829 3645 3093 3703 oculorum
3136 3663 3200 3701 ne
3223 3644 3422 3700 dederis
3467 3643 3645 3707 mihi?
3668 3641 3787 3698 1am

2205 3744 2413 3801 dixerat
2435 3744 2485 3801 ei
2506 3743 2613 3810 lex,
2638 3743 2757 3797 Non
2783 3742 3101 3812 concupisces
3131 3740 3150 3810 (
3176 3738 3346 3796 Exod.
3379 3754 3470 3806 xx,
3500 3736 3567 3791 l7
3593 3734 3613 3809 )
3650 3753 3665 3788 :
3696 3750 3786 3791 ve-

2206 3837 2436 3908 litergo,
2462 3844 2520 3895 et
2543 3834 2702 3890 faciat
2729 3833 2869 3907 quod
2891 3833 3145 3904 jubetur;
3182 3829 3435 3903 quoniam
3464 3828 3510 3885 si
3537 3826 3782 3894 voluerit,

2205 3922 2543 3987 conservabit
2567 3927 2834 3984 mandata.
2880 3926 3057 3995 Quare
3086 3925 3324 4001 sequitur
3351 3930 3407 3979 et
3447 3921 3594 3988 dicit,
3644 3919 3780 3975 Con-

2203 4022 2561 4093 cupiscentiam
2585 4027 2752 4076 averte
2770 4036 2802 4071 a
2827 4035 2904 4073 me
2918 4018 2945 4074 Ρ
2970 4016 3168 4074 Contra
3188 4016 3452 4075 luxuriam
3474 4015 3613 4071 Deus
3625 4028 3786 4084 quam

2204 4114 2373 4169 multa
2393 4112 2659 4169 mandavit
2688 4129 2702 4166 :
2731 4110 2972 4167 faciatea
2996 4127 3012 4178 ;
3037 4110 3159 4182 quia
3186 4108 3231 4169 si
3262 4108 3525 4175 voluerit,
3569 4121 3791 4162 conser-

2206 4205 2632 4280 vabitmandata.
2657 4203 2794 4274 Quid
2820 4212 2902 4259 est
2926 4203 3067 4275 quod
3108 4203 3308 4259 clamat
3327 4202 3396 4258 ad
3426 4202 3615 4271 Deum,
3651 4198 3792 4257 Ven-

2207 4295 2297 4351 tris
2318 4277 2556 4366 appetitio
2581 4303 2631 4353 et
2647 4293 2940 4351 concubitus
2985 4311 3049 4350 ue
3077 4292 3423 4366 apprehendat
3463 4308 3541 4347 me
3567 4291 3589 4365 (
3618 4290 3790 4346 Eccli.

2207 4402 2362 4453 χχιιι,
2386 4385 2473 4441 ιθ
2495 4385 2550 4459 )‘t
2568 4385 2622 4442 Si
2648 4385 2767 4442 haec
2791 4386 2840 4442 ei
2859 4387 3112 4458 przesenti
3159 4386 3177 4418 ⁸
3205 4385 3527 4451 diceremus,
3556 4384 3793 4440 rectissi-

2206 4493 2296 4533 me
2321 4477 2475 4532 nobis
2499 4476 2848 4548 responderet
2892 4487 2948 4533 et
2989 4478 3196 4534 diceret
3226 4496 3240 4533 :
3266 4477 3344 4534 Ex
3391 4478 3489 4533 ista
3543 4474 3791 4532 oratione

2205 4584 2348 4637 mea,
2377 4584 2480 4640 qua
2505 4568 2621 4623 haec
2639 4584 2669 4623 a
2700 4568 2810 4625 Deo
2825 4578 2971 4640 peto,
3015 4569 3294 4640 intelligite
3340 4566 3611 4641 quomodo
3639 4565 3795 4621 dixe-

2205 4659 2331 4725 rim,
2361 4659 2423 4715 Si
2476 4658 2690 4716 volueris
2713 4701 2731 4727 ,
2782 4660 3097 4717 conservabis
3152 4659 3417 4721 mandata.
3441 4657 3664 4716 Certum
3707 4664 3792 4714 est

2206 4748 2353 4805 enim
2409 4765 2508 4806 nos
2552 4749 2800 4806 mandata
2832 4765 3069 4816 servare,
3128 4750 3173 4811 si
3214 4751 3463 4807 volumus
3492 4767 3507 4804 :
3534 4749 3627 4805 sed
3668 4747 3790 4820 quia

2204 4849 2535 4911 praeparatur
2552 4840 2797 4896 voluntas
2819 4855 2853 4895 a
2883 4840 3130 4906 Domino,
3158 4839 3225 4895 ab
3271 4840 3362 4895 illo
3389 4838 3677 4911 petendum
3710 4845 3795 4893 est

2204 4944 2266 4995 ut
2290 4943 2495 4990 tantum
2519 4933 2765 5000 velimus,
2791 4941 3051 5005 quantum
3072 4932 3268 4989 sufﬁcit
3288 4940 3348 4988 ut
3374 4931 3604 4989 volendo
3626 4929 3792 4985 facia-

2204 5041 2345 5091 mus.
2364 5026 2582 5081 Certum
2610 5033 2692 5080 est
2715 5038 2813 5080 nos
2849 5024 2986 5080 velle
3011 5066 3028 5092 ,
3074 5038 3194 5079 cum
3249 5023 3534 5079 volumus:
3563 5020 3656 5077 sed
3700 5020 3792 5075 ille

2205 5118 2333 5187 facit
2376 5130 2434 5175 ut
2463 5119 2687 5175 velimus
2732 5116 2959 5186 bonum,
2997 5116 3065 5174 de
3115 5131 3222 5188 quo
3265 5115 3465 5175 dictum
3517 5123 3620 5180 est,
3651 5112 3794 5185 quod

2203 5209 2366 5280 paulo
2380 5219 2502 5265 ante
2519 5209 2694 5280 posui,
2718 5208 3052 5281 Praeparetur
3070 5207 3303 5269 voluntas
3318 5224 3349 5269 a
3365 5206 3585 5261 Domino
3610 5204 3793 5277 (Prov.

2203 5313 2318 5367 Vm,
2341 5316 2442 5354 sec.
2489 5297 2656 5371 LXX)
2684 5299 2792 5365 ;.de
2828 5314 2936 5370 quo
2964 5299 3161 5367 dictum
3186 5305 3292 5363 est,-
3333 5296 3380 5350 A
3408 5296 3627 5350 Domino
3665 5310 3796 5364 gres-

2204 5407 2291 5446 sus
2313 5388 2530 5445 hominis
2554 5390 2857 5461 dirigentur,
2887 5400 2933 5445 et
2957 5390 3088 5445 viam
3111 5391 3220 5459 ejus
3247 5387 3378 5444 volet
3399 5387 3571 5460 (Psal.
3602 5402 3792 5453 xxxvt,

2202 5482 2332 5556 23);
2363 5482 2431 5540 de
2450 5499 2555 5555 quo
2583 5482 2783 5539 dictum
2814 5491 2919 5548 est,
2938 5480 3077 5536 Deus
3100 5488 3171 5536 est
3210 5480 3297 5553 qui
3321 5488 3559 5553 operatur
3577 5479 3631 5533 in
3655 5477 3796 5535 vobis

2203 5574 2667 5651 etvelle(Philipp.
2700 5591 2762 5641 ιι,
2793 5575 2907 5646 15).
2934 5574 3155 5635 Certum
3182 5585 3266 5631 εει
3309 5589 3408 5630 nos
3451 5574 3651 5640 facere,
3671 5587 3795 5629 cum

2200 5667 2431 5726 facimus
2463 5686 2478 5730 :
2508 5668 2607 5725 sed
2626 5668 2715 5724 ille
2734 5667 2861 5723 facit
2887 5673 2946 5723 ut
2977 5666 3230 5725 iaciamus
3250 5708 3268 5736 ,
3321 5663 3609 5739 praebendo
3636 5664 3789 5722 vires

2270 5902 2288 5933 ι
2317 5905 2526 5967 ⁸ιιιιιεηιίιι.
2552 5906 2605 5967 et
2626 5897 2855 5963 pleri“
2867 5905 2981 5967 κβ..
3002 5910 3015 5946 :
3037 5895 3091 5948 Si
3236 5895 3366 5959 (vel,
3388 5895 3501 5967 beo)
3520 5894 3568 5947 ei
3583 5893 3639 5949 il
3656 5904 3792 5960 mo

2205 5961 2344 6016 scuti.
2371 5960 2457 6012 Alii
2487 5959 2681 6024 quidam
2702 5959 2806 6011 uss.
2823 5995 2838 6021 ,
2883 5959 2925 6013 si
2964 5960 3068 6009 haec
3090 5959 3136 6009 ei
3167 5959 3215 6009 in
3235 5963 3496 6019 prtesentw

2098 6051 2219 6080 (at)
