4142 6480
364 472 764 539 efficacissimas
797 472 1188 546 voluntati,qui
1215 473 1374 542 dixit,
1393 472 1612 544 Faciam
1645 485 1701 536 ut
1721 476 1775 530 in
1782 477 1948 548 justi-

362 565 686 640 ﬁcationibus
723 565 848 621 meis
876 565 1170 638 ambulctis,
1211 575 1258 621 et
1297 566 1501 635 judicia
1536 585 1650 624 mea
1685 569 1956 628 observetis

324 647 409 717 ‘et
433 658 655 733 faciatis.
683 657 817 717 Cum
863 657 1010 726 dicit,
1037 663 1224 731 [actam
1271 669 1329 714 ut
1367 659 1569 732 faciatis
1594 660 1758 732 :quid
1801 661 1950 720 aliud

364 751 510 818 dicit,
544 751 669 821 nisi,
693 755 930 822 auferam
956 768 992 804 α
1025 751 1164 806 uobis
1206 768 1295 806 cor
1345 751 1626 822 lapideum,
1668 752 1812 808 unde
1841 770 1952 811 non

362 841 667 909 faciebatis;
705 852 756 900 ct
781 841 913 898 dabo
945 841 1082 898 vobis
1100 859 1188 897 cor
1213 859 1449 898 carneum
1467 885 1484 910 ,
1511 843 1652 898 unde
1688 842 1894 900 faciatis
1926 845 1950 900 ‘l

362 937 428 994 Et
446 937 549 994 hoc
570 934 704 1018 quid
722 946 826 1009 est,
858 935 986 1004 nisi,
1014 935 1266 992 Auferam
1287 951 1382 994 cor
1407 937 1621 1004 durum,
1649 936 1798 1002 unde
1841 952 1945 992 nou

362 1027 669 1096 faciebatis;
699 1037 754 1086 et
775 1028 914 1085 dabo
952 1043 1048 1084 cor
1073 1029 1365 1098 obediens,
1389 1030 1532 1090 unde
1570 1029 1824 1096 faciatis?
1849 1029 1950 1088 Ille

362 1117 498 1178 facit
521 1127 578 1176 ut
599 1102 870 1188 iaciamus,
903 1117 990 1176 cui
1019 1117 1149 1175 dicit
1176 1119 1358 1191 horno,
1400 1117 1568 1187 Pone,
1593 1119 1833 1190 Domine,
1859 1138 1951 1178 ca-

367 1214 593 1273 stodiam
620 1214 696 1270 ori
713 1229 838 1270 meo.
867 1209 981 1268 Hoc
1009 1221 1096 1270 est
1118 1212 1263 1270 enim
1285 1212 1484 1282 dicere,
1521 1213 1627 1270 Fac
1655 1223 1714 1272 ut
1753 1230 1949 1288 ponam

371 1305 666 1362 custodiam
685 1304 762 1360 ori
792 1319 912 1360 meo
942 1323 955 1356 -.
987 1305 1130 1376 quod
1145 1305 1466 1368 beneficium
1501 1306 1596 1362 Dei
1621 1306 1740 1378 jam
1773 1305 1951 1365 fuerat

370 1404 708 1468 consecutus,
725 1395 820 1468 qui
832 1394 990 1464 dixit,
1015 1393 1178 1459 Ροεηὶ
1205 1397 1282 1452 ori
1335 1413 1444 1457 meo
1471 1397 1947 1470 custodiant(Psal.

371 1503 596 1552 nutu.
626 1485 660 1542 2
1733 1530 1741 1538 .

437 1576 664 1648 CAPUT
700 1577 957 1656 Χγιιη-
977 1579 1065 1639 55.
1080 1577 1180 1658 Qui
1204 1595 1331 1658 ergo
1351 1580 1466 1636 vult
1487 1580 1665 1638 facere
1681 1579 1774 1637 Dei
1788 1596 1944 1638 man-

365 1671 744 1736 datumetnon
774 1683 972 1746 potest,
1007 1674 1119 1751 jam
1161 1674 1374 1746 quidem
1417 1675 1578 1733 habet
1619 1676 1949 1734 voluntatem

364 1763 584 1834 bonam,
617 1765 714 1822 sed
743 1767 918 1822 adhuc
956 1783 1170 1838 parvam
1193 1777 1246 1824 et
1265 1767 1588 1824 invalidam:
1621 1771 1817 1840 poterit
1854 1786 1953 1828 au.

367 1867 495 1926 tem,
523 1873 644 1914 cum
687 1874 935 1930 magnam
989 1858 1239 1927 habuerit
1283 1869 1338 1916 et
1375 1859 1672 1916 robustam.
1721 1861 1946 1932 Quando

363 1951 508 2010 enim
537 1961 802 2024 martyres
834 1969 1022 2026 magna
1044 1954 1134 2010 illa
1174 1955 1422 2016 mandata
1463 1953 1728 2020 fecerunt,
1754 1972 1943 2030 magna

363 2044 546 2116 utique
564 2045 860 2112 voluntate,
885 2046 988 2104 hoc
1024 2056 1126 2116 est,
1154 2063 1343 2120 magna
1369 2047 1633 2108 charitate
1663 2049 1942 2111 fecerunt:

365 2133 434 2190 de
461 2150 563 2210 qua
583 2133 848 2192 charitate
876 2136 990 2206 ipse
1016 2137 1270 2198 Dominus
1298 2140 1392 2206 ait,
1421 2139 1675 2211 Majorem
1699 2143 1794 2198 hac
1815 2142 1946 2200 cltu-

363 2223 564 2280 ritatem
590 2243 734 2281 nemo
755 2227 922 2296 habet,
949 2245 1101 2297 quam
1123 2238 1179 2284 ut
1207 2231 1431 2285 animam
1459 2247 1602 2287 suam
1627 2242 1781 2304 ponat
1807 2233 1824 2266 ⁸
1857 2251 1950 2306 pro

365 2316 542 2372 amicis
567 2318 674 2376 suis
692 2317 874 2388 (Joan.
915 2336 1005 2388 xv,
1031 2321 1098 2376 15
1121 2319 1167 2395 ).
1199 2321 1352 2380 Unde
1376 2331 1434 2379 et
1477 2325 1772 2394 Apostolus
1798 2326 1950 2394 dicit,

371 2407 472 2477 Qui
489 2411 621 2464 enim
650 2411 814 2482 diligit
837 2415 1148 2482 proximum,
1173 2415 1332 2488 legem
1350 2417 1573 2488 implevit
1605 2434 1625 2474 :
1663 2437 1802 2484 nam,
1824 2419 1949 2476 Non

366 2499 692 2568 adulterabis,
745 2501 868 2564 Non
910 2504 1239 2562 homicidium
1288 2509 1470 2579 facies,
1516 2507 1640 2564 Non
1677 2511 1948 2582 (ambesis,

370 2588 494 2648 Non
515 2593 853 2664 concupisces,
899 2605 946 2649 et
974 2595 1018 2652 si
1057 2595 1195 2666 quod
1233 2607 1305 2654 est
1335 2599 1478 2657 aliud
1530 2601 1848 2670 mandatum,
1892 2604 1948 2659 in

369 2683 468 2738 hoc
515 2702 745 2742 sermone
784 2688 1145 2760 recapitulatur
1169 2729 1185 2757 ,
1234 2687 1430 2761 Diliges
1466 2675 1752 2761 proximum
1797 2703 1942 2750 tuum

367 2784 610 2850 tanquam
623 2786 671 2836 te
695 2782 878 2852 ipsum.
903 2780 1115 2840 Dilectio
1144 2783 1364 2854 proximi
1415 2785 1604 2840 malum
1640 2803 1741 2842 non
1763 2803 1946 2858 apera-

365 2879 452 2926 tur
483 2889 504 2928 :
536 2873 792 2944 plenitudo
832 2891 950 2946 ergo
982 2875 1124 2946 legis,
1167 2875 1406 2947 dilectio(
1439 2877 1586 2934 Rom.
1610 2895 1724 2946 xm,
1744 2879 1880 2936 8-10
1903 2880 1944 2952 ).

361 2961 538 3034 Ipsam
564 2962 880 3022 charitatem
903 2967 1176 3036 apostolus
1224 2968 1416 3027 Petrus
1451 2971 1686 3029 nondum
1737 2971 1948 3040 habuit,

359 3054 780 3127 quandotimore
829 3057 1112 3118 Dominum
1160 3067 1243 3116 ter
1292 3062 1503 3131 negavit
1531 3059 1743 3133 (Matth.
1786 3079 1948 3133 xxvi,

360 3147 576 3220 69-75).
594 3146 923 3210 Timorenim
949 3167 1052 3206 non
1068 3160 1141 3208 est
1160 3152 1215 3207 in
1235 3153 1500 3225 charitate,
1523 3154 1663 3210 sicut
1686 3155 1761 3210 ait
1779 3155 1948 3212 Joan~

359 3253 454 3294 nes
468 3239 801 3311 evangelista
825 3241 882 3298 in
920 3240 1160 3310 Epistola
1187 3257 1280 3298 sua
1303 3244 1427 3310 gsed
1465 3249 1687 3318 perfecta
1719 3246 1949 3307 charitas

359 3334 498 3404 {oras
523 3331 670 3389 mittit
691 3332 921 3391 timorem
943 3332 987 3404 (l
1002 3333 1160 3390 Joan.
1195 3349 1270 3402 ιν,
1299 3334 1412 3406 18).
1442 3335 1512 3392 Ει
1541 3345 1724 3393 tamen
1756 3353 1946 3408 quatu-

359 3424 446 3484 vis
473 3439 630 3496 parva
647 3437 701 3485 et
719 3425 1056 3497 imperfecta,
1099 3443 1204 3484 non
1247 3427 1472 3494 deerat,
1497 3429 1710 3500 quando
1737 3431 1950 3490 dicebat

363 3515 613 3587 Domino,
643 3517 872 3574 Animam
895 3533 1056 3575 nteant
1076 3527 1226 3590 prote
1249 3517 1631 3591 ponam(.loan.
1663 3535 1789 3588 xm,
1819 3523 1944 3594 37):

362 3610 586 3684 putabat
609 3613 750 3668 enim
779 3629 838 3672 se
863 3629 1038 3684 posse,
1071 3613 1214 3688 quod
1252 3629 1312 3670 se
1354 3615 1494 3672 velle
1536 3616 1821 3674 sentiebat.
1875 3617 1948 3673 Et

362 3699 486 3774 quis
503 3703 662 3779 istam
689 3705 790 3760 etsi
816 3719 1027 3778 parvam
1045 3705 1174 3760 dare
1197 3717 1432 3776 coeperat
1476 3706 1814 3775 cbaritatem,
1839 3709 1942 3764 nisi

361 3791 456 3849 ille
482 3794 575 3866 qui
605 3805 867 3866 praeparat
896 3795 1244 3863 voluntatem,
1269 3805 1322 3852 et
1345 3798 1686 3868 eooperando
1709 3800 1940 3870 perficit,

361 3883 502 3957 quod
533 3883 805 3954 operando
859 3885 1090 3959 incipit?
1135 3887 1398 3956 Quoniam
1449 3888 1563 3960 ipse
1609 3898 1669 3946 ut
1722 3889 1948 3948 velimus

360 3985 612 4047 Operatur
648 3974 936 4049 incipiens,
971 3978 1063 4050 qui
1093 3978 1394 4034 volentibus
1436 3990 1754 4050 cooperatur
1787 3980 1947 4054 perfi-

361 4068 528 4125 ciens.
553 4069 778 4140 Pr0pter
799 4069 942 4142 quod
987 4073 1062 4126 ait
1088 4072 1416 4142 Apostolus:
1445 4071 1618 4131 Certus
1663 4090 1946 4146 sum-quo-

363 4160 502 4214 niam
523 4161 609 4232 qui
629 4171 868 4232 operatur
891 4163 945 4216 in
973 4161 1110 4217 vobis
1149 4179 1277 4234 opus
1303 4163 1508 4233 bonum,
1553 4163 1774 4236 perﬁciet
1795 4181 1951 4234 usque

366 4250 422 4305 in
439 4249 568 4304 diem
590 4247 778 4310 Christi
797 4252 922 4308 .lcsu
948 4255 970 4286 ³
998 4251 1309 4326 (Philipp.t,
1337 4253 1414 4329 6).
1448 4254 1513 4312 Ut
1539 4271 1668 4328 ergo
1696 4257 1946 4326 velimus,

372 4342 488 4398 sine
517 4343 671 4398 nobis
695 4357 979 4416 operatur;
1019 4362 1139 4402 cum
1167 4357 1346 4403 autem
1371 4348 1636 4414 volumus,
1657 4355 1712 4404 et
1749 4349 1826 4406 sic
1854 4364 1948 4404 vo-

369 4431 552 4489 lumus
569 4443 628 4489 ut
647 4433 919 4502 faciamus,
945 4437 1224 4494 nobiscum
1240 4448 1597 4509 cooperatur:
1630 4449 1806 4496 tamen
1835 4439 1952 4496 sine

368 4523 465 4581 illo
493 4528 578 4582 vel
605 4535 864 4598 Oper-ante
887 4537 946 4583 ut
973 4529 1190 4585 velimus
1212 4571 1226 4596 ,
1251 4531 1336 4586 vel
1359 4539 1684 4602 cooperante
1707 4547 1827 4586 cum
1852 4547 1950 4588 vo-

365 4616 568 4686 lumus,
597 4617 666 4676 ad
690 4617 828 4673 bona
855 4619 1068 4690 pietatis
1092 4636 1250 4692 opera
1269 4621 1397 4678 nihil
1433 4623 1691 4682 valemus.
1723 4625 1796 4678 Dc
1817 4639 1946 4694 ope—

363 4717 522 4763 rante
537 4704 630 4762 illo
657 4717 714 4764 ut
759 4709 982 4766 velimus
1004 4751 1020 4782 ,
1048 4709 1246 4768 dictum
1277 4723 1360 4770 est
1385 4733 1398 4769 :
1436 4711 1574 4768 Deus
1613 4723 1684 4769 est
1709 4715 1837 4770 enim
1866 4715 1954 4788 qui

365 4811 608 4872 operatur
654 4799 710 4857 in
736 4805 874 4862 vobis
921 4814 966 4858 et
991 4804 1136 4862 uelle.
1171 4807 1245 4862 De
1267 4817 1591 4876 mOperante
1619 4818 1794 4864 autem
1829 4825 1950 4868 cum

359 4891 470 4963 jam
516 4893 769 4951 volumus
809 4905 864 4952 et
919 4897 1149 4954 volendo
1183 4895 1441 4954 facimus:
1472 4897 1696 4963 Scimus,
1748 4903 1952 4974 inquit,

365 4985 606 5058 quoniam
633 4987 964 5060 diligentibus
989 4990 1154 5046 Deum
1179 4993 1351 5050 omnia
1375 5002 1678 5066 cooperatur
1697 4995 1751 5050 in
1769 4978 1953 5059 bonum

371 5075 545 5151 (Rom.
567 5095 686 5146 vut,
712 5079 830 5156 28}.
854 5083 992 5150 Quid
1019 5095 1126 5154 est,
1153 5087 1345 5154 omnia,
1367 5087 1470 5142 nisi
1495 5096 1549 5144 et
1576 5087 1718 5158 ipsas
1741 5091 1947 5148 terribio

370 5167 452 5226 les
478 5186 753 5248 saevasque
777 5176 1098 5247 passiones?
1127 5178 1350 5239 Sarcina
1392 5179 1589 5257 quippe
1615 5181 1704 5238 illa
1731 5182 1951 5254 Christi,

369 5276 492 5336 quae
519 5259 807 5321 infirmitati
843 5269 1021 5343 gravis
1061 5279 1186 5340 est,
1237 5270 1374 5330 levis
1423 5271 1652 5344 efficitur
1682 5275 1950 5332 cbaritati.

369 5347 590 5412 Talibus
609 5357 751 5416 enim
776 5360 1031 5423 Dominus
1054 5362 1192 5420 dixit
1217 5380 1338 5424 esse
1385 5382 1536 5426 suam
1582 5369 1848 5427 sarcinam
1877 5368 1954 5430 ιε’

363 5459 490 5502 vem
517 5447 538 5519 (
570 5447 756 5514 Matth.
807 5467 902 5520 ιι,
948 5453 1017 5510 '50
1043 5453 1065 5528 )
1090 5496 1106 5524 ,
1151 5456 1324 5528 qualis
1360 5457 1551 5516 Petrus
1603 5459 1702 5516 fuit
1741 5460 1956 5532 quando

365 5553 558 5612 passus
584 5553 666 5600 est
690 5559 787 5616 pro
822 5543 1058 5622 Christo,
1090 5565 1200 5608 non
1229 5551 1407 5624 qualis
1426 5550 1528 5608 fuit
1553 5551 1762 5624 quando
1786 5569 1950 5625 nega-

363 5631 440 5690 vit
459 5631 753 5692 Christum.

427 5764 448 5861 ε
1359 5782 1832 5905 ausast...
1857 5848 1952 5894 σω.

1782 363 1990 428 ιλιιεῆ
2020 355 2224 425 UNUS.

3533 378 3642 442 ιω

2137 478 2227 536 54.
2245 476 2406 544 Istam
2433 481 2770 556 cbaritatem,
2795 487 2851 544 id
2887 499 2970 548 est
3004 488 3183 551 divino
3221 505 3408 550 amore
3439 493 3632 550 arden-

2063 569 2322 633 tissimam
2351 573 2678 636 voluntatem
2705 583 3086 642 commendans
3129 587 3438 658 Apostolus,
3461 589 3592 646 dicit
3619 608 3634 646 :

2065 659 2191 732 Quis
2221 679 2314 718 nos
2329 666 2583 737 separabit
2617 686 2652 723 α
2689 672 2936 730 charitate
2981 674 3216 733 Christi?
3239 677 3495 735 tribulatio
3521 679 3548 734 7
3569 698 3638 738 an

2062 760 2340 831 angustia?
2387 778 2456 818 an
2492 765 2770 833 persecutio
2792 767 2818 822 ?
2843 785 2914 823 an
2957 771 3114 842 fames
3133 773 3160 828 ?
3188 789 3257 832 an
3294 773 3495 828 auditas
3519 775 3543 828 τ
3570 791 3635 832 an

2064 853 2342 923 periculum
2361 855 2388 910 2
2413 856 2696 928 angladius
2720 859 2747 913 Ρ
2789 859 2936 920 Sicut
2977 865 3222 934 scriptum
3258 875 3352 932 est,
3379 867 3633 933 Quoniam

2063 954 2268 1016 propter
2287 954 2333 1000 te
2352 945 2718 1016 mortiﬁcamur
2745 958 2848 1004 tota
2864 950 2972 1019 die,
3013 952 3240 1024 deputati
3281 971 3454 1012 sumus
3505 959 3638 1014 velut

2061 1049 2174 1088 oues
2207 1035 2492 1090 occisionis.
2524 1035 2630 1092 Sed
2644 1037 2698 1092 in
2747 1039 2826 1094 his
2872 1043 3102 1098 omnibus
3130 1047 3524 1114 superuincimus
3553 1063 3641 1120 per

2061 1141 2172 1180 eum
2196 1126 2282 1198 qui
2311 1125 2488 1182 dilexit
2513 1143 2620 1184 nos.
2647 1128 2825 1187 Certus
2847 1147 2961 1186 sum
2987 1133 3118 1187 enim
3140 1135 3258 1204 quia
3286 1154 3444 1212 neque
3472 1157 3632 1210 mors,

2061 1233 2218 1285 neque
2259 1217 2362 1274 vita
2390 1258 2406 1286 ,
2447 1234 2606 1290 neque
2649 1219 2840 1292 angeli,
2888 1238 3045 1292 neque
3100 1225 3430 1298 principatus,
3482 1245 3642 1302 neun

2061 1307 2368 1376 prasentia,
2413 1325 2570 1378 neque
2603 1309 2798 1379 futura,
2845 1328 3003 1383 neque
3053 1315 3292 1383 altitudo,
3336 1333 3494 1388 neque
3522 1337 3640 1390 pro-

2061 1398 2292 1472 fundum,
2317 1417 2472 1472 neque
2491 1411 2724 1457 creatura
2746 1403 2850 1458 alia
2875 1406 3057 1476 poterit
3080 1424 3172 1462 nos
3194 1425 3432 1478 separare
3452 1427 3484 1466 a
3512 1413 3637 1466 cha-

2057 1489 2204 1568 ritate
2247 1488 2382 1560 Dei,
2427 1507 2541 1562 quae
2593 1503 2666 1548 est
2705 1493 2758 1547 in
2791 1492 2991 1549 Christo
3031 1495 3155 1552 Jesu
3201 1496 3421 1555 Domino
3461 1511 3632 1558 nostro

2059 1575 2234 1654 (Rom.
2265 1597 2380 1646 vut,
2413 1581 2628 1654 35-39).
2656 1585 2722 1640 Et
2761 1585 2869 1640 alio
2890 1586 3010 1641 loco
3043 1587 3206 1644 dicit:
3231 1589 3408 1645 Adhuc
3461 1609 3641 1664 super-

2058 1672 2433 1728 eminentiorem
2464 1675 2596 1728 viam
2633 1675 2769 1730 vobis
2797 1677 3103 1734 demonstro.
3137 1679 3200 1736 Si
3237 1683 3421 1754 linguis
3472 1685 3639 1740 homi-

2058 1780 2179 1817 num
2199 1764 2376 1837 loqnar
2391 1774 2437 1820 et
2459 1765 2774 1840 angelorum,
2793 1768 3088 1827 charitatem
3101 1783 3268 1828 autem
3287 1793 3391 1830 non
3403 1776 3636 1848 habeam,

2058 1861 2221 1926 {aetas
2241 1876 2350 1913 sum
2375 1871 2702 1918 ammentum
2729 1881 2936 1932 sanans,
2962 1877 3050 1924 aut
3073 1870 3358 1940 cymbalum
3381 1871 3622 1930 tinniens.

2056 1948 2125 2004 Et
2153 1951 2198 2008 si
2217 1953 2436 2006 habuero
2458 1955 2796 2026 prophetiam,
2824 1958 2931 2013 etsi
2949 1959 3107 2014 sciero
3133 1962 3304 2017 omnia
3341 1979 3636 2020 sacramen-

2057 2051 2130 2110 ta,
2158 2052 2202 2096 et
2223 2043 2269 2098 si
2288 2044 2510 2098 habuero
2541 2060 2739 2100 onmem
2767 2047 2942 2117 ﬁdem,
2981 2049 3054 2102 ita
3083 2059 3140 2104 ut
3179 2061 3370 2106 montes
3407 2059 3628 2124 transfe-

2055 2149 2186 2200 ram,
2211 2133 2506 2188 cltaritatem
2551 2145 2722 2190 autem
2768 2154 2869 2192 non
2898 2137 3131 2208 habeam,
3164 2140 3294 2196 nihil
3316 2159 3450 2200 sum.
3478 2141 3548 2196 Et
3582 2142 3630 2200 si

2056 2225 2352 2280 distribuero
2379 2227 2550 2280 omnia
2579 2243 2690 2282 mea
2715 2230 3016 2299 pauperibus
3037 2272 3052 2297 ,
3083 2241 3128 2286 et
3163 2231 3208 2287 si
3236 2232 3496 2288 tradidero
3517 2251 3632 2290 cor-

2055 2335 2151 2389 pus
2167 2335 2329 2373 meum
2357 2328 2414 2374 ut
2454 2321 2682 2388 ardeam,
2731 2321 3027 2378 charitatem
3075 2333 3242 2380 autem
3273 2342 3374 2381 non
3399 2327 3630 2396 habeam,

2054 2410 2186 2464 nihil
2205 2410 2330 2465 mihi
2362 2412 2582 2484 prodest.
2631 2411 2866 2469 Charitas
2907 2417 3236 2487 magnanima
3288 2427 3381 2486 est,
3413 2417 3632 2492 benigna

2053 2511 2126 2556 at
2147 2515 2170 2557 :
2191 2503 2408 2558 Charitas
2433 2519 2534 2558 non
2557 2504 2822 2559 wmulatur
2841 2547 2855 2572 ,
2899 2523 3000 2561 non
3044 2509 3150 2578 agit
3189 2524 3487 2581 perperam,
3533 2527 3638 2566 non

2053 2594 2282 2666 inﬂatur,
2313 2613 2413 2651 non
2437 2597 2816 2665 dehonestatur,
2857 2613 2960 2652 non
2989 2600 3172 2666 quierit
3211 2617 3326 2672 qtae
3347 2619 3440 2658 sua
3483 2611 3621 2672 sunt,

2053 2703 2154 2740 non
2181 2687 2436 2755 irritatur,
2477 2705 2579 2744 non
2600 2687 2790 2761 cogitat
2826 2690 3016 2745 malum
3038 2733 3055 2758 ,
3103 2707 3205 2747 non
3255 2695 3442 2765 gaudet
3483 2712 3638 2768 super

2052 2775 2315 2850 iniquitate
2337 2822 2352 2845 ,
2393 2780 2678 2852 congaudet
2721 2791 2888 2836 autem
2955 2783 3154 2838 ueritati
3180 2800 3202 2849 ,'
3227 2781 3406 2840 omnia
3433 2788 3633 2857 tolerat,

2054 2872 2222 2926 omnia
2245 2867 2422 2940 credit,
2469 2874 2640 2928 omnia
2689 2881 2880 2944 sperat,
2931 2877 3105 2930 omnia
3145 2873 3368 2945 su/fert;
3405 2880 3636 2936 charitas

2053 2977 2309 3034 nunquam
2328 2961 2483 3018 cadit.
2507 2963 2576 3019 Et
2625 2965 2783 3036 paulo
2804 2975 2964 3036 post:
2995 2965 3190 3036 Manet,
3243 2969 3432 3040 inquit,
3474 2971 3624 3042 ﬁdes,

2053 3074 2194 3128 spes,
2226 3057 2446 3111 charitas
2469 3099 2484 3126 ,
2527 3057 2624 3112 tria
2671 3057 2815 3124 hazc;
2852 3059 3022 3130 major
3061 3070 3230 3114 autem
3259 3061 3439 3117 horum
3465 3062 3637 3118 chari-

2053 3158 2130 3206 tas
2157 3166 2176 3205 :
2203 3149 2464 3205 sectamini
2494 3149 2791 3206 charitatem
2815 3147 2856 3224 (l
2881 3149 3000 3206 Cor.
3033 3165 3125 3217 xu,
3155 3153 3362 3220 5i-xw,
3398 3155 3475 3226 1).
3501 3153 3633 3212 Item

2053 3239 2181 3297 dicit
2204 3239 2272 3296 ad
2301 3237 2554 3298 Galatas:
2594 3238 2692 3296 Vos
2721 3241 2856 3296 enim
2897 3241 2952 3298 in
2973 3241 3252 3298 libertatem
3295 3245 3462 3300 uocati
3485 3247 3624 3315 estis,

2053 3337 2235 3408 fratres
2261 3349 2281 3398 ,°
2309 3343 2506 3389 tantum
2529 3349 2592 3390 ne
2615 3333 2894 3390 libertatem
2933 3334 2986 3390 in
3010 3337 3322 3392 occasionem
3345 3339 3514 3394 carnis
3542 3338 3634 3394 de-

2051 3425 2136 3494 tis,
2159 3423 2248 3481 sed
2275 3442 2364 3497 per
2391 3425 2688 3481 charitatem
2715 3427 2892 3482 servile
2909 3427 3141 3483 invicem.
3189 3425 3366 3484 Omnis
3385 3430 3518 3484 enim
3555 3431 3644 3486 lea:

2050 3515 2106 3571 in
2124 3531 2226 3570 uno
2250 3529 2478 3570 sermone
2496 3515 2754 3588 impletur,
2782 3517 2836 3572 in
2860 3533 2918 3572 eo
2955 3517 3094 3590 quod
3126 3517 3306 3590 diliges
3347 3519 3632 3589 proximum

2053 3594 2455 3680 tuumtanquam
2501 3617 2548 3665 te
2585 3609 2755 3681 ipsum
2776 3607 2969 3682 (Galat.
3017 3612 3185 3679 ν,15,
3235 3611 3345 3686 id).
3395 3611 3509 3668 Hoc
3553 3623 3637 3669 est

2052 3700 2193 3773 quod
2209 3699 2276 3756 ad
2302 3701 2572 3756 Romanos
2591 3701 2684 3769 ait,
2721 3700 2824 3768 Qui
2859 3701 3026 3774 diligit
3047 3701 3282 3767 alterum,
3337 3704 3498 3775 legem
3535 3703 3637 3759 im-

2053 3793 2204 3864 plevit
2231 3790 2253 3868 (
2283 3792 2432 3847 Itoni.
2477 3808 2590 3861 XIII,
2647 3792 2747 3866 8).
2794 3789 2925 3848 item
2953 3791 3082 3848 dicit
3132 3794 3198 3849 ad
3245 3795 3632 3852 Colossenses:

2053 3881 2223 3956 Super
2241 3885 2411 3939 omnia
2434 3894 2602 3939 autem
2628 3882 2736 3940 ha’c
2763 3884 3078 3953 eharitatem,
3107 3901 3222 3958 qua:
3269 3897 3340 3942 est
3383 3888 3638 3944 uinculum

2053 3977 2371 4049 perfectionis
2388 3977 2406 4049 (
2423 3977 2615 4031 Coloss.
2643 3993 2722 4045 ιιι,
2747 3978 2815 4032 14
2837 3979 2880 4048 ).
2906 3976 3053 4032 Etad
3072 3977 3435 4046 Timotheum,
3462 3978 3632 4048 Finis,

2055 4067 2254 4139 inquit,
2302 4068 2540 4139 praecepti
2585 4077 2659 4126 cst
2710 4069 2972 4126 charitas:
3023 4076 3082 4124 et
3130 4068 3422 4140 adjmels
3468 4071 3638 4141 qualis

2053 4159 2304 4228 Charitas,
2327 4159 2570 4224 decordc,
2605 4159 2798 4231 inquit,
2826 4176 2977 4233 puro,
2998 4169 3046 4216 et
3067 4161 3376 4226 conscientia
3410 4163 3560 4230 bona.
3584 4171 3634 4220 α

2054 4250 2158 4322 [ide
2197 4267 2298 4306 non
2343 4247 2714 4322 ﬁctauTint.
2748 4264 2787 4317 ι,
2833 4249 2868 4311 5
2891 4249 2934 4320 ).
2973 4249 3064 4308 Ad
3105 4249 3416 4309 Corinthios
3459 4260 3638 4308 autem

2053 4356 2176 4398 cum
2201 4343 2218 4374 ί
2241 4341 2397 4407 dicit,
2424 4340 2614 4399 Omnia
2629 4350 2796 4396 uestra
2834 4357 2952 4398 cum
2997 4342 3244 4400 obesitate
3271 4342 3401 4412 ﬁant
3459 4341 3500 4415 (I
3517 4341 3644 4400 Cor.

2055 4433 2336 4502 xvnii);
2383 4432 2514 4490 satis
2557 4432 2813 4501 ostendit,
2860 4433 3021 4492 etiam
3073 4425 3220 4504 ipsas
3245 4435 3634 4504 correptiones,
3701 4495 3709 4499 ,

2055 4539 2190 4596 quas
2210 4539 2426 4594 asperas
2452 4533 2508 4582 et
2548 4539 2760 4582 amaras
2812 4525 3052 4582 sentiunt
3093 4525 3184 4594 qui
3234 4525 3638 4595 corripiuntur,

2055 4633 2180 4679 eum
2199 4615 2456 4675 cbaritatc
2479 4631 2603 4673 esse
2621 4615 2908 4680 iaciendas.
2935 4615 3090 4674 Unde
3108 4615 3234 4672 alibi
3249 4631 3368 4672 etun
3389 4616 3636 4685 dixisset,

2055 4709 2302 4779 Corripite
2326 4709 2568 4780 inquietos
2595 4749 2611 4775 ,
2633 4708 2964 4767 consolantiui
3002 4707 3348 4777 pusillanimes
3368 4749 3384 4774 ,
3424 4711 3644 4780 suscipi-

2057 4813 2106 4860 te
2129 4803 2364 4873 inﬁrmos
2390 4817 2409 4858 :
2437 4803 2680 4873 patientes
2708 4810 2859 4858 estote
2899 4803 2968 4858 ad
2995 4818 3202 4869 omnes;
3229 4817 3354 4862 mox
3369 4803 3638 4870 adiunxit,

2066 4893 2242 4952 Videte
2261 4911 2324 4950 ne
2341 4895 2454 4966 quis
2486 4893 2676 4950 malum
2701 4911 2796 4967 pro
2845 4894 2980 4950 malo
3004 4892 3158 4950 alicui
3187 4893 3368 4951 reddat
3397 4893 3440 4967 (l
3465 4893 3649 4956 Thess.

2055 5003 2126 5053 ν,
2156 4989 2266 5055 ii,
2305 4987 2376 5044 15
2400 4985 2442 5060 ).
2469 4987 2610 5057 Ergo
2649 4994 2710 5044 et
2745 4985 2962 5057 quando
2998 4985 3360 5056 corripiuntur
3398 4986 3646 5056 inquieti.

2057 5095 2164 5136 non
2216 5079 2411 5136 malum
2439 5093 2542 5149 pro
2581 5077 2748 5146 malo,
2773 5076 2869 5134 sed
2918 5077 3098 5148 potius
3133 5077 3338 5137 bonum
3381 5077 3644 5140 redditur.

2057 5170 2186 5228 Haec
2207 5179 2384 5226 autem
2403 5169 2578 5226 omnia
2605 5184 2724 5242 quae
2749 5169 2850 5225 nisi
2877 5167 3109 5225 charitas
3134 5167 3432 5241 operatur?

2130 5265 2221 5322 55.
2253 5262 2322 5330 Ει
2348 5261 2623 5334 apostolus
2671 5262 2896 5328 Petrus:
2921 5259 3050 5316 Ante
3083 5259 3272 5322 omnia,
3305 5258 3500 5328 inquit,
3523 5275 3639 5319 mu-

2061 5367 2201 5416 tuam
2249 5355 2380 5412 inter
2411 5370 2498 5410 uos
2526 5354 2823 5420 alacritatem
2861 5361 3158 5424 perpetuam
3175 5353 3196 5382 ³
3221 5349 3458 5416 habentes
3481 5389 3496 5413 ,
3520 5349 3648 5419 quia

2059 5447 2280 5510 charitas
2289 5446 2510 5518 cooperit
2523 5443 2891 5504 multitudinem
2903 5452 3220 5514 peccatorum
3236 5441 3284 5513 (1
3301 5439 3445 5496 Patr.
3466 5455 3546 5507 tv,
3561 5439 3646 5510 8),

2059 5539 2196 5608 Dicit
2216 5540 2382 5600 etiam
2401 5539 2678 5610 apostolus
2695 5536 2929 5606 iacebas
2955 5555 2969 5591 :
2999 5535 3066 5592 Si
3087 5545 3258 5592 mea
3293 5531 3453 5603 unum
3479 5535 3632 5603 perﬁ-

2123 5643 3646 5715 ‘mmsuvanienﬂbueta-o-Illilu.

2061 5717 2372 5828 “iisiinii‘ét
2391 5773 2574 5841 aliquot
2593 5781 2722 5839 Ιεεο,
2743 5777 2988 5840 ρεννεωοο
3013 5769 3222 5822 “eum”
3237 5775 3363 5822 ηοω
3389 5773 3516 5832 "33-:
3528 5779 3642 5836 Pe"

2062 5845 2272 5906 pm
