4142 6506
362 529 588 576 testatem
611 528 658 572 et
685 517 908 570 animam
935 524 984 570 et
1011 529 1194 582 corpus
1219 513 1425 582 perdere
1454 513 1510 568 in
1537 512 1814 585 gehennam
1837 528 1857 566 :
1882 512 1954 565 ita

361 613 474 668 dico
498 612 657 676 vobis,
685 611 820 664 hunc
846 610 1028 663 timete.
1051 606 1164 662 Hoc
1187 617 1363 662 autem
1387 605 1540 671 dixit,
1563 621 1631 661 ne
1654 604 1744 660 illo
1766 605 1956 660 timore

362 719 681 776 negaremus
707 717 853 767 eum,
882 714 987 771 quo
1014 699 1254 755 turbatus
1281 707 1362 754 est
1389 698 1596 754 Petrus.
1630 696 1782 752 Hunc
1809 695 1952 752 enim

361 799 560 857 auferri
588 797 758 852 voluit
785 811 813 849 a
842 793 1014 861 nobis,
1046 808 1167 849 cum
1198 792 1346 864 prius
1373 791 1548 848 dixit:
1579 787 1755 844 Nolite
1783 791 1956 843 timere

359 909 442 948 eos
461 890 547 960 qui
565 905 751 959 corpus
771 886 1030 950 occidunt,
1049 893 1094 939 et
1116 893 1286 956 postea
1306 898 1408 938 non
1429 883 1610 937 habent
1627 880 1747 950 quid
1763 879 1956 951 faciant

360 984 522 1055 (Luc.
559 999 652 1048 xu,
684 981 740 1047 5,
771 981 862 1051 4).
894 979 1060 1049 Hujus
1089 977 1294 1033 timoris
1328 991 1434 1030 non
1463 973 1765 1045 accepimus
1791 971 1951 1042 spiri-

361 1088 505 1141 tum,
535 1076 631 1132 sed
657 1075 868 1131 virtutis
891 1083 947 1128 et
973 1071 1247 1126 charitatis
1274 1079 1329 1125 et
1353 1067 1714 1124 continentiae.
1747 1065 1823 1122 De
1845 1078 1954 1134 quo

360 1172 553 1242 Spiritu
582 1171 721 1226 idem
758 1169 869 1238 ipse
909 1165 976 1221 ad
1011 1164 1282 1219 Romanos
1316 1162 1390 1217 ait
1419 1181 1432 1217 :
1461 1161 1754 1216 Gloriamur
1781 1159 1835 1212 in
1863 1157 1954 1211 tri-

364 1265 702 1321 bulationibus
719 1279 739 1328 ;
758 1261 963 1315 scientes
986 1257 1224 1328 quoniam
1245 1255 1501 1310 tribulatio
1521 1251 1814 1326 patientiam
1835 1265 1955 1320 ope-

364 1366 528 1421 ratur,
554 1352 790 1424 patientia
816 1349 1177 1418 probationem,
1208 1346 1436 1418 probatio
1465 1360 1625 1415 spent,
1647 1359 1759 1414 spes
1783 1350 1953 1395 autem

363 1463 465 1502 non
492 1443 753 1513 confundit
782 1458 801 1497 :
824 1442 944 1513 quia
968 1439 1188 1495 charitas
1213 1437 1310 1493 Dei
1337 1435 1526 1504 dilfusa
1549 1444 1623 1491 est
1644 1435 1699 1488 in
1719 1432 1952 1488 cordibus

359 1536 543 1592 nostris
563 1551 654 1606 per
680 1533 931 1603 Spiritum
951 1540 1199 1596 sanctum,
1223 1529 1309 1601 qui
1335 1528 1484 1582 datus
1511 1535 1584 1582 est
1611 1525 1754 1580 nobis
1774 1523 1949 1596 (Rom.

356 1643 411 1690 ν,
434 1625 577 1697 3-5).
600 1624 716 1680 Non
739 1625 914 1695 itaque
937 1637 1032 1694 per
1056 1637 1174 1688 nos,
1198 1621 1290 1677 sed
1318 1635 1413 1691 per
1431 1619 1686 1690 Spiritum
1709 1625 1952 1672 sanctum

355 1718 450 1790 qui
475 1719 632 1774 datus
656 1728 738 1774 est
767 1716 940 1783 nobis,
994 1717 1108 1786 ipsa
1135 1715 1394 1770 cbaritate
1420 1713 1512 1780 tit,
1545 1727 1702 1784 quam
1732 1711 1828 1766 Dei
1858 1710 1953 1765 do-

357 1827 486 1868 num
525 1825 647 1867 esse
685 1809 1022 1873 manifestat,
1057 1816 1114 1862 ut
1147 1806 1414 1862 tribulatio
1449 1820 1554 1860 non
1589 1803 1822 1869 auferat,
1855 1801 1951 1858 sed

356 1903 536 1974 potius
560 1912 814 1973 operetur
843 1900 1166 1972 patientiam.
1196 1898 1277 1954 Ad
1306 1897 1564 1967 Ephesios
1593 1896 1751 1952 etiam
1771 1936 1786 1959 ,
1815 1910 1946 1965 pax,

357 1993 548 2064 inquit,
577 1993 819 2066 fratribus
847 2001 894 2046 et
919 1991 1141 2046 charitas
1165 2006 1280 2044 cum
1303 1989 1423 2059 ﬁde.
1448 1987 1633 2056 Magna
1654 1987 1793 2043 bona
1819 2004 1830 2039 :
1855 1984 1950 2041 sed

357 2085 498 2143 dicat
525 2086 704 2142 unde?
728 2103 760 2140 a
782 2084 911 2148 Deo,
940 2085 1129 2155 inquit,
1158 2081 1315 2136 Patre
1338 2091 1385 2136 et
1413 2081 1626 2136 Domino
1648 2078 1776 2134 Iesu
1800 2077 1950 2133 Chri-

355 2190 432 2234 sto
460 2177 676 2250 (Ephes.
707 2193 782 2244 vt,
812 2177 926 2247 25).
957 2177 1097 2247 Ergo
1123 2173 1239 2230 haec
1264 2187 1454 2245 magna
1492 2173 1661 2240 bona,
1691 2186 1801 2226 non
1827 2176 1952 2225 sunt

358 2269 460 2326 nisi
489 2269 580 2324 Dei
607 2269 768 2324 dona.

427 2359 652 2416 CAPUT
675 2358 818 2414 XIX.
844 2388 916 2400 —
939 2357 1028 2413 40.
1059 2356 1164 2413 Sed
1194 2372 1297 2426 npn
1325 2364 1408 2412 est
1433 2355 1647 2422 mirum,
1673 2355 1719 2409 si
1747 2353 1834 2409 lux
1861 2353 1948 2409 ιιι-

360 2460 447 2508 εει
470 2453 521 2507 in
552 2451 787 2508 tenebris
806 2493 819 2517 ,
851 2460 906 2505 et
934 2449 1169 2505 tenebras
1193 2463 1322 2506 eam
1358 2464 1464 2502 non
1491 2444 1952 2516 comprehendunt

363 2543 541 2618 (Ioan.
572 2560 614 2610 ι,
643 2544 718 2614 5).
742 2542 799 2597 In
825 2542 1028 2597 Joanne
1056 2542 1144 2596 lux
1169 2540 1319 2607 dicit,
1348 2539 1474 2594 Ecce
1500 2539 1700 2608 qualem
1723 2537 1951 2593 dilectio-

365 2651 482 2690 nem
519 2635 656 2688 dedit
692 2633 830 2688 nobis
869 2631 1042 2696 Pater,
1075 2642 1130 2686 ut
1170 2631 1266 2702 ﬁlii
1303 2630 1398 2685 Dei
1439 2647 1672 2686 vocemur
1708 2639 1755 2684 et
1791 2631 1951 2684 simus

369 2724 424 2798 (I
449 2724 605 2780 locis.
639 2741 714 2790 nt,
747 2723 821 2796 1).
851 2725 913 2778 Ει
942 2723 992 2778 in
1021 2722 1318 2794 Pelagianis
1345 2723 1584 2778 tenebrae
1609 2721 1824 2786 dicunt,
1856 2721 1951 2774 Di-

362 2815 522 2872 lectio
547 2817 700 2872 nobis
725 2832 795 2872 ex
819 2815 970 2871 nobis
993 2825 1094 2870 est.
1116 2814 1286 2882 Quam
1312 2815 1356 2868 si
1381 2828 1586 2881 veram,
1614 2812 1668 2868 id
1692 2823 1794 2878 est,
1817 2812 1954 2866 chri-

360 2911 588 2968 stianam
616 2910 955 2966 dilectionem
981 2909 1270 2975 haberent,
1303 2908 1504 2963 scirent
1530 2915 1586 2962 et
1613 2905 1754 2962 unde
1783 2905 1950 2961 habe-

357 3016 512 3070 rent;
541 3001 678 3058 sicut
705 3001 910 3058 sciebat
933 3000 1242 3071 Apostolus,
1269 2999 1360 3070 qui
1385 2998 1612 3064 dicebat,
1644 2995 1758 3052 Nos
1786 3005 1952 3051 mitem

356 3113 457 3153 non
481 3097 718 3168 spiritum
745 3096 901 3167 hujus
931 3094 1108 3149 mundi
1131 3093 1415 3165 accepimus
1432 3133 1448 3158 ,
1481 3091 1570 3147 sed
1603 3091 1838 3163 spiritum
1866 3091 1952 3161 qui

354 3205 419 3245 ea:
448 3187 559 3244 Deo
591 3199 696 3255 est,
735 3197 790 3242 ut
828 3188 1047 3242 sciamus
1083 3201 1198 3258 quae
1228 3202 1260 3239 a
1291 3182 1403 3238 Deo
1437 3183 1627 3238 donata
1655 3191 1773 3237 sunt
1809 3181 1952 3236 nobis

356 3281 400 3352 (l
421 3281 537 3337 Cor.
567 3297 627 3349 ιι,
656 3280 769 3351 12).
798 3278 1035 3336 Joannes
1059 3277 1209 3344 dicit,
1236 3275 1375 3331 Deus
1398 3274 1600 3330 dilectio
1620 3284 1693 3330 est
1719 3273 1764 3347 (ι
1789 3273 1948 3330 Joan.

356 3387 434 3437 tv,
459 3371 573 3442 16).
602 3370 672 3426 Ει
697 3369 972 3442 Pelagiani
999 3369 1161 3425 etiam
1190 3367 1365 3438 ipsum
1395 3367 1562 3422 Deum
1588 3382 1696 3421 non
1717 3381 1784 3422 ex
1814 3365 1947 3435 Deo,

358 3463 457 3521 sed
483 3479 549 3519 ex
575 3463 876 3532 semetipsis
902 3461 1099 3517 habere
1119 3475 1180 3516 se
1197 3459 1383 3515 dicunt
1405 3474 1422 3515 :
1447 3469 1504 3515 et
1526 3474 1647 3514 cum
1674 3457 1950 3513 scientiam

359 3555 494 3627 legis
513 3572 580 3612 ex
599 3556 709 3611 Deo
729 3554 883 3610 nobis
904 3570 1024 3611 esse
1048 3553 1334 3622 fateantur,
1364 3553 1678 3609 charitatem
1703 3568 1770 3607 ex
1796 3551 1950 3607 nobis

359 3647 494 3720 ipsis
516 3648 724 3704 volunt.
747 3647 858 3703 Nec
880 3647 1100 3702 audiunt
1123 3644 1438 3716 Apostolum
1459 3643 1744 3709 dicentem,
1773 3642 1951 3699 Scien-

359 3739 431 3794 tia
453 3741 624 3810 inﬂat,
653 3738 875 3792 charitas
901 3747 1063 3793 autem
1087 3737 1308 3806 (edi/Scal
1334 3736 1386 3808 (ι
1411 3733 1532 3790 Cor.
1560 3749 1672 3798 vut,
1705 3731 1782 3809 1).
1812 3733 1951 3802 Quid

354 3841 444 3888 est
480 3831 710 3902 ineptius
729 3870 746 3899 ,
777 3831 884 3886 imo
907 3845 1033 3886 vero
1058 3829 1184 3902 quid
1216 3839 1300 3886 est
1335 3829 1632 3894 amentius,
1661 3837 1716 3884 et
1743 3829 1811 3884 ab
1836 3829 1951 3898 ipsa

355 3927 638 3982 sanctitate
674 3925 948 3980 charitatis
979 3925 1243 3993 alienius,
1273 3939 1434 3994 quam
1462 3921 1706 3978 confiteri
1736 3937 1802 3978 ex
1839 3921 1950 3977 Deo

355 4035 478 4077 esse
504 4020 804 4087 scientiam,
833 4035 954 4090 quae
983 4019 1100 4075 sine
1129 4017 1389 4074 cbaritate
1424 4017 1594 4084 inﬂat,
1621 4026 1676 4071 et
1703 4031 1770 4071 ex
1795 4014 1951 4070 nobis

357 4128 475 4170 esse
498 4113 833 4178 charitatem,
855 4129 975 4184 quae
1003 4111 1128 4168 facit
1149 4122 1208 4168 ut
1231 4111 1450 4167 scientia
1479 4109 1665 4164 inﬂare
1690 4126 1795 4164 non
1819 4123 1949 4180 pos-

357 4207 462 4262 sit?
496 4207 627 4263 ltem
655 4222 776 4262 cum
803 4206 948 4262 dicat
974 4204 1290 4275 Apostolus,
1319 4203 1765 4274 supereminentem
1791 4202 1952 4256 scien-

363 4300 448 4354 tia:
472 4301 765 4355 charitatem
796 4299 981 4355 Christi
1009 4298 1238 4369 (Ep/tes.
1269 4315 1345 4364 ιιι,
1379 4297 1477 4367 19)
1501 4316 1515 4364 ;
1547 4297 1674 4368 quid
1701 4306 1784 4352 est
1813 4299 1954 4352 insa-

367 4389 491 4444 nius
509 4430 524 4454 ,
553 4406 709 4458 quam
739 4401 926 4460 putare
952 4405 1018 4445 ex
1056 4390 1166 4445 Deo
1199 4404 1318 4444 esse
1346 4389 1652 4454 scientiam,
1682 4404 1801 4458 quae
1828 4390 1954 4444 sub-

366 4479 545 4536 denda
573 4488 656 4535 est
681 4480 941 4546 charitati,
973 4490 1026 4537 et
1049 4497 1112 4537 ex
1145 4480 1448 4536 hominibus
1472 4479 1808 4547 charitatem,
1832 4495 1954 4550 qua:

366 4573 735 4644 supereminet
771 4572 1044 4628 scientia?
1071 4572 1232 4628 Fides
1264 4583 1442 4628 autem
1472 4587 1600 4628 vera
1628 4581 1684 4627 et
1713 4571 1954 4626 doctrina

361 4680 492 4722 sana
523 4665 710 4720 ambas
735 4680 855 4720 esse
888 4665 1013 4720 dicit
1041 4682 1105 4721 ex
1136 4667 1242 4721 Deo
1261 4707 1276 4734 ,
1308 4666 1433 4736 quia
1474 4666 1734 4735 scriptum
1767 4674 1878 4733 est,
1910 4666 1956 4720 Α

361 4758 490 4828 facie
518 4760 630 4830 ejus
657 4760 868 4814 scientia
896 4768 943 4814 et
969 4760 1248 4815 intellectus
1285 4759 1510 4832 procedit
1543 4758 1732 4831 (Proo.
1763 4776 1822 4824 ιι,
1852 4777 1953 4815 sec.

358 4849 529 4920 LXX)
558 4869 572 4904 :
602 4852 858 4921 scriptum
884 4861 998 4918 est,
1030 4850 1264 4918 Charitas
1288 4871 1352 4909 ea:
1381 4853 1489 4908 Deo
1514 4862 1586 4908 est
1612 4854 1664 4926 (Ι
1687 4853 1844 4908 Joan.
1877 4870 1954 4924 tv,

361 4942 439 5016 7).
473 4944 540 4999 Ει
565 4945 793 5016 legimus
811 4988 827 5010 ,
857 4945 1111 5016 Spiritum
1135 4948 1359 5003 scientia:
1385 4958 1432 5003 et
1461 4947 1658 5021 pietatis
1683 4947 1846 5020 (Isai.
1877 4965 1957 5019 ιι,

363 5035 421 5108 2)
450 5054 464 5091 :
493 5039 737 5108 legimus,
767 5038 1019 5109 Spiritum
1049 5041 1244 5095 uirtutis
1267 5049 1315 5094 et
1340 5041 1600 5096 charitatis
1626 5050 1672 5095 et
1695 5043 1958 5096 continen-

367 5127 451 5181 tite
471 5129 538 5198 (ιι
567 5127 698 5184 Tim.
726 5146 763 5194 ι,
790 5131 868 5200 7).
895 5131 1001 5187 Sed
1024 5131 1196 5203 majus
1219 5141 1304 5188 est
1323 5131 1521 5188 donum
1547 5133 1779 5188 charitas
1799 5149 1958 5204 quam

367 5219 588 5274 scientia
615 5238 628 5274 :
653 5235 772 5275 nam
796 5222 1015 5278 scientia
1038 5223 1255 5294 quando
1279 5231 1362 5279 est
1387 5224 1441 5279 in
1466 5223 1702 5290 homine,
1726 5223 1961 5281 Charitas

367 5319 453 5364 est
482 5312 801 5379 necessaria,
828 5329 898 5368 ne
925 5313 1176 5381 inﬂetur;
1207 5316 1431 5371 charitas
1458 5325 1636 5372 autem
1667 5331 1774 5372 non
1799 5332 1962 5372 temu-

366 5403 526 5468 latur,
557 5420 655 5458 non
681 5405 782 5475 agit
807 5423 1103 5477 perperam,
1132 5425 1236 5463 non
1264 5409 1475 5480 inflatur
1503 5407 1557 5481 (Ι
1579 5407 1701 5465 Cor.
1734 5426 1854 5472 xm,
1880 5409 1957 5480 4).

439 5491 666 5550 CAPUT
704 5495 822 5551 XX.
849 5527 921 5538 —
951 5499 1042 5555 41.
1079 5499 1223 5556 Satis
1263 5515 1350 5556 me
1390 5500 1690 5570 disputasse
1731 5501 1961 5556 arbitror

362 5597 620 5652 adversus
649 5610 743 5650 eos
763 5597 851 5668 qui
877 5596 1108 5668 gratiam
1136 5595 1234 5651 Dei
1260 5595 1606 5652 vehementer
1628 5604 1957 5666 oppugnant,

367 5705 467 5760 qua
492 5690 738 5745 voluntas
763 5689 999 5746 humana
1031 5706 1137 5745 non
1169 5689 1388 5755 tollitur,
1419 5689 1509 5745 sed
1536 5704 1602 5745 ex
1629 5689 1764 5744 mala
1790 5697 1962 5744 muta-

365 5790 452 5836 tur
486 5780 539 5836 in
577 5781 805 5845 bonam,
841 5791 896 5836 et
929 5797 1051 5836 cum
1089 5781 1226 5835 bona
1262 5779 1422 5834 fuerit
1460 5779 1774 5849 adiuvatur;
1803 5788 1852 5834 et
1885 5778 1964 5836 sic

365 5877 687 5949 disputasso,
721 5885 778 5929 ut
801 5891 908 5930 non
937 5876 1105 5946 magis
1135 5891 1254 5945 ego,
1288 5892 1444 5946 quam
1471 5875 1649 5930 divina
1678 5873 1794 5944 ipsa
1815 5871 1960 5935 Scri-

649 5969 877 6034 Ssacr.
923 5971 1204 6032 Ausus'r.
1235 5969 1294 6037 Χ

1699 384 1702 388 ’
1785 394 1986 452 LIBER
2023 394 2222 453 UNUS.

3540 411 3647 470 906

2063 519 2212 580 ptura
2251 509 2524 566 vobiscum
2560 513 2736 568 locuta
2775 514 2844 569 sit
2881 513 3292 572 evidentissimis
3329 518 3648 578 testimoniis

2059 601 2300 656 veritatis
2326 620 2341 658 :
2371 619 2490 672 quae
2516 601 2787 674 Scriptura
2811 605 2992 662 divina
3020 608 3064 664 si
3091 608 3374 682 diligenter
3395 611 3645 684 inspicia-

2061 700 2176 759 tur,
2206 694 2438 748 ostendit
2477 709 2583 749 non
2626 695 2797 751 solum
2834 697 3002 755 bonas
3041 700 3315 757 hominum
3347 703 3648 760 voluntates

2060 799 2192 855 quas
2216 785 2330 856 ipse
2355 785 2480 841 facit
2503 803 2570 842 ex
2601 789 2774 856 malis,
2805 799 2860 846 et
2883 806 2913 846 a
2942 807 3002 848 se
3031 792 3197 852 factas
3224 796 3392 851 bonas
3421 796 3474 850 in
3498 806 3650 853 actus

2060 877 2231 934 bonos
2259 889 2313 935 et
2341 880 2393 934 in
2425 890 2680 936 aeternam
2707 883 2886 954 dirigit
2913 885 3097 952 vitam,
3128 903 3312 942 verum
3341 889 3499 944 etiam
3531 888 3651 945 illas

2058 987 2179 1043 quae
2203 983 2525 1030 conservant
2551 973 2628 1046 (a)
2657 976 2837 1031 saeculi
2867 990 3199 1048 creaturam,
3226 980 3298 1035 ita
3326 997 3449 1038 esse
3475 983 3528 1037 in
3557 982 3653 1038 Dei

2059 1076 2342 1136 potestate,
2372 1077 2432 1123 ut
2453 1083 2547 1123 eas
2571 1084 2682 1139 quo
2710 1071 2956 1138 voluerit,
2981 1073 3193 1142 quando
3216 1074 3460 1140 voluerit,
3493 1074 3654 1131 faciat

2059 1158 2324 1228 inclinari,
2357 1161 2439 1216 vel
2469 1159 2536 1215 ad
2575 1160 2832 1217 beneﬁcia
2863 1163 3182 1233 Quibusdam
3215 1166 3536 1234 prteSIanda,
3565 1183 3650 1222 ve.

2057 1251 2124 1306 ad
2153 1267 2338 1321 positas
2367 1251 2682 1322 quibusdam
2723 1253 3071 1324 ingerendas,
3103 1256 3238 1311 sicut
3273 1258 3387 1326 ipse
3413 1257 3646 1328 judicat,

2057 1345 2418 1401 occultissimo
2442 1345 2655 1418 quidem
2680 1346 2901 1418 judicio,
2924 1348 3016 1403 sed
3043 1349 3157 1404 sine
3183 1351 3289 1404 ulla
3316 1349 3650 1406 dubitatione

2053 1437 2370 1508 justissima.
2400 1438 2533 1494 Nam
2564 1440 2867 1496 invenimus
2893 1440 3067 1511 aliqua
3101 1451 3317 1511 peccata
3345 1442 3505 1496 etiam
3535 1458 3652 1512 pai-

2057 1543 2153 1584 nas
2190 1545 2310 1585 esse
2348 1529 2572 1585 aliorum
2612 1539 2951 1601 peccatorum
2982 1547 2995 1584 :
3029 1531 3168 1586 sicut
3200 1541 3325 1586 sunt
3359 1547 3484 1587 vasa
3523 1532 3651 1599 irae,

2056 1637 2174 1692 quae
2201 1622 2431 1692 perfecta
2453 1624 2581 1678 dicit
2601 1624 2890 1694 Apostolus
2912 1625 2964 1677 in
2990 1624 3345 1694 perditionem
3371 1625 3546 1697 (Rom.
3571 1641 3652 1692 lx,

2055 1713 2148 1786 22)
2180 1733 2193 1769 :
2223 1717 2359 1771 sicut
2385 1726 2468 1772 est
2495 1716 2762 1772 induratio
2789 1717 3102 1784 Pharaonis,
3129 1718 3282 1790 cujus
3309 1729 3364 1774 et
3387 1735 3548 1774 causa
3573 1719 3656 1774 di-

2055 1810 2212 1878 citur,
2240 1810 2308 1866 ad
2333 1810 2715 1866 ostendendam
2743 1812 2796 1866 in
2822 1810 2915 1866 illo
2940 1811 3188 1866 virtutem
3217 1811 3310 1866 Dei
3333 1810 3526 1885 (Exod.
3551 1827 3650 1879 vn,

2055 1904 2110 1970 '5,
2137 1913 2185 1958 et
2205 1921 2260 1970 x,
2287 1904 2342 1974 1)
2367 1923 2381 1959 :
2406 1904 2544 1960 sicut
2562 1915 2645 1960 est
2670 1903 2791 1975 fuga
2815 1902 3172 1958 lsraelitarum
3198 1919 3230 1959 a
3255 1903 3392 1959 facie
3417 1903 3655 1960 hostium

2055 1994 2123 2051 de
2147 1996 2361 2051 civitate
2381 1994 2480 2051 Gai
2501 1995 2594 2059 ;'in
2622 1995 2803 2050 animo
2828 1995 2969 2050 enim
2998 1994 3170 2050 factus
3190 2003 3274 2051 est
3294 1996 3454 2051 timor
3479 2005 3540 2050 ut
3563 1994 3652 2052 fu-

2053 2097 2262 2159 gerent,
2286 2097 2340 2144 et
2366 2087 2468 2142 hoc
2495 2087 2693 2142 factum
2713 2098 2794 2142 est
2819 2095 2877 2142 ut
2902 2087 3264 2142 vindicaretur
3289 2095 3564 2157 peccatum
3589 2095 3646 2143 et

2053 2179 2244 2245 modo,
2271 2194 2378 2250 quo
2406 2177 2576 2234 fuerat
2605 2177 2981 2233 vindicandum
3012 2196 3024 2232 :
3058 2177 3199 2233 unde
3228 2178 3358 2233 dicit
3391 2178 3652 2234 Dominus

2054 2270 2121 2326 ad
2141 2271 2323 2327 Iesum
2343 2269 2510 2334 Nave,
2535 2269 2658 2324 Non
2686 2279 2919 2341 poterunt
2939 2271 3036 2340 ﬁlii
3059 2269 3226 2324 Israel
3250 2270 3516 2326 subsistere
3534 2279 3654 2325 ante

2054 2364 2236 2435 faciem
2258 2364 2276 2396 ⁸
2305 2365 2624 2419 inimicorum
2650 2381 2859 2419 suorum
2887 2363 3084 2436 (Iosue
3115 2380 3189 2420 vn
3211 2407 3225 2432 ,
3257 2366 3322 2434 4,
3355 2363 3481 2438 12).
3513 2365 3652 2432 Quid

2053 2469 2138 2516 est
2156 2500 2171 2525 ,
2204 2459 2324 2512 Non
2353 2467 2586 2529 poterunt
2619 2457 2924 2513 subsistere?
2949 2457 3129 2526 Quare
3153 2473 3262 2513 non
3293 2456 3655 2514 subsistebant

2053 2565 2152 2623 per
2181 2549 2408 2604 liberum
2439 2549 2716 2604 arbitrium
2737 2589 2755 2617 ,
2783 2547 2880 2604 sed
2911 2563 3008 2618 per
3037 2549 3282 2604 timorem
3313 2548 3524 2605 turbata
3551 2565 3652 2605 vo-

2054 2643 2260 2699 luntate
2282 2643 2587 2715 fugiebant;
2617 2645 2718 2698 nisi
2742 2645 2864 2714 quia
2893 2644 3030 2700 Deus
3057 2644 3363 2701 dominatur
3386 2655 3442 2702 et
3463 2647 3656 2702 volun-

2055 2739 2250 2793 tatibus
2278 2737 2576 2805 bominum,
2605 2748 2660 2794 et
2685 2754 2822 2810 quos
2845 2739 2957 2794 vult
2985 2740 3038 2795 in
3061 2738 3403 2796 formidinem
3429 2757 3656 2798 conver-

2055 2831 2120 2886 tit
2140 2831 2344 2886 iratus?
2368 2830 2636 2902 Numquid
2664 2847 2772 2886 non
2804 2832 2987 2888 hostes
3010 2830 3370 2888 lsraelitarum
3397 2833 3655 2890 adversus

2053 2924 2307 2995 p0pulum
2338 2923 2467 2991 Dei,
2497 2939 2658 2994 quem
2685 2924 2916 2980 ducebat
2937 2924 3095 2980 Iesus
3120 2924 3266 2980 Nave
3284 2966 3301 2993 ,
3331 2941 3427 2981 sua
3460 2927 3653 2982 volun-

2057 3024 2163 3070 tate
2185 3015 2516 3087 pugnarunt?
2537 3015 2605 3070 Et
2625 3025 2800 3071 tamen
2823 3015 2953 3071 dicit
2972 3015 3270 3088 Scriptura,
3292 3017 3414 3086 quia
3438 3034 3526 3090 per
3546 3018 3656 3074 Do-

2053 3108 2246 3162 minum
2273 3109 2464 3178 factum
2486 3118 2560 3163 est
2584 3109 2860 3180 confortari
2884 3125 2972 3164 cor
2999 3125 3192 3177 eorum,
3223 3119 3278 3164 ut
3303 3110 3498 3165 obviam
3522 3111 3657 3165 irent

2054 3200 2123 3254 ad
2146 3198 2334 3253 bellum
2361 3197 2430 3252 ad
2455 3197 2652 3267 Israel,
2683 3209 2738 3254 ut
2767 3201 3222 3257 exterminarentur
3246 3200 3370 3272 (Id.
3401 3218 3455 3258 ιι
3474 3244 3488 3268 ,
3519 3202 3653 3276 20).

2053 3289 2321 3360 Numquid
2348 3305 2454 3346 non
2483 3305 2577 3346 sua
2604 3291 2880 3348 voluntate
2904 3291 3068 3348 homo
3095 3293 3368 3364 improbus
3389 3293 3529 3350 ﬁlius
3550 3294 3658 3352 Ge-

2053 3389 2186 3445 mini
2219 3390 2572 3446 maledicebat
2608 3391 2720 3462 regi
2753 3391 2964 3446 David?
2991 3391 3062 3446 Et
3089 3400 3266 3448 tamen
3295 3391 3421 3463 quid
3449 3392 3525 3448 ait
3551 3392 3657 3448 Da-

2053 3482 2166 3551 vid,
2194 3483 2385 3554 plenus
2408 3498 2535 3539 vera
2563 3492 2618 3539 et
2639 3485 2744 3540 alta
2771 3493 2827 3540 et
2853 3485 2937 3555 pia
2964 3485 3300 3556 sapientia’?
3325 3487 3451 3556 quid
3479 3488 3551 3541 ait
3578 3486 3654 3542 illi

2011 3633 2014 3638 ,
2055 3574 2147 3646 qui
2169 3574 2578 3632 maledicentem
2606 3585 2887 3644 percutere
2910 3576 3111 3630 voluit?
3134 3576 3270 3643 Quid
3288 3578 3433 3644 mihi,
3461 3579 3652 3648 inquit,

2054 3676 2101 3721 et
2125 3665 2284 3734 vobis,
2307 3665 2404 3736 lilii
2432 3665 2668 3722 Sat-uita?
2698 3665 2947 3721 Dimittite
2971 3683 3108 3734 eum,
3141 3679 3187 3722 et
3215 3669 3515 3734 maledicat;
3537 3671 3657 3740 quia

2054 3754 2305 3812 Dominus
2336 3757 2467 3812 dixit
2504 3757 2582 3810 illi
2622 3757 2919 3812 maledicere
2958 3756 3141 3812 Dauid.
3181 3757 3248 3811 lat
3275 3759 3386 3830 quis
3415 3761 3543 3813 dicet
3572 3761 3618 3814 ei
3638 3803 3652 3825 ,

2059 3847 2229 3914 Quare
2247 3849 2411 3922 fecisti
2431 3849 2503 3904 sic
2521 3848 2546 3902 Ρ
2567 3848 2769 3904 Deinde
2791 3849 3064 3920 Scriptura
3087 3849 3268 3905 divina
3297 3852 3506 3922 plenam
3530 3868 3658 3908 sen-

2057 3942 2276 3997 tentiam
2304 3942 2446 4013 regis
2473 3943 2623 3999 velut
2647 3943 2714 3999 ab
2742 3943 2850 4000 alio
2880 3944 3032 3999 initio
3061 3946 3354 4014 repetendo
3378 3962 3656 4003 commen-

2056 4033 2190 4088 dans
2217 4052 2231 4089 :
2262 4033 2332 4088 Et
2361 4034 2510 4102 dixit,
2539 4035 2732 4105 inquit,
2765 4023 2933 4089 Dauid
2961 4035 3029 4090 ad
3056 4036 3242 4091 Abessa
3264 4037 3286 4069 ³
3312 4049 3358 4092 et
3389 4040 3456 4094 ad
3482 4057 3657 4095 omnes

2055 4145 2237 4200 pueros
2254 4130 2364 4202 ejus
2383 4145 2402 4185 :
2420 4129 2550 4184 Ecce
2565 4131 2703 4200 [ilius
2722 4147 2862 4187 meus
2881 4132 2966 4202 qui
2983 4133 3103 4186 exiit
3119 4134 3182 4186 de
3203 4142 3344 4187 utero
3361 4150 3470 4188 meo
3481 4152 3502 4202 ;
3517 4151 3656 4205 qua!-

2056 4221 2123 4274 rit
2143 4221 2366 4276 animam
2389 4239 2572 4290 nteant,
2595 4232 2644 4277 et
2663 4223 2833 4276 adhuc
2853 4223 3001 4277 modo
3023 4222 3163 4292 ﬁlius
3185 4222 3466 4279 Gemini"?
3491 4226 3658 4281 Sinite

2055 4313 2226 4378 illum,
2252 4313 2540 4379 maledicat,
2573 4314 2814 4384 quoniam
2843 4313 2972 4368 dixit
2998 4314 3076 4368 illi
3108 4313 3372 4381 Dominus,
3405 4327 3460 4370 ut
3489 4317 3656 4372 videat

2057 4404 2306 4459 Dominus
2326 4405 2658 4459 humilitatem
2682 4423 2860 4471 meam,
2888 4415 2934 4460 et
2956 4406 3233 4460 retribuatII
3261 4408 3384 4461 milii
3407 4408 3536 4463 bona
3561 4427 3656 4480 pro

2057 4497 2324 4551 maledicto
2347 4497 2454 4568 ejus
2480 4497 2532 4550 in
2559 4497 2641 4551 die
2662 4497 2758 4552 isto
2781 4495 2844 4568 (II
2877 4498 3004 4568 Reg.
3035 4514 3146 4564 xv1,
3171 4498 3350 4570 5-12).
3375 4499 3656 4566 Quomodo

2059 4588 2254 4644 dixerit
2283 4589 2537 4644 Dominus
2566 4589 2688 4644 huic
2720 4591 2917 4664 homini
2951 4591 3270 4647 maledicere
3303 4593 3500 4662 David,
3533 4596 3652 4666 quis

2060 4684 2273 4752 sapiens
2292 4691 2345 4738 et
2366 4681 2659 4752 intelliget?
2678 4681 2791 4737 Non
2815 4685 2954 4737 enim
2978 4683 3215 4754 juhendo
3237 4684 3386 4751 dixit,
3413 4686 3502 4741 ubi
3526 4687 3653 4743 obes

2061 4775 2260 4831 dientia
2282 4775 2622 4842 laudaretur;
2651 4775 2745 4830 sed
2771 4775 2912 4846 quod
2940 4775 3058 4846 ejus
3085 4777 3407 4833 voluntatem
3438 4780 3657 4850 proprio

2060 4867 2190 4922 vitio
2215 4882 2312 4922 suo
2341 4866 2532 4922 malam
2565 4867 2616 4921 in
2645 4867 2747 4922 hoc
2785 4876 3058 4938 peccatum
3084 4867 3288 4955 jqdicio
3313 4886 3410 4924 suo
3433 4871 3578 4941 justo
3605 4881 3660 4928 et

2062 4959 2272 5014 occulto
2300 4958 2604 5026 inclinavit,
2639 4958 2760 5015 ideo
2785 4959 2982 5016 dictum
3009 4971 3122 5030 est,
3153 4961 3284 5016 dixit
3310 4963 3355 5017 ei
3384 4962 3654 5019 Dominus.

2061 5050 2195 5108 Nam
2225 5053 2270 5108 si
2299 5051 2505 5124 jubenti
2536 5053 2957 5124 obtemperasset
2984 5055 3121 5124 Deo,
3157 5057 3452 5114 laudandus
3482 5059 3660 5130 potius

2064 5163 2223 5220 quam
2259 5145 2558 5218 puniendus
2587 5155 2766 5215 esset,
2796 5149 2932 5202 sicut
2969 5163 3035 5203 ex
3071 5148 3174 5204 hoc
3214 5159 3433 5220 peccato
3472 5161 3654 5223 postea

2130 5323 2162 5396 ι.
2183 5322 2336 5382 Editi,
2377 5333 2410 5372 a
2430 5319 2574 5386 facie.
2618 5321 2926 5373 Oorbeiensis
2945 5326 3054 5372 Mss.
3080 5327 3133 5372 et
3152 5320 3250 5373 duo
3286 5323 3513 5386 Vaticani,
3549 5330 3658 5376 ante

2062 5384 2490 5520 ίαῗθῧέῑξείθειειξ
2507 5455 2608 5520 rs...
2632 5451 2680 5520 et
2695 5445 2794 5520 dm
2815 5443 3084 5520 εσρέεηείας
3106 5447 3301 5520 omisso.
3318 5446 3500 5520 Atria-

2131 5510 2153 5542 ³
2185 5508 2322 5567 Editi,
2343 5507 2408 5557 ad
2439 5505 2608 5558 .4bism'.
2632 5514 2686 5557 Et
2706 5515 2836 5566 Mss,
2855 5505 2919 5556 (id
2946 5505 3116 5557 .-.bessa
3136 5516 3223 5557 :ut
3245 5505 3294 5558 in
3318 5505 3444 5557 LXX.

2128 5569 2152 5603 δ
2181 5571 2255 5620 sic
2299 5569 2610 5634 manuscripti
2649 5568 2897 5634 Gallicani,
2947 5570 3154 5634 Vaticani
3207 5576 3258 5619 et
3279 5570 3473 5634 _B_elgici
3517 5571 3658 5634 juxta

2171 5645 2280 5681 cum
2303 5636 2411 5680 Lxx
2429 5664 2444 5689 ,
2471 5627 2557 5694 luti"
2573 5628 2870 5694 praetium
2891 5642 2921 5680 ο
2943 5627 3046 5694 uias
3068 5630 3149 5682 toti
3174 5629 3356 5684 lentini.
3381 5627 3500 5682 Editi
3518 5627 3658 5684 Tere-

2065 5644 2280 5744 ξῗξειιω
2303 5644 2411 5680 Lxx
2429 5664 2444 5689 ,
2471 5644 2549 5680 κιη
2573 5644 2750 5694 prosett
2771 5644 2870 5679 nun
2891 5644 2921 5680 ο
2943 5644 3037 5680 utor

2132 5755 2150 5762 ᾗ
2167 5700 2204 5753 ι,
2227 5697 2406 5762 quamq
2416 5692 2568 5762 magis
2589 5690 2666 5742 hic
2688 5689 2820 5756 ﬁlius
2837 5690 3037 5743 Gemini.

2129 5755 2153 5788 ⁸
2187 5753 2314 5814 Mss,
2338 5753 2583 5804 retribuet.

2152 5815 2206 5880 ᾳ)
2239 5814 2385 5866 Μαι-ει
2430 5814 2695 5880 legendum
2731 5824 2904 5869 censet
2924 5856 2938 5880 ,
2974 5824 3226 5869 exornant.
3254 5820 3369 5871 Vide
3419 5819 3657 5872 Element.

2731 5832 2888 5930 (cui?!

2231 5906 2251 5943 1
2417 5910 2430 5926 ⁸
2517 5907 2536 5942 Ι
2877 5917 2888 5928 ο

2856 5968 3337 6048 /Vt'nnt-neuf.J
