4142 6500
503 334 598 392 911
1449 333 1773 390 EPISTOLA
1813 333 2179 392 VALENTIN!
2215 336 2308 392 AD
2345 335 2815 394 AUGUSTINUM.

501 444 602 501 rita
628 445 866 514 credite;
897 447 947 501 in
979 460 1044 501 eo
1069 459 1197 501 vero
1226 444 1379 515 cujus
1401 446 1709 516 miseretur,
1740 452 1962 518 gratiam
1991 449 2084 505 Dei

504 552 613 593 non
653 538 922 594 reddentis
952 537 1087 590 mala
1126 552 1223 606 pro
1251 537 1428 605 malis,
1462 538 1554 594 sed
1586 540 1721 595 bona
1766 556 1861 610 pro
1903 534 2079 605 malis,

501 628 733 696 ﬁdeliter
756 638 809 684 et
833 627 1193 685 indubitanter
1216 631 1512 700 agnoscite.
1536 630 1644 687 Nec
1683 631 1803 687 ideo
1830 631 2082 688 auferetis

500 735 530 774 a
562 721 836 775 Pharaone
863 720 1088 775 liberum
1117 722 1415 789 arbitrium,
1447 724 1570 793 quia
1594 724 1775 778 multis
1796 724 1929 779 locis
1956 724 2083 778 dicit

497 816 637 870 Deus
657 856 671 880 ,
704 811 817 885 Ego
845 813 1083 869 induravi
1116 815 1478 881 Pharaonem;
1518 818 1636 884 vel,
1685 819 1919 871 induravi
1943 858 1956 883 ,
1994 824 2084 871 aut

494 906 741 963 indurabo
768 924 859 961 cor
889 908 1174 964 Pharaonis
1201 908 1394 982 (Exod.
1438 924 1639 977 iv-mv,
1689 911 1919 980 passim).
1966 909 2083 963 Non

495 998 635 1053 enim
664 1007 942 1069 propterea
972 1001 1084 1071 ipse
1123 1001 1329 1056 Pharao
1350 1017 1456 1056 non
1494 1001 1758 1055 induravit
1783 1016 1877 1056 cor
1904 1017 2080 1055 suum.

492 1086 625 1143 Nam
653 1097 708 1144 et
727 1088 832 1146 hoc
859 1089 928 1146 de
953 1092 1045 1147 illo
1066 1093 1279 1163 legitur,
1304 1092 1516 1164 quando
1537 1092 1708 1147 ablata
1734 1102 1818 1147 est
1837 1093 1903 1147 ab
1925 1093 2085 1164 Egy-

493 1179 618 1250 ptiis
664 1183 982 1254 cynomyia,
1038 1184 1248 1240 dicente
1296 1184 1568 1254 Scriptura
1620 1201 1633 1239 :
1682 1183 1750 1238 Et
1804 1185 2084 1255 ingravavit

493 1268 706 1325 Pharao
731 1288 818 1328 cor
845 1289 996 1328 suum
1026 1284 1072 1328 et
1095 1274 1149 1330 in
1178 1276 1273 1330 isto
1302 1284 1542 1346 tempore,
1571 1284 1617 1328 et
1643 1274 1805 1328 noluit
1831 1275 2084 1331 dimittere

491 1368 735 1434 pupulum
762 1362 871 1435 (Id.
899 1380 1016 1430 vnn,
1050 1364 1167 1439 52).
1195 1367 1273 1422 Ac
1315 1383 1410 1437 per
1434 1366 1536 1422 hoc
1566 1375 1619 1422 et
1649 1367 1787 1422 Deus
1816 1366 2084 1423 induravit

494 1469 589 1524 per
611 1455 811 1524 justum
838 1456 1118 1526 judicium,
1147 1467 1203 1513 et
1231 1458 1344 1528 ipse
1372 1458 1579 1513 Pharao
1606 1474 1701 1529 per
1738 1458 1961 1514 liberum
1988 1476 2080 1513 ar-

493 1534 733 1601 bitrium.
775 1547 917 1602 Certi
945 1564 1072 1620 ergo
1111 1557 1282 1604 estote
1306 1550 1427 1620 quia
1451 1565 1555 1604 non
1598 1550 1702 1605 erit
1730 1550 1901 1605 inanis
1928 1551 2080 1606 labor

493 1646 671 1694 vester
691 1681 706 1706 ,
738 1639 781 1694 si
809 1640 861 1694 in
894 1641 1032 1696 bono
1057 1641 1331 1710 proposito
1354 1642 1696 1713 proﬁcientes
1729 1643 2080 1712 perseveretis

492 1745 660 1802 usque
685 1731 738 1786 in
782 1732 960 1786 linem.
997 1732 1137 1786 Deus
1164 1733 1306 1787 enim
1336 1732 1425 1803 qui
1455 1734 1616 1789 modo
1647 1734 1754 1789 illis
1783 1749 1917 1805 quos
1943 1734 2078 1790 libe-

490 1835 576 1882 rat
613 1841 718 1880 non
756 1826 931 1881 reddit
966 1826 1259 1881 secundum
1287 1842 1449 1897 opera
1478 1843 1662 1883 eorum
1683 1870 1698 1895 ,
1728 1836 1857 1882 tunc
1896 1827 2083 1882 reddet

489 1916 773 1987 unicuique
821 1916 1111 1971 secundum
1167 1932 1332 1987 opera
1373 1918 1491 1988 ejus
1535 1917 1747 1991 (Matth.
1800 1934 1907 1983 xv1,
1961 1917 2077 1990 27).

489 2007 699 2064 Reddet
727 2008 947 2064 omnino
977 2011 1115 2065 Deus
1139 2020 1193 2066 et
1212 2011 1350 2066 mala
1381 2026 1481 2081 pro
1512 2012 1688 2079 malis,
1716 2011 1967 2081 quoniam
1991 2010 2079 2081 ju-

484 2110 604 2157 stus
644 2109 759 2167 est;
804 2111 859 2158 et
885 2102 1023 2158 bona
1053 2119 1152 2173 pro
1175 2105 1362 2170 malis,
1393 2104 1645 2175 quoniam
1676 2105 1850 2159 bonus
1875 2112 1993 2171 est;
2027 2113 2082 2160 et

484 2190 624 2248 bona
664 2206 763 2263 pro
801 2193 988 2257 bonis,
1024 2179 1275 2265 quoniam
1305 2194 1479 2250 bonus
1508 2204 1562 2250 et
1597 2195 1772 2265 justus
1803 2205 1922 2261 est;
1959 2205 2078 2249 tan-

488 2283 763 2339 tummodo
789 2285 927 2340 mala
967 2300 1067 2355 pro
1096 2285 1251 2341 bonis
1276 2301 1383 2341 non
1411 2286 1619 2351 reddet,
1654 2287 1910 2358 quoniam
1943 2286 2082 2357 inju-

485 2381 601 2431 stus
618 2390 727 2430 non
751 2383 853 2431 est.
883 2375 1089 2431 Reddet
1107 2392 1237 2446 ergo
1260 2377 1393 2431 mala
1417 2393 1516 2447 pro
1541 2378 1718 2443 malis,
1746 2393 1955 2448 pmnam
1984 2393 2081 2449 pro

484 2466 776 2538 injustitia;
799 2477 852 2524 et
876 2468 1062 2523 reddet
1082 2468 1219 2523 bona
1243 2484 1341 2540 pro
1366 2469 1539 2533 malis,
1566 2471 1791 2541 gratiam
1815 2486 1912 2542 pro
1942 2471 2083 2542 inju-

484 2561 660 2627 stitia;
687 2571 743 2618 et
765 2562 954 2618 reddet
980 2562 1120 2619 bona
1149 2578 1245 2633 pro
1274 2562 1449 2626 bonis,
1474 2565 1695 2635 gratiam
1726 2580 1824 2634 pro
1846 2564 2040 2637 gratia.

557 2653 785 2711 CAPUT
849 2654 1038 2711 XXIV.
1081 2686 1157 2697 —
1197 2657 1288 2712 46.
1330 2654 1573 2726 Repetite
1618 2658 1830 2713 assidue
1885 2658 2079 2714 librum

485 2745 671 2813 istum,
704 2753 758 2802 et
785 2746 830 2801 si
862 2746 1177 2819 intelligitis,
1209 2748 1323 2804 Deo
1351 2750 1549 2819 gratias
1572 2751 1715 2822 agite
1743 2750 1869 2806 :ubi
1899 2761 2077 2807 autem

2191 466 2297 507 non
2322 452 2630 523 intelligitis,
2654 460 2802 505 orate
2828 455 2886 503 ut
2909 448 3212 523 intelligatis
3239 468 3254 505 :
3279 451 3424 509 dabit
3448 453 3591 509 enim
3619 455 3776 515 vobis

2192 542 2445 598 Dominus
2489 544 2831 599 intellectum.
2862 542 3180 600 Mementote
3222 546 3475 616 scriptum
3519 561 3640 602 esse
3670 565 3685 601 :
3713 546 3776 604 Si

2189 637 2300 707 quis
2326 646 2537 691 oestrum
2564 636 2753 708 indiget
2790 638 3054 710 sapientia,
3087 638 3306 710 postulet
3332 656 3365 694 a
3392 638 3504 696 Deo
3529 683 3543 705 ,
3572 642 3659 713 qui
3683 651 3777 698 aut

2191 729 2417 784 omnibus
2455 732 2725 801 afﬂuenter
2770 741 2817 785 et
2842 749 2941 787 non
2990 733 3298 805 improperat
3321 776 3337 802 ,
3389 744 3437 789 et
3485 735 3692 790 dabitur
3731 753 3775 791 ει

2191 821 2390 893 (Jacobi
2420 838 2458 889 ι,
2482 824 2560 892 5).
2586 822 2699 893 Ipsa
2729 835 2811 879 est
2833 824 3088 895 sapientia
3112 824 3392 882 desursum
3421 826 3777 898 descendens,

2189 914 2324 967 sicut
2354 913 2467 982 ipse
2495 915 2771 986 apostolus
2800 916 3027 973 Jacobus
3054 916 3202 972 dicit.
3232 917 3381 973 illam
3411 934 3541 976 vero
3566 921 3779 991 sapien-

2191 1006 2317 1061 tiam
2357 1007 2597 1078 repellite
2627 1026 2655 1062 a
2686 1009 2863 1076 vobis,
2893 1020 2948 1066 et
2975 1021 3122 1066 orate
3149 1021 3206 1066 ut
3247 1027 3354 1068 non
3398 1014 3469 1068 sit
3508 1014 3561 1068 in
3591 1015 3775 1085 vobis,

2189 1113 2346 1169 quam
2372 1098 2664 1156 detestatus
2695 1114 2775 1157 est
2800 1146 2814 1168 ,
2842 1103 2931 1159 ubi
2952 1104 3027 1159 ait
3060 1122 3073 1158 :
3110 1104 3259 1171 Quod
3276 1106 3321 1159 si
3345 1106 3511 1160 zelum
3540 1124 3777 1163 amarunt

2189 1191 2403 1259 habetis,
2428 1203 2473 1247 et
2497 1196 2837 1250 contentiones
2858 1197 2910 1250 in
2934 1198 3070 1251 vobis
3091 1208 3228 1265 sunt,
3250 1215 3349 1254 non
3369 1210 3441 1254 est
3457 1204 3555 1254 ista
3574 1203 3776 1272 sapien-

2189 1285 2261 1339 tia
2287 1286 2550 1339 desursum
2570 1286 2910 1351 descendens;
2941 1287 3030 1342 sed
3058 1299 3277 1356 terrena,
3309 1292 3571 1360 animalis,
3601 1293 3776 1349 diabo-

2187 1376 2305 1432 lica.
2352 1371 2454 1433 Ubi
2473 1378 2605 1433 enim
2642 1380 2778 1434 zelus
2804 1390 2850 1434 et
2877 1381 3128 1435 contentio
3154 1391 3248 1448 est,
3269 1381 3340 1436 ibi
3358 1383 3705 1440 inconstantia
3727 1394 3777 1442 et

2187 1485 2335 1527 omne
2361 1487 2489 1541 opus
2516 1488 2746 1543 pravum.
2780 1473 2907 1540 Qua:
2926 1481 3094 1527 autem
3117 1472 3385 1529 desursum
3408 1487 3481 1531 est
3502 1478 3774 1549 sapientia,

2187 1565 2406 1634 primum
2432 1564 2633 1634 quidem
2663 1564 2849 1634 pudica
2877 1575 2979 1632 est,
3032 1566 3215 1622 deinde
3244 1570 3481 1638 paciﬁca,
3511 1571 3773 1639 modesta,

2186 1656 2470 1723 suodibilis,
2501 1658 2652 1728 plena
2681 1659 3024 1713 misericordia
3051 1669 3097 1713 et
3118 1662 3365 1729 fructibus
3393 1662 3558 1729 bonis,
3582 1664 3777 1721 incesti.

2186 1747 2384 1802 mobilis
2408 1789 2423 1814 ,
2452 1749 2561 1803 sine
2599 1749 2921 1803 simulatione
2949 1748 3060 1820 (Id.
3103 1767 3189 1817 ιιι,
3220 1750 3439 1828 ιι-ιἹ.)
3470 1753 3606 1821 Quid
3648 1755 3775 1810 boni

2186 1855 2313 1911 ergo
2349 1857 2455 1895 non
2484 1839 2735 1908 habebit,
2767 1843 2857 1913 qui
2898 1842 3036 1899 hanc
3061 1845 3374 1914 sapientiam
3404 1848 3695 1915 postularit
3721 1858 3778 1904 et

2186 1934 2540 2005 impetrarita
2584 1935 2849 1990 Domino?
2889 1937 2953 1991 Et
3002 1937 3126 1992 hinc
3176 1939 3459 2010 intelligite
3504 1943 3774 2012 gratiam;

2185 2028 2308 2099 quia
2336 2028 2382 2082 si
2423 2043 2488 2084 ex
2518 2028 2671 2083 nobis
2695 2039 2839 2085 esset
2875 2029 2978 2085 ista
3021 2031 3279 2101 sapientia
3300 2073 3315 2099 ,
3355 2032 3640 2091 desursum
3668 2053 3779 2094 non

2185 2130 2346 2189 esset,
2373 2137 2473 2178 nec
2498 2123 2566 2178 ab
2590 2122 2707 2193 ipso
2732 2123 2823 2194 qui
2849 2138 2949 2179 nos
2971 2127 3172 2181 creavit
3198 2126 3309 2181 Deo
3334 2128 3655 2196 poStulanda
3682 2145 3773 2186 cs-

2185 2224 2285 2270 set.
2314 2213 2546 2281 Fratres,
2569 2224 2719 2271 orate
2737 2225 2791 2271 et
2816 2231 2913 2287 pro
2932 2218 3106 2285 nobis,
3129 2226 3190 2274 ut
3215 2228 3578 2290 temperanter
3600 2231 3653 2278 et
3682 2223 3774 2293 pie

2184 2317 2240 2364 et
2262 2308 2406 2379 juste
2442 2309 2683 2365 vivamus
2721 2309 2775 2364 in
2805 2308 2908 2365 hoc
2943 2310 3167 2377 saeculo,
3213 2323 3585 2384 exspectantes
3624 2315 3771 2370 illam

2184 2401 2393 2458 beatam
2415 2417 2564 2472 spem
2584 2445 2599 2471 ,
2626 2410 2683 2458 et
2706 2402 3190 2459 manilestationem
3215 2404 3426 2460 Domini
3451 2416 3503 2462 et
3526 2406 3745 2463 Salvato
3762 2436 3775 2446 -

2184 2495 2262 2550 ris
2281 2494 2450 2550 nostri
2475 2494 2599 2551 Jesu
2623 2495 2816 2551 Christi
2845 2494 2988 2566 (Tit.
3023 2513 3080 2564 ιι,
3109 2496 3197 2563 ιε,
3227 2499 3295 2553 15
3314 2496 3355 2569 ),
3387 2497 3473 2554 cui
3495 2507 3578 2554 est
3603 2499 3777 2554 honor

2184 2600 2241 2644 et
2280 2589 2446 2660 gloria
2471 2597 2526 2644 et
2563 2603 2788 2660 regnum
2814 2604 2936 2644 cum
2974 2589 3135 2647 Patre
3176 2601 3232 2646 et
3254 2589 3461 2663 Spiritu
3503 2598 3697 2647 sancto
3722 2590 3775 2647 in

2184 2681 2383 2738 saecula
2407 2681 2751 2740 saeculorum.
2782 2682 2977 2738 Amen.

3880 2919 3899 2934 θ

1327 2979 1448 3063 IN
1501 2979 1960 3062 LIBRUM
2014 2978 2960 3089 SUBSEQUENTEM

579 3111 732 3179 Vide
760 3113 869 3195 lib.
900 3113 963 3195 2,
994 3130 1130 3195 cap.
1161 3114 1309 3189 ult.,
1338 3113 1893 3195 Retractationum
1916 3158 1933 3187 ,
1954 3122 2116 3195 tom.
2150 3112 2211 3189 1,
2239 3113 2358 3177 col.
2412 3110 2555 3187 656,
2588 3131 2627 3172 a
2658 3110 2882 3182 verbis,
2936 3112 3183 3175 Rursus
3239 3111 3320 3174 ad
3368 3110 3627 3173 eosdem
3659 3112 3777 3195 (α),

484 3212 676 3277 usque
706 3194 787 3256 ad
818 3193 1024 3265 verba,
1060 3193 1405 3257 Valentine
1440 3194 1641 3256 frater
1658 3193 2096 3255 dilectissime.
2525 3222 2528 3231 ι

551 3298 626 3364 (o)
649 3298 950 3371 Valentinum
971 3298 1159 3371 scilicet
1180 3314 1391 3371 cumque
1408 3298 1798 3371 illos__r_nonacbos
1822 3299 2181 3371 A_drumet_inum
2209 3299 2486 3371 emnobium
2511 3296 2799 3371 incolentes.
2814 3361 2823 3371 ι
2840 3297 2957 3348 vide
2977 3308 3141 3371 supra,
3280 3295 3526 3371 873-874,
3549 3297 3775 3371 not.‘(a).

483 3359 688 3432 Prosper
734 3362 994 3432 Augustino
1038 3363 1260 3432 scribens
1302 3359 1432 3432 ait,‘
1464 3379 1487 3409 ι
1728 3362 1798 3410 de
1835 3364 2152 3432 Correptione
2194 3369 2245 3432 et
2288 3361 2445 3432 (netia
2489 3359 2688 3432 plenum
2726 3360 2903 3432 divinae
2946 3359 3285 3432 auctoritatisg
3336 3366 3611 3432 opportune
3655 3359 3778 3432 tunc

486 3421 717 3487 emissum
740 3421 852 3487 esse
877 3432 929 3474 et
965 3424 1015 3473 in
1036 3424 1275 3487 Gallorum
1295 3425 1513 3474 notitiam
1547 3423 1760 3474 delatum
1782 3437 1794 3473 :
1823 3441 1845 3470 ι
1862 3421 2249 3487 quia'universis
2269 3421 2618 3487 quaestionibus
2629 3438 2660 3487 ι-
2682 3421 2742 3471 ad
2759 3421 2933 3471 divinae
2961 3421 3130 3482 gratiae
3166 3421 3452 3483 mysterium
3485 3421 3778 3483 pertinenti-

483 3486 580 3555 bus
593 3486 715 3555 ,__de
731 3486 908 3555 Quibus
928 3484 1253 3555 mumnlendus
1267 3503 1290 3531 ι
1334 3487 1397 3536 ab
1535 3504 1559 3532 ι
1581 3494 1745 3555 (ξι-αι».
1759 3482 1953 3555 sanctus
1975 3492 2164 3555 Doctor,
2189 3503 2215 3555 γι
2237 3482 2507 3555 pleneillic
2526 3483 2845 3555 absoluteque
2861 3493 3153 3555 responsum
3177 3482 3279 3555 ;
3294 3482 3529 3555 imaque
3559 3498 3583 3528 ι
3602 3494 3778 3555 recen-

481 3523 580 3619 ξίῖό
593 3523 719 3619 lib};
731 3523 3775 3619 ῗῖὗωᾶεῗὲἓῗίεῑῦἕ,ἓιρόιῗωῖωῶἷιᾷἐιὲίιῖἕεῖῖἰ“ἶηῖιῖιῑῐῖᾖιῖὲῐειῆεἷοῖέῑιίῖὲῖέᾆᾷἐξ’ἇιῐιῑῖρ

482 3604 918 3677 instructioresque
932 3616 1046 3677 sunt
1063 3604 1228 3677 tactis
1260 3604 1735 3677 universamdlvinaa
1757 3604 1925 3669 gratiae
1946 3604 2261 3677 (economiam
2285 3606 2438 3659 oculis
2455 3606 2791 3677 subjicitidem
2813 3604 3023 3677 υἱέι-,ιιι
3044 3604 3258 3677 loquitur
3272 3604 3485 3677 historia:
3507 3604 3775 3677 gelagiante

892 3672 1121 3734 Norisius,
1144 3673 1230 3735 qul
1252 3684 1367 3723 eum
1387 3669 1600 3736 appellat
1621 3665 1822 3732 clauem,
1846 3684 1942 3735 qua
1963 3670 2029 3721 ad
2048 3670 2322 3722 mtiversam
2345 3665 2591 3735 Λυσικεὸιὶ
2605 3667 2667 3720 de
2682 3665 2844 3719 divina
2863 3667 3025 3731 gratia
3044 3672 3092 3718 et
3109 3665 3261 3717 libero
3281 3665 3487 3720 arbitrio
3501 3665 3773 3719 doctrinam

966 3922 1820 4056 VALENTINI
1958 3922 2169 4029 AI)
2288 3917 3285 4025 AUGUSTINUM

1466 4114 1594 4157 POS'I'
1633 4116 1824 4156 ιιιιιυκ
1862 4115 1930 4155 DE
1969 4115 2167 4157 GRATIA
2204 4114 2271 4153 ET
2309 4110 2498 4154 ιιιιεκο
2531 4110 2779 4152 ARBITRIO

1149 4215 1257 4280 ΕΤ
1298 4214 1780 4280 SUPERIORES
1834 4214 2019 4277 EJUS
2058 4211 2453 4275 LITTERAS
2492 4207 3055 4273 RESCRIBENTIS
3081 4252 3100 4285 ,

1449 4355 1772 4412 EPISTOLA,
1818 4355 2015 4398 INTER
2055 4349 2554 4398 AUGUSTINIANAS
2594 4350 2806 4398 CCXVI.

486 4465 718 4525 Domino
752 4481 883 4523 vere
907 4470 1113 4530 sancto,
1145 4478 1207 4519 ac
1229 4463 1386 4518 nobis
1409 4461 1785 4517 venerabiliter
1812 4475 1972 4529 super
2001 4459 2179 4515 omnia
2208 4456 2561 4530 praeferendo,
2591 4464 2648 4513 et
2674 4456 2760 4527 pia
2787 4455 3143 4512 exsultatione
3168 4453 3397 4511 colendo
3414 4494 3429 4520 ,
3456 4452 3767 4510 beatissimo
3806 4511 3821 4543 Ι,

559 4577 712 4635 papae
741 4561 1064 4623 Ancus'rmo,
1090 4556 1429 4614 VALENTINUS
1459 4569 1644 4611 servus
1672 4564 1775 4610 tuae
1800 4553 2127 4621 Sanctitatis,
2148 4562 2204 4610 et
2230 4551 2405 4608 omnis
2428 4552 2770 4623 congregatio
2793 4567 2911 4621 qum
2932 4550 3036 4606 tuis
3061 4548 3391 4605 orationibus
3409 4562 3616 4637 mecum
3640 4563 3768 4618 spe-

916 4652 1007 4706 ino
1035 4650 1280 4706 salutem.

916 4654 968 4706 'n
1035 4654 1280 4706 salutem.
1586 4658 1589 4659 '

559 4654 1007 4803 :t’viznfrzlsilli:
1033 4743 1249 4813 scripta,
1277 4750 1330 4796 et
1360 4740 1552 4795 librum
1582 4747 1686 4794 tuae
1723 4736 2030 4794 Sanctitatis
2074 4736 2144 4790 ita
2191 4733 2545 4791 tremebundo
2585 4734 2747 4790 corde
2785 4733 3138 4805 suscepimus,
3168 4742 3227 4789 ut
3251 4732 3389 4789 sicut
3412 4730 3598 4788 beatus
3620 4730 3763 4788 Elias

487 4856 614 4899 cum
654 4839 711 4895 in
737 4839 1003 4911 spelunca:
1028 4838 1208 4893 limine
1232 4844 1418 4900 staret,
1453 4833 1640 4888 faciem
1671 4847 1820 4887 suam
1851 4831 2015 4902 gloria
2040 4830 2248 4885 Domini
2275 4837 2583 4885 transeunte
2608 4829 2835 4896 velavit;
2863 4830 2936 4886 ita
2964 4846 3064 4887 nos
3091 4830 3398 4903 objurgatos
3421 4829 3606 4886 oculos
3634 4828 3769 4884 texio

492 4947 636 4997 mus,
663 4932 785 5002 quia
814 4945 908 5002 per
937 4930 1286 4986 rusticitatem
1314 4926 1536 4981 fratrum
1568 4933 1870 4980 nostrorum
1899 4930 2082 4978 nostro
2104 4922 2305 4993 judicio
2331 4922 2659 4987 erubuimus,
2686 4938 2914 4993 quorum
2940 4923 3241 4980 inordinata
3273 4921 3600 4994 profectione
3621 4931 3767 4978 tuam

483 5024 774 5081 metuimus
804 5021 882 5098 (α)
913 5021 1300 5078 Beatitudinem
1346 5019 1612 5083 salutare;
1665 5017 1785 5085 quia
1816 5024 2025 5084 tempus
2051 5013 2323 5084 loquendi,
2353 5022 2407 5069 et
2426 5021 2633 5084 tempus
2660 5014 2892 5081 tacendi,
2914 5031 2983 5071 ne
3010 5015 3138 5071 dum
3166 5030 3261 5086 per
3287 5014 3594 5087 dubitantes
3616 5025 3671 5071 et
3697 5012 3768 5070 de

482 5119 709 5176 veritate
729 5116 1047 5172 ﬂuctuantes
1073 5112 1450 5176 scriberemus,
1473 5111 1541 5165 de
1566 5109 1722 5166 dictis
1752 5108 2025 5180 sapientia:
2050 5113 2176 5175 tuae,
2215 5122 2335 5178 qua:
2360 5117 2443 5162 est
2469 5108 2607 5163 sicut
2629 5110 2803 5180 angeli
2832 5109 2949 5176 Dei,
2988 5110 3231 5166 dubitare
3258 5125 3379 5166 cum
3402 5108 3768 5167 dubitantibus

484 5210 811 5270 videremur.
843 5207 960 5264 Non
989 5207 1133 5263 enim
1160 5211 1275 5259 erat
1313 5202 1467 5257 nobis
1493 5201 1850 5257 necessarium
1881 5200 2209 5269 interrogare
2230 5197 2298 5253 de
2333 5197 2668 5256 Beatitudine
2690 5242 2705 5266 ,
2735 5210 2790 5256 et
2813 5200 2880 5256 de
2921 5202 3178 5272 sapientia
3208 5214 3295 5259 tua
3314 5243 3331 5269 ,
3359 5219 3480 5274 quae
3505 5210 3589 5259 est
3612 5201 3771 5259 nobis

483 5310 609 5359 nota
637 5316 733 5374 per
760 5298 968 5357 Domini
994 5296 1241 5369 gratiam.
1269 5293 1400 5348 Nam
1421 5293 1488 5348 ad
1511 5294 1702 5349 librum
1726 5291 2053 5347 dulcissimae
2074 5290 2150 5362 (ὁ)
2173 5289 2480 5371 Sanctitatis
2503 5300 2609 5349 tua:
2638 5293 2708 5348 ita
2724 5309 2908 5350 sumus
2933 5294 3184 5352 alacriter
3206 5294 3510 5367 jucundati,
3540 5305 3600 5352 ut
3629 5295 3770 5351 sicut

483 5392 728 5465 Apostoli
756 5390 1039 5447 Dominum
1081 5393 1204 5458 post
1244 5385 1690 5442 resurrectionem
1734 5382 2083 5453 prandentem
2122 5396 2302 5437 secum
2336 5398 2440 5437 non
2470 5383 2738 5441 audebant
2780 5384 3109 5458 interrogare
3152 5387 3274 5460 quis
3318 5397 3497 5456 esset;
3526 5389 3767 5445 sciebant

486 5484 629 5542 enim
658 5484 781 5557 quia
811 5482 969 5539 Jesus
995 5491 1077 5537 est
1104 5478 1282 5552 (Joan.
1312 5494 1425 5545 χχι,
1456 5476 1544 5549 12)
1571 5494 1583 5530 :
1616 5476 1688 5530 ita
1714 5485 1769 5532 et
1798 5489 1899 5530 nos
1924 5488 2024 5529 nec
2049 5474 2332 5541 voluimus,
2359 5489 2460 5531 nec
2483 5477 2600 5532 ausi
2625 5492 2807 5535 sumus
2832 5479 3162 5552 interrogare
3177 5479 3247 5537 de
3270 5480 3429 5551 libro,
3457 5490 3633 5537 utrum
3658 5489 3763 5536 tua!

482 5575 798 5634 Sanctitatis
824 5581 969 5631 esset
998 5591 1013 5628 :
1039 5587 1161 5628 cum
1188 5571 1298 5642 ipsa
1327 5569 1565 5624 ﬁdelium
1591 5568 1760 5639 gratia
1785 5582 1905 5639 qua:
1933 5566 1985 5622 in
2010 5580 2076 5622 eo
2104 5565 2396 5623 liberaliter
2422 5570 2846 5640 commendatur,
2873 5572 3029 5631 nobis
3054 5582 3202 5631 tuum
3226 5589 3366 5645 esse,
3389 5574 3606 5633 domine
3632 5588 3762 5632 san-

488 5676 574 5725 cte
600 5683 760 5741 papa,
789 5666 1016 5739 eloquiis
1039 5662 1390 5722 vivacissimis
1414 5671 1764 5718 contestetur.

510 5781 623 5855 .(α)
653 5781 927 5855 barbam
947 5786 1094 5855 *πιθα
1115 5785 1231 5855 me
1253 5773 1765 5855 33°13
1800 5785 1956 5855 recte,
2111 5779 2581 5855 ῖθτδοηρςξρεπω
2616 5777 2850 5855 vertisse
2883 5791 3089 5846 ιιθειιιε·
3127 5779 3378 5849 sequimur
3409 5780 3490 5835 ωε
3524 5779 3757 5847 antiquis;

995 5842 1269 5906 exemplar,
1287 5841 1340 5892 in
1359 5852 1458 5904 quo
1482 5837 1686 5903 epistola
1705 5852 1817 5894 cum
1833 5837 2088 5897 superiore
2104 5837 2359 5897 Aumtihi
2380 5837 2508 5895 lib'ro
2527 5837 2851 5907 coniungitur.
2950 5837 2980 5846 '
3202 5837 3222 5849 '
3328 5902 3331 5905 δ
3641 5837 3656 5847 ’
3744 5888 3749 5897 ι
