4142 6484
408 353 513 413 9|;
1381 337 1718 398 EPISTOLA
1757 333 2129 400 VALENTI!“
2165 333 2257 391 AD
2296 332 2764 399 AUGUSTINUM.
3585 343 3688 403 ou

485 469 541 524 2.
585 466 909 537 incipiamus
934 467 1132 525 autem,
1160 455 1376 512 domine
1399 455 1711 512 beatissime
1741 467 1896 525 papa,
1922 452 2092 523 ipsius
2117 452 2360 509 ordinem
2392 455 2808 524 perturbationis
2831 471 3122 530 exponere.
3149 455 3518 514 Cbarissimus
3537 458 3704 516 frater

408 571 591 620 noster
615 559 832 624 Florus,
865 566 1053 610 servus
1084 551 1424 605 Paternitatis
1450 559 1574 617 tute,
1601 565 1723 605 cum
1755 546 1820 602 ad
1849 545 2166 604 Uzalensem
2198 548 2420 615 patriam
2443 547 2632 605 fuisset
2653 550 2910 607 suadente
2937 552 3194 608 charitate
3226 553 3516 624 profectus,
3552 554 3702 610 eulo-

404 655 519 728 gias
547 652 872 706 monasterio
901 645 916 676 ί
941 643 1080 696 inter
1106 641 1245 711 ipsas
1273 657 1381 697 sua:
1411 645 1643 700 civitatis
1672 657 1851 698 moras
1865 641 1934 696 de
1963 640 2231 710 opusculis
2263 641 2413 695 nobis
2445 651 2546 696 tute
2573 644 2749 698 attulit
2776 644 3102 708 Sanctitatis,
3136 662 3242 701 uno
3288 646 3454 702 fratrc
3481 646 3659 703 Felice
3685 689 3701 716 ,

403 749 490 822 qui
517 747 583 802 ad
607 756 754 802 tuam
782 746 1132 805 Sanctitatem
1159 746 1309 803 tarde
1335 753 1456 816 post
1479 741 1700 797 comites
1725 751 1850 792 suos
1873 736 2082 790 venisse
2108 735 2452 805 dignoscitur,
2481 737 2727 791 eumdem
2749 738 2938 792 librum
2958 740 3029 809 (α)
3052 741 3242 796 ᾱθνυιθ
3269 743 3498 797 dictante
3521 759 3536 806 ;
3560 758 3692 797 ven-

414 853 524 899 tum
553 851 634 896 est
659 840 727 895 ad
756 843 1139 897 monasterium
1168 856 1288 896 cum
1319 838 1507 894 eodem
1541 833 1744 896 libello,
1778 830 1942 885 fratre
1968 829 2128 884 Floro
2158 829 2222 883 ad
2247 829 2619 902 Carthaginem
2661 830 2727 886 de
2759 831 3004 887 Uzalensi
3036 835 3247 890 civitate
3278 841 3538 905 profecto.
3570 836 3701 893 Mihi

406 950 514 991 non
544 942 845 988 monstrato
887 933 1025 988 libro
1047 975 1062 999 ,
1091 933 1352 1004 imperitis
1380 927 1629 985 fratribus
1655 925 1882 980 recitare
1910 933 2189 992 cmperunt
2221 939 2232 974 :
2263 923 2353 992 qui
2393 923 2744 992 quorumdam
2777 941 2880 978 non
2927 927 3330 996 intelligentiam
3361 929 3519 984 corda
3547 945 3699 984 com-

409 1029 602 1093 movit;
625 1028 745 1098 quia
769 1036 825 1082 et
848 1042 970 1082 cum
1001 1027 1203 1082 diceret
1236 1025 1514 1086 Dominus,
1552 1020 1653 1087 Qui
1679 1036 1778 1072 non
1805 1017 2181 1070 manducauerit
2210 1033 2412 1069 carnem
2441 1014 2567 1069 Filii
2593 1017 2832 1083 hominis,
2867 1036 3025 1085 neque
3047 1019 3222 1073 biberit
3251 1024 3545 1092 sanguinem
3565 1025 3696 1092 eius,

411 1140 512 1178 non
539 1121 732 1176 habebit
754 1123 907 1175 vitam
936 1123 989 1175 in
1015 1121 1279 1192 semetipso
1309 1117 1484 1191 (Joan.
1510 1131 1582 1181 γι,
1617 1112 1753 1185 54),
1787 1111 2146 1167 discesserunt
2173 1111 2260 1181 qui
2291 1110 2451 1181 impie
2479 1109 2877 1182 intellexerunt,
2910 1129 3018 1168 non
3043 1119 3192 1184 culpa
3221 1115 3428 1172 Domini
3456 1118 3702 1186 dicentis,

415 1219 508 1273 sed
536 1217 728 1272 duritia
757 1215 1053 1287 impiissimi
1083 1214 1282 1270 cordis.
3527 1275 3533 1280 .

485 1313 539 1368 3.
581 1311 862 1381 Coeperunt
887 1309 1166 1365 memorati
1198 1307 1412 1371 fratres,
1443 1305 1532 1375 qui
1558 1303 1737 1359 omnia
1763 1301 2163 1370 subverterunt,
2191 1302 2533 1358 innocentum
2562 1303 2769 1359 animas
2789 1318 3149 1368 commovere,
3174 1321 3290 1359 mea
3321 1307 3574 1373 parvitate
3598 1322 3699 1378 pe-

417 1405 558 1459 nitus
585 1404 878 1474 ignorante,
909 1402 961 1458 in
993 1409 1195 1456 tantum
1226 1408 1521 1456 conventus
1548 1397 1761 1452 illorum
1782 1386 2164 1451 murmurantis
2185 1397 2206 1426 ²
2226 1396 2414 1462 nescii,
2443 1406 2502 1451 ut
2533 1396 2633 1452 nisi
2675 1397 2839 1452 frater
2869 1397 3058 1452 Florus
3090 1397 3158 1453 de
3184 1397 3504 1468 Carthagine
3546 1413 3702 1466 repe-

422 1497 575 1563 dans,
607 1505 661 1551 et
684 1511 870 1550 eorum
900 1494 1331 1566 perturbationes
1358 1492 1380 1525 ³
1404 1505 1700 1562 agnoscens
1726 1491 1854 1546 mihi
1876 1492 2103 1548 sollicite
2121 1491 2442 1556 nuntiasset,
2474 1491 2664 1546 furtiva
2694 1501 2751 1546 et
2773 1499 3023 1562 tanquam
3061 1493 3268 1545 servilis
3295 1501 3408 1546 erat
3443 1492 3581 1546 inter
3607 1509 3702 1546 eos

409 1588 476 1644 de
501 1603 607 1642 non
634 1587 978 1658 intelligenda
1011 1586 1238 1642 veritate
1263 1585 1554 1642 contentio.
1587 1584 1869 1656 Proposui,
1912 1583 1979 1639 ad
2017 1582 2337 1639 auferendas
2368 1583 2557 1653 impias
2585 1585 2904 1654 quaestiones
2924 1626 2938 1650 ,
2967 1595 3023 1658 ut
3043 1584 3109 1640 ad
3129 1584 3384 1640 domuum
3410 1583 3430 1614 ⁸
3457 1594 3699 1640 sanctum

409 1691 614 1755 patrem
647 1681 907 1736 Evodium
934 1679 1290 1746 mitteremus,
1313 1685 1368 1733 et
1395 1679 1509 1748 ipse
1555 1677 1710 1731 nobis
1751 1676 1821 1732 de
1862 1675 1964 1732 boc
1994 1685 2337 1731 sacrosancto
2377 1675 2513 1729 libro
2553 1685 2770 1747 propter
2813 1677 3024 1747 ignaros
3054 1677 3253 1746 aliquid
3284 1678 3482 1732 certius
3512 1678 3707 1732 rescri-

409 1772 606 1842 psisset
628 1769 732 1842 (a).
767 1771 875 1826 Nec
901 1770 1000 1825 hoc
1030 1772 1273 1840 accipere
1311 1769 1600 1841 patientius
1630 1767 1948 1834 voluerunt,
1980 1769 2073 1824 sed
2104 1769 2444 1838 arripuerunt
2483 1767 2869 1838 profectionem
2908 1771 3060 1824 nobis
3090 1769 3267 1825 taliter
3294 1786 3400 1824 non
3426 1781 3661 1840 optatam
3687 1787 3704 1826 :

409 1864 574 1920 fratre
604 1864 768 1919 Floro
790 1863 966 1919 furore
991 1865 1204 1918 illorum
1238 1862 1624 1933 propemodum
1657 1861 1996 1929 conturbato,
2028 1862 2082 1916 in
2122 1878 2277 1931 quem
2311 1861 2621 1928 saeviebant,
2653 1863 2774 1931 quia
2804 1862 2916 1932 ipse
2947 1864 3072 1929 illis,
3107 1871 3164 1917 ut
3190 1865 3464 1934 putabant,
3488 1865 3708 1920 vulnera

410 1957 529 2012 libri
559 1955 720 2026 hujus
749 1957 1050 2021 attulisset;
1082 1956 1134 2010 in
1162 1971 1268 2026 quo
1294 1936 1616 2010 incdicinam
1644 1971 1747 2009 non
1779 1964 2028 2025 poterant
2058 1954 2256 2010 infirmi
2286 1969 2629 2025 cognoscere.
2663 1955 2813 2011 Unde
2846 1967 2899 2011 et
2922 1966 3163 2011 sanctum
3203 1958 3575 2029 presbyterum
3605 1958 3708 2015 Sa-

407 2046 592 2100 binum
630 2046 696 2100 ad
726 2045 984 2116 majorem
1017 2047 1388 2101 auctoritatem
1420 2045 1724 2116 rogavimus
1746 2088 1758 2111 ,
1793 2055 1846 2101 et
1875 2046 2042 2117 ipsius
2071 2047 2337 2103 Sanctitas
2364 2046 2556 2101 librum
2597 2063 2719 2102 cum
2746 2049 2960 2118 liquidis
2987 2049 3514 2119 interpretationibus
3545 2052 3704 2121 legit;

406 2155 505 2196 nec
526 2141 605 2195 sic
633 2143 811 2196 anima
838 2141 1074 2195 sauciata
1112 2149 1294 2195 curata
1327 2149 1428 2194 est.
1474 2139 1676 2208 Quibus
1702 2150 1921 2210 propter
1947 2141 2114 2211 ipsam
2144 2141 2393 2210 pietatem
2437 2151 2680 2211 sumptus
2707 2142 2970 2204 dedimus,
2997 2159 3064 2198 ne
3091 2144 3311 2198 vulnera
3345 2145 3580 2214 ipsorum
3607 2161 3704 2199 cu-

403 2235 766 2303 mularemus,
796 2250 917 2306 quae
949 2242 1129 2304 posset
1172 2248 1364 2289 sanare
1393 2233 1514 2288 libri
1559 2234 1726 2304 ipsius
1770 2234 1937 2304 gratia
1959 2275 1974 2300 ,
2021 2234 2074 2288 in
2120 2248 2223 2304 qua
2252 2233 2478 2304 refulget
2509 2243 2594 2287 tua
2639 2245 2819 2289 sancta
2863 2236 3167 2305 prmsentia.
3198 2235 3402 2304 Quibus
3429 2237 3702 2306 profectis,

406 2327 558 2398 quies
585 2335 641 2382 et
661 2341 762 2396 pax
787 2341 882 2396 per
897 2339 1089 2381 omnes
1110 2325 1304 2381 fratres
1327 2324 1613 2381 exsultavit
1638 2325 1689 2379 in
1720 2325 1965 2381 Domino.
1985 2325 2232 2396 Quinque
2257 2329 2401 2381 enim
2426 2327 2511 2381 vel
2543 2326 2772 2397 amplius
2798 2327 3019 2383 fratrum
3051 2329 3388 2384 animositate
3404 2330 3503 2384 ista
3521 2338 3603 2387 est
3619 2329 3703 2384 ln-

413 2429 538 2476 nata
565 2420 857 2475 contentio.

479 2521 535 2576 λι.
561 2519 669 2576 Sed
693 2520 817 2591 quia
849 2518 1138 2584 interdum,
1167 2517 1385 2574 domine
1406 2532 1560 2589 papa,
1587 2517 1836 2588 provenit
1860 2516 2112 2588 gaudium
2142 2531 2206 2572 ex
2230 2516 2466 2583 tristitia,
2497 2529 2603 2570 non
2626 2515 2760 2570 adeo
2783 2515 3206 2584 mmstiﬂcamur,
3230 2518 3353 2589 quia
3377 2534 3471 2588 per
3491 2519 3708 2590 ignaros

413 2623 469 2670 et
488 2615 735 2669 curiosos
760 2612 1087 2668 suavissimis
1114 2612 1499 2667 monitionibus
1529 2619 1633 2666 tua:
1657 2610 1964 2665 Sanctitatis
1987 2609 2270 2664 illuminari
2299 2609 2609 2664 meruimus.
2640 2607 2772 2662 Nam
2794 2619 2849 2664 et
2871 2609 3132 2664 dubitatio
3160 2610 3299 2665 beati
3323 2611 3550 2666 Thomas
3572 2627 3704 2682 apo-

411 2707 537 2761 stoli
569 2705 826 2762 foramina
847 2705 1113 2760 clavorum
1143 2705 1434 2776 quaerentis
1463 2702 1641 2776 (Joan.
1672 2720 1762 2766 xx,
1788 2703 1882 2774 25)
1915 2701 2254 2758 confirmatio
2277 2701 2372 2756 fuit
2395 2702 2646 2757 Ecclesia:
2674 2703 3016 2758 universalis.
3048 2703 3372 2774 Accepitnus
3402 2705 3576 2774 igitur,
3606 2705 3708 2761 do-

408 2799 556 2854 mine
600 2813 732 2868 papa
757 2841 772 2866 ,
803 2798 1240 2854 medicamentum
1288 2798 1374 2868 pie
1415 2797 1712 2851 curantium
1765 2806 1972 2850 tuarmn
2013 2809 2134 2850 cum
2175 2796 2345 2866 gratia
2389 2795 2705 2863 litterarum,
2739 2803 2791 2850 et
2833 2795 3172 2850 contudimus
3220 2805 3436 2867 pectora
3490 2807 3705 2866 nostra;

405 2898 467 2945 ut
489 2889 568 2944 sic
589 2889 775 2945 saltem
802 2897 1019 2945 sanetur
1046 2890 1369 2944 conscientia
1400 2896 1596 2951 nostra,
1619 2903 1778 2958 quam
1811 2903 1906 2957 per
1936 2886 2162 2942 liberum
2183 2887 2461 2942 arbitrium
2490 2897 2754 2952 nostrum,
2783 2888 2925 2958 quod
2953 2888 3116 2943 donat
3137 2889 3521 2958 misericordia,
3553 2899 3710 2947 curat

405 2991 462 3040 et
493 2983 722 3037 vivificat
750 2982 919 3054 gratia
951 3001 964 3037 :
994 2982 1090 3039 sed
1118 2983 1171 3037 in
1199 2983 1304 3039 hoc
1330 2991 1591 3052 tempore,
1621 2980 1834 3052 quando
1863 2980 2039 3036 adhuc
2077 2980 2496 3034 misericordiam
2520 2995 2640 3034 cum
2667 2980 2925 3036 dilatione
2954 2990 3252 3036 cantamus.
3281 2983 3413 3038 Nam
3441 2998 3562 3041 cum
3591 3000 3706 3040 cm-

401 3075 640 3147 perimus
665 3074 923 3144 judicium
949 3084 1166 3130 cantare
1197 3075 1443 3142 Domino,
1472 3073 1794 3145 reportaturi
1821 3087 2006 3128 sumus
2053 3072 2356 3127 mercedem
2389 3088 2484 3141 pro
2513 3087 2678 3143 opere
2710 3083 2893 3127 nostro
2915 3115 2930 3138 ,
2974 3075 3096 3144 quia
3129 3075 3435 3130 misericors
3463 3077 3710 3146 etjustus

401 3168 682 3233 Dominus,
708 3169 991 3223 miscrator
1020 3177 1074 3223 et
1105 3177 1282 3224 rectus
1307 3166 1592 3240 (Psal.cxt,
1617 3165 1693 3240 4).
1725 3166 1879 3234 Quia,
1914 3165 2053 3220 sicut
2079 3164 2238 3220 docet
2264 3180 2362 3218 nos
2389 3164 2655 3219 Sanctitas
2680 3175 2790 3232 tua,
2819 3169 3193 3236 repraesentari
3217 3182 3316 3223 nos
3341 3177 3553 3239 Oportet
3581 3177 3707 3226 ante

402 3264 634 3320 tribunal
680 3250 902 3328 Christi,
936 3273 995 3319 ut
1023 3264 1245 3335 recipiat
1287 3262 1646 3332 unusquisque
1687 3271 1928 3315 nostrum
1960 3259 2170 3329 propria
2212 3259 2454 3328 corporis
2479 3301 2492 3323 ,
2528 3268 2684 3328 prout
2724 3261 2922 3331 gessit,
2954 3261 3066 3315 sive
3096 3261 3296 3316 bonum
3322 3304 3336 3328 ,
3367 3262 3480 3322 sive
3507 3265 3707 3320 malum

409 3357 475 3429 (ll
504 3356 623 3411 Cor.
653 3373 708 3423 v,
736 3355 825 3428 10)
867 3375 880 3410 :
908 3359 1033 3427 quia
1059 3357 1238 3411 veniet
1262 3357 1536 3419 Dominus,
1561 3361 1615 3409 et
1637 3367 1842 3408 merces
1878 3353 1993 3422 ejus
2019 3367 2140 3406 cum
2175 3353 2291 3423 ipso
2323 3351 2472 3424 (Isai.
2518 3370 2604 3416 XL,
2635 3353 2724 3426 10)
2752 3371 2764 3406 :
2795 3355 2917 3425 quia
2944 3355 3106 3410 stabit
3135 3356 3316 3420 homo,
3347 3368 3403 3412 et
3430 3373 3566 3428 opus
3591 3358 3709 3429 ejus

408 3460 534 3503 ante
558 3449 731 3519 ipsum
767 3469 781 3504 :
813 3449 937 3519 quia
972 3449 1151 3504 veniet
1178 3449 1432 3502 Dominus
1463 3448 1597 3502 sicut
1624 3446 1866 3501 clibanus
1889 3444 2104 3512 ardens,
2133 3456 2189 3499 ut
2217 3445 2464 3500 incendat
2491 3446 2682 3515 impios
2713 3456 2963 3518 tanquam
2987 3449 3234 3520 stipulam
3277 3449 3416 3521 (Joel
3440 3467 3498 3517 Il,
3529 3452 3584 3519 5,
3615 3451 3696 3523 5),

410 3553 466 3597 et
488 3541 794 3597 timentibus
821 3558 1014 3597 nomen
1047 3541 1256 3596 Domini
1286 3543 1488 3595 orietur
1513 3539 1594 3594 sol
1617 3539 1867 3610 justitia,
1903 3537 2115 3608 quando
2162 3538 2308 3607 impii
2347 3540 2634 3609 punientur
2656 3539 2855 3608 judicio
2891 3541 3110 3611 justitite
3142 3541 3415 3614 (Malach.
3440 3559 3513 3610 tv,
3543 3523 3704 3614 μέ).

413 3635 528 3691 Hoc
548 3636 744 3703 justus,
778 3637 928 3705 cujus
958 3645 1010 3690 tu
1038 3637 1238 3692 amicus
1267 3651 1346 3700 es,
1379 3635 1595 3688 domine
1628 3649 1782 3703 papa.
1812 3633 2095 3699 exclamat,
2130 3633 2517 3698 contremiscit,
2548 3643 2604 3688 et
2628 3635 2940 3703 suppliciter
2965 3635 3092 3690 dicit
3125 3655 3139 3690 :
3170 3636 3420 3705 Domine,
3458 3655 3521 3692 ne
3553 3639 3710 3693 intres

411 3730 464 3782 in
481 3731 737 3798 judicium
759 3747 873 3783 cum
893 3747 1031 3784 servo
1057 3741 1143 3784 tuo
1173 3729 1343 3799 (Psal.
1377 3744 1537 3793 chtI,
1565 3726 1643 3799 2).
1677 3729 1729 3782 Si
1763 3729 1929 3797 gratia
1960 3737 2104 3782 esset
2136 3728 2525 3781 remunerantis
2546 3771 2559 3790 ,
2587 3743 2690 3781 non
2728 3731 2941 3784 timeret
2974 3731 3149 3799 justus
3173 3732 3520 3787 secretarium
3559 3733 3710 3804 judi-

411 3822 551 3878 cium
577 3823 889 3894 majestatis.
920 3823 1072 3879 Servi
1101 3824 1174 3876 tui
1206 3822 1350 3876 Flori
1382 3823 1496 3875 haec
1528 3821 1658 3875 fides
1683 3829 1784 3883 est,
1815 3829 1984 3890 pater,
2011 3836 2117 3874 non
2145 3819 2282 3873 sicut
2306 3817 2495 3873 fratres
2526 3820 2611 3875 isti
2642 3829 2767 3874 sunt
2796 3821 2979 3876 locuti.
3012 3823 3064 3877 In
3089 3824 3491 3894 praesentiarum
3519 3826 3708 3883 audie-

410 3927 536 3973 runt
561 3918 628 3973 ab
657 3919 748 3972 illo
775 3919 997 3984 dictum,
1024 3932 1132 3972 non
1159 3917 1305 3987 juxta
1340 3917 1527 3970 merita
1560 3925 1739 3969 nostra
1768 3913 1885 3968 dari
1915 3915 2113 3969 donum
2147 3914 2361 3984 pietatis
2381 3955 2395 3972 .
2431 3915 2524 3969 sed
2552 3931 2648 3985 per
2674 3918 2901 3987 gratiam
2931 3918 3302 3989 Redemptoris
3328 3937 3342 3973 :
3375 3938 3498 3977 nam
3525 3922 3591 3978 de
3615 3923 3711 3980 illo

414 4009 519 4077 die,
547 4011 667 4082 quis
689 4011 896 4067 dubitet
919 4012 1074 4082 longe
1101 4027 1220 4066 esse
1258 4011 1504 4081 gratiam,
1537 4025 1656 4064 cum
1683 4009 1907 4078 cmperit
1934 4009 2090 4064 irasci
2115 4007 2361 4078 justitia?
2392 4009 2502 4063 lloc
2531 4011 2845 4076 clamamus,
2877 4022 3054 4082 pater;
3089 4014 3192 4068 hoc
3215 4022 3266 4069 te
3293 4015 3518 4072 docente
3557 4033 3712 4073 cam-

410 4119 550 4166 mus,
573 4119 679 4159 non
711 4105 908 4170 securi,
941 4105 1033 4158 sed
1067 4103 1257 4172 trepidi
1288 4121 1301 4156 :
1340 4103 1571 4169 Domine,
1618 4119 1679 4156 ne
1703 4103 1755 4155 in
1790 4105 1962 4173 furore
1995 4113 2079 4156 tuo
2106 4119 2292 4172 arguas
2325 4119 2419 4167 me,
2449 4120 2606 4174 neque
2629 4105 2682 4158 in
2711 4105 2790 4157 ira
2817 4115 2905 4160 tua
2933 4108 3179 4176 corripias
3208 4125 3290 4164 me
3315 4108 3487 4178 (Psat.
3523 4129 3594 4179 vi,
3625 4113 3710 4185 2).

416 4197 525 4252 Hoc
545 4198 769 4252 dicimus
799 4215 812 4251 :
849 4196 1079 4252 Emenda
1105 4214 1216 4263 nos,
1242 4195 1475 4259 Domine,
1505 4197 1633 4250 etde
1659 4196 1767 4266 lege
1804 4204 1888 4249 tua
1913 4197 2056 4251 crudi
2077 4214 2169 4250 nos
2207 4206 2260 4250 ut
2289 4197 2482 4267 mitiges
2521 4214 2612 4250 nos
2641 4215 2672 4250 a
2700 4199 2874 4254 diebus
2918 4201 3066 4255 malis
3098 4201 3269 4270 (Psal.
3302 4219 3445 4271 xcut,
3475 4204 3564 4273 12,
3593 4206 3710 4278 15).
3757 4198 3770 4214 ’

417 4290 530 4345 Hoc
557 4292 848 4356 credimus,
877 4291 1099 4346 docente
1129 4299 1198 4355 te,
1227 4291 1547 4346 venerabilis
1573 4300 1742 4361 pater,
1780 4291 1902 4360 quia
1935 4291 2066 4344 Dom
2087 4291 2206 4344 inus
2233 4289 2527 4361 interrogat
2551 4290 2758 4360 justum
2788 4302 2843 4347 et
2872 4294 3114 4364 impium,
3145 4295 3267 4365 quia
3296 4311 3324 4348 a
3353 4295 3556 4352 dextris
3585 4308 3640 4353 et
3667 4314 3698 4354 a

423 4383 648 4438 sinistris
679 4385 862 4453 positis
887 4385 1037 4440 bonis
1063 4393 1116 4439 et
1135 4385 1286 4438 malis
1306 4383 1530 4453 imputat
1559 4382 1946 4438 remuneranda
1971 4398 2131 4452 Opera
2170 4384 2401 4452 pietatis,
2425 4393 2705 4440 enumerat
2736 4387 3059 4455 puniendam
3092 4389 3430 4446 tenacitatem
3455 4391 3700 4462 impieta-

424 4475 510 4529 tis.
543 4475 640 4530 Ubi
664 4451 763 4530 crit
785 4476 971 4546 gratia,
1001 4475 1212 4547 quando
1238 4491 1336 4546 pro
1361 4451 1442 4530 sui
1470 4476 1721 4546 qualitate
1746 4451 2139 4544 dispungentur
2164 4451 2348 4544 opera,
2383 4476 2495 4530 sive
2518 4477 2681 4542 bona,
2715 4451 2830 4533 sive
2853 4480 3032 4534 mala?
3531 4451 3548 4462 ⁸
3738 4451 3757 4560 ,³

493 4569 548 4623 5.
577 4569 680 4624 Sed
712 4585 808 4623 cur
838 4584 940 4622 non
972 4569 1224 4624 directum
1247 4586 1354 4624 non
1383 4568 1532 4624 timet
1569 4567 1832 4638 proferri"
1865 4567 2240 4623 mendacium?
2266 4567 2515 4622 Liberum
2543 4569 2818 4624 arbitrium
2848 4571 2940 4625 Dei
2970 4573 3137 4642 gratia
3162 4583 3400 4630 curatum
3423 4591 3528 4632 non
3551 4575 3744 4652 nega;

418 4677 539 4718 mus
571 4679 584 4715 :
617 4661 711 4717 sed
744 4676 839 4732 per
867 4660 1061 4715 Christi
1091 4661 1452 4731 quotidianam
1479 4660 1703 4730 gratiam
1734 4660 1994 4729 proficere
2023 4658 2314 4724 credimus,
2343 4668 2397 4712 et
2430 4658 2668 4728 adjuvari
2697 4661 3033 4720 confidimus.
3063 4663 3197 4733 Quid
3226 4667 3469 4726 homines
3498 4670 3706 4743 dicunt,

418 4755 473 4812 In
517 4771 632 4810 mea
655 4765 745 4811 est
783 4763 1062 4826 potestate,
1098 4765 1153 4810 ut
1195 4754 1380 4810 faciam
1428 4753 1668 4808 bonum?
1697 4752 1742 4808 si
1782 4763 1956 4808 tamen
1996 4753 2232 4808 facerent
2275 4753 2518 4808 homines
2556 4755 2774 4810 bonum.
2801 4755 2845 4811 Ο
2889 4758 3060 4812 inanis
3097 4761 3339 4831 gloriatio
3359 4765 3752 4831 miserorumit'

418 4783 473 4812 ιη
517 4783 632 4810 "lca:
656 4783 745 4811 cas
783 4783 1062 4826 μυιυδιᾱιιε,
1098 4783 1153 4810 ιιι
1195 4783 1380 4810 ιδυιιιιιι
1429 4783 1660 4808 uuuuult
1697 4783 1742 4808 at
1783 4783 1956 4808 talucu
1996 4783 2232 4808 utut:qu
2275 4783 2518 4808 uummca
2558 4783 2774 4810 ιιυιιιιιιι.
2801 4783 2845 4811 υ
2889 4783 3060 4812 Illallls
3097 4783 3339 4831 gloriatio
3359 4783 3709 4825 miserorum!

416 4849 652 4921 quotidie
686 4857 903 4919 peccata
926 4857 1170 4920 arguunt,
1200 4857 1252 4902 et
1282 4847 1381 4918 ipsi
1405 4846 1505 4902 sibi
1533 4855 1812 4900 assumunt
1837 4845 2035 4900 nudum
2056 4847 2278 4901 liberum
2303 4846 2565 4916 jactantes
2595 4849 2892 4917 arbitrium;
2924 4867 3030 4907 non
3061 4852 3404 4914 discutientes
3429 4783 3755 4918 conscien-i

419 4943 544 4996 tiam
585 4957 758 5005 suam,
810 4957 930 5012 qua:
968 4956 1076 4995 non
1118 4949 1292 5011 potest
1330 4939 1505 4994 curari
1550 4938 1650 4993 nisi
1693 4954 1791 5010 per
1831 4939 2075 5009 gratiam,
2111 4948 2167 4992 ut
2206 4937 2444 4993 dicerent
2475 4955 2493 4994 :
2521 4940 2761 4996 Miserere
2801 4960 2919 5012 mei,
2947 4962 3075 5002 sana
3111 4949 3336 5004 animam
3378 4968 3559 5022 meam,
3589 4955 3712 5025 quia

486 5081 508 5153 ξ
534 5080 631 5153 _Al._,
978 5108 1038 5119 —
1069 5082 1250 5153 '_COrb.
1268 5087 1370 5141 Ms,
1393 5086 1766 5153 murmurantes.
1783 5107 1838 5116 —
1882 5081 1903 5114 ³
1926 5078 2015 5144 AL,
2041 5080 2266 5146 repetitas
2282 5095 2449 5135 eorum
2466 5083 2863 5148 perturbationes.
2888 5115 2948 5128 —-
2981 5087 3004 5122 ⁸
3021 5087 3112 5153 AL,
3137 5091 3400 5147 domirrum.

487 5142 832 5206 {Oorbeiensis
853 5151 934 5192 Ms.
953 5181 968 5204 ,
1007 5143 1100 5206 sed
1126 5156 1351 5206 cor.......
1376 5144 1611 5206 proferre.

489 5203 562 5268 (ᾳ)
593 5207 778 5255 libmm
801 5219 892 5256 seu
927 5203 1183 5268 epistolam
1209 5205 1317 5264 194,
1340 5203 1400 5255 ad
1422 5203 1620 5257 Sixtum.

492 5265 564 5348 Sb)
589 5265 1635 5348 ,ίξςξεξίιξξϋμεὲξιὲενὲίιξξιεείεξἮθιξρίξτ
1651 5271 1866 5348 sepire
1887 5268 2348 5348 remeassem
2365 5273 2573 5348 ςρίβιομα
2600 5275 2650 5324 in
2669 5275 2838 5348 codice
2859 5283 2905 5327 ε·
2943 5281 3130 5348 nasum
3162 5284 3482 5348 havere-ais
3511 5291 3716 5348 reperta

430 5335 508 5379 est
530 5341 557 5401 a
580 5331 752 5401 .I_acobo
773 5330 1035 5401 sirmondo,
1060 5332 1143 5393 qui
1169 5330 1652 5401 inde’tragmeiitum
1669 5330 1812 5401 istud
1832 5335 1880 5382 in
1921 5330 2585 5401 Prtedcstinatianattistoria,
2611 5350 2714 5401 cap.
2743 5339 2789 5397 1,
2824 5340 3068 5392 transtulit
3092 5356 3104 5390 :
3140 5330 3494 5396 «Honorabiles
3512 5330 3716 5400 ira};

435 5409 458 5438 ι
481 5388 757 5471 Eetulerupt
779 5394 916 5442 nobis
937 5393 1048 5471 quia
1072 5388 1238 5471 nescio
1259 5405 1370 5471 quae
1383 5388 1457 5442 ibi
1482 5396 1930 5471 quaestionesinter
1945 5407 2032 5471 vos
2053 5403 2317 5471 nauesunt
2335 5397 2399 5469 de
2426 5388 2584 5448 libero
2599 5388 2794 5471 arbitrio
2817 5388 2949 5450 etde
2967 5388 3162 5471 justi—tia
3181 5388 3717 5471 ξῦέίΐᾷὺδὲιῖηίιζᾷυῐ

435 5470 458 5499 α
479 5451 823 5531 demstuditirn
849 5451 1086 5531 vestruth
1108 5455 1196 5531 sed
1222 5451 1332 5527 nolu
1356 5470 1443 5503 nus
1466 5451 1577 5531 esse
1595 5458 1972 5531 contentiosum.
1999 5459 2250 5531 Contentio
2274 5461 2404 5508 enim
2431 5462 2842 5531 perturbationem
2870 5451 3226 5531 exci'tatlsiedw
3240 5451 3716 5531 siiiiiiiiiﬁ“i3iéiai‘éih

434 5532 455 5561 ι
481 5515 883 5593 acquirit.‘l.i‘berj
905 5517 1088 5593 arbitrii
1117 5515 1696 5593 ilenissitnum_aﬁ‘cctum
1718 5519 1884 5593 habuit
1920 5519 2060 5566 homo
2085 5521 2238 5593 primo
2270 5515 2567 5593 procreatus,
2594 5524 2736 5593 Adam
2769 5524 2895 5593 dico.
2927 5527 3018 5574 Sed
3042 5515 3124 5575 ubi
3143 5515 3420 5593 sauciatam
3455 5515 3713 5593 θ’ὲῖἱῶᾇῖιῖ

433 5594 456 5623 ι
479 5575 689 5658 liberum
711 5575 1298 5658 arbitrium,‘iuti.rmatuin
1324 5587 1426 5658 est:
1445 5587 1564 5658 Firgo
1587 5588 1664 5630 est
1688 5581 1950 5658 iu'homine
1976 5575 2103 5629 nunc
2123 5575 2330 5631 liberu'm
2350 5575 2621 5658 arbitrium,
2645 5585 2732 5658 sed
2768 5587 3048 5658 sauciatum.
3077 5575 3190 5638 Inde
3229 5575 3420 5640 dictum
3433 5575 3532 5650 est,
3554 5575 3713 5658 infit:

433 5655 456 5684 ι
477 5644 636 5689 matus
657 5647 727 5714 est
745 5640 795 5690 in
819 5647 1026 5714 egestate
1050 5640 1180 5714 rigor
1205 5654 1353 5714 metu,
1381 5648 1438 5714 et.
1456 5640 1899 5714 luitienJocnglorumr
1927 5655 2141 5714 meorum
2176 5654 2360 5714 nonest
2380 5659 2568 5714 mecum
2587 5647 2724 5707 (Psal.
2753 5661 2872 5706 xxx,
2902 5649 2977 5708 11,
2995 5653 3402 5714 Δεξινιωιινιιιιι).
3431 5640 3714 5707 Αάίιόὰίἰέ-

433 5718 457 5748 ι
477 5703 808 5774 cunctandum
830 5701 1007 5753 missus
1030 5701 1114 5752 est
1129 5701 1578 5776 medicussalvamr
1599 5705 1840 5778 Christus.’
1857 5713 1909 5754 ut
1936 5702 2153 5778 Sdit‘ﬂi‘el.
2168 5707 2306 5816 (Ε.ῗὲ
2321 5709 2554 5769 perierat,
2583 5701 2633 5758 et
2667 5701 2869 5759 curaret"
2879 5701 3009 5772 quod
3042 5701 3456 5765 vitiatum'fuerat.
3472 5701 3716 5780 3⁷ὲῖρᾶ

433 5763 520 5813 alta
547 5776 560 5811 :
595 5782 619 5810 ι
639 5770 822 5816 ιιθαθιιι
847 5779 968 5816 ει·αο
990 5773 1141 5814 sancti
1166 5772 1250 5812 Det
1275 5777 1504 5816 maiorum
1519 5765 1662 5816 dicta.
1682 5776 1805 5815 Sicut
1826 5779 1922 5816 1am
1938 5765 2054 5816 dm.
2073 5781 2156 5816 aut
2311 5776 2364 5816 nt
2383 5769 2533 5816 divini
2556 5774 2774 5816 muneris
2798 5772 2927 5816 nium
2942 5773 3196 5816 aﬂ'ecmm:
3219 5783 3269 5816 at
3290 5777 3482 5816 niiandn
3511 5791 3608 5816 nnn
3634 5779 3714 5816 tn.

428 5763 522 5840 alia
539 5763 619 5840 ξμς
639 5770 822 5840 Legam
847 5779 968 5840 ergo
990 5765 1504 5840 sanctiueijmajorut‘u
1519 5765 1662 5840 dicta,
1682 5767 1806 5840 sicut
1823 5767 1922 5840 jam
1938 5765 2054 5840 dixi,
2073 5768 2156 5830 qui
2180 5763 2364 5820 habent
2383 5763 2774 5822 divini'muneris
2796 5763 2927 5835 pium
2942 5773 3196 5838 infectum;
3219 5783 3269 5826 et
3290 5763 3482 5840 quando
3511 5763 3714 5830 {duri};

437 5840 464 5873 ι
484 5823 733 5892 telling
757 5841 857 5879 non
873 5823 971 5879 cito
990 5823 1374 5889 reprehendant,
1391 5826 1482 5876 sed
1501 5823 1720 5878 orent’ut
1741 5823 2073 5888 intelligant.)
