4142 6546
447 478 544 527 tuo
581 476 637 527 te
660 467 790 525 vitio
819 480 924 523 non
950 463 1148 518 habere
1170 475 1185 526 ;
1237 459 1290 513 in
1333 459 1576 514 oratione
1601 473 1864 531 cognosce
1889 457 2032 514 unde

447 565 681 636 accipias
717 560 856 632 quod
895 558 975 610 vis
1016 553 1232 609 habere.

518 653 743 714 CAPUT
783 650 868 706 IV.
899 677 972 690 -—-
994 646 1047 702 6.
1097 664 1116 698 ι
1140 644 1440 714 Quomodo,
1477 664 1496 696 ι
1533 645 1721 716 inquit,
1755 662 1776 697 ι
1799 659 1921 701 meo
1951 645 2034 700 vi-

447 754 524 810 tio
547 766 651 807 non
680 745 922 810 habetur,
946 740 1086 812 quod
1113 756 1218 795 non
1245 739 1424 809 accepi
1452 738 1520 793 ab
1559 739 1680 805 illo,
1724 752 1753 792 a
1791 754 1897 810 quo
1932 739 2033 794 nisi

445 847 622 910 detur,
665 853 771 895 non
810 844 893 891 est
934 834 1152 888 omnino
1195 832 1368 887 alius‘
1417 829 1558 887 unde
1601 833 1702 886 tale
1739 847 1801 887 ac
1831 841 2033 886 tantum

443 947 638 992 munus
685 926 1026 985 habeatur?)
1081 922 1331 980 Patimini
1371 938 1458 978 me
1497 924 1788 994 paululum,
1839 922 2034 978 fratres

444 1028 574 1095 mei,
607 1041 713 1082 non
743 1022 1025 1082 adversum
1054 1034 1169 1084 vos,
1201 1033 1426 1090 quorum
1457 1026 1661 1073 rectum
1684 1025 1768 1071 est
1792 1031 1887 1072 cor
1911 1032 2033 1072 cum

444 1120 589 1186 Deo,
629 1115 723 1172 sed
763 1114 1020 1169 adversus
1047 1125 1141 1167 eos
1170 1110 1259 1181 qui
1292 1119 1501 1165 terrena
1541 1107 1782 1177 sapiunt,
1825 1107 1912 1163 vel
1940 1107 2034 1162 ad-

441 1224 630 1266 versus
657 1208 800 1279 ipsas
823 1205 1084 1261 humanas
1111 1201 1478 1272 cogitationes,
1503 1214 1600 1269 pro
1619 1198 1853 1254 ctelestis
1877 1206 1930 1254 et
1953 1199 2035 1253 di-

441 1306 582 1362 vina:
609 1304 794 1376 gratia:
823 1301 1047 1358 veritate
1075 1306 1280 1353 certare
1295 1297 1337 1348 '.
1370 1295 1484 1349 Hoc
1511 1294 1653 1348 enim
1683 1293 1902 1360 dicunt,
1943 1293 2033 1363 qui

441 1399 495 1455 in
525 1399 638 1454 suis
667 1395 911 1467 malignis
931 1391 1184 1464 operibus
1219 1390 1286 1446 ab
1315 1389 1469 1459 hujus
1491 1389 1676 1459 gratiae
1714 1387 2032 1458 praedicato-

441 1494 593 1550 ribus
616 1491 810 1562 corripi
841 1490 1030 1545 nolunt
1058 1503 1072 1538 :
1112 1505 1130 1538 ι
1155 1484 1394 1554 Praecipe
1419 1481 1549 1538 mihi
1577 1483 1701 1553 quid
1729 1481 1918 1537 faciam
1946 1491 2035 1537 :et

442 1589 489 1644 si
518 1587 728 1652 fecero,
758 1600 856 1657 age
887 1599 984 1653 pro
1011 1597 1097 1637 me
1119 1579 1315 1651 gratias
1343 1579 1452 1632 Deo
1471 1619 1485 1644 ,
1524 1577 1613 1647 qui
1645 1576 1772 1632 mihi
1810 1583 1868 1630 ut
1895 1575 2036 1632 face-

441 1695 558 1737 rem
585 1678 759 1743 dedit;
796 1677 841 1731 si
876 1684 1052 1730 autem
1092 1687 1198 1727 non
1225 1669 1426 1735 fecero,
1475 1685 1581 1724 non
1612 1683 1710 1740 ego
1739 1669 2034 1740 corripien-

442 1772 544 1828 dus
575 1788 713 1838 sum,
736 1769 831 1827 sed
861 1769 950 1824 ille
976 1763 1207 1821 orandus
1230 1771 1333 1829 est,
1364 1769 1422 1816 ut
1449 1760 1540 1816 det
1562 1761 1704 1832 quod
1731 1776 1837 1816 non
1866 1760 2031 1828 dedit,

443 1865 498 1918 id
523 1872 608 1918 est
635 1863 827 1933 ipsam,
853 1874 954 1926 qua
979 1863 1240 1926 praecepta
1270 1853 1390 1925 ejus
1415 1853 1547 1908 ﬁunt
1563 1852 1605 1921 ³,
1629 1851 1838 1909 ﬁdelem
1867 1852 1961 1908 Dei
1982 1862 2038 1908 et

443 1955 672 2029 proximi
699 1953 1035 2009 charitatem.
1069 1947 1174 2002 Ora
1204 1961 1330 2016 ergo
1370 1960 1466 2016 pro
1505 1960 1592 2000 me
1636 1953 1694 1999 ut
1726 1944 1865 2000 hanc
1892 1943 2034 1999 acci-

438 2049 602 2122 piam,
634 2060 687 2101 et
711 2061 805 2115 per
829 2043 964 2098 hanc
995 2057 1059 2096 ex
1099 2040 1275 2094 animo
1300 2053 1422 2094 cum
1451 2039 1588 2094 bona
1616 2039 1890 2093 voluntate
1913 2054 2034 2110 quae

437 2141 678 2213 praecipit
703 2137 913 2192 faciam.
940 2134 1112 2192 Recte
1133 2142 1310 2189 autem
1334 2134 1656 2203 corriperer,
1686 2133 1732 2189 si
1761 2148 1880 2188 eam
1911 2149 2032 2188 mea

437 2233 594 2303 culpa
618 2247 724 2286 non
745 2229 1032 2293 haberem;
1057 2228 1158 2308 hoc
1180 2235 1282 2291 est,
1308 2232 1352 2281 si
1375 2241 1491 2282 eam
1513 2241 1723 2296 possem
1752 2227 1882 2281 mihi
1903 2227 2033 2284 dare

435 2329 520 2384 vel
545 2339 754 2386 sumere
771 2325 907 2394 ipse,
931 2337 1030 2377 nec
1057 2321 1307 2386 facerem,
1331 2320 1414 2374 vel
1439 2320 1484 2373 si
1513 2319 1672 2374 dante
1703 2320 1793 2374 illo
1817 2336 2033 2404 ego_ac-

434 2422 614 2492 cipere
638 2418 949 2474 noluissem.
976 2413 1110 2471 Cum
1131 2430 1260 2469 vero
1285 2421 1339 2468 et
1367 2413 1476 2483 ipsa
1497 2413 1739 2468 voluntas
1759 2428 1787 2466 a
1806 2413 2030 2469 Domino

433 2521 767 2588 praeparetur
796 2529 814 2564 ι
842 2509 1025 2582 (Prov.
1045 2525 1160 2576 vut,
1182 2525 1282 2563 sec.
1307 2507 1497 2579 LXX),
1522 2529 1546 2560 ‹
1567 2523 1665 2563 cur
1681 2523 1768 2564 me
1783 2509 2028 2578 corripis,

435 2610 561 2681 quia
587 2606 738 2662 vides
763 2620 850 2661 me
876 2605 993 2675 ejus
1017 2611 1285 2675 praecepta
1313 2600 1490 2656 facere
1521 2601 1693 2668 ualle;
1724 2611 1778 2656 et
1802 2617 1910 2656 non
1932 2617 2030 2671 po-

434 2699 540 2755 tius
566 2700 740 2769 ipsum
769 2711 948 2767 rogas,
978 2704 1036 2749 ut
1059 2695 1112 2748 in
1137 2708 1224 2749 me
1251 2703 1502 2763 operetur
1531 2701 1586 2748 et
1605 2692 1780 2748 velle?
1813 2712 1833 2746 ι

505 2787 735 2846 CAPUT
775 2787 840 2843 V.
869 2818 940 2828 —
967 2789 1020 2842 7.
1063 2786 1144 2842 Ad
1171 2787 1284 2841 lure
1308 2785 1694 2855 respondemus
1727 2805 1738 2840 :
1771 2787 2028 2852 Quicum-

436 2895 543 2956 que
571 2882 670 2936 Dei
699 2888 962 2952 prazcepta
990 2879 1100 2949 jam
1132 2877 1224 2932 tibi
1255 2888 1378 2933 nota
1408 2894 1512 2933 non
1553 2877 1710 2946 facis,
1752 2887 1806 2933 et
1833 2881 2028 2950 corripi

435 2990 542 3031 non
569 2974 671 3041 vis,
700 2973 860 3029 etiam
883 2979 1165 3043 propterea
1188 2969 1558 3040 corripiendus
1579 2985 1659 3040 es,
1684 2971 1806 3041 quia
1831 2971 2030 3042 corripi

433 3084 542 3127 non
563 3069 662 3124 vis.
697 3066 814 3123 Non
843 3065 927 3120 vis
954 3065 1096 3120 enim
1123 3063 1214 3118 tibi
1244 3073 1329 3118 tua
1360 3063 1486 3118 vitia
1507 3063 1858 3119 demonstrari
1883 3083 1896 3119 :
1920 3079 2029 3120 non

433 3165 514 3220 vis
539 3172 597 3218 ut
615 3161 897 3227 feriantur,
929 3159 1122 3229 fiatque
1149 3158 1246 3212 tibi
1274 3157 1418 3212 utilis
1439 3157 1614 3224 dolor,
1636 3173 1741 3229 quo
1761 3157 2028 3213 medicum

433 3271 644 3328 quaeras
676 3271 690 3308 :
723 3269 830 3309 non
859 3253 942 3307 vis
981 3251 1076 3306 tibi
1105 3260 1160 3306 tu
1195 3251 1310 3321 ipse
1346 3250 1586 3318 ostendi,
1618 3259 1676 3306 ut
1703 3267 1824 3307 cum
1851 3251 2030 3307 defor-

433 3366 576 3408 mem
607 3348 854 3424 tetvides,
885 3347 1290 3402 reformatorem
1316 3345 1610 3410 desideres,
1642 3347 1796 3416 eique
1822 3349 2027 3417 suppli-

434 3459 548 3510 ces,
586 3457 654 3499 ne
692 3444 745 3497 in
789 3441 877 3495 illa
907 3455 1185 3494 remaneas
1214 3438 1472 3494 fueditate.
1506 3438 1680 3495 Tuum
1720 3440 1915 3512 quippe
1951 3442 2030 3496 vi-

435 3537 566 3594 tium
598 3545 678 3593 est
707 3535 847 3608 quod
877 3535 1050 3590 malus
1075 3546 1154 3600 es,
1181 3543 1235 3589 et
1261 3533 1430 3604 majus
1459 3533 1644 3586 vitium
1669 3535 1867 3604 corripi
1887 3535 2028 3593 nolle

445 3631 558 3702 quia
583 3629 754 3691 malus
785 3643 842 3684 es
868 3646 880 3682 :
906 3628 1058 3699 quasi
1097 3626 1360 3682 laudanda
1399 3627 1485 3681 vel
1523 3625 1890 3683 indifferenter
1927 3627 2026 3682 ha-

434 3723 607 3780 benda
650 3723 758 3778 sint
794 3722 941 3789 vitia,
989 3729 1048 3776 ut
1091 3735 1263 3790 neque
1303 3719 1586 3774 laudentur
1615 3734 1790 3790 neque
1821 3720 2028 3791 vitupe-

433 3823 649 3880 rentur;
687 3822 779 3868 aut
801 3829 931 3869 vero
962 3813 1096 3868 nihil
1134 3819 1256 3883 agat
1298 3812 1456 3866 timor
1496 3811 1728 3882 correpti
1769 3811 2023 3881 hominis,

433 3907 519 3964 vel
547 3905 739 3979 pudor,
769 3905 851 3960 vel
877 3904 1061 3969 dolor;
1106 3911 1199 3958 aut
1225 3902 1368 3957 aliud
1413 3913 1552 3973 agat,
1595 3919 1714 3959 cum
1746 3905 2029 3961 salubriter

418 4000 693 4066 stimulat,
721 3999 820 4054 nisi
846 4007 906 4052 ut
927 4007 1142 4068 rogetur
1169 3997 1360 4064 bonus,
1390 4007 1444 4052 et
1465 3996 1486 4028 ⁸
1516 4013 1579 4053 cx
1612 3999 1767 4054 malis
1793 4000 1882 4070 qui
1907 4015 2028 4055 cor-

433 4097 720 4167 ripiuntur,
753 4094 923 4150 bonos
955 4092 1111 4146 faciat
1131 4091 1220 4162 qui
1244 4090 1540 4146 laudentur.
1573 4092 1722 4161 Quod
1753 4093 1895 4150 enim
1915 4095 2028 4151 vult

433 4202 533 4258 pro
556 4201 615 4242 se
641 4185 753 4248 ﬁeri
783 4185 872 4255 qui
899 4183 1096 4252 corripi
1127 4199 1236 4238 non
1263 4182 1408 4250 vult,
1447 4193 1500 4238 et
1529 4184 1691 4248 dicit,
1721 4183 1824 4241 Ora
1853 4187 2028 4258 potius

435 4295 536 4351 pro
569 4293 684 4344 me;
733 4277 853 4332 ideo
892 4274 1263 4345 corripiendus
1289 4283 1400 4340 est,
1435 4284 1492 4329 ut
1523 4274 1680 4330 faciat
1710 4278 1870 4332 etiam
1915 4280 2029 4349 ipse

434 4385 536 4441 pro
565 4385 644 4424 se.
677 4367 838 4422 Dolor
860 4367 1056 4437 quippe
1093 4365 1200 4430 ille,
1238 4379 1342 4435 quo
1369 4366 1470 4420 sibi
1501 4365 1777 4435 diSplicet,
1819 4371 2030 4438 quando

437 4461 602 4518 sentit
621 4457 977 4528 correptionis
1007 4455 1272 4522 aculeum,
1288 4456 1482 4510 excitat
1497 4472 1617 4511 eum
1637 4459 1690 4512 in
1709 4457 1926 4529 majoris
1950 4461 2027 4533 (α)

436 4553 694 4614 orationis
737 4549 1020 4614 affectum;
1072 4557 1128 4603 ut
1175 4548 1286 4603 Deo
1335 4548 1643 4617 miserante,
1697 4549 2029 4608 incremento

437 4645 712 4703 charilatis
751 4643 964 4712 adjutus
993 4641 1201 4696 desinat
1234 4655 1394 4711 agere
1421 4641 1664 4710 pudenda
1695 4651 1750 4698 et
1776 4643 2026 4712 dolenda,

437 4745 492 4793 et
521 4743 641 4804 agat
671 4733 931 4788 laudanda
963 4742 1120 4802 atque
1148 4731 1426 4802 gratanda.
1463 4731 1590 4786 Haec
1617 4741 1700 4788 est
1734 4735 2031 4808 correptio-

439 4843 522 4883 ms
549 4827 766 4890 utilitas,
801 4841 920 4896 qua:
951 4839 1094 4880 nunc
1120 4826 1312 4895 major,
1343 4839 1483 4879 nunc
1523 4825 1698 4882 minor
1721 4843 1819 4899 pro
1845 4845 2032 4900 pecca-

439 4931 615 4973 torum
637 4916 943 4972 diversitate
972 4915 1257 4970 salubriter
1278 4916 1588 4986 adhibetur;
1619 4928 1670 4973 et
1696 4928 1822 4976 tunc
1841 4929 1924 4976 est
1946 4935 2032 4976 sa-

439 5009 630 5078 lubris,
663 5007 876 5080 quando
905 5019 1168 5077 supernus
1204 5007 1440 5063 medicus
1475 5010 1707 5080 respicit.
1739 5010 1872 5070 Νοιδ
1886 5012 2030 5067 enim

441 5101 640 5174 aliquid
675 5099 905 5172 proiicit,
935 5099 1035 5154 nisi
1061 5115 1181 5154 cum
1209 5099 1334 5155 facit
1359 5111 1419 5156 ut
1439 5102 1638 5172 peccati
1660 5104 1742 5159 sui
1769 5120 2032 5176 quemque

443 5193 719 5266 paeniteat.
749 5192 813 5246 Et
838 5190 956 5262 quis
980 5192 1080 5246 hoc
1096 5191 1206 5258 dat,
1231 5192 1333 5246 nisi
1353 5193 1440 5263 qui
1469 5195 1704 5266 reSpexit
1730 5198 2031 5266 apostolum

442 5289 662 5345 Petrum
683 5295 982 5356 negantem,
1005 5294 1058 5342 et
1084 5285 1435 5343 fecitﬁentcm
1459 5285 1610 5362 (Luc.
1627 5307 1759 5360 χχιι,
1792 5291 1880 5360 6|,
1903 5292 2031 5366 62)?

441 5381 599 5440 Unde
627 5387 680 5436 et
699 5379 972 5450 apostolus
1004 5380 1196 5435 Paulus
1215 5389 1560 5453 posteaquam
1585 5383 1737 5450 dixit,
1769 5401 1888 5440 cum
1917 5403 2034 5444 mo-

505 5475 526 5506 ί
561 5481 660 5522 Am.
687 5479 738 5521 et
757 5477 885 5532 Mss,
922 5468 1077 5521 aliud.

505 5539 661 5602 I_Am.
689 5541 742 5583 et
761 5539 834 5602 ξι.
859 5540 910 5602 et
939 5541 1136 5602 actore:
1164 5532 1414 5585 Gallicanis
1438 5542 1584 5602 _Mss_.,
1623 5551 1714 5602 pro
1987 5545 2034 5592 et

445 5596 624 5650 divina;
661 5593 834 5660 gratia:
857 5594 1090 5660 (gnaritate
1127 5603 1331 5660 certare.
1357 5593 1641 5650 ειη-Μηίιὲιὲ
1673 5609 1725 5652 et
1765 5599 2038 5655 Albinensis

447 5655 892 5732 κεξιρνᾷρωιςεξῇ
903 5662 953 5730 et
977 5655 1140 5732 divina
1160 5657 1394 5732 charitatc
1413 5667 1616 5712 certare.

511 5723 534 5784 ἓ
559 5717 636 5784 sic
667 5726 770 5769 Mss.
797 5720 916 5768 Editi
941 5733 1076 5782 vero,
1103 5717 1238 5784 ﬁant.

510 5782 534 5852 ξ
566 5782 754 5852 aliquot
775 5789 900 5852 Mss,
916 5787 984 5830 ut.

512 5843 586 5906 (a)
617 5843 774 5902 Ferte,
797 5843 1048 5906 maiorm.

1267 345 1355 400 DE
1394 342 1875 401 CORREPTIONE
1913 343 2006 400 ET
2042 343 2320 416 GRATIA,
2360 347 2418 406 S.
2458 351 2830 412 AUGUSTINI

3620 368 3726 428 9εο

2144 460 2313 518 destia
2342 464 2707 534 corripiendos
2730 483 2850 524 esse
2877 469 3086 527 diversa
3113 473 3404 530 sentientes
3422 517 3438 543 ,
3484 480 3728 548 protinus

2142 553 2361 620 addidit,
2395 555 2476 610 Ne
2504 559 2708 629 quando
2731 559 2816 614 det
2835 561 2905 615 eis
2934 559 3068 618 Deus
3087 565 3428 634 paenitentiam
3452 569 3520 622 ad
3539 587 3728 643 cogno-

2140 647 2376 701 scendam
2401 651 2654 705 veritatem
2671 693 2686 719 ,
2714 663 2763 707 et
2788 654 3086 724 resipiscam
3121 657 3183 712 de
3211 658 3402 715 diaboli
3437 662 3629 734 laqueis
3649 665 3728 740 (ιι

2140 738 2275 796 Tim.
2299 757 2354 808 ιι,
2384 743 2473 810 es,
2505 743 2620 814 ac).

2209 833 2264 888 8.
2304 833 2413 889 Cur
2438 846 2614 892 autem
2645 837 2730 893 isti
2756 840 2844 910 qui
2877 841 3067 912 corripi
3085 843 3292 912 nolunt,
3311 845 3513 916 dicunt,
3541 867 3561 902 ι
3584 849 3728 908 Tan-

2140 934 2252 980 tum
2271 928 2499 998 praecipe
2524 929 2673 998 mihi,
2703 939 2758 985 et
2777 946 2869 987 ora
2898 949 2993 1003 pro
3013 949 3119 1002 me,
3146 946 3202 990 ut
3221 938 3360 1007 quod
3388 925 3630 1012 praecipis
3651 944 3727 1000 fa-

2138 1019 2314 1074 ciam?
2347 1039 2365 1073 ι
2397 1019 2505 1076 Cur
2527 1039 2632 1077 non
2666 1026 2840 1094 potius
2867 1028 3158 1084 secundum
3185 1047 3338 1086 suum
3372 1050 3591 1102 pravum
3613 1052 3730 1093 sen-

2138 1125 2256 1167 sum
2281 1121 2335 1168 et
2360 1115 2459 1169 ista
2485 1115 2590 1170 duo
2619 1129 2895 1188 respuunt,
2926 1129 2979 1176 et
2999 1121 3202 1192 dicunt,
3236 1125 3343 1181 Nec
3365 1137 3420 1180 ut
3447 1131 3728 1200 praecipias

2139 1204 2291 1273 mihi,
2319 1222 2418 1263 nec
2442 1218 2499 1263 ut
2527 1225 2650 1265 ores
2681 1228 2776 1282 pro
2801 1229 2887 1268 me
2913 1215 3068 1270 volo?
3110 1218 3241 1285 Quis
3270 1221 3412 1276 enim
3449 1221 3724 1280 hominum

2139 1298 2436 1354 ostenditur
2460 1315 2643 1357 orasse
2669 1319 2766 1374 pro
2793 1304 2952 1361 Petro
2969 1348 2984 1372 ,
3030 1317 3090 1363 ut
3113 1308 3263 1365 daret
3301 1311 3347 1366 ei
3381 1311 3523 1368 Deus
3548 1317 3726 1385 ι)ωηί-

2139 1389 2380 1456 tentiam,
2409 1408 2513 1462 qua
2543 1408 2601 1449 se
2626 1410 2847 1465 negasse
2877 1398 3157 1454 Dominum
3183 1401 3365 1458 ﬂevit?
3393 1405 3520 1472 Quis
3551 1406 3728 1462 homi-‘

2138 1496 2266 1536 num
2293 1483 2512 1538 Paulum
2553 1485 2746 1542 divinis
2783 1491 3060 1560 praeceptis
3085 1491 3152 1546 ad
3185 1492 3343 1549 ﬁdem
3381 1495 3727 1555 christianam

2138 1576 2526 1645 pertinentibus
2544 1581 2808 1636 erudivit?
2835 1583 2967 1638 Cum
2995 1599 3122 1656 ergo
3137 1586 3412 1643 audiretur
3431 1591 3728 1658 praedicans

2138 1667 2503 1738 Evangelium,
2547 1681 2599 1726 et
2635 1672 2841 1742 dicens,
2891 1674 3084 1730 Notum
3115 1679 3249 1732 enim
3273 1679 3410 1734 vobis
3433 1681 3587 1751 facio,
3619 1687 3729 1756 fra-

2139 1769 2258 1828 tres,
2291 1760 2623 1834 Evangetium
2642 1767 2776 1836 quod
2797 1770 3197 1841 euangelizatum
3221 1780 3295 1826 est
3315 1791 3346 1826 a
3363 1790 3458 1838 me,
3487 1776 3606 1846 quia
3625 1794 3726 1832 non

2137 1861 2210 1908 est
2235 1858 2511 1910 secundum
2535 1857 2821 1924 hominem;
2853 1877 3011 1932 neque
3035 1863 3166 1916 enim
3195 1879 3286 1935 ego
3319 1864 3380 1918 ab
3409 1865 3608 1922 homine
3635 1885 3727 1923 ac-

2139 1946 2250 2017 cepi
2284 1947 2433 2012 illud,
2468 1959 2624 2020 neque
2657 1951 2834 2019 didici,
2876 1952 2965 2006 sed
3010 1971 3100 2024 per
3144 1955 3500 2012 reuelationem
3540 1958 3728 2015 Christi

2137 2037 2262 2094 Jesu
2283 2038 2480 2113 (Gatat.
2510 2058 2548 2106 ι,
2573 2045 2662 2108 11,
2692 2044 2782 2114 12)
2812 2063 2824 2098 :
2859 2047 3276 2116 reSponderetur
3302 2050 3372 2116 ei,
3403 2051 3539 2121 Quid
3570 2053 3728 2109 nobis

2137 2136 2396 2190 molestus
2436 2151 2514 2204 es,
2557 2145 2614 2192 ut
2645 2139 2741 2195 abs
2782 2150 2834 2194 te
2877 2141 3202 2210 accipiamus
3242 2151 3402 2214 atque
3435 2145 3726 2215 discamus,

2138 2225 2277 2296 quod
2319 2236 2374 2282 tu
2418 2244 2522 2282 non
2565 2229 2633 2286 ab
2681 2230 2894 2286 homine
2937 2234 3190 2304 accepisti
3237 2251 3414 2306 neque
3458 2237 3723 2296 didicisti?

2137 2319 2332 2374 Potens
2361 2329 2442 2374 est
2473 2321 2564 2376 ille
2585 2323 2600 2353 ι
2630 2323 2718 2393 qui
2749 2323 2841 2377 tibi
2871 2323 3036 2392 dedit,
3069 2325 3148 2380 sic
3176 2333 3231 2381 et
3258 2327 3411 2382 nobis
3437 2329 3563 2385 dare
3587 2345 3723 2401 quo-

2137 2413 2298 2467 modo
2335 2413 2449 2468 tibi.
2492 2415 2660 2470 Porro
2707 2417 2752 2471 si
2783 2416 2886 2473 hoc
2915 2434 3020 2472 non
3052 2419 3252 2476 audent
3275 2421 3472 2489 dicere,
3503 2423 3594 2479 sed
3625 2441 3722 2495 pa-

2138 2504 2340 2558 tiuntur
2361 2505 2464 2560 sibi
2490 2505 2836 2578 Evangelium
2863 2508 2930 2562 ab
2959 2508 3173 2566 homine
3203 2512 3508 2582 praedicari;
3539 2531 3723 2585 quam-

2134 2599 2217 2652 vis
2241 2599 2400 2654 etiam
2427 2600 2596 2668 possit
2619 2616 2726 2656 non
2752 2617 2850 2673 per
2891 2602 3162 2660 hominem
3193 2605 3394 2661 homini
3415 2606 3524 2662 dari
3548 2624 3561 2637 ·
3591 2623 3724 2664 con-

2135 2690 2327 2746 cedant
2359 2693 2520 2748 etiam
2557 2695 2756 2765 corripi
2799 2711 2858 2752 se
2897 2697 3095 2754 debere
3133 2713 3165 2753 a
3207 2701 3508 2772 praepositis
3535 2702 3668 2771 suis,
3694 2718 3726 2760 a

2133 2783 2329 2853 quibus
2371 2785 2662 2842 christiana
2711 2789 2880 2859 gratia
2931 2789 3281 2861 praedicatur;
3333 2797 3574 2862 quamvis
3621 2810 3726 2852 non

2135 2885 2354 2946 negetur
2387 2877 2526 2932 Deus
2557 2894 2737 2948 posse,
2771 2897 2931 2951 quem
2959 2883 3105 2946 velit,
3137 2885 3296 2938 etiam
3330 2885 3477 2941 nullo
3513 2887 3728 2946 homine

2134 2969 2474 3038 corripiente,
2505 2971 2796 3042 corrigere,
2822 2980 2878 3029 et
2900 2973 2966 3028 ad
2992 2975 3230 3032 dolorem
3262 2976 3530 3034 salubrem
3555 2979 3726 3050 pteni-

2137 3063 2313 3117 tentiae
2358 3064 2713 3119 occultissima
2765 3075 2818 3120 et
2868 3068 3235 3137 potentissima
3279 3071 3557 3126 medicina:
3613 3089 3726 3130 sua:

2132 3161 2397 3224 potestate
2423 3156 2730 3224 perducere.
2762 3159 2828 3212 Et
2850 3159 2984 3214 sicut
3015 3175 3121 3214 non
3147 3169 3228 3215 est
3256 3161 3322 3216 ab
3341 3165 3584 3221 oratione
3604 3180 3725 3221 ces-

2132 3246 2357 3301 sandum
2390 3263 2485 3318 pro
2511 3249 2590 3304 eis
2615 3264 2750 3320 quos
2778 3251 2970 3321 corrigi
2999 3253 3266 3320 volumus,
3305 3255 3465 3310 etiam
3502 3258 3545 3311 si
3575 3259 3722 3317 nullo

2133 3335 2410 3391 hominum
2433 3347 2620 3394 orante
2651 3355 2746 3409 pro
2768 3341 2925 3396 Petro
2955 3341 3208 3398 Dominus
3232 3347 3466 3416 respexit
3493 3362 3635 3415 eum,
3666 3358 3723 3406 et

2132 3429 2257 3484 fecit
2281 3445 2403 3486 eum
2421 3446 2576 3487 suum
2603 3443 2876 3503 peccatum
2899 3435 3027 3492 ﬁere
3051 3456 3063 3492 :
3089 3438 3158 3492 ita
3185 3453 3290 3494 non
3311 3451 3393 3496 est
3411 3443 3724 3514 negligenda

2132 3525 2420 3594 correptio,
2464 3527 2710 3596 quamvis
2755 3529 2897 3584 Deus
2934 3546 3068 3602 quos
3111 3533 3373 3600 voluerit,
3409 3536 3568 3592 etiam
3615 3553 3724 3594 non

2132 3626 2430 3688 correptos,
2469 3617 2624 3674 faciat
2665 3635 2784 3676 esse
2823 3633 3114 3680 correctos.
3147 3623 3298 3682 Tunc
3331 3635 3512 3684 autem
3542 3643 3725 3686 corre-

2133 3709 2316 3778 ptione
2359 3709 2567 3779 proﬁcit
2601 3711 2782 3780 homo,
2817 3729 2938 3768 cum
2979 3716 3264 3772 miseretur
3288 3729 3448 3790 atque
3489 3721 3720 3792 adjuvat,

2132 3801 2223 3873 qui
2269 3802 2392 3859 facit
2421 3819 2554 3874 quos
2587 3807 2818 3862 voluerit
2854 3809 3012 3863 etiam
3040 3810 3158 3868 sine
3189 3814 3523 3882 correptione
3563 3816 3724 3886 proﬁ-

2133 3910 2277 3953 cere.
2308 3895 2420 3954 Sed
2449 3915 2612 3970 quare
2653 3899 2740 3956 isti
2781 3901 2878 3968 sic,
2923 3901 2997 3956 illi
3033 3903 3203 3970 aliter,
3243 3913 3400 3975 atque
3427 3907 3516 3960 alii
3545 3907 3718 3974 aliter,

2132 3988 2362 4045 diversis
2385 3999 2440 4045 et
2468 3992 2937 4048 innumerabilibus
2965 3993 3139 4048 modis
3163 4004 3422 4052 vocentur
3455 4007 3511 4052 ut
3546 3997 3720 4054 refor-

2134 4089 2368 4149 mentur,
2398 4081 2537 4138 absit
2578 4090 2635 4136 ut
2658 4082 2898 4139 dicamus
2921 4083 3180 4154 judicium
3225 4085 3320 4141 luti
3351 4101 3472 4144 esse
3498 4087 3716 4162 debere,

2133 4175 2228 4230 sed
2255 4175 2416 4246 ﬁguli.

2205 4266 2431 4323 CAPUT
2475 4265 2559 4322 VI.
2582 4297 2654 4307 —
2677 4267 2730 4323 9.
2780 4286 2797 4320 ι
2828 4268 3147 4339 Apostolus,
3185 4289 3204 4323 ›
3251 4271 3524 4343 inquiunt,
3570 4293 3590 4328 ι
3621 4277 3716 4344 ait,

2138 4359 2264 4425 Quis
2293 4359 2425 4413 enim
2452 4368 2499 4414 te
2521 4359 2802 4415 discernit?
2828 4361 2963 4429 Quid
2992 4373 3157 4417 autem
3186 4364 3338 4420 habes
3359 4366 3494 4436 quod
3515 4383 3616 4422 non
3634 4384 3722 4422 ac-

2135 4450 2344 4520 cepisti?
2375 4449 2433 4505 Si
2459 4461 2624 4505 autem
2650 4461 2694 4506 et
2723 4454 2988 4524 accepisti,
3033 4455 3156 4524 quid
3186 4456 3421 4526 gloriaris
3445 4459 3591 4526 quasi
3620 4475 3720 4515 non

2135 4543 2386 4613 acceperis
2413 4542 2455 4614 (l
2485 4541 2603 4598 Cor.
2637 4561 2710 4610 tv,
2745 4544 2836 4617 7)?
2865 4545 2972 4601 Cur
2999 4562 3130 4618 ergo
3169 4549 3510 4620 corripimur,
3542 4553 3720 4624 argui.

2135 4651 2275 4703 mur,
2305 4635 2767 4706 reprehendimur,
2798 4638 3150 4694 accusamur?
3191 4639 3328 4708 Quid
3359 4641 3601 4713 facimus,
3631 4646 3722 4716 qui

2135 4743 2242 4782 non
2279 4727 2617 4799 accepimus?
2646 4747 2665 4781 ι
2697 4729 2798 4796 Qui
2834 4729 2949 4784 haec
2989 4729 3194 4798 dicunt,
3226 4743 3376 4788 extra
3413 4735 3621 4804 culpam
3659 4749 3721 4793 se

2135 4820 2307 4876 videri
2343 4821 2551 4888 volunt,
2599 4821 2656 4876 in
2695 4819 2798 4876 hoc
2827 4821 2967 4890 quod
2994 4836 3099 4877 non
3127 4822 3384 4878 obediunt
3415 4826 3523 4880 Deo
3552 4843 3567 4880 :
3596 4825 3722 4896 quia

2135 4912 2319 4983 utique
2349 4913 2462 4982 ipsa
2491 4912 2793 4968 obedientia
2819 4927 3012 4967 munus
3046 4913 3160 4982 ejus
3183 4925 3296 4980 est;
3338 4932 3460 4986 quae
3499 4932 3721 4974 necesse

2138 5014 2222 5061 est
2249 4995 2309 5060 ut
2337 5005 2406 5059 sit
2431 5005 2483 5059 in
2503 5019 2570 5060 eo
2597 5005 2681 5060 cui
2711 5003 2944 5062 charitas
2974 5005 3132 5072 inest,
3159 5023 3278 5078 quze
3304 5007 3420 5063 sine
3457 5008 3620 5065 dubio
3649 5025 3719 5068 ex

2138 5097 2250 5154 Deo
2269 5105 2351 5152 est
2370 5097 2414 5168 (Ι
2443 5095 2597 5150 Joan.
2632 5113 2705 5163 ιν,
2737 5097 2815 5169 7),
2845 5105 2900 5152 et
2934 5097 3027 5152 dat
3063 5113 3180 5154 eam
3221 5098 3379 5154 Pater
3424 5101 3546 5156 ﬁliis
3589 5103 3720 5158 suis.

2145 5207 2164 5242 ι
2199 5189 2364 5254 Hanc,
2399 5207 2419 5240 ι
2469 5189 2732 5258 inquiunt,
2774 5204 2925 5244 «non
2971 5191 3310 5260 accepimus;
3363 5192 3490 5262 quid
3543 5193 3722 5265 itaque

2137 5281 2474 5352 corripimur,
2515 5281 2668 5349 quasi
2707 5295 2805 5336 nos
2833 5296 2951 5337 eam
2987 5282 3142 5338 nobis
3179 5283 3309 5340 dare
3353 5285 3640 5355 possimus,
3671 5296 3724 5343 et

2139 5383 2324 5430 nostro
2370 5372 2588 5429 arbitrio
2629 5373 2761 5430 dare
2806 5375 3073 5430 nolimus?
3105 5394 3125 5429 ι
3171 5375 3281 5432 Nec
3326 5378 3626 5446 attendunt,
3677 5381 3724 5436 si

2140 5467 2374 5523 nondum
2401 5468 2699 5538 regenerati
2725 5477 2870 5537 sunt,
2893 5469 3118 5540 primam
3139 5485 3260 5526 esse
3273 5486 3507 5538 causam,
3524 5488 3620 5528 cur
3637 5473 3724 5528 ob-

2137 5559 2333 5633 jurgati
2374 5559 2517 5630 quod
2575 5561 2681 5616 sint
2728 5561 3096 5618 inobedientes
3148 5563 3294 5634 Deo,
3339 5565 3440 5620 sibi
3495 5565 3725 5622 debeant

2141 5651 2448 5723 displicere,
2471 5653 2593 5724 quia
2617 5653 2745 5711 fecit
2773 5655 2914 5712 Deus
2935 5657 3206 5712 hominem
3233 5667 3438 5714 rectum
3473 5659 3540 5713 ab
3573 5659 3725 5716 initio

2207 5827 2224 5859 ι
2259 5835 2360 5877 sm.
2383 5831 2460 5877 Er.
2487 5835 2540 5880 et
2567 5829 2861 5894 pluresMss.
2889 5845 2902 5882 :
2931 5831 3458 5886 Potmutenimiuc.
