4142 6502
311 523 562 572 numanae
581 511 844 563 creaturae
874 497 1069 574 (Eccle.
1089 511 1187 564 vn,
1212 493 1327 566 '50),
1349 500 1404 549 et
1422 505 1530 551 non
1552 497 1634 548 est
1651 487 1904 559 iniquitas

310 607 455 682 apud
483 606 652 660 Deum
679 599 852 673 (Rom.
887 611 963 662 Ix,
996 589 1107 665 14).
1136 591 1213 646 Ac
1234 604 1332 660 per
1353 587 1454 643 hoc
1473 587 1643 682 prima
1671 583 1904 682 pravitas

312 674 414 775 qua
432 701 543 755 Deo
567 710 674 751 non
701 691 968 756 obeditur,
992 685 1060 740 ab
1087 684 1298 740 homine
1324 691 1438 748 cst;
1466 681 1589 752 quia
1608 680 1624 710 ί
1652 693 1717 732 ex
1736 674 1906 775 recti-

313 770 517 856 tudine,
540 790 594 844 in
619 800 725 858 qua
754 797 876 840 eum
904 781 1045 836 Deus
1074 776 1322 848 primitus
1349 775 1492 841 fecit,
1525 787 1618 827 sua
1645 770 1782 824 mala
1807 783 1903 822 vo-

317 889 518 943 luntate
545 879 822 942 decidens,
859 887 1053 945 pravus
1091 869 1310 926 ell‘ectus
1344 875 1444 923 est.
1491 867 1572 920 An
1610 878 1741 918 vero
1784 861 1906 916 ideo

316 977 549 1051 pravitas
569 975 668 1026 ista
696 963 1037 1036 corripienda
1063 977 1168 1016 non
1196 968 1278 1015 est
1304 959 1355 1013 in
1380 957 1614 1019 homine,
1643 953 1768 1024 quia
1796 967 1904 1051 non

315 1043 432 1140 ejus
452 1063 665 1138 propria
692 1058 782 1130 qui
812 1055 1121 1125 corripitur,
1152 1051 1247 1107 sed
1276 1047 1573 1140 communis
1603 1053 1684 1128 est
1725 1043 1902 1140 omni-

316 1136 466 1216 bus?
497 1157 610 1211 lmo
634 1167 760 1208 vero
787 1147 1106 1217 corripiatur
1143 1151 1198 1197 et
1239 1143 1290 1196 in
1338 1139 1597 1210 singulis,
1642 1136 1783 1206 quod
1823 1142 1907 1190 cst

320 1249 582 1308 omnium.
631 1246 742 1301 Non
783 1241 924 1298 enim
969 1244 1252 1309 propterea
1299 1233 1611 1302 cujusquam
1653 1245 1757 1283 non
1799 1237 1902 1293 est,
1945 1287 1950 1294 ,

325 1343 467 1416 quod
493 1342 560 1396 ab
583 1354 644 1393 ea
669 1334 841 1391 nullus
880 1329 1132 1387 immunis
1163 1335 1267 1383 est.
1304 1325 1529 1416 Peccata
1556 1320 1904 1416 quidemuista

323 1411 599 1504 driginalia
645 1429 763 1483 ideo
805 1424 1056 1480 dicuntur
1093 1420 1284 1484 aliena,
1325 1415 1464 1487 quod
1505 1430 1566 1470 ea
1610 1412 1800 1482 singuli
1839 1411 1907 1466 de

320 1526 626 1599 parentibus
669 1520 923 1575 trahunt:
953 1515 1047 1571 sed
1079 1529 1185 1568 non
1225 1513 1342 1566 sine
1383 1522 1542 1564 causa
1571 1507 1818 1599 dicuntur
1853 1512 1907 1560 et

315 1597 518 1682 nostra,
549 1613 672 1685 quia
701 1613 752 1666 in
778 1611 869 1665 illo
895 1622 1002 1664 uno
1025 1621 1214 1670 omnes,
1254 1602 1392 1657 sicut
1429 1599 1556 1656 dicit
1593 1597 1903 1668 Apostolus,

316 1716 642 1783 peccaverant
661 1703 770 1776 (1d.
793 1718 857 1767 νς
872 1701 984 1772 12).
1013 1697 1347 1768 Corripiatur
1366 1707 1494 1763 ergo
1520 1691 1668 1761 origo
1689 1689 1910 1783 damna-

315 1782 457 1869 bilis,
480 1811 540 1856 ut
567 1815 636 1856 ex
664 1797 857 1853 dolore
882 1789 1236 1863 correptionis
1273 1788 1521 1843 voluntas
1547 1782 1912 1856 regeneratio-

316 1898 400 1953 nis
426 1896 628 1950 oriatur
663 1909 676 1945 :
714 1893 759 1944 si
782 1897 960 1945 tamen
984 1885 1074 1957 qui
1099 1883 1386 1953 corripitur
1411 1879 1550 1935 filius
1573 1886 1656 1934 est
1679 1878 1910 1948 promis-

317 1989 504 2054 sionis,
536 1996 595 2042 ut
628 1984 854 2054 strepitu
894 1977 1248 2049 correptionis
1289 1975 1586 2055 forinsecus
1629 1972 1910 2026 insonante

321 2099 384 2140 ac
413 2081 749 2153 ﬂagellante,
781 2077 924 2132 Deus
953 2074 1006 2129 in
1037 2072 1128 2127 illo
1159 2071 1479 2126 intrinsecus
1506 2066 1711 2121 occulta
1743 2065 1908 2134 inspi-

321 2178 527 2234 ratione
553 2181 806 2245 operetur
830 2177 886 2226 et
921 2169 1076 2224 velle.
1123 2165 1181 2222 Si
1220 2174 1396 2220 autem
1429 2164 1538 2234 jam
1568 2169 1910 2231 regeneratus

317 2283 370 2328 et
393 2267 712 2340 justificatus
734 2265 786 2319 in
808 2262 1003 2317 malam
1026 2261 1186 2314 vitam
1209 2273 1304 2312 sua
1329 2256 1604 2310 voluntate
1630 2253 1906 2320 relabitur,

319 2370 465 2418 certe
493 2361 593 2416 iste
617 2373 723 2412 non
752 2362 934 2427 potest
959 2353 1158 2415 dicere,
1190 2349 1308 2405 Non
1339 2347 1520 2417 accepi
1555 2364 1567 2400 :
1603 2346 1722 2416 quia
1752 2359 1906 2400 accc-

326 2465 466 2526 ptam
489 2451 710 2524 gratiam
741 2449 833 2504 Dei
853 2449 874 2480 ²
901 2461 998 2501 suo
1026 2446 1076 2499 in
1104 2443 1299 2498 malum
1342 2441 1510 2496 libero
1547 2438 1725 2493 amisit
1770 2437 1909 2491 arbi-

327 2550 449 2604 trio.
481 2546 580 2614 Qui
605 2545 651 2600 si
680 2541 1012 2611 correptione
1048 2545 1402 2607 compunctus
1432 2532 1716 2588 salubriter
1756 2531 1903 2600 inge-

329 2641 447 2705 mit,
471 2649 522 2694 et
541 2637 607 2693 ad
631 2635 823 2692 similia
843 2635 980 2690 bona
1006 2647 1167 2703 opera
1198 2631 1279 2685 vel
1299 2629 1459 2684 etiam
1485 2627 1707 2682 meliora
1728 2639 1914 2679 rever—

330 2737 492 2800 titur;
545 2747 738 2803 nempc
788 2729 874 2786 hic
928 2726 1263 2799 apertissime
1312 2722 1513 2778 utilitas
1561 2718 1910 2790 correptionis

325 2835 563 2899 apparet.
594 2823 699 2881 Sed
721 2838 816 2894 per
839 2819 1105 2877 hominem
1128 2815 1394 2886 correptio
1416 2814 1530 2871 sive
1559 2828 1624 2868 ex
1651 2810 1912 2866 charitate

324 2921 410 2985 sit,
441 2920 554 2974 sive
581 2932 684 2973 non
713 2915 802 2983 sit,
843 2923 1023 2970 tamen
1051 2920 1113 2967 ut
1136 2916 1384 2979 correpto
1426 2906 1621 2979 prosit,
1668 2919 1773 2959 non
1808 2901 1914 2959 nisi

323 3030 420 3085 per
448 3013 610 3068 Deum
641 3009 718 3064 lit.

391 3105 477 3162 10.
519 3106 601 3159 Αιι
629 3101 804 3158 adhuc
833 3107 889 3156 et
917 3097 1022 3155 iste
1047 3097 1238 3152 nolens
1263 3091 1480 3163 corripi,
1509 3098 1682 3164 potest
1709 3088 1908 3157 dicere,

326 3216 347 3252 ι
372 3195 508 3264 Quid
535 3209 635 3266 ego
661 3194 786 3259 feci,
817 3192 909 3264 qui
941 3205 1045 3246 non
1076 3187 1296 3259 accepi?
1325 3205 1344 3239 ι
1377 3201 1534 3257 quem
1563 3191 1774 3239 constat
1817 3196 1910 3238 ac-

319 3292 548 3362 cepisse,
579 3298 633 3344 et
654 3302 747 3343 sua
769 3286 926 3355 culpa
953 3282 1094 3356 quod
1122 3287 1404 3352 acceperat
1427 3276 1708 3333 amisisse?
1739 3293 1756 3327 ι
1784 3275 1912 3329 Pos-

320 3399 463 3449 sum,
499 3403 518 3436 ι
554 3381 746 3452 inquit,
781 3398 800 3433 ι
832 3393 1050 3451 possum
1081 3375 1321 3442 omnino,
1356 3370 1570 3440 quando
1602 3386 1686 3426 me
1712 3370 1906 3440 arguis,

323 3476 468 3550 quod
489 3492 553 3532 ex
579 3475 714 3530 bona
741 3473 847 3528 vita
888 3472 942 3527 in
972 3470 1166 3525 malam
1208 3481 1326 3522 mea
1370 3466 1642 3520 voluntate
1673 3463 1914 3535 relapsus

326 3588 466 3636 sum,
497 3569 676 3625 dicere
705 3567 898 3631 adhuc,
938 3564 1073 3632 Quid
1113 3577 1213 3634 ego
1255 3561 1379 3625 feci,
1416 3561 1506 3630 qui
1547 3574 1652 3612 non
1689 3557 1913 3627 accepi?

327 3664 527 3734 Accepi
554 3663 696 3718 enim
741 3660 916 3726 ﬁdem,
950 3673 1065 3728 qua:
1095 3673 1191 3728 pcr
1230 3655 1572 3710 dilectionem
1614 3659 1865 3721 operatur
1895 3667 1909 3704 :

326 3757 422 3813 sed
450 3756 501 3811 in
533 3754 623 3809 illa
655 3767 820 3824 usque
846 3752 896 3806 in
926 3750 1079 3806 linem
1101 3745 1556 3820 persevcrantiam
1576 3758 1682 3798 non
1704 3741 1908 3812 accepi.

323 3850 408 3904 An
430 3848 707 3918 quisquam
727 3845 904 3899 dicere
919 3841 1134 3897 audebit
1151 3841 1304 3895 istam
1328 3835 1777 3908 perseverantiam
1806 3848 1913 3890 non

321 3955 440 3998 esse
464 3939 664 3995 donum
692 3937 808 4000 Dei,
837 3945 892 3992 et
916 3935 1018 3990 hoc
1048 3942 1154 3989 tam
1186 3946 1435 4003 magnum
1464 3929 1662 3985 bonum
1698 3929 1769 3983 ita
1795 3942 1915 3983 esse

321 4045 584 4101 nostrum,
608 4043 666 4087 ut
691 4031 932 4104 quisquis
961 4029 1015 4084 id
1053 4027 1316 4092 habuerit,
1346 4041 1451 4081 non
1479 4025 1527 4080 ei
1563 4025 1734 4096 possit
1766 4026 1914 4094 Apo-

323 4129 495 4187 stolus
520 4128 724 4194 dicere,
780 4124 916 4192 Quid
961 4124 1094 4178 enim
1135 4120 1286 4176 habes
1325 4119 1461 4191 quod
1499 4135 1600 4172 non
1643 4118 1917 4188 accepisti?

325 4224 573 4294 quoniam
617 4221 721 4274 hoc
753 4219 833 4274 sic
877 4217 1037 4272 habet
1081 4223 1140 4269 ut
1168 4229 1275 4268 non
1301 4209 1604 4282 acceperit?
1637 4229 1657 4262 ι
1690 4209 1769 4265 Ad
1803 4210 1917 4265 lucc

329 4329 428 4369 nos
454 4328 647 4384 negare
671 4310 884 4381 quidem
912 4324 1017 4364 non
1045 4320 1349 4378 possumus,
1377 4304 1538 4362 etiam
1563 4318 1913 4375 perseveran-

332 4407 460 4462 tiam
490 4406 541 4459 in
571 4405 713 4460 bono
755 4402 1116 4472 proficientem
1148 4413 1315 4471 usque
1344 4398 1397 4454 in
1433 4397 1592 4454 finem
1611 4438 1627 4462 ,
1664 4410 1916 4468 magnum

329 4512 453 4554 esse
491 4493 584 4551 Dei
625 4508 820 4548 munus
849 4511 862 4547 :
891 4507 990 4547 nec
1029 4505 1150 4547 esse
1185 4489 1290 4545 nisi
1318 4489 1386 4545 ab
1431 4488 1523 4543 illo
1551 4487 1618 4543 de
1644 4503 1750 4560 quo
1778 4487 1914 4542 scri-

329 4599 481 4660 ptum
510 4596 613 4652 est,
649 4585 811 4640 Omne
834 4583 1008 4638 datum
1027 4584 1264 4654 optimum
1283 4624 1298 4650 ,
1338 4589 1385 4636 et
1412 4597 1558 4636 omne
1582 4579 1771 4634 donum
1797 4597 1913 4650 per-

327 4684 513 4754 fectum
536 4681 798 4737 desursum
818 4687 913 4744 est,
937 4676 1235 4732 descendens
1261 4693 1292 4728 a
1330 4674 1488 4728 Patre
1512 4674 1760 4728 luminum
1795 4672 1914 4742 (Ja-

326 4776 436 4829 cobi
463 4791 502 4842 ι,
533 4774 646 4845 17).
675 4772 779 4829 Sed
810 4785 918 4827 non
946 4769 1065 4826 ideo
1087 4779 1173 4826 est
1201 4769 1317 4840 ejus
1349 4768 1438 4840 qui
1464 4783 1570 4822 non
1599 4781 1914 4838 persevera-

324 4870 481 4932 verit,
514 4866 827 4938 negligenda
846 4866 1135 4936 correptio,
1163 4879 1230 4919 ne
1257 4863 1396 4919 forte
1419 4863 1510 4918 det
1537 4862 1608 4917 illi
1637 4862 1778 4916 Deus
1800 4877 1914 4931 pae-

327 4963 622 5028 nitentiam,
645 4972 699 5017 et
713 4962 990 5031 resipiscat
1013 4960 1080 5014 de
1095 4958 1289 5014 diaboli
1309 4958 1529 5029 laqueis.
1547 4955 1916 5026 Correptionis

327 5055 523 5123 quippe
540 5055 751 5109 utilitati
782 5053 919 5108 hanc
942 5051 1262 5108 sententiam
1299 5049 1574 5120 subjunxit
1599 5048 1910 5118 Apostolus,

330 5144 534 5213 dicens,
560 5147 695 5202 sicut
720 5161 879 5216 supra
905 5143 1320 5200 commemoravi
1346 5158 1358 5194 :
1390 5141 1516 5197 Cum
1542 5141 1784 5195 modestia
1805 5157 1916 5195 cor-

328 5237 592 5308 ripientem
631 5239 825 5292 diversa
863 5239 1151 5304 sentientes,
1198 5236 1462 5308 nequando
1503 5235 1584 5290 det
1627 5235 1730 5290 illis
1778 5233 1917 5291 Deus

329 5330 671 5401 paenitentiam
697 5329 760 5402 (ll
794 5329 926 5384 Tim.
971 5346 1028 5397 ιι,
1071 5330 1162 5396 26,
1203 5328 1320 5399 ‘25).
1352 5327 1483 5384 Nam
1534 5327 1577 5382 si
1626 5327 1917 5384 dixerimus

327 5423 484 5476 istam
510 5424 956 5490 perseverantiam
979 5416 1088 5478 tam
1111 5421 1429 5478 laudabilem
1462 5430 1677 5491 tamque
1706 5420 1915 5476 felicem

325 5515 402 5570 sic
433 5529 554 5570 esse
575 5514 828 5584 hominis,
855 5526 910 5571 ut
934 5517 984 5572 ei
1013 5532 1118 5571 non
1149 5517 1219 5571 sit
1248 5532 1314 5570 ex
1342 5515 1481 5580 Deo;
1513 5513 1641 5569 illud
1673 5513 1917 5583 primitus

324 5623 667 5677 cvacuamus,
700 5609 841 5679 quod
869 5610 944 5664 ait
969 5609 1225 5665 Dominus
1261 5608 1436 5673 Petro,
1473 5606 1584 5679 Ego
1624 5606 1797 5678 rogavi
1825 5621 1917 5676 pro

389 5743 408 5808 ξ
442 5748 546 5791 )tss.
571 5755 663 5792 sex
684 5743 844 5794 Gallic.
873 5752 926 5795 et
955 5753 1060 5796 tres
1076 5749 1244 5807 Vatic.,
1269 5743 1370 5808 qui.

388 5806 409 5835 ²
442 5811 551 5878 tuas.
587 5812 796 5878 quatuor
835 5808 1018 5878 nelgici
1032 5843 1049 5869 ,
1104 5817 1210 5860 tres
1231 5806 1441 5860 νύ.ιὶοωὶ
1481 5813 1536 5858 et
1575 5806 1915 5871 σοι-δείξω,

329 5865 457 5930 quod
479 5865 729 5930 acceptior:
746 5867 908 5932 gratia
921 5865 1034 5921 foci.

1643 351 1646 354 ’
1731 367 1936 424 LIBER
1973 365 2175 424 UNUS.

3488 375 3597 434 922

2011 491 2078 551 te,
2106 500 2166 537 ne
2185 483 2387 544 deﬁciat
2415 483 2542 546 ﬁdes
2568 493 2653 538 tua
2683 483 2834 556 (Luc.
2857 500 2990 550 xxn,
3035 485 3148 558 52).
3187 485 3323 556 Quid
3363 490 3503 545 enim
3545 495 3596 550 ei

2010 577 2235 647 rogavit,
2280 575 2380 631 nisi
2423 581 2873 647 perseverantiam
2920 595 3090 651 usque
3130 581 3180 636 in
3231 583 3428 637 linem?
3465 583 3596 654 Quae

2011 668 2250 740 profecto
2279 671 2322 724 si
2349 669 2417 724 ab
2447 670 2663 726 homine
2705 671 2904 726 homini
2939 682 3098 739 esset,
3133 690 3162 729 a
3193 675 3302 728 Deo
3330 677 3594 746 poscenda

2010 777 2116 818 non
2146 772 2307 818 esset.
2328 762 2526 818 Deinde
2547 780 2667 818 cum
2695 764 3153 835 dicitApostolus,
3184 767 3404 822 Oramus
3428 779 3594 825 autem

2009 856 2078 910 ad
2104 855 2288 922 Deum,
2319 873 2382 910 ne
2405 855 2526 926 quid
2547 858 2747 929 faciatis
2769 859 2891 913 mali
2914 859 2983 927 (ΙΙ-
3003 859 3122 916 Cor.
3145 877 3261 926 xm,
3296 861 3382 930 7);
3411 863 3597 932 procul

2009 947 2172 1004 dubio
2200 949 2654 1020 perseverantiam
2680 950 2758 1004 eis
2787 961 2902 1005 orat
2935 951 3001 1006 ad
3032 953 3215 1007 Deum.
3245 951 3426 1024 Neque
3453 955 3598 1012 enim

2011 1042 2139 1096 nihil
2167 1043 2290 1095 mali
2323 1042 2462 1106 facit,
2494 1043 2582 1112 qui
2614 1042 2809 1097 bonum
2840 1044 3058 1111 deserit,
3082 1055 3133 1100 et
3154 1062 3182 1099 a
3205 1062 3311 1117 quo
3329 1047 3598 1108 declinare

2009 1134 2225 1203 debet‘,
2276 1136 2558 1190 inclinatur
2600 1137 2654 1190 in
2713 1137 2950 1204 malum,
2996 1155 3101 1193 non
3150 1156 3495 1210 perseverans
3545 1146 3598 1201 in

2011 1229 2172 1283 bono.
2197 1229 2292 1284 1110
2321 1230 2480 1285 etiam
2510 1231 2629 1285 loco
2660 1231 2750 1285 ubi
2779 1231 2926 1295 dicit,
2967 1230 3168 1288 Gratias
3206 1251 3302 1306 ago
3342 1236 3445 1290 Deo
3486 1255 3598 1294 meo

2010 1323 2063 1377 in
2091 1325 2227 1378 omni
2257 1325 2498 1378 memoria
2522 1326 2691 1391 vestri,
2720 1343 2915 1394 semper
2943 1327 2994 1380 in
3025 1329 3161 1383 omni
3199 1347 3344 1400 prece
3371 1348 3482 1386 mea
3509 1349 3602 1402 pro

2012 1417 2242 1472 omnibus
2260 1418 2398 1472 vobis
2423 1435 2536 1472 cum
2564 1419 2751 1489 gaudio
2774 1419 3178 1488 deprecationem
3210 1425 3419 1493 faciens,
3449 1441 3602 1493 super

2011 1511 2396 1564 communione1|
2437 1521 2599 1565 vestra
2641 1513 2694 1564 in
2741 1511 3018 1583 Evangelia
3051 1530 3083 1566 a
3122 1515 3287 1585 prima
3329 1517 3409 1571 die
3451 1533 3605 1586 usque

2011 1615 2175 1666 nunc;
2202 1601 2459 1671 conﬁdens
2487 1603 2580 1656 hoc
2608 1603 2796 1672 ipsum,
2823 1603 3060 1674 quoniam
3093 1606 3179 1674 qui
3205 1607 3349 1676 erepit
3378 1607 3429 1660 in
3464 1608 3604 1663 vobis

2011 1706 2138 1762 opus
2164 1691 2372 1760 bonum,
2398 1694 2622 1766 perﬁciet
2643 1711 2800 1764 usque
2827 1695 2881 1750 in
2913 1696 3048 1751 diem
3077 1695 3264 1752 Christi
3289 1699 3321 1752 J
3329 1716 3415 1754 esu
3447 1699 3605 1771 (Phi.

2013 1784 2140 1858 lipp.
2170 1802 2208 1853 ι,
2237 1786 2359 1860 5-6)
2403 1807 2416 1844 :
2448 1788 2574 1858 quid
2601 1787 2742 1843 aliud
2775 1789 2851 1844 eis
2880 1805 3038 1860 quam
3069 1794 3523 1861 perseverantiam
3551 1793 3606 1849 in

2010 1879 2154 1936 bono
2181 1895 2347 1950 usque
2377 1881 2429 1934 in
2461 1880 2617 1936 linem
2637 1924 2653 1946 ,
2700 1881 2770 1937 de
2803 1881 2900 1936 Dei
2940 1883 3284 1939 miseratione
3315 1886 3608 1955 promittit?

2013 1970 2249 2042 Itemque
2277 1972 2363 2026 ubi
2390 1971 2538 2038 dicit,
2567 1971 2773 2028 Salutat
2808 1989 2896 2028 vos
2930 1972 3236 2046 Epaphras,
3269 1978 3354 2042 qui
3383 1994 3445 2032 ea:
3469 1979 3607 2033 vobis

2013 2076 2087 2121 est
2107 2082 2279 2121 servus
2309 2066 2494 2120 Christi
2521 2064 2559 2119 J
2562 2083 2669 2134 esu,
2691 2083 2888 2138 semper
2914 2078 3112 2122 certans
3141 2086 3233 2140 pro
3258 2071 3393 2124 vobis
3416 2072 3467 2124 in
3487 2088 3608 2126 ora-

2013 2159 2251 2225 tionibus,
2298 2170 2353 2214 ut
2392 2160 2531 2214 stetis
2563 2161 2770 2230 perfecti
2807 2169 2854 2214 et
2899 2159 3034 2230 pleni
3075 2162 3128 2215 in
3178 2163 3315 2215 omni
3355 2163 3610 2219 voluntate

2013 2248 2112 2304 Dei
2140 2247 2357 2322 (Coloss.
2382 2265 2452 2316 tv,
2479 2250 2567 2320 12)
2595 2268 2608 2302 :
2639 2250 2763 2320 quid
2785 2260 2888 2319 est,
2920 2261 2973 2304 ut
3000 2253 3160 2319 stetis,
3192 2253 3314 2318 nisi,
3335 2253 3404 2309 Ut
3431 2269 3610 2323 perse-

2013 2340 2240 2396 veretis?
2277 2341 2432 2397 Unde
2457 2341 2657 2396 dictum
2685 2351 2767 2397 est
2801 2341 2870 2398 de
2898 2341 3139 2408 diabolo,
3185 2342 3252 2398 In
3276 2346 3482 2399 veritate
3505 2363 3608 2401 non

2013 2434 2146 2488 stetit
2177 2432 2352 2504 (Joan.
2385 2451 2499 2502 vm,
2532 2435 2622 2506 44)
2651 2454 2662 2490 :
2693 2435 2815 2505 quia
2843 2435 2942 2490 fuit
2969 2436 3064 2503 ibi,
3090 2436 3184 2491 sed
3213 2453 3320 2492 non
3351 2454 3605 2508 perman-

2013 2525 2102 2580 sit.
2129 2524 2262 2581 Nam
2290 2526 2471 2595 utique
2495 2526 2581 2580 isti
2603 2525 2657 2580 in
2680 2525 2783 2581 fide
2803 2526 2912 2597 jam
2938 2528 3169 2583 stabant.
3193 2528 3304 2585 Nec
3327 2529 3468 2584 aliud
3489 2546 3612 2586 ora-

2014 2631 2156 2683 mus,
2187 2632 2308 2671 cum
2339 2632 2575 2683 oramus,
2608 2626 2666 2671 ut
2692 2619 2782 2686 qui
2823 2625 2948 2683 stat,
2991 2627 3116 2686 stet,
3150 2620 3254 2674 nisi
3280 2631 3336 2675 ut
3361 2637 3612 2692 perseve-

2014 2719 2116 2767 ret.
2156 2710 2285 2766 Item
2326 2710 2490 2766 Judas
2512 2712 2805 2781 apostolus,
2847 2726 2968 2766 eum
3009 2711 3156 2781 dicit,
3198 2713 3267 2767 Ei
3309 2725 3480 2768 autem
3526 2717 3612 2784 qui

2016 2813 2190 2874 potens
2213 2812 2285 2859 est
2320 2819 2614 2858 conservare
2649 2819 2735 2858 vos
2764 2804 2873 2858 sine
2901 2802 3199 2874 offensione,
3232 2814 3276 2860 et
3304 2806 3610 2863 constituere

2015 2904 2132 2950 ante
2158 2904 2482 2966 conspectum
2503 2896 2683 2966 gloriae
2704 2911 2810 2950 sua:
2829 2896 3180 2952 immaculatos
3206 2898 3260 2952 in
3286 2898 3464 2953 laetitia
3492 2898 3612 2972 (Ju-

2015 2989 2096 3044 dat
2118 2988 2215 3060 24)
2251 3007 2262 3042 :
2292 3003 2469 3044 nonne
2493 2989 2832 3059 apertissime
2862 2989 3099 3045 ostendit
3121 2989 3321 3045 donum
3346 2991 3442 3046 Dei
3466 3006 3607 3060 esse,

2015 3083 2070 3138 in
2094 3083 2234 3137 bono
2255 3096 2602 3153 perseverare
2631 3096 2799 3152 usque
2824 3079 2878 3136 in
2907 3082 3102 3137 tinem?
3130 3081 3268 3151 Quid
3299 3083 3440 3138 enim
3469 3082 3613 3140 aliud

2016 3173 2207 3239 donat,
2255 3174 2347 3246 qui
2381 3181 2667 3228 conservat
2695 3174 2811 3229 sine
2843 3172 3178 3241 odensione',
3228 3184 3287 3229 ut
3326 3177 3615 3233 constituat

2016 3275 2142 3322 ante
2163 3273 2510 3336 conspectum
2538 3265 2724 3336 gloriae
2752 3280 2863 3320 suae
2894 3264 3260 3321 immaculatos
3309 3266 3362 3321 in
3404 3266 3610 3337 laetitia,

2016 3360 2120 3416 nisi
2151 3359 2607 3430 perseverantiam
2634 3357 2862 3414 bonam?
2887 3357 3024 3426 Quid
3066 3366 3149 3413 est
3180 3358 3340 3414 etiam
3382 3360 3523 3430 quod
3559 3361 3612 3416 in

2017 3453 2395 3524 Apostolorum
2425 3451 2648 3507 Actibus
2676 3451 2901 3522 legimus
2921 3493 2935 3516 ,
2971 3452 3240 3507 Audientes
3273 3463 3443 3507 autem
3473 3452 3611 3509 Gen-

2019 3555 2090 3602 tes
2117 3546 2302 3618 gavisat
2330 3553 2464 3611 sunt,
2501 3553 2545 3600 et
2575 3554 2875 3614 exceperunt
2913 3543 3130 3599 Verbum
3164 3544 3394 3612 Domini,
3428 3556 3474 3600 et
3501 3564 3614 3601 cre-

2019 3640 2256 3696 diderunt
2281 3647 2522 3711 quotquot
2546 3648 2690 3693 erant
2712 3637 2936 3692 ordinati
2954 3639 3008 3692 in
3037 3639 3191 3692 vitam
3210 3647 3451 3692 cateruam
3473 3637 3611 3709 (Act.

2017 3750 2134 3801 xm,
2153 3733 2288 3803 48)?
2309 3733 2439 3802 Quis
2463 3732 2514 3786 in
2545 3741 2800 3786 aeternam
2832 3732 2996 3786 vitam
3025 3733 3198 3802 potuit
3223 3732 3481 3797 ordinari,
3510 3734 3616 3791 nisi

2017 3827 2426 3899 perseverantiae
2447 3825 2624 3880 dono?
2650 3825 3091 3896 Quandoquidem
3112 3827 3199 3898 qui
3225 3828 3615 3897 perseveraverit

2018 3937 2175 3991 usque
2196 3921 2248 3975 in
2276 3921 2448 3990 ﬁnem,
2469 3920 2550 3974 hic
2582 3919 2753 3974 salvus
2777 3920 2870 3973 erit
2901 3918 3114 3990 (Matth.
3147 3935 3208 3987 x,
3236 3919 3352 3992 2‘2).
3384 3921 3498 3990 Qua
3523 3936 3612 3976 sa-

2019 4015 2148 4081 lute,
2173 4015 2273 4070 nisi
2302 4015 2535 4070 aeterna?
2559 4014 2692 4070 Cum
2715 4029 2843 4069 vero
2870 4014 2920 4068 in
2951 4014 3192 4070 oratione
3212 4015 3479 4072 dominica
3502 4016 3614 4072 Deo

2019 4107 2162 4164 Patri
2190 4108 2436 4180 dicimus,
2481 4106 2841 4177 Sanctiﬁcetur
2865 4123 3047 4161 nomen
3085 4117 3225 4161 tuum
3269 4106 3376 4178 (Id.
3411 4125 3486 4174 v1,
3514 4109 3569 4181 9)
3598 4128 3612 4166 :

2020 4201 2146 4272 quid
2174 4199 2316 4254 aliud
2345 4199 2594 4265 dicimus,
2620 4215 2778 4269 quam
2803 4206 2862 4254 ut
2889 4214 3084 4255 nomen
3110 4199 3226 4270 ejus
3252 4201 3615 4256 sanctiﬁcatur

2019 4294 2072 4349 in
2101 4293 2289 4348 nobis?
2315 4293 2468 4360 Quod
2493 4308 2612 4348 cum
2636 4293 2746 4362 jam
2779 4308 2876 4363 per
2897 4292 3167 4348 lavacrum
3190 4295 3614 4366 regenerationis

2019 4386 2264 4443 effectum
2293 4387 2382 4455 sit,
2422 4401 2587 4456 quare
2610 4386 2848 4456 quotidie
2876 4401 2907 4441 a
2938 4385 3181 4442 fidelibus
3214 4388 3472 4459 poscitur,
3502 4389 3609 4447 nisi

2019 4487 2078 4534 ut
2104 4479 2156 4533 in
2181 4493 2248 4534 eo
2269 4477 2409 4548 quod
2433 4477 2632 4532 factum
2661 4487 2744 4532 est
2762 4478 2814 4533 in
2842 4478 3018 4544 nobis,
3046 4488 3423 4550 perseveretur
3449 4495 3480 4534 a
3507 4495 3611 4536 no-

2019 4570 2172 4627 bis'?
2200 4570 2330 4626 Nam
2357 4579 2412 4625 et
2440 4572 2625 4626 beatus
2651 4569 2952 4642 Cyprianus
2973 4569 3075 4625 hoc
3103 4571 3180 4625 sic
3200 4570 3444 4642 intelligit
3467 4589 3482 4626 :
3509 4587 3608 4628 ex-
3651 4556 3653 4563 ’

2021 4679 2225 4736 ponens
2263 4665 2457 4734 quippe
2499 4663 2742 4719 eamdem
2773 4663 3092 4730 orationem,
3129 4680 3150 4715 ι
3179 4662 3437 4730 Dicimus,
3470 4683 3490 4718 ι
3523 4666 3608 4721 ἰιι-

2020 4757 2152 4828 quit,
2188 4775 2207 4808 ι
2237 4755 2594 4826 Sanctiﬁcetur
2622 4771 2803 4810 nomen
2831 4763 3004 4822 tuum,-
3051 4771 3155 4811 non
3186 4755 3330 4826 quod
3355 4765 3600 4828 optemus

2021 4851 2165 4914 Deo,
2206 4858 2264 4903 ut
2301 4848 2665 4904 sanctiﬁcatur
2703 4848 3035 4903 orationibus
3064 4847 3299 4915 nostris;
3345 4848 3439 4904 sed
3467 4850 3610 4922 quod

2022 4953 2262 5014 petamus
2285 4959 2316 4998 a
2344 4943 2474 5010 Deo,
2506 4951 2564 4997 ut
2591 4957 2784 4997 nomen
2816 4942 2931 5013 ejus
2951 4940 3313 4998 sanctificatur
3337 4940 3390 4998 in
3432 4943 3608 5000 nobis.

2018 5035 2284 5091 Cancrum
2313 5051 2342 5090 a
2369 5050 2475 5106 quo
2507 5034 2650 5090 Deus
2670 5031 3051 5101 sanctiﬁcatur,
3097 5033 3189 5105 qui
3228 5033 3342 5103 ipse
3370 5034 3609 5090 sanctifi-

2019 5128 2139 5184 cat?
2165 5126 2270 5183 Sed
2323 5127 2443 5198 quia
2498 5127 2612 5197 ipse
2659 5126 2812 5191 dixit,
2865 5124 3045 5181 Sancti
3084 5133 3260 5191 estote,
3290 5126 3529 5196 quoniam
3562 5133 3611 5182 et

2020 5222 2148 5295 ego‘
2178 5231 2382 5278 sanctus
2407 5237 2517 5275 sum
2547 5219 2731 5292 (Levit.
2759 5235 2879 5287 xtx,
2907 5218 3003 5284 9);
3035 5218 3088 5274 id
3119 5219 3349 5289 petimus
3373 5228 3426 5274 et
3456 5233 3613 5290 roga-

2020 5331 2159 5381 mus,
2211 5323 2270 5369 ut
2317 5312 2405 5384 qui
2446 5313 2497 5368 in
2546 5311 2816 5382 Baptismo
2846 5310 3162 5366 sanctiﬁcati
3204 5325 3411 5378 sumus,
3455 5309 3507 5364 in
3539 5324 3607 5366 eo

2086 5434 2102 5466 ι
2139 5433 2276 5495 Editi,
2309 5445 2404 5498 non
2425 5430 2599 5498 debet;
2641 5431 2800 5481 addita
2832 5429 2931 5481 illic
2967 5437 3184 5498 negante
3225 5426 3475 5498 particula,
3496 5441 3609 5491 quas

2020 5509 2048 5546 a
2080 5496 2416 5558 manuscriptis
2444 5496 2630 5558 aberat.
2656 5500 2839 5558 Locum
2865 5495 3130 5558 emendare
3163 5495 3368 5558 tentavit
3391 5495 3610 5558 Erasmus

2021 5551 2393 5622 transpositione
2413 5554 2698 5622 copulativa
2723 5552 3264 5622 particulae,bocltnodo
3292 5551 3412 5622 {qui
3435 5551 3609 5622 bonum

2023 5613 2199 5672 deserit
2220 5634 2251 5669 α
2273 5631 2366 5681 quo
2389 5613 2632 5684 declinare
2663 5613 2758 5666 non
2782 5615 2936 5674 debet,
2959 5613 3005 5684 et
3023 5613 3279 5684 inclinatur
3301 5613 3352 5664 in
3373 5613 3574 5666 malum.

2085 5685 2106 5716 ε
2139 5692 2240 5746 Am.
2259 5674 2333 5730 εν.
2361 5688 2412 5746 et
2429 5679 2593 5742 plures
2607 5685 2742 5746 uss.
3332 5735 3374 5746 ..

2087 5747 2108 5778 ⁸
2140 5744 2410 5817 sibinensis
2429 5737 2534 5802 its.,
2564 5738 2660 5791 nisi
2681 5737 2735 5789 ut
2753 5739 2879 5803 quod
2901 5739 3082 5802 factitm
3100 5744 3178 5790 est
3192 5737 3246 5790 iu
3264 5737 3416 5802 nobis,
3442 5749 3608 5803 pet-ss-
