4142 6510
549 364 660 424 997

546 476 935 536 mtroducit‘in
963 485 1207 544 regnum,
1236 485 1268 525 a
1307 482 1413 540 quo
1457 481 1646 522 eorum
1693 473 1940 535 parentes
1979 462 2140 518 alieni

549 584 845 640 sunt;cum
891 577 944 624 et
985 567 1091 621 illis
1137 565 1360 626 malum,
1388 571 1440 618 et
1491 563 1607 620 istis
1650 561 1847 616 bonum
1892 562 2139 614 meritum

549 670 751 726 nullum
773 666 842 720 sit
869 661 1118 734 parvulis,
1148 676 1214 716 ex
1234 674 1417 715 eorum
1447 657 1660 729 propria
1683 656 1976 710 voluntate.
2005 653 2141 708 Cer-

549 773 602 820 te
629 763 714 816 hic
737 758 934 831 judicia
965 758 1079 823 Dei,
1103 756 1352 826 quoniam
1376 754 1520 824 justa
1551 761 1607 807 et
1632 753 1736 806 alta
1765 759 1907 814 sunt,
1933 764 2034 804 nec
2065 748 2144 802 vi-

551 853 783 925 tuperari
812 857 1055 922 possunt,
1087 863 1186 903 nec
1211 845 1504 916 penetrari.
1540 844 1598 898 ln
1625 843 1710 897 bis
1736 853 1816 898 est
1845 851 1900 896 et
1925 840 2052 896 illud
2076 839 2144 895 de

550 945 969 1018 perseverantia,
991 942 1060 998 de
1100 956 1204 1011 qua
1247 953 1390 994 nunc
1417 937 1772 1006 disputamus.
1798 935 1872 988 De
1903 933 2143 1002 utrisque

549 1051 678 1107 ergo
699 1036 1079 1098 exclamemus,
1114 1031 1159 1087 Ο
1199 1030 1414 1085 altitudo
1459 1027 1753 1080 divitiarum
1794 1024 2059 1094 sapientiae
2097 1033 2144 1078 et

547 1129 769 1182 scientia:
791 1126 924 1180 Dei!
943 1142 1096 1190 quam
1115 1121 1465 1179 inscrutabilia
1489 1129 1606 1173 sunt
1623 1117 1826 1190 judicia
1851 1118 1960 1188 ejus
1981 1116 2004 1169 !

621 1219 708 1275 l9.
735 1217 844 1273 Nec
869 1217 1132 1272 miremur
1159 1231 1258 1270 nos
1287 1213 1551 1283 vestigare
1578 1225 1685 1266 non
1726 1225 1886 1280 posse
1925 1207 2146 1264 investi-

549 1311 752 1380 gabiles
777 1311 890 1364 vias
918 1308 1054 1379 ejus.
1083 1307 1154 1363 Ut
1179 1307 1322 1362 enim
1348 1305 1449 1359 alia
1475 1303 1882 1358 innumerabilia
1914 1309 2140 1368 taceam,

550 1419 668 1474 qua:
695 1403 812 1458 aliis
837 1401 1049 1468 dantur,
1080 1400 1197 1454 aliis
1223 1413 1330 1454 non
1359 1397 1552 1452 dantur
1583 1395 1885 1452 hominibus
1907 1409 1937 1449 a
1957 1393 2144 1449 Domi-

552 1511 621 1549 no
669 1495 799 1559 Deo,
833 1494 972 1565 apud
1013 1509 1171 1564 quem
1220 1506 1327 1546 non
1373 1499 1457 1546 est
1499 1489 1739 1560 acceptio
1791 1502 2142 1558 personarum

551 1589 730 1660 (Rom.
758 1605 814 1653 u,
849 1589 964 1659 ll),
989 1602 1089 1643 nec
1104 1586 1409 1641 tribuuntur
1431 1584 1534 1640 ista
1560 1583 1766 1639 meritis
1784 1583 2137 1648 voluntatum,

553 1683 691 1738 sicut
740 1691 866 1737 sunt
917 1680 1237 1744 celeritates,
1287 1679 1448 1744 vires,
1499 1677 1654 1732 bona:
1707 1675 2059 1741 valetudines,
2089 1682 2145 1730 et

549 1772 972 1843 pulchritudines
995 1786 1300 1841 corporum,
1328 1769 1538 1840 ingenia
1560 1768 1844 1833 mirabilia,
1869 1775 1922 1822 et
1941 1767 2140 1822 multa-

551 1881 668 1920 rum
700 1867 890 1921 artium
920 1879 1145 1936 capaces
1171 1872 1372 1919 naturae
1403 1863 1698 1924 mentium;
1731 1863 1817 1917 vel
1847 1877 1964 1933 quae
1989 1877 2142 1918 acce-

549 1958 1092 2024 duut‘extrinsecus,
1125 1965 1185 2012 ut
1221 1966 1303 2012 est
1347 1957 1637 2027 opulentia,
1669 1956 1941 2022 nobilitas,
1971 1955 2143 2011 hono-

551 2068 660 2119 res,
681 2062 734 2107 et
754 2061 948 2107 caetera
975 2050 1298 2122 bujnsmodi,
1323 2067 1440 2121 quae
1459 2050 1682 2121 quisque
1701 2059 1758 2104 ut
1777 2049 1992 2116 habeat,
2030 2064 2138 2104 non

547 2144 649 2198 nisi
678 2144 730 2198 in
759 2143 852 2198 Dei
884 2152 966 2200 est
991 2151 1254 2214 potestate
1282 2150 1374 2196 :ut
1421 2157 1524 2197 non
1569 2143 1826 2196 immorer
1873 2141 2032 2196 etiam
2082 2141 2136 2196 in

547 2237 873 2306 Baptismate
903 2238 1246 2306 parvulorum
1281 2229 1442 2308 (quod
1474 2234 1653 2289 nullus
1697 2234 1921 2288 istorum
1959 2240 2137 2304 potest

545 2329 745 2394 dicere,
776 2329 915 2384 sicut
942 2329 1050 2394 illa,
1078 2329 1143 2384 ad
1175 2345 1398 2400 regnum
1429 2327 1522 2382 Dei
1554 2341 1659 2383 non
1690 2324 2009 2400 pertinere),
2037 2341 2136 2382 cur

545 2423 621 2478 illi
661 2423 881 2493 parvulo
913 2422 1090 2489 detur,
1129 2421 1205 2478 illi
1249 2437 1356 2476 non
1381 2420 1571 2487 detur;
1603 2435 1724 2476 cum
1753 2420 1822 2474 sit
1850 2429 2133 2490 utrumque

545 2516 600 2570 in
630 2523 889 2586 potestate
916 2516 1032 2582 Dei,
1061 2526 1114 2570 et
1153 2515 1267 2570 sine
1298 2515 1390 2569 illo
1416 2512 1763 2569 Sacramento
1785 2527 1945 2567 nemo
1971 2512 2134 2567 intret

543 2607 597 2664 in
625 2624 848 2679 regnum
878 2607 974 2663 Dei
997 2625 1012 2660 :
1033 2616 1094 2662 ut
1119 2622 1248 2678 ergo
1287 2606 1404 2661 hinc
1445 2615 1649 2661 taceam
1690 2605 1774 2660 vel
1807 2604 2127 2675 relinquam,

543 2697 666 2752 illos
689 2699 832 2768 ipsos
859 2697 1197 2754 intueantur'
1227 2697 1294 2753 de
1333 2697 1524 2768 quibus
1553 2697 1747 2767 agitur.
1774 2696 1849 2751 De
1874 2695 1956 2751 bis
1985 2695 2129 2750 enim

545 2788 880 2854 disserimus,
905 2790 994 2860 qui
1021 2789 1468 2860 perseverantiam
1495 2787 1748 2843 bonitatis
1771 2803 1879 2842 non
1907 2787 2126 2855 habent,

543 2879 638 2936 sed
667 2896 734 2936 ex
757 2881 898 2936 bono
931 2882 986 2935 in
1013 2882 1209 2937 malum
1233 2880 1516 2936 deﬁciente
1541 2880 1681 2935 bona
1711 2881 1984 2935 voluntate
2008 2895 2129 2935 mo-

541 2974 770 3030 riuntur.
800 2961 1198 3045 Respondeant,
1223 2975 1267 3028 si
1295 2981 1538 3043 possunt,
1557 2988 1653 3028 cur
1675 2972 1795 3027 illos
1815 2972 1979 3036 Deus,
2005 2987 2128 3027 cum

541 3066 773 3123 ﬁdeliter
801 3075 855 3122 et
883 3068 968 3138 pie
990 3069 1250 3134 viverent,
1283 3083 1389 3122 non
1431 3075 1560 3122 tunc
1585 3067 1654 3121 de
1683 3065 1805 3120 vitae
1849 3065 2004 3136 hujus
2028 3079 2128 3136 pe-

543 3161 726 3216 riculis
751 3161 948 3233 rapuit,
980 3177 1048 3217 ne
1075 3161 1275 3216 malitia
1299 3169 1536 3216 mutaret
1561 3159 1888 3214 intellectum
1916 3173 2127 3226 eorum,

542 3261 598 3308 et
629 3269 694 3308 ne
739 3255 884 3308 ﬁctio
923 3253 1196 3325 deciperet
1233 3253 1440 3308 animas
1483 3245 1910 3308 eorum.'Utrum
1942 3251 2045 3306 hoc
2073 3251 2127 3306 in

540 3353 804 3415 potestate
833 3337 1168 3414 non‘babuit,
1192 3361 1258 3400 an
1285 3360 1470 3401 eorum
1499 3345 1640 3400 mala
1665 3343 1838 3399 futura
1869 3344 2130 3399 nescivit?

540 3437 740 3508 Nempe
766 3437 897 3493 nihil
931 3437 1120 3492 horum
1157 3437 1256 3492 nisi
1289 3435 1692 3507 perversissime
1715 3444 1876 3506 atque
1901 3435 2130 3492 insanis-

539 3529 676 3584 sime
705 3529 917 3585 dicitur.
946 3527 1056 3586 Cur
1102 3545 1230 3600 ergo
1273 3543 1376 3584 non
1417 3527 1582 3584 fecit?
1617 3528 1993 3598 Respondeant
2037 3528 2128 3598 qui

537 3639 634 3679 nos
665 3624 905 3692 irrident,
939 3623 1152 3694 quando
1194 3623 1248 3678 in
1284 3623 1447 3680 rebus
1487 3623 1678 3678 talibus
1738 3623 2125 3689 exclamamus,

539 3716 705 3782 Quam
745 3713 1096 3770 inscrutabilia
1135 3724 1252 3772 sunt
1275 3714 1478 3786 judicia
1511 3715 1640 3785 ejus,
1674 3723 1721 3768 et
1757 3713 2128 3785 investigabiles

535 3811 629 3862 uite
647 3807 789 3878 ejus!
817 3807 999 3878 Neque
1027 3808 1166 3862 enim
1194 3807 1297 3863 hoc
1323 3822 1429 3863 non
1451 3807 1614 3862 donat
1640 3808 1781 3862 Deus
1810 3807 2001 3877 quibus
2025 3821 2127 3862 vo-

533 3902 714 3966 luerit,
743 3911 835 3958 aut
859 3917 988 3958 vero
1011 3901 1282 3973 Scriptura
1305 3902 1393 3956 illa
1420 3902 1700 3968 mentitur,
1725 3915 1846 3970 qua:
1875 3900 1943 3955 de
1975 3915 2122 3956 mor-

535 4003 591 4048 te
627 3993 776 4048 velut
819 3993 1104 4047 immatura
1145 3991 1377 4046 hominis
1413 3991 1544 4062 justi
1583 3992 1676 4052 ait,
1709 3991 1909 4060 Raptus
1951 3999 2042 4056 est,
2067 4007 2130 4046 ne

534 4087 730 4141 malitia
757 4095 971 4142 mutaret
1005 4086 1315 4140 intellectum
1339 4085 1470 4155 ejus,
1502 4093 1593 4138 aut
1617 4101 1681 4138 ne
1706 4084 1841 4154 fictio
1875 4083 2126 4155 deciperet

533 4181 754 4234 animam
783 4177 1070 4250 ejus(Sap.
1099 4177 1312 4248 1v,ll).
1345 4175 1453 4232 Cur
1497 4177 1656 4246 igitur
1695 4176 1798 4232 hoc
1845 4185 1954 4232 tam
2003 4191 2122 4231 ma-

539 4285 702 4341 gnum
739 4270 1059 4325 beneficium
1094 4267 1212 4323 aliis
1241 4267 1351 4333 dat,
1383 4267 1502 4322 aliis
1531 4283 1637 4322 non
1667 4267 1760 4322 dat
1789 4269 1948 4332 Deus,
1980 4267 2122 4339 apud

533 4378 694 4434 quem
719 4377 826 4418 non
851 4369 934 4416 est
959 4362 1229 4432 iniquitas,
1260 4375 1358 4417 nec
1385 4361 1626 4431 acceptio
1658 4375 2009 4432 personarum
2027 4403 2042 4428 ,
2069 4369 2125 4418 et

535 4457 585 4512 iu
615 4455 766 4526 cujus
795 4463 1058 4526 potestate
1091 4463 1174 4510 est
1213 4453 1468 4526 quamdiu
1516 4455 1742 4526 quisque
1786 4456 1841 4511 in
1885 4456 1987 4511 hac
2017 4455 2124 4511 vita

532 4557 765 4612 maneat,
801 4563 919 4618 qua:
965 4548 1188 4603 tentatio
1231 4545 1373 4602 dicta
1415 4555 1498 4602 est
1539 4561 1702 4618 super
1753 4555 1950 4603 terram
1977 4546 2119 4622 (Job.

532 4657 625 4706 vn,
661 4641 752 4710 t)?
779 4639 928 4696 Sicut
975 4655 1102 4710 ergo
1149 4649 1412 4710 coguntur
1451 4639 1625 4706 fateri,
1651 4639 1850 4696 donum
1877 4641 1970 4697 Dei
2000 4656 2122 4699 esse

535 4739 592 4785 ut
618 4731 764 4784 ﬁniat
799 4730 962 4786 homo
983 4731 1146 4785 vitam
1173 4731 1350 4796 istam,
1382 4740 1664 4803 antequam
1685 4747 1749 4786 ex
1775 4732 1917 4787 bono
1945 4745 2119 4789 mute-

537 4831 620 4875 tur
648 4821 698 4875 in
729 4822 961 4889 malum;
992 4837 1088 4877 cur
1115 4833 1292 4878 autem
1336 4824 1454 4878 aliis
1479 4824 1725 4893 donetur,
1758 4826 1878 4882 aliis
1902 4843 2006 4882 non
2027 4827 2123 4882 do-

535 4923 712 4980 netur,
737 4915 1017 4986 ignorant:
1039 4925 1106 4970 tta
1133 4916 1332 4972 donum
1361 4919 1453 4974 Dei
1477 4933 1598 4975 esse
1627 4919 1680 4974 in
1697 4919 1839 4976 bono
1869 4936 2122 4991 perseve-

534 5009 758 5064 rantiam
805 5009 1096 5065 secundum
1139 5009 1480 5082 Scripturas,
1504 5011 1573 5068 de
1596 5003 1796 5081 quibus
1813 5015 2119 5071 testimonia

535 5103 698 5157 multa
726 5101 834 5172 jam
860 5104 1029 5172 posui.
1055 5103 1324 5160 fateantur
1345 5106 1656 5174 nobiscum;
1685 5117 1738 5163 et
1757 5124 1854 5164 cur
1876 5107 1994 5164 aliis
2019 5109 2118 5166 de-

533 5201 638 5252 tur.
670 5193 788 5248 aliis
820 5209 924 5250 non
951 5195 1129 5264 detur,
1170 5197 1286 5252 sine
1333 5213 1607 5255 murmure
1650 5200 1906 5257 adversus
1953 5202 2119 5260 Deum

529 5284 818 5354 dignentur
845 5285 1091 5356 ignorare
1119 5289 1428 5344 nobiscum.

511 5461 514 5464 Q
601 5377 826 5433 CAPUT
867 5377 956 5435 IX.
983 5380 1168 5436 --20.
1219 5380 1328 5436 Nec
1371 5399 1469 5440 nos
1515 5393 1758 5452 moveat,
1811 5385 1956 5457 quod
1998 5387 2119 5444 ﬁliis

529 5470 638 5523 suis
668 5470 983 5540 quibusdam
1015 5471 1154 5528 Deus
1182 5493 1285 5531 non
1329 5477 1421 5534 dat
1459 5478 1614 5533 istam
1642 5479 2115 5548 perseverantiam.

530 5563 680 5617 Absit
703 5563 844 5619 enim
879 5575 934 5619 ut
965 5565 1034 5620 ita
1058 5577 1219 5636 easet,
1249 5571 1296 5625 si
1345 5571 1412 5630 de
1457 5573 1562 5628 illis
1604 5573 1997 5646 praedestinatis
2023 5589 2114 5632 es-

593 5741 610 5772 ι
645 5741 718 5788 sic
741 5747 866 5800 Mss,
907 5747 958 5792 At
985 5742 1119 5802 editi,
1143 5742 1404 5796 introduci.

593 5805 615 5867 ξ
649 5811 746 5854 Am.
772 5807 846 5867 Er,
871 5811 924 5853 et
947 5803 1112 5866 plures
1133 5813 1259 5867 Mss.,
1285 5808 1528 5860 accidunt.

593 5865 616 5898 ³
645 5863 865 5916 Nonnulli
885 5863 1013 5928 llas,
1035 5863 1322 5920 intueamur.
1599 5885 1604 5890 ‘

1403 349 1492 405 DE
1528 345 2013 407 CORREPTIONE
2052 301 2457 412 Erotium,
2492 345 2549 402 s.
2596 346 2964 406 AUGUSTINI

3729 353 3842 420 928

2252 471 2370 517 sent
2396 472 2451 518 et
2481 466 2776 520 secundum
2815 470 3148 538 propositum
3185 475 3407 544 vocatis,
3437 479 3530 550 qui
3555 495 3684 536 vere
3711 492 3840 541 sunt

2247 553 2341 609 ﬁlii
2381 557 2767 624 promissionis.
2802 561 2931 616 Nam
2962 564 3048 618 isti
3076 580 3196 621 cum
3228 569 3315 638 pie
3342 571 3556 642 vivunt,
3585 575 3840 638 dicuntur

2250 646 2342 701 ﬁlii
2365 649 2609 706 Dei:sed
2654 655 2902 722 quoniam
2948 659 3138 716 victuri
3178 675 3303 720 sunt
3347 667 3507 738 impie
3556 681 3612 728 et
3649 675 3700 730 in
3745 693 3839 735 ea-

2250 740 2371 796 dem
2405 743 2674 814 impietate
2701 750 2962 817 morituri,
2994 767 3100 808 non
3131 771 3224 812 eos
3249 759 3380 816 dicit
3403 762 3544 820 ﬁlios
3575 767 3670 824 Dei
3695 787 3836 842 [πω-ι

2249 837 2468 891 scientia
2500 838 2616 894 Dei.
2645 840 2779 896 Sunt
2810 845 2954 900 enim
2997 846 3090 903 ﬁlii
3136 849 3266 920 Dei,
3309 855 3401 925 qui
3443 861 3676 918 nondum
3695 837 3839 924 “sunt

2249 929 2420 1027 nobis,
2453 939 2510 986 et
2546 942 2673 988 sunt
2711 935 2821 1004 jam
2865 937 3008 1006 Deo;
3040 941 3107 997 de
3157 946 3351 1015 quibus
3392 949 3468 1006 ait
3509 959 3838 1027 evangelista

2248 1022 2499 1090 Joannes,
2533 1027 2664 1092 Quia
2682 1027 2833 1085 Iesus
2859 1035 3135 1092 moriturus
3164 1051 3271 1094 erat
3299 1060 3391 1112 pro
3410 1053 3575 1116 gente,
3599 1022 3691 1102 nec
3719 1061 3838 1107 tan-
3937 1071 3940 1074 '

2251 1125 2353 1169 tum
2373 1134 2481 1217 pro
2518 1129 2684 1190 gente,
2702 1123 2800 1217 sed
2825 1127 2975 1181 etiam
2999 1138 3058 1184 ut
3085 1132 3219 1200 ﬁlios
3245 1133 3344 1190 Dei
3362 1137 3617 1210 dispersos
3637 1161 3841 1217 congre-

2248 1211 2391 1304 ραι-εξ
2421 1207 2478 1304 iu
2499 1225 2657 1264 unum
2691 1213 2868 1283 (Joan.
2911 1234 2989 1284 ιι,
3017 1221 3106 1288 5t,
3140 1223 3231 1296 52)
3260 1242 3272 1278 :
3302 1207 3453 1297 quod.
3496 1233 3678 1304 utique
3721 1207 3840 1293 cre-

2249 1298 2426 1356 dendo
2453 1301 2619 1358 futuri
2645 1318 2797 1362 erant
2828 1325 2922 1380 per
2966 1313 3235 1386 Evangelii
3277 1298 3750 1396 praedicationem;
3781 1341 3838 1388 et

2251 1403 2428 1452 tamen
2456 1409 2738 1470 antequam
2764 1415 2907 1460 esset
2936 1405 3154 1478 factum,
3184 1413 3297 1482 jam
3343 1414 3437 1471 ﬁlii
3479 1419 3572 1475 Dei
3601 1433 3758 1478 erant
3781 1425 3836 1482 in

2248 1492 2542 1589 memoriali
2567 1494 2739 1550 Patris
2759 1499 2842 1552 sui
2866 1499 3179 1559 inconcussa
3205 1507 3495 1566 stabilitate
3522 1518 3835 1589 conscripti.

2248 1581 2318 1637 Et
2345 1593 2471 1639 sunt
2497 1601 2683 1643 rursus
2711 1590 2945 1660 quidam,
2978 1596 3068 1664 qui
3108 1597 3198 1651 ﬁlii
3247 1599 3341 1655 Dei
3391 1614 3610 1675 propter
3655 1581 3841 1667 susce-

2249 1683 2391 1744 ptam
2421 1677 2508 1732 vel
2545 1683 2909 1750 temporaliter
2926 1689 3152 1756 gratiam
3177 1689 3427 1748 dicuntur
3464 1712 3495 1751 a
3533 1700 3708 1769 nobis,
3739 1721 3838 1763 nec

2247 1778 2370 1824 sunt
2401 1779 2574 1826 tamen
2606 1773 2746 1830 Deo:
2768 1775 2834 1832 de
2861 1779 3051 1849 quibus
3077 1783 3154 1836 ait
3183 1783 3324 1841 idem
3357 1787 3612 1860 Joannes,
3639 1795 3723 1851 Ea:
3741 1815 3840 1854 no-

2247 1861 2323 1916 bis
2350 1864 2598 1960 easierunt,
2627 1867 2718 1922 sed
2737 1886 2837 1924 non
2864 1883 3009 1928 erant
3053 1891 3117 1931 ea:
3153 1877 3332 1946 nobis;
3361 1884 3499 1952 quod
3549 1887 3594 1940 si
3625 1891 3840 1960 fuissent

2246 1971 2308 2058 ea:
2331 1957 2494 2058 nobis,
2519 1964 2906 2058 perntartsissettt
2922 1968 3093 2039 utique
3111 1971 3372 2028 nobiscum
3389 1977 3431 2048 (Ι
3451 1975 3609 2035 Ιοαη.
3625 1957 3691 2046 tl,
3722 1986 3836 2058 l9).

2245 2048 2360 2102 Non
2392 2051 2486 2116 ait,
2516 2066 2581 2107 ex
2609 2054 2763 2110 nobis
2802 2057 3066 2125 exierunt,
3099 2063 3192 2117 sed
3226 2067 3345 2135 quia
3379 2085 3482 2124 non
3517 2048 3836 2136 manserunt

2246 2141 2542 2209 nobiscum,
2568 2143 2678 2215 jam
2705 2162 2812 2203 non
2839 2159 2964 2206 sunt
2990 2167 3057 2207 ex
3087 2155 3276 2224 nobis;
3302 2137 3483 2216 verum
3514 2165 3606 2232 ait,
3637 2165 3722 2222 Ea:
3743 2187 3836 2225 no-

2246 2232 2321 2330 bis
2350 2236 2601 2304 exierunt,
2625 2239 2714 2293 sed
2739 2257 2840 2296 non
2865 2253 3008 2298 erant
3034 2262 3097 2300 ea:
3111 2248 3292 2315 nobis;
3319 2251 3419 2307 hoc
3437 2264 3540 2323 est,
3573 2257 3642 2312 Et
3667 2277 3837 2330 quan-

2243 2325 2314 2380 do
2333 2327 2654 2384 videbantur
2691 2331 2744 2386 in
2785 2335 2962 2402 nobis,
2991 2352 3097 2392 non
3143 2337 3300 2396 erﬁnt
3327 2359 3393 2398 ex
3419 2347 3594 2402 nobis.
3719 2361 3837 2409 tan-

2243 2432 2400 2516 quam
2423 2419 2470 2474 ei
2489 2419 2778 2491 diceretur,
2803 2423 2956 2482 Unde
2984 2428 3034 2483 id
3052 2433 3331 2488 ostendis?
3364 2435 3514 2503 Quod
3538 2441 3583 2494 si
3597 2445 3832 2516 fuissent,

2243 2510 2434 2580 inquit,
2465 2527 2528 2566 ea:
2549 2515 2712 2582 nobis,
2746 2523 3140 2588 permansissent
3163 2527 3332 2598 utique
3361 2510 3640 2588 uobiscum.
3665 2510 3835 2595 Filio:-

2240 2617 2358 2656 rum
2399 2605 2490 2659 Dei
2517 2620 2620 2660 vox
2650 2617 2764 2662 est:
2787 2608 3022 2668 Joannes
3060 2615 3314 2688 loquitur,
3347 2622 3401 2676 in
3431 2623 3559 2680 ﬁliis
3591 2629 3680 2684 Dei
3713 2631 3834 2690 loco

2240 2696 2511 2766 praecipuo
2532 2702 2873 2758 constitutus.
2900 2703 3036 2761 Cum
3065 2723 3196 2780 ergo
3225 2709 3318 2767 lilii
3346 2715 3640 2776 Deidicunt
3662 2722 3728 2778 de
3751 2724 3837 2781 bis

2240 2789 2330 2886 qui
2353 2795 2811 2858 perseverantiam
2835 2813 2938 2852 non
2963 2799 3283 2869 habuerunt,
3309 2805 3394 2861 Ea:
3415 2810 3556 2865 nobis
3577 2815 3830 2886 exierunt,

2238 2882 2328 2975 sed
2351 2899 2453 2938 non
2480 2896 2622 2940 erant
2649 2904 2712 2942 ea:
2736 2891 2879 2944 nobis
2895 2907 2918 2957 ;
2944 2903 2996 2947 et
3023 2895 3256 2962 addunt,
3290 2897 3440 2965 Quod
3464 2905 3508 2958 si
3529 2907 3742 2975 fuissent
3767 2882 3835 2967 ea:

2237 2974 2398 3042 nobis,
2424 2981 2810 3047 permansissent
2852 2986 3023 3056 utique
3056 2990 3316 3046 nobiscum
3350 3011 3370 3049 :
3413 2974 3538 3067 quid
3565 3001 3710 3056 aliud
3739 3003 3826 3059 di-

2237 3075 2384 3165 cunt,
2415 3071 2538 3137 nisi,
2565 3071 2681 3126 Non
2711 3084 2866 3130 erant
2890 3077 3006 3142 lilii,
3026 3082 3185 3136 etiam
3209 3086 3422 3153 quando
3448 3101 3602 3146 erant
3629 3094 3681 3148 in
3707 3111 3832 3165 pro-

2237 3160 2469 3218 fessione
2489 3173 2544 3220 et
2571 3169 2786 3223 nomine
2809 3169 3039 3227 ﬁliorum
3055 3175 3080 3228 ?
3096 3191 3200 3231 non
3221 3179 3356 3248 quia.
3365 3181 3627 3249 justitiam
3659 3160 3831 3246 sintu-

2236 3253 2510 3322 laverunt;
2542 3257 2635 3313 sed
2667 3260 2788 3328 quia
2841 3263 2892 3316 in
2936 3279 2996 3318 ea
3042 3281 3144 3320 non
3179 3284 3605 3338 permanserunt.
3639 3277 3828 3350 Neque

2237 3348 2378 3402 enim
2407 3350 2500 3416 ait,
2520 3349 2652 3405 Nam
2681 3354 2726 3406 si
2755 3354 3059 3413 fuissentex
3087 3361 3259 3430 nobis,
3281 3379 3482 3434 veram,
3509 3384 3615 3426 non
3644 3348 3824 3432 ﬁctam

2230 3442 2492 3536 justitiam
2522 3447 2822 3503 tenuissent
2843 3452 3022 3522 utique
3042 3454 3319 3511 uobiscum
3343 3476 3354 3512 :
3376 3461 3493 3528 sed,
3523 3463 3567 3516 si
3589 3465 3826 3536 fuissent,

2235 3534 2426 3605 inquit,
2448 3539 2688 3607 ett-nobis,
2706 3544 3096 3610 permansissent
3119 3549 3290 3620 utique
3309 3551 3658 3609 nobiscumJn
3681 3534 3828 3614 bono

2234 3629 2358 3723 illos
2384 3631 2594 3687 volebat
2640 3637 2824 3703 procul
2869 3637 3031 3694 dubio
3081 3648 3614 3711 permanere..Erant
3651 3651 3829 3723 itaque

2233 3719 2285 3774 in
2314 3723 2474 3789 bono,
2501 3723 2594 3778 sed
2633 3727 2756 3796 quia
2779 3727 2914 3783 ineo
2940 3746 3045 3787 non
3065 3747 3490 3804 permanserunt,
3517 3739 3568 3794 id
3586 3751 3669 3796 est
3711 3719 3818 3799 non

2234 3827 2403 3882 usque
2428 3815 2480 3868 in
2507 3815 2663 3870 ﬁnem
2695 3833 3192 3892 perseveraverunt,
3225 3843 3327 3880 non
3353 3839 3517 3896 erant,
3549 3831 3739 3902 inquit,
3763 3851 3831 3890 ea:

2233 3905 2397 3973 nobis,
2429 3915 2484 3963 et
2512 3909 2725 3978 quando
2755 3922 2910 3967 erant
2937 3915 3248 3983 nobiscum;
3281 3919 3383 3974 hoc
3410 3932 3510 3986 est,
3545 3939 3650 3977 non
3674 3936 3832 3985 erant

2234 4015 2300 4054 ex
2331 4017 2554 4057 numero
2586 4003 2838 4072 ﬁliorum,
2867 4017 2920 4061 et
2942 4009 3153 4078 quando
3183 4021 3336 4065 erant
3360 4013 3412 4066 in
3442 4013 3545 4070 ﬁde
3571 4015 3824 4076 ﬁliorum:

2232 4093 2482 4161 quoniam
2518 4095 2606 4163 qui
2645 4111 2772 4152 vere
2815 4097 2904 4152 ﬁlii
2948 4109 3093 4166 sunt,
3120 4103 3349 4170 praesciti
3377 4107 3826 4177 ctpraedestinati

2231 4195 2358 4242 sunt
2380 4189 2682 4244 conformes
2713 4191 2959 4262 imaginis
2987 4193 3106 4249 Filii
3139 4196 3275 4266 ejus,
3303 4207 3357 4253 et
3385 4201 3680 4257 secundum
3710 4221 3829 4274 pro-

2233 4280 2460 4349 positum
2491 4282 2664 4336 vocati
2692 4292 2818 4337 sunt
2861 4293 2920 4338 ut
2947 4285 3101 4341 electi
3132 4299 3332 4343 essent.
3361 4288 3478 4344 Non
3507 4293 3647 4347 enim
3683 4295 3825 4364 perit

2229 4372 2370 4428 ﬁlius
2423 4375 2831 4444 promissionis.
2891 4378 2987 4434 sed
3049 4379 3190 4436 ﬁlius
3250 4383 3565 4452 perditionis
3623 4386 3821 4458 (Joau.

2231 4481 2370 4534 xv",
2402 4467 2516 4541 l2).
3797 4465 3806 4476 ’

2297 4557 2391 4616 21.
2423 4559 2662 4618 Fuerunt
2704 4578 2833 4634 ergo
2860 4564 2942 4620 isti
2983 4581 3051 4622 ex
3093 4567 3435 4625 multitudine
3463 4580 3773 4631 vocatorum
3809 4591 3824 4608 ³

2228 4667 2296 4708 ex
2325 4653 2620 4710 electorum
2659 4665 2835 4712 autem
2874 4661 3139 4728 paucitate
3179 4675 3280 4716 non
3313 4661 3545 4719 fuerunt.
3573 4665 3688 4720 Non
3721 4669 3827 4739 igi-

2229 4753 2315 4800 tur
2358 4747 2480 4802 ﬁliis
2527 4749 2638 4803 suis
2686 4750 3076 4818 pracdestinatis
3118 4753 3136 4784 ³
3183 4753 3326 4808 Deus
3369 4760 3824 4826 perseverantiam

2227 4853 2338 4893 non
2362 4839 2540 4906 dedit;
2583 4840 3000 4898 haberenteuim
3025 4859 3141 4898 eam
3175 4845 3220 4898 si
3264 4846 3316 4898 in
3363 4861 3428 4901 eo
3463 4847 3691 4904 ﬁliorum
3725 4868 3826 4908 nu-

2227 4945 2380 4987 mero
2405 4943 2622 4988 essent:
2655 4941 2711 4988 et
2757 4933 2884 5004 quid
2935 4933 3231 5002 baberent,
3263 4937 3403 5008 quod
3449 4954 3556 4995 non
3583 4943 3823 5014 accepis-

2227 5033 2386 5090 sent,
2429 5025 2723 5080 secundum
2771 5027 3123 5096 apostolicam
3167 5043 3454 5102 veramque
3496 5037 3823 5096 sententiam

2228 5114 2272 5188 (l
2297 5115 2412 5171 Cor.
2449 5132 2519 5184 IV,
2549 5117 2630 5187 7)?
2678 5119 2755 5172 Ac
2778 5105 2874 5188 pe'r
2899 5119 3002 5174 hoc
3028 5120 3161 5176 tales
3193 5120 3286 5176 ﬁlii
3311 5122 3447 5178 Filio
3470 5122 3684 5183 Christo
3709 5128 3820 5186 dati

2226 5217 2426 5276 essent,
2461 5209 2910 5279 quemadmodum
2934 5211 3051 5284 ipse
3077 5211 3208 5268 dicit
3233 5213 3298 5268 ad
3317 5215 3552 5284 Patrem,
3587 5217 3654 5274 Ut
3675 5238 3820 5278 omne

2223 5302 2359 5374 quod
2381 5302 2563 5358 dedisti
2582 5304 2706 5358 mihi
2721 5347 2736 5372 ,
2765 5321 2864 5360 non
2894 5315 3085 5378 pereat,
3103 5307 3192 5360 sed
3211 5309 3388 5364 habeat
3413 5310 3563 5364 vitam
3580 5321 3818 5370 aaternam

2226 5397 2404 5467 (Joan.
2427 5413 2505 5462 ιιι,
2549 5398 2637 5464 l5,
2662 5408 2707 5452 et
2723 5415 2795 5466 vt,
2825 5398 2934 5472 '59).
2972 5398 3036 5456 Hi
3057 5416 3184 5473 ergo
3203 5401 3413 5458 Christo
3450 5404 3818 5478 intelliguntur

2225 5489 2362 5558 dari,
2391 5491 2480 5562 qui
2506 5491 2740 5546 ordinati
2761 5502 2884 5547 sunt
2909 5493 2962 5548 in
2986 5493 3148 5548 vitam
3167 5505 3442 5550 mteruam.
3465 5497 3568 5568 Ipsi
3597 5509 3718 5554 sunt
3741 5500 3811 5560 illi

2225 5582 2586 5653 prazdestinati
2629 5593 2686 5639 et
2721 5583 3010 5640 secundum
3059 5587 3392 5656 propositum
3431 5590 3638 5656 vocati,
3683 5606 3814 5661 quo-

2225 5691 2342 5731 rum
2377 5677 2556 5734 nullus
2587 5678 2741 5748 perit.
2786 5678 2864 5733 Ac
2901 5693 2996 5749 per
3025 5678 3128 5734 hoc
3153 5680 3334 5736 nullus
3363 5697 3550 5737 eorum
3575 5697 3642 5738 ex
3671 5683 3814 5742 bono

2226 5813 2452 5926 dignm.
2479 5827 2492 5864 :
2521 5813 2668 5878 Igitur
2701 5811 2940 5890 [iliissuis
2961 5829 3054 5866 non
3092 5815 3463 5882 prwdestinatis.
3503 5819 3713 5874 Alteram
3734 5821 3814 5876 lo-

2355 5887 2438 5926 em
2457 5875 2623 5926 ferunt
2643 5875 2761 5926 editi
2781 5877 2862 5926 abl
2885 5885 2938 5926 et
2957 5879 3285 5926 manum-tun.

2355 5887 2438 5926 em
2457 5875 2623 5927 ferunt
2643 5875 2761 5927 editi
2781 5877 2862 5928 alii
2885 5885 2938 5930 et
2957 5875 3285 5942 manuscripts.
