2071 3248
145 234 174 262 in
188 232 291 261 malum
308 235 424 259 mutatus
437 230 494 260 finit
510 230 578 257 hanc
592 230 691 263 vitam;
706 230 832 266 quoniam
849 230 888 258 sic
899 235 941 258 est

147 281 298 313 ordinatus,
314 284 341 307 et
354 279 416 306 ideo
428 278 535 306 Christo
546 277 641 311 datus,
657 282 687 305 ut
698 286 751 305 non
767 281 877 313 pereat,
894 277 941 305 sed

147 327 246 355 habeat
259 326 340 354 vitam
356 330 493 353 aeternam.
517 324 552 351 Et
564 331 658 352 rursus
677 332 744 359 quos
761 324 874 351 dicimus
891 324 943 350 ini-

148 374 233 401 micos
244 373 311 407 ejus,
325 372 366 399 vel
378 371 502 406 parvulos
518 370 587 396 ﬁlios
600 370 770 397 inimicorum
783 369 851 405 ejus,
864 376 944 404 quos-

149 427 261 454 cumque
272 427 366 446 eorum
376 418 413 445 sic
427 421 632 452 regeneraturus
641 420 692 449 est,
703 421 732 443 ut
742 416 768 443 in
782 423 814 443 ea
822 415 874 443 ﬁde
884 422 944 450 qua:

148 475 195 503 per
210 466 382 493 dilectionem
398 469 535 499 operatur,
549 464 616 491 hanc
628 464 709 491 vitam
725 463 817 490 ﬁniant
827 465 838 496 ;'
848 463 903 497 jam
917 467 945 490 et

148 518 290 547 antequam
316 512 367 539 hoc
383 511 441 543 ﬁat,
458 511 483 537 in
496 511 538 537 illa
563 509 796 544 praedestinatione
812 513 876 536 sunt
899 509 945 536 ﬁlii

148 559 217 594 ejus,
230 563 257 586 et
268 558 321 585 dati
334 562 395 584 sunt
410 556 517 584 Christo
539 556 605 583 Filio
619 556 693 590 ejus,
705 560 736 583 ut
750 563 804 583 non
819 559 943 590 pereant,

150 605 198 632 sed
209 605 325 631 habeant
337 604 414 630 vitam
435 608 571 629 :rtcrnam.

188 651 233 677 22.
247 651 363 685 Denique
377 650 432 684 ipse
448 649 581 681 Salvator,
597 648 628 676 Si
636 648 789 680 manseritis,
801 648 903 683 inquit,
919 648 946 675 in

125 693 129 697 ’
152 696 226 723 verbo
248 705 300 722 meo
311 716 317 728 ,
336 703 391 722 vere
404 695 521 729 discipuli
542 694 589 720 mei
611 694 668 720 estis
682 694 692 728 (
704 693 782 721 Joan.
796 701 842 721 VIII
854 715 862 726 ,
879 694 908 721 51
923 693 946 729 ).

151 741 283 776 Numquid
294 741 319 768 iu
338 742 378 768 liis
388 740 581 775 computandas
595 744 636 766 est
647 739 739 773 Judas,
751 740 795 775 qui
809 747 862 767 non
873 747 946 767 man-

150 788 184 815 sit
200 788 225 814 in
247 788 328 814 verbo
342 787 421 821 ejus?
445 786 576 820 Numquid
600 786 627 813 in
643 785 685 812 his
696 786 869 821 computandi
885 792 948 813 sunt

150 834 187 861 illi
199 855 207 866 ,
224 834 257 860 dc
268 833 364 868 quibus
380 833 551 867 Evangelium
568 832 606 859 sic
619 831 746 867 loquitur,
760 831 806 859 ubi
819 832 947 862 Dominus

151 888 212 908 cum
239 879 455 907 commendasset
469 877 680 905 manducandam
701 885 809 906 carnem
831 886 907 906 suam
921 883 948 906 et

151 926 296 953 bibendum
312 926 468 960 sanguinem
484 933 572 957 suum,
588 927 624 952 ait
639 925 813 959 evangelista,
829 924 893 952 Haec
907 925 948 952 dt-

149 972 185 998 :u't
210 972 236 997 in
260 980 389 1006 synagoga
410 971 516 1002 docens,
539 970 564 996 in
585 969 773 1004 Capharnaum.
790 970 866 997 Multi
888 979 947 1006 ergo

150 1017 279 1043 audientes
302 1026 333 1044 ea:
357 1016 489 1051 discipulis
512 1018 566 1050 ejus
588 1015 725 1049 dixerunt,
750 1015 836 1043 Durus
859 1021 895 1043 est
907 1017 948 1043 Itic

149 1072 249 1095 sermo,
275 1064 331 1099 quis
350 1068 429 1098 potest
451 1071 507 1089 eum
527 1063 638 1089 audire?
657 1061 746 1090 Sciens
769 1067 851 1089 autent
871 1062 948 1089 Iesus

149 1109 220 1144 apud
242 1110 401 1144 semetipsum
418 1109 477 1144 quia
498 1113 682 1135 nmrmurarent
708 1108 740 1135 de
759 1108 806 1134 hoc
828 1108 948 1143 discipuli

150 1156 219 1190 ejus,
232 1156 294 1182 dixit
308 1156 361 1182 eis:
377 1155 434 1181 Hoc
455 1164 498 1181 vos
517 1155 692 1181 scandalizat?
711 1154 742 1182 Si
763 1163 821 1191 ergo
836 1154 948 1182 uideritis

151 1203 249 1230 Filium
266 1203 374 1229 hominis
393 1203 567 1229 ascendentem
589 1202 630 1229 ubi
651 1207 704 1229 erat
719 1203 809 1237 prius?
835 1201 949 1238 Spiritus

152 1254 187 1276 est
207 1250 249 1284 qui
269 1250 394 1283 uiviﬁcal,
416 1257 474 1275 curo
495 1253 577 1276 autent
603 1257 654 1276 non
675 1249 776 1284 prodest
800 1249 947 1284 quidquam.

159 1294 240 1321 Verba
255 1303 309 1328 qua;
321 1304 365 1330 ego
377 1296 472 1322 locutus
485 1303 539 1321 sum
556 1294 624 1322 vobis
633 1315 640 1327 ,
653 1295 757 1329 spiritus
772 1299 796 1321 et
815 1295 866 1321 vita
879 1299 947 1321 sunt.

156 1341 210 1368 Sed
222 1347 279 1368 sunt
291 1342 391 1377 quidam
407 1350 436 1368 ex
446 1342 510 1368 vobis
526 1342 568 1375 qui
579 1350 630 1368 non
641 1341 754 1368 credunt.
768 1341 868 1369 Sciebat
882 1341 948 1368 enim

154 1388 186 1414 ab
206 1389 278 1414 initio
290 1388 365 1415 Jesus
378 1410 384 1420 ,
403 1389 444 1423 qui
463 1393 542 1414 essent
556 1388 697 1421 credentes,
710 1392 732 1415 et
746 1388 801 1423 quis
811 1388 949 1415 traditurus

153 1439 217 1460 esset
227 1442 294 1467 eum;
310 1439 332 1461 et
346 1434 441 1460 dicebat
454 1442 462 1460 :
479 1434 618 1468 Propterea
631 1434 685 1461 dixi
697 1434 765 1461 vobis
778 1454 786 1467 ,
800 1434 866 1467 Quia
876 1442 949 1461 nemo

153 1481 220 1507 venit
230 1480 264 1506 ad
274 1489 312 1507 me
322 1502 329 1514 ,
350 1481 398 1507 nisi
412 1481 486 1515 fuerit
506 1481 527 1506 ci
541 1481 627 1507 datum
640 1489 656 1507 a
670 1480 749 1507 Patre
772 1488 836 1508 meo.
850 1480 892 1508 Ea;
902 1480 949 1508 hoc

154 1527 227 1554 multi
240 1527 420 1562 discipulorum
431 1528 485 1562 ejus
499 1528 612 1553 abierunt
623 1531 690 1553 retro
699 1547 708 1560 ,
720 1531 743 1553 et
752 1527 809 1562 jam
823 1535 874 1554 non
893 1535 950 1554 cum

153 1574 200 1600 illo
213 1574 374 1600 ambulabant
388 1573 448 1609 (Id.
466 1581 491 1600 \‘l
503 1594 510 1606 ,
524 1573 608 1600 60-67
619 1572 641 1607 ).
662 1572 794 1608 Numquid
806 1581 859 1601 non
870 1578 897 1600 et
907 1573 950 1601 isti

154 1618 274 1654 discipuli
286 1619 412 1653 appellati
423 1624 487 1646 sunt
495 1639 502 1651 ,
516 1618 640 1652 loquente
650 1618 808 1653 Evangelio?
818 1619 851 1645 Et
861 1623 950 1646 tamen

155 1672 208 1692 non
231 1670 307 1692 erant
328 1672 392 1691 vere
414 1664 556 1698 discipuli,
580 1664 641 1699 quia
668 1671 733 1701 noni
747 1668 902 1691 manserunt
922 1663 950 1691 in

156 1711 238 1737 verbo
260 1711 333 1745 ejus,
348 1710 493 1737 secundum
511 1709 535 1736 id
549 1709 620 1745 quod
638 1710 694 1742 ait,
713 1709 744 1736 Si
762 1709 904 1736 manseritis
923 1709 950 1735 in

157 1756 230 1782 verba
241 1764 309 1789 meo,
325 1764 380 1783 vere
392 1756 510 1790 discipuli
530 1756 578 1782 mei
595 1757 663 1783 estis.
678 1755 746 1790 Quia
760 1762 824 1790 ergo
835 1762 888 1782 non
900 1755 949 1782 ha-

158 1803 274 1831 buerunt
297 1803 538 1837 perseverantiam,
568 1803 636 1830 sicut
662 1809 715 1829 non
738 1809 800 1829 verc
829 1801 951 1835 discipuli

157 1848 274 1882 Christi,
289 1848 324 1875 ita
341 1856 390 1875 ncc
400 1856 462 1876 vere
483 1848 527 1875 ﬁlii
544 1848 590 1874 Dei
610 1838 732 1880 fuerunt,
747 1847 828 1874 etiam
842 1846 951 1881 quando

157 1902 217 1923 esse
230 1894 390 1922 videbantur
411 1898 439 1922 et
465 1895 500 1921 ita
516 1893 688 1921 vocabantur.
703 1892 876 1928 Appellamus
888 1900 952 1928 ergo

155 1949 205 1969 nos
217 1946 243 1969 et
255 1942 356 1970 electos
367 1962 375 1975 ,
392 1945 419 1968 et
432 1940 532 1968 Christi
551 1939 695 1974 discipulos
709 1939 736 1972 ¹,
753 1943 781 1966 et
794 1938 841 1966 Dei
862 1938 949 1973 ﬁlios,

155 1989 217 2023 quia
230 1988 269 2016 sic
281 1987 434 2023 appellandi
456 1991 531 2019 sunt,
546 1994 613 2021 quos
624 1990 796 2021 regeneratos
808 1986 850 2021 pie
863 1986 952 2014 vivere

155 2034 310 2062 cernimus:
326 2034 374 2061 sed
398 2038 462 2061 tunc
477 2040 541 2060 vere
564 2037 626 2060 sunt
639 2032 709 2068 quod
729 2032 915 2068 appellantur,
929 2032 952 2060 si

155 2080 305 2107 manserint
325 2079 352 2107 in
377 2087 410 2106 eo
432 2082 541 2113 propter
561 2078 632 2113 quod
654 2079 693 2106 sic
720 2078 900 2113 appellantur.
924 2077 953 2106 Si

158 2131 246 2154 autem
274 2125 500 2161 perseverantiam
524 2132 577 2151 non
597 2124 715 2158 habent,
741 2124 767 2152 id
789 2128 849 2159 est,
873 2126 900 2152 in
920 2132 954 2153 eo

161 2173 232 2207 quod
246 2176 387 2207 cmperunt
398 2179 458 2199 esse
471 2179 524 2199 non
538 2176 663 2204 manent,
679 2178 733 2198 non
747 2178 809 2198 vere
821 2171 954 2206 appellan-

162 2223 206 2246 tur
218 2218 288 2254 quod
310 2219 476 2253 appellantur
497 2223 524 2245 et
543 2226 596 2245 non
616 2221 698 2245 sunt:
713 2217 785 2252 apud
802 2224 863 2244 eum
882 2217 953 2244 enim

161 2264 214 2292 hoc
230 2272 282 2291 non
297 2268 370 2297 sunt,
385 2265 427 2292 cui
437 2269 526 2292 notum
545 2268 585 2292 est
599 2264 670 2300 quod
679 2263 761 2291 futuri
774 2268 846 2296 sunt,
860 2263 886 2291 id
901 2266 953 2298 est,

160 2318 194 2338 ex
208 2310 286 2337 bonis
300 2310 374 2337 mali.

193 2358 238 2385 25.
258 2357 372 2392 Propter
387 2357 438 2384 hoc
457 2357 598 2393 Apostolus
619 2364 680 2385 curn
703 2356 832 2390 dixisset,
853 2356 955 2384 Scimus

158 2405 276 2439 quoniam
291 2404 454 2439 diligentibus
463 2403 543 2431 Deum
558 2404 643 2430 ontnia
656 2407 805 2439 coaperatur
814 2402 841 2429 in
850 2401 953 2435 bonum;

159 2451 245 2478 sciens
259 2451 403 2478 nonnullos
416 2450 526 2485 diligere
540 2450 622 2477 Deum
635 2471 642 2484 ,
658 2454 685 2477 et
699 2451 727 2477 in
740 2457 772 2478 eo
783 2449 854 2476 bono
872 2456 956 2484 usque

160 2497 186 2523 in
200 2497 277 2524 ﬁnem
291 2505 344 2525 non
358 2504 516 2531 permanere
525 2517 532 2529 ,
550 2504 611 2524 mox
624 2496 741 2530 addidit,
757 2496 796 2523 his
809 2496 853 2532 qui
865 2504 955 2523 secun-

162 2542 221 2569 dum
233 2543 387 2577 propositum
402 2543 482 2569 uocati
496 2547 565 2569 sunt.
587 2542 619 2570 Hi
631 2542 701 2570 enim
716 2542 743 2569 in
763 2549 795 2569 eo
809 2541 879 2577 quod
893 2541 956 2568 dili-

161 2589 493 2625 guntDeum,permanent
504 2598 588 2624 usque
599 2589 624 2617 in
637 2590 725 2622 ﬁnem;
738 2593 764 2616 et
778 2589 823 2624 qui
837 2589 870 2616 ad
887 2594 956 2617 tem-

162 2642 212 2670 pus
225 2635 286 2663 inde
298 2636 420 2669 deviant,
435 2640 614 2669 revertuntur,
629 2640 658 2663 ut
673 2643 756 2671 usque
768 2635 794 2663 in
805 2635 884 2663 ﬁnem
897 2643 957 2670 pet-—

161 2680 276 2715 ducant,
306 2682 375 2717 quod
401 2682 427 2709 in
458 2682 528 2710 bono
555 2689 616 2710 esse
634 2686 782 2717 coeperunt.
806 2681 957 2710 Ostendens

161 2731 251 2756 autem
276 2728 339 2764 quid
352 2729 386 2756 sit
409 2729 556 2756 secundum
580 2728 744 2763 propositum
765 2728 869 2762 vocari,
891 2735 956 2756 mox

160 2774 262 2803 addidit
276 2782 307 2803 ea
330 2783 388 2811 qua:
400 2775 455 2810 jam
473 2782 552 2810 supra
573 2774 648 2810 posui
659 2795 666 2806 ,
684 2774 808 2807 Quoniam
824 2782 885 2809 quos
898 2778 958 2801 ante

190 2842 200 2877 ξ
211 2846 272 2877 ,ιρι
282 2850 290 2869 =
302 2841 455 2877 Αρρειιαπηω
465 2849 523 2875 ergo
534 2849 574 2868 eos
585 2845 608 2868 ει
621 2841 707 2877 ειεειοε
718 2840 806 2877 viri-stt
817 2842 955 2877 litterulas-

158 2874 218 2899 Editi
227 2875 282 2900 alii:
296 2872 449 2906 Appellamus
461 2872 571 2906 eriiornos
581 2877 604 2899 et
618 2874 702 2906 electos
712 2872 801 2898 Christi
812 2872 957 2906 ,'

158 2903 584 2970 msutstmgpulante
595 2903 724 2937 particula,
740 2911 813 2936 quam
834 2905 860 2929 in
873 2903 958 2930 inultis

859 172 962 201 LIBER
979 173 1080 203 UNUS.

996 232 1131 278 prtescivit,
1139 237 1163 259 et
1169 234 1352 267 praedestinavit
1360 237 1502 272 conferam
1517 237 1635 275 imaginis
1644 239 1707 268 Filii
1724 250 1790 278 qua,

995 281 1022 303 ut
1031 277 1063 304 sit
1077 277 1130 312 ipse
1140 278 1319 314 primogenitus
1333 281 1359 307 in
1373 282 1457 309 multis
1470 284 1591 319 fratribus
1603 293 1612 312 :
1634 294 1695 320 quos
1709 292 1795 315 autem

996 323 1189 358 prcedestinavit,
1202 325 1260 352 illos
1265 331 1289 353 et
1299 328 1403 359 vocavit,
1413 329 1516 357 scilicet
1523 332 1668 360 secundum
1679 334 1795 369 proposi-

997 372 1053 395 tum
1064 377 1070 401 ;
1080 377 1141 405 quos
1149 375 1231 398 autent
1238 372 1343 405 uocauit,
1353 373 1421 408 ipsos
1430 379 1452 401 et
1456 375 1625 411 justi/ienuit;
1642 387 1704 415 quos
1712 385 1795 408 autem

992 417 1152 465 justiﬁcavit,
1168 419 1248 465 ipsos
1260 424 1282 447 et
1295 420 1445 456 gloriﬁcavit
1460 424 1546 460 (Rom.
1561 427 1731 465 mnis-'50).
1748 429 1795 457 Illa

997 463 1085 491 omnia
1098 463 1152 498 jam
1162 464 1229 492 facta
1240 470 1313 499 sunt,
1322 470 1446 503 praesciuit
1455 490 1462 500 .
1477 471 1671 507 prwdestinavit,
1688 463 1793 509 vocavit,

994 510 1141 545 justi/ienuit
1149 520 1159 544 ;
1167 512 1290 547 quoniam
1304 518 1330 541 et
1337 522 1430 543 omnes
1437 516 1491 551 jam
1500 519 1615 552 praesciti
1623 522 1796 556 acprmdesti-

998 556 1054 583 nati
1067 562 1146 590 sunt,
1161 562 1189 586 et
1203 559 1281 586 multi
1290 559 1346 594 jam
1363 561 1450 589 vocati
1463 567 1542 598 atque
1553 564 1688 599 iustiﬁcati
1703 577 1710 595 :
1724 569 1794 604 quod

998 607 1087 631 autem
1107 605 1194 638 posuit
1215 605 1242 632 in
1267 605 1337 639 ﬁne,
1363 608 1421 635 illos
1440 613 1462 635 et
1483 609 1634 645 gloriﬁcavit
1652 614 1794 649 (siquidem

999 650 1042 677 illa
1064 651 1148 685 gloria
1159 656 1200 679 est
1222 651 1266 680 hic
1283 653 1474 689 intelligenda,
1489 655 1522 684 de
1542 665 1595 692 qua
1613 658 1684 686 idem
1711 660 1793 694 dicit,

1000 695 1062 723 Cum
1087 696 1202 724 Christus
1225 700 1374 734 apparuerit
1390 700 1440 727 vita
1454 705 1535 729 uestra
1545 723 1553 735 ,
1567 708 1626 731 tunc
1645 709 1669 731 et
1683 713 1726 732 vos
1739 714 1797 733 cum

998 741 1044 769 illo
1051 743 1202 778 apparebitis
1208 744 1234 771 in
1246 745 1327 780 gloria
1338 745 1446 781 [Coloss.
1457 755 1497 782 nt,
1507 748 1558 784 4]),
1571 750 1688 778 nondum
1698 752 1796 780 factum

999 792 1050 815 est.
1063 788 1189 821 Quamvis
1204 794 1230 816 et
1245 789 1290 817 illa
1305 790 1367 824 duo,
1380 792 1405 818 id
1421 796 1481 826 est,
1495 795 1591 822 vocavit
1605 800 1629 823 et
1633 796 1796 833 justiﬁcauit,

999 840 1053 860 non
1079 834 1106 861 in
1129 834 1253 863 omnibus
1278 836 1345 864 facta
1361 837 1430 871 sint,
1448 839 1482 866 de
1503 840 1601 875 quibus
1625 841 1696 870 dicta
1716 849 1795 878 sunt;

1000 878 1087 906 adhuc
1110 880 1182 907 enim
1201 888 1284 916 uSque
1301 882 1328 910 in
1350 882 1430 911 ﬁnem
1444 886 1534 913 saeculi
1555 886 1630 915 multi
1645 890 1758 917 vocandi
1769 895 1798 918 et

997 925 1160 961 justiﬁcandi
1181 932 1242 955 sunt
1256 937 1263 955 :
1275 933 1301 956 et
1316 933 1404 958 tamen
1425 932 1506 959 verba
1524 934 1651 967 praeteriti
1668 937 1795 971 temporis

1000 972 1089 1007 posuit
1101 972 1134 1000 de
1153 973 1234 1002 rebus
1259 974 1339 1002 etiam
1353 975 1468 1010 futuris,
1482 983 1607 1014 tanquam
1627 980 1682 1015 jam
1703 981 1798 1010 fecerit

1001 1018 1089 1064 Deus,
1106 1027 1164 1054 qua:
1187 1020 1242 1055 jam
1267 1026 1295 1048 ut
1318 1021 1413 1050 ﬁerent
1435 1031 1468 1051 ex
1490 1027 1639 1054 aeternitate
1655 1028 1795 1064 disposuit.

1000 1063 1062 1092 ldeo
1072 1065 1105 1092 de
1114 1065 1160 1093 illo
1167 1066 1264 1095 dicitet
1272 1068 1399 1103 propheta
1412 1069 1501 1104 Isaias,
1518 1071 1568 1104 Qui
1580 1063 1705 1109 fecitque
1710 1076 1797 1110 futura

1000 1116 1057 1157 sunt
1067 1111 1092 1147 (1
1095 1112 1133 1139 sai
1141 1121 1200 1145 XLV,
1208 1122 1257 1141 sec.
1270 1114 1364 1150 LXX).
1375 1115 1540 1153 Quicumque
1548 1126 1611 1155 ergo
1617 1120 1643 1148 in
1652 1121 1699 1149 Dei
1707 1122 1798 1157 provi-

1002 1156 1156 1185 dentissima
1165 1158 1340 1194 dispositione
1353 1162 1478 1195 prmsciti,
1500 1164 1689 1199 praedestinati,
1699 1156 1795 1201 vocati,

998 1202 1289 1240 justilicati,gloriﬁcati
1297 1211 1368 1239 sunt,
1377 1215 1430 1236 non
1444 1209 1504 1237 dico
1523 1211 1602 1238 etiam
1616 1213 1733 1241 nondum
1755 1222 1798 1242 re-

1001 1250 1064 1282 nati,
1076 1250 1123 1278 sed
1134 1251 1211 1278 ctiam
1223 1253 1339 1280 nondum
1354 1255 1419 1288 nati,
1430 1255 1485 1290 jam
1502 1256 1547 1284 lilii
1557 1257 1604 1285 Dei
1616 1264 1686 1293 sunt,
1699 1264 1727 1287 et
1740 1267 1798 1288 om-

1001 1295 1065 1323 nino
1080 1297 1166 1331 perire
1175 1305 1228 1325 non
1239 1304 1359 1333 possunt.
1373 1300 1404 1327 Hi
1418 1309 1479 1329 vere
1491 1303 1599 1331 veniunt
1609 1304 1641 1332 ad
1652 1304 1796 1340 Christum;

1002 1343 1062 1377 quia
1078 1343 1113 1371 ita
1127 1344 1253 1377 veniunt,
1268 1346 1401 1380 quomodo
1414 1348 1470 1383 ipse
1480 1348 1565 1383 dicit,
1583 1350 1664 1379 Omne
1674 1353 1743 1388 quod
1752 1353 1798 1380 dat

1002 1389 1065 1415 mihi
1080 1388 1168 1424 Pater,
1182 1390 1216 1417 ad
1229 1399 1268 1418 me
1283 1392 1383 1426 veniet,-
1395 1398 1419 1420 et
1433 1402 1490 1421 eum
1499 1396 1542 1430 qui
1555 1396 1621 1423 uenit
1635 1398 1668 1424 ad
1680 1406 1731 1432 me,
1746 1407 1798 1426 non

1003 1435 1102 1470 ejiciam
1114 1437 1195 1472 foras.
1212 1437 1245 1464 Et
1260 1438 1339 1473 paulo
1353 1444 1433 1474 post,
1448 1440 1511 1468 Haec
1523 1446 1576 1476 est,
1592 1442 1694 1478 inquit,
1706 1445 1797 1472 volun-

1003 1485 1042 1508 tas
1055 1482 1111 1517 ejus
1129 1483 1172 1518 qui
1187 1483 1254 1510 misit
1267 1492 1307 1511 me
1324 1484 1410 1513 Patris
1420 1507 1427 1519 ,
1444 1491 1471 1513 ut
1483 1495 1557 1515 omne
1569 1489 1636 1524 quod
1652 1489 1720 1516 dedit
1734 1490 1797 1518 mihi

1002 1534 1053 1554 non
1068 1527 1172 1562 perdam
1185 1536 1216 1555 ea:
1225 1536 1254 1556 eo
1266 1528 1356 1564 (Joan.
1369 1538 1397 1557 Vl
1407 1551 1414 1563 ,
1429 1531 1473 1564 57,
1490 1532 1546 1568 59).
1561 1534 1602 1561 Ab
1616 1534 1661 1562 illo
1672 1542 1736 1571 ergo
1748 1536 1797 1563 da-

1003 1577 1047 1599 tur
1060 1572 1140 1600 etiam
1153 1575 1351 1608 perseverantia
1365 1576 1391 1603 in
1407 1576 1478 1605 bono
1491 1585 1576 1613 usque
1588 1579 1615 1606 in
1631 1580 1710 1608 ﬁnem
1724 1589 1731 1608 :
1746 1589 1796 1609 ne-

1002 1626 1054 1653 que
1064 1619 1135 1646 enim
1150 1619 1242 1653 datur,
1257 1620 1309 1648 nisi
1322 1621 1361 1649 eis
1380 1622 1426 1657 qui
1440 1630 1494 1651 non
1515 1625 1654 1660 peribunt;
1670 1626 1796 1663 quoniam

1002 1664 1047 1699 qui
1061 1672 1114 1692 non
1126 1671 1299 1700 perseverant
1310 1668 1444 1703 peribunt.

1038 1710 1083 1738 24.
1107 1711 1216 1740 Talibus
1230 1713 1302 1741 Deus
1322 1714 1494 1750 diligentibus
1514 1725 1574 1745 eum
1588 1718 1678 1746 omnia
1698 1727 1797 1756 coope-

1003 1761 1077 1784 ratur
1089 1757 1115 1784 in
1131 1757 1241 1791 bonum;
1259 1766 1343 1794 usque
1356 1760 1424 1788 adeo
1436 1769 1546 1796 prorsus
1558 1765 1658 1797 omnia,
1674 1769 1704 1792 ut
1715 1766 1797 1794 etiam

1004 1802 1026 1830 si
1055 1803 1098 1838 qui
1126 1811 1219 1832 eorum
1243 1805 1350 1833 deviant
1375 1810 1403 1834 et
1430 1808 1600 1843 exorbitant,
1630 1811 1709 1839 etiam
1746 1812 1797 1841 hoc

979 1875 988 1883 ,
1004 1849 1090 1885 ipsum
1103 1850 1142 1877 eis
1153 1850 1231 1879 faciat
1243 1852 1374 1886 proﬁcere
1388 1853 1416 1880 in
1436 1853 1535 1883 bonum
1544 1876 1553 1889 ,
1569 1857 1630 1892 quia
1642 1856 1798 1888 humiliores

1003 1896 1118 1925 redeunt
1140 1902 1220 1933 atque
1244 1898 1389 1928 doctiores.
1411 1901 1521 1929 Discunt
1541 1903 1612 1930 enim
1625 1903 1652 1931 in
1663 1904 1719 1939 ipsa
1732 1906 1796 1933 via‘

1002 1943 1074 1978 justa
1089 1951 1150 1971 cum
1166 1949 1282 1973 tremore
1299 1953 1329 1974 se
1342 1947 1476 1975 exsultare
1490 1948 1599 1984 debere,
1616 1958 1669 1978 non
1687 1952 1737 1979 sibi
1752 1960 1797 1981 ar-

1004 1990 1124 2025 rogando
1136 1994 1260 2026 tanquam
1271 1991 1305 2019 de
1314 1999 1362 2020 sua
1371 1993 1467 2021 virtute
1478 1994 1601 2023 ﬁduciam
1613 1998 1797 2032 permanendi,

1008 2044 1059 2064 nec
1073 2036 1185 2064 dicendo
1200 2037 1226 2064 in
1241 2038 1402 2066 abundantia
1423 2047 1470 2068 sua
1482 2061 1490 2074 ,
1502 2040 1561 2069 Non
1583 2043 1749 2072 movebimur
1771 2046 1798 2072 in

1005 2087 1145 2110 aeternum.
1161 2083 1273 2118 Propter
1297 2084 1369 2119 quod
1383 2085 1422 2112 eis
1445 2085 1557 2120 dicitur,
1573 2087 1671 2116 Seruite
1690 2088 1799 2118 Domino

1005 2129 1032 2156 in
1046 2133 1133 2157 ttmorc
1143 2151 1150 2162 ,
1164 2135 1189 2157 et
1210 2130 1320 2158 exultate
1338 2132 1361 2158 ei
1373 2139 1431 2158 cum
1445 2136 1551 2161 tremore
1560 2155 1568 2168 ,
1586 2142 1619 2162 ne
1632 2136 1733 2170 quando
1745 2136 1799 2163 ira-

1006 2181 1092 2203 scatur
1106 2176 1230 2204 Dominus
1242 2197 1249 2210 ,
1263 2181 1286 2204 et
1300 2178 1407 2213 pereatis
1418 2178 1449 2205 de
1461 2180 1502 2206 uia
1512 2180 1583 2216 justa
1598 2180 1684 2216 (Psal.
1701 2190 1719 2210 tt
1729 2203 1737 2216 ,
1754 2184 1798 2215 Η,

1007 2222 1063 2258 12).
1086 2222 1177 2257 Neque
1189 2223 1260 2250 enim
1276 2223 1329 2263 ait,
1345 2224 1378 2251 Et
1393 2231 1445 2252 non
1460 2226 1470 2241 ³
1482 2226 1594 2254 veniatis
1617 2228 1651 2256 ad
1673 2230 1742 2256 viam
1753 2231 1799 2264 ju-

1007 2272 1085 2301 stam;
1099 2269 1155 2302 sed,
1168 2277 1199 2295 ne
1206 2270 1323 2304 pereatis,
1336 2270 1431 2305 inquit,
1441 2270 1473 2298 de
1481 2271 1521 2298 via
1527 2272 1601 2307 justo
1615 2280 1625 2300 :
1635 2273 1698 2309 quid
1709 2279 1799 2302 osten-

1007 2315 1083 2348 dens,
1099 2315 1150 2342 nisi
1162 2323 1208 2343 eos
1220 2323 1281 2344 esse
1292 2316 1479 2351 commonitos,
1492 2318 1537 2353 qui
1549 2318 1605 2353 jam
1620 2320 1757 2349 ambulant
1770 2321 1799 2350 in

1007 2361 1048 2389 via
1060 2361 1141 2396 justa,
1155 2361 1220 2389 utin
1232 2361 1328 2390 timore
1336 2362 1391 2390 Deo
1404 2363 1532 2397 serviant,
1546 2363 1573 2392 id
1585 2369 1636 2400 est,
1649 2373 1703 2394 non
1715 2367 1799 2396 altum

1008 2407 1129 2442 sapiant,
1143 2407 1190 2434 sed
1206 2407 1316 2435 timeant
1331 2408 1425 2444 (Rom.
1437 2416 1480 2442 ιι,
1495 2409 1556 2446 20)?
1565 2411 1636 2446 quod
1648 2412 1799 2448 signiﬁcat,

1007 2452 1066 2481 Non
1080 2453 1253 2489 superbiant,
1270 2454 1318 2482 sed
1340 2454 1453 2484 humiles
1468 2456 1521 2483 sint
1534 2465 1541 2484 :
1556 2457 1627 2486 unde
1638 2463 1666 2486 et
1677 2459 1740 2487 alibi
1758 2460 1802 2488 di-

1008 2499 1063 2534 cit,
1086 2499 1147 2528 Non
1167 2501 1220 2528 alta
1242 2501 1367 2536 sapientes
1378 2521 1386 2535 ,
1403 2502 1448 2529 sed
1462 2502 1602 2531 humilibus
1620 2506 1802 2535 consentientes

1009 2544 1064 2581 (Id.
1084 2553 1121 2573 xn
1133 2566 1141 2580 ,
1157 2545 1202 2582 16)
1218 2555 1224 2573 :
1239 2546 1372 2575 exsultent
1385 2547 1456 2582 Deo,
1477 2548 1524 2577 sed
1537 2556 1598 2578 cum
1619 2554 1754 2586 tremore;
1773 2551 1801 2580 in

1009 2592 1082 2620 nullo
1104 2592 1268 2627 gloriantes,
1288 2593 1394 2629 quando
1414 2598 1535 2623 nostrum
1557 2596 1623 2624 nihil
1642 2597 1697 2631 sit;
1711 2598 1801 2634 utqui

1009 2637 1151 2674 gloriatur,
1167 2638 1194 2666 in
1210 2638 1323 2667 Domino
1338 2639 1466 2675 glorietur
1487 2640 1594 2676 (larem.
1608 2650 1637 2670 ix
1647 2662 1655 2677 ,
1669 2643 1719 2676 25,
1734 2643 1780 2678 24)
1792 2651 1804 2671 εμ

1010 2691 1044 2711 ne
1056 2688 1167 2718 pereant
1178 2683 1213 2712 de
1224 2685 1265 2712 via
1277 2684 1349 2720 justa
1358 2706 1366 2719 ,
1381 2685 1408 2713 in
1422 2693 1473 2721 qua
1492 2686 1547 2721 jam
1558 2687 1695 2716 ambulare
1709 2695 1800 2723 caepe-

1010 2733 1081 2762 runt,
1096 2729 1159 2757 dum
1170 2730 1220 2758 sibi
1229 2730 1280 2758 hoc
1291 2730 1378 2766 ipsum
1389 2731 1542 2766 assignant,
1557 2732 1629 2768 quod
1643 2733 1670 2761 in
1682 2740 1714 2761 ea
1726 2737 1798 2762 sunt.

1009 2776 1057 2804 liis
1070 2776 1157 2805 verbis
1171 2784 1235 2805 usus
1247 2782 1289 2805 est
1305 2782 1332 2805 et
1343 2777 1485 2813 Apostolus
1494 2797 1502 2811 ,
1516 2778 1561 2805 ubi
1573 2778 1623 2812 ait,
1636 2777 1700 2806 Cum
1713 2781 1802 2811 tinum

1010 2826 1033 2849 et
1058 2823 1166 2850 tremoi'e
1193 2828 1301 2851 uestram
1322 2823 1435 2859 ipsorum
1458 2823 1566 2852 salutem
1589 2826 1739 2861 operamini.
1766 2827 1802 2858 Et

1042 2904 1050 2920 ί
1070 2907 1119 2928 Am.
1132 2907 1158 2929 et
1169 2902 1252 2935 pltn'es
1262 2906 1326 2933 Mss,
1338 2901 1393 2928 vita.

1044 2936 1054 2953 ²
1072 2935 1139 2967 nitu,
1150 2934 1189 2961 ne.
1207 2934 1290 2961 melius
1300 2938 1363 2967 nam,
1373 2938 1429 2961 non.
