2071 3239
170 236 242 274 quod
255 235 279 263 si
290 235 326 263 de
339 240 369 261 se
379 231 444 268 ipsis
457 228 551 265 Angeli
562 226 696 260 nesciunt,
708 233 761 254 non
774 225 902 262 aequales,
918 224 967 274 sed

172 272 308 316 beatiores
321 281 432 311 erimus.
451 277 556 305 Veritas
568 279 658 303 autem
672 274 749 302 nobis
758 281 851 302 eorum
866 272 969 308 promi-

172 331 210 360 sit.
217 328 398 365 aequalitatem
412 325 422 362 (
438 324 531 352 Matth.
546 330 615 356 un,
626 321 664 363 ‘30
678 319 699 357 ).
710 320 819 360 Certum
833 324 874 347 est
889 319 968 365 igitur

172 377 224 405 hoc
237 364 443 408 eosnosseipcr
455 370 583 406 speciem,
598 367 668 403 quod
682 375 731 400 nos
744 374 791 402 per
806 365 897 399 ﬁdem,
911 364 970 397 nul-

175 425 227 453 lam
241 423 344 453 scilicet
358 421 461 447 ruinam
483 417 639 451 cujusquam
662 414 744 441 sancti
762 413 847 447 angeli
861 412 914 447 jatn
930 411 969 438 fu-

175 476 272 500 turam.
286 467 412 495 Diabolus
424 471 488 491 vero
503 468 529 490 et
544 462 629 496 angeli
646 461 714 495 ejus,
731 460 780 486 etsi
799 459 869 485 beati
893 461 969 484 erant

176 520 318 549 antequam
340 511 476 539 caderent,
489 513 515 535 et
530 516 558 534 se
582 508 606 533 in
629 506 763 533 miseriam
783 511 892 530 casuros
910 510 969 529 esse

177 550 345 591 nesciebant,
356 562 413 586 erat
429 562 517 583 tamen
533 554 621 580 adhuc
634 551 704 586 quod
719 558 810 578 eorutn
827 550 970 576 adderetur

178 605 347 636 beatitudini,
361 604 382 631 si
396 610 444 638 per
466 601 578 627 liberum
591 597 730 625 arbitrium
751 596 777 622 in
791 596 902 622 veritate
915 600 970 621 ste—

180 654 277 682 tissent
292 673 299 685 ,
324 651 406 678 donec
426 648 502 675 istaut
528 651 639 672 summa:
664 642 835 670 beatitudinis
857 641 970 675 plenitu-

180 700 280 731 dinem,
296 702 420 730 tanquam
438 692 576 728 praemium
593 689 675 724 ipsius
693 687 887 723 pertnattsionis
901 686 970 712 acci-

180 747 284 780 perent,
300 741 325 769 id
337 745 389 772 est,
403 744 430 766 ut
451 745 545 779 magna
570 744 616 771 per
637 735 762 770 Spiritum
778 737 897 760 sanctum
912 732 973 759 data

176 787 338 817 abundantia
353 784 489 820 charitatis
501 783 560 816 Dei,
572 781 666 808 cadere
678 780 788 807 ulterius
800 779 909 805 omnino
922 786 973 804 non

179 840 301 871 possent,
313 838 340 860 et
358 832 409 860 hoc
420 831 454 858 de
466 838 494 857 se
505 829 652 856 certissime
666 831 786 853 nossent.
800 826 872 852 llant‘
888 824 972 859 pleni-

178 870 300 908 tudinem
315 876 489 906 beatitudinis
502 883 552 901 non
570 873 702 900 habebant
719 881 724 898 :
738 871 782 898 sed
798 872 858 905 quia
874 870 975 897 nescie-

179 928 244 957 bant
264 933 348 958 suam,
366 923 482 951 futuram
505 921 651 952 miseriam,
675 919 778 945 tninorc
798 917 915 952 quidem,
929 916 973 942 sed

182 978 272 1000 tamen
294 957 462 998 beatitudine
474 968 530 994 sine
545 967 597 993 ttllo
615 965 678 992 vitio
692 964 856 991 fruebantur.
872 962 936 989 Nam
953 962 975 988 si

180 1026 258 1048 suum
269 1025 361 1045 casum
369 1016 485 1043 futurum
495 1017 604 1041 noSscnt
615 1018 797 1046 a-ternumque
806 1010 975 1045 supplicium,

180 1065 251 1093 beati
264 1064 355 1099 utique
370 1069 430 1090 esse
443 1069 494 1088 non
510 1064 627 1095 possunt,
649 1066 716 1093 quos
736 1057 814 1091 hujus
829 1056 892 1083 tanti
913 1055 975 1082 tnali

180 1114 267 1148 metus
276 1110 330 1144 jam
344 1113 407 1141 tunc
423 1107 534 1133 miseros
547 1114 605 1132 esse
621 1104 804 1139 compelleret.

217 1150 263 1184 28.
284 1156 329 1183 Sic
350 1159 377 1182 et
402 1153 536 1180 hominem
558 1151 618 1178 fecit
632 1158 690 1177 cum
708 1149 791 1176 libero
807 1147 926 1181 arbitrio,
952 1151 977 1173 ct

184 1190 306 1239 quamvis
316 1201 356 1228 sui
368 1185 449 1227 iuturi
459 1206 536 1225 casus
551 1198 681 1232 ignarum,
695 1201 780 1222 tamen
793 1194 851 1221 ideo
862 1195 976 1224 ilt‘illlllll,

186 1248 248 1283 quia
262 1252 350 1274 etnon
365 1245 432 1272 mori
441 1249 467 1272 et
481 1244 607 1270 miserunt
623 1250 673 1268 non
685 1241 741 1268 lieri
754 1241 778 1266 in
790 1248 835 1266 sua
850 1245 979 1275 potestate

188 1301 249 1320 esse
263 1291 402 1320 sentiebat.
418 1290 445 1317 in
458 1297 509 1325 quo
525 1294 593 1315 statu
606 1293 678 1314 recto
691 1295 721 1312 ac
733 1287 789 1313 sine
804 1286 877 1318 Vitio,
893 1285 915 1312 si
935 1293 980 1318 per

189 1327 277 1374 ipsum
293 1337 404 1376 liberum
425 1326 560 1373 arbitrium
577 1342 685 1361 tnanere
706 1332 845 1363 voluisset,
862 1330 980 1365 profecto

188 1384 247 1411 sine
262 1374 315 1410 ullo
329 1374 421 1410 mortis
437 1387 463 1407 et
473 1374 633 1408 infelicitatis
644 1379 835 1412 experimento,
849 1377 981 1411 acciperet

187 1431 271 1464 illam,
289 1418 384 1456 merito
397 1426 490 1466 hujus‘
504 1424 714 1462 permansionis,
733 1422 902 1451 beatitudinis
924 1423 979 1457 ple—

187 1465 346 1506 nitudinem,
361 1481 411 1509 qua
426 1478 452 1500 et
472 1465 557 1499 sancti
574 1470 666 1505 Angeli
681 1474 741 1496 sunt
755 1469 834 1500 beati,
851 1468 875 1494 id
891 1473 941 1500 est,
954 1472 982 1493 ut

186 1523 284 1561 cadere
298 1529 350 1559 non
369 1524 464 1561 posset
484 1518 605 1559 ulterius,
622 1522 647 1543 et
664 1517 713 1543 hoc
728 1516 874 1542 certissimo
890 1515 980 1541 sciret.

186 1555 252 1605 liam
269 1555 354 1605 neque
369 1555 530 1605 ipse-posset
542 1560 620 1590 etiam
636 1563 661 1603 in
675 1562 796 1597 paradiso
807 1562 898 1588 beatus
913 1568 981 1593 esse,

255 1601 291 1641 ibi
303 1601 356 1640 non
370 1601 460 1639 [esseti
472 1632 478 1644 ,
495 1601 539 1637 ubi
553 1617 611 1637 esse
623 1607 749 1644 miserunt
763 1616 814 1635 non
828 1607 944 1639 deceret,
961 1606 983 1632 si

188 1650 250 1688 eum
261 1691 263 1693 1
273 1659 312 1686 sui
330 1665 410 1693 casus
426 1648 592 1693 prmscientia
616 1656 710 1682 timore
722 1655 732 1669 ³
746 1640 812 1681 ltanti
827 1654 888 1680 mali
902 1653 982 1680 mise-

190 1695 250 1738 rum
261 1691 372 1733 iaceret.
382 1696 452 1737 Quia
474 1695 539 1730 vero
562 1710 609 1738 per
624 1701 734 1728 libertnn
749 1699 887 1727 atbitrium
902 1699 983 1725 Deutn

190 1736 320 1795 deseruit,
333 1736 434 1793 justum
444 1736 572 1793 judicium
597 1747 642 1774 Dei
665 1751 790 1781 expertus
810 1750 860 1777 est,
884 1749 911 1771 ιιι
924 1751 983 1771 ettttt

195 1786 250 1825 tota
260 1789 309 1823 Eua
319 1786 412 1831 stirpe,
501 1795 526 1821 itt
542 1793 587 1820 illo
600 1792 687 1819 adhuc
701 1792 785 1826 posita
798 1796 850 1818 tota
867 1798 926 1817 cum
942 1790 986 1816 illo

196 1832 361 1886 peccaverat,
374 1833 552 1886 gamnaretur.
570 1840 705 1874 Quotquot
716 1839 786 1865 enim
799 1846 830 1864 ex
847 1838 896 1864 hac
906 1837 988 1871 stirpe

196 1877 279 1926 gratia
293 1877 338 1926 Dei
355 1877 533 1919 l‘iberaiiiur,a
544 1885 714 1913 damnatione
730 1878 819 1918 utique
832 1883 986 1913 liberantur,

195 1923 249 1978 qua
256 1928 314 1979 ljaiii
324 1923 456 1980 ‘icnentup
465 1934 598 1979 obstricti.
613 1932 688 1961 Unde
703 1932 806 1959 etiamsi
823 1931 909 1957 nullus
924 1929 989 1956 libe-

195 1971 423 2025 raretur,
439 1971 486 2008 Dei
508 1974 636 2022 judicium
661 1986 739 2005 nemo
752 1978 824 2014 juste
847 1976 990 2010 reprelien-

196 2030 280 2057 deret.
383 2021 447 2062 ergo
457 2016 534 2064 pauci
549 2026 574 2052 in
587 2025 787 2058 comparatione
803 2022 969 2057 pereuntium
980 2041 988 2052 ,

197 2076 223 2110 in
232 2084 280 2103 suo
296 2066 360 2102 vero
372 2065 483 2110 ulutnero
497 2064 572 2110 inulti
588 2072 744 2110 liberantur,
758 2070 839 2110 gratia
855 2069 892 2101 lit,
908 2068 991 2104 gratis

199 2111 239 2154 iit,
252 2110 345 2164 gratia:
355 2110 418 2158 sunt
430 2104 539 2154 agenda:
553 2118 614 2153 quia
629 2118 667 2149 iit,
682 2126 714 2143 ne
732 2106 790 2150 quis
802 2109 873 2141 velut
888 2114 920 2141 de
936 2114 991 2141 suis

201 2156 304 2196 meritis
318 2156 469 2204 e‘xlol‘lathtir‘,
480 2157 525 2193 sed
539 2172 618 2191 omne
630 2172 659 2190 os
670 2160 822 2189 obstruatnr
835 2161 842 2196 (
857 2161 929 2187 Itoni.
952 2169 989 2193 Ill,

205 2215 267 2250 £9),
283 2219 308 2255 et
320 2207 364 2249 qui
378 2200 516 2255 gloriialt‘ur,
532 2206 558 2238 in
575 2211 686 2238 Domino
700 2209 837 2244 glorietur.

239 2257 353 2288 CAPUT
369 2254 414 2297 Χιτ
426 2254 517 2285 -ἲθ,
534 2256 599 2290 Quid
620 2255 706 2291 ergo?
725 2255 808 2282 Adam
832 2262 883 2281 non
904 2254 995 2280 habuit

203 2307 250 2335 Dei
263 2304 396 2342 gratiam?
408 2305 463 2332 luto
473 2311 536 2331 vero
546 2303 634 2330 ltabuit
647 2310 778 2336 magnam,
789 2301 834 2327 sed
851 2301 992 2334 disparem.

202 2352 284 2381 lilein
301 2351 378 2380 bonis
392 2356 460 2382 erat,
475 2357 534 2385 qua:
546 2349 580 2377 de
601 2349 719 2376 bonitate
732 2348 773 2375 sui
788 2346 940 2374 Conditoris
953 2354 996 2372 ac-

203 2392 312 2434 cepe'rat
328 2407 334 2424 :
351 2388 438 2432 neque
458 2397 527 2424 enim
552 2404 583 2423 ea
611 2387 680 2422 bona
704 2400 730 2422 et
756 2395 801 2421 ille
820 2395 875 2422 suis
895 2394 996 2420 meritis

201 2449 415 2481 comparavorat,
440 2444 467 2470 in
489 2443 585 2478 quibus
606 2449 714 2477 prorsus
728 2441 830 2468 nullum
849 2440 998 2475 patiebatur

204 2485 313 2521 malum.
327 2483 418 2519 Sancti
431 2497 496 2518 vero
511 2490 538 2516 in
554 2489 605 2516 hac
623 2489 688 2520 vita,
704 2488 737 2515 ad
758 2494 824 2522 quos
837 2487 951 2522 pertinet
966 2486 998 2512 li—

206 2529 352 2566 berationis
365 2537 423 2564 haec
445 2536 540 2571 gratia,
561 2535 586 2562 itt
602 2534 680 2562 malis
700 2538 771 2565 sunt,
785 2541 819 2560 ex
837 2533 932 2567 quibus
945 2532 1000 2558 cla-

208 2588 282 2611 mant
296 2583 328 2610 ad
340 2571 435 2611 Delum,
451 2579 542 2608 Libera
559 2589 604 2608 nos
617 2589 631 2607 η
647 2581 713 2607 malo
737 2580 745 2614 (
764 2571 857 2605 Matth.
873 2587 915 2612 v1,
930 2579 964 2606 15
979 2579 998 2613 ).

208 2629 257 2658 Ille
278 2628 377 2665 in_illis
391 2628 469 2665 bouis
483 2625 582 2655 Christi
605 2617 692 2654 mtii-te
709 2616 764 2653 itan
786 2625 857 2660 eguit
876 2634 882 2651 :
899 2625 964 2651 istos
986 2633 1000 2650 a

207 2679 285 2703 reatu
298 2678 326 2702 et
347 2673 517 2714 literatiitario
544 2678 576 2714 eti
586 2671 704 2708 proprio,
725 2671 793 2698 illius
812 2671 877 2706 Agni
894 2670 1001 2705 sanguis

207 2715 333 2752 absolvit.
351 2710 403 2756 ille
418 2712 471 2749 ii'tiii
492 2717 560 2756 op'iis
573 2710 689 2748 habebat
714 2718 746 2747 eo
765 2712 908 2753 adju'torio,
932 2717 1003 2752 quod

208 2769 353 2805 implorant
375 2767 420 2795 isti
445 2774 505 2795 cum
534 2767 647 2794 dicunt:
668 2765 746 2792 Video
770 2765 847 2791 aliam
874 2764 953 2799 lrgcm
976 2763 1002 2789 in

240 2859 252 2895 ξ
266 2839 369 2895 tibi“:

889 165 991 196 LIBER
1009 163 1109 196 UN‘US.

1021 225 1137 253 membris
1153 225 1224 259 meis,
1238 230 1421 261 repugnantem
1432 226 1481 262 logi
1494 225 1583 254 mntis
1601 234 1673 260 mea,
1687 232 1712 255 et
1726 229 1812 264 copti-

1020 277 1119 299 uantem
1130 279 1168 298 me
1181 272 1208 298 in
1218 271 1271 307 lege
1280 273 1384 307 peccati,
1397 281 1454 307 qua:
1463 278 1498 301 est
1509 274 1536 312 in
1548 274 1664 301 membris
1677 274 1748 302 meis.
1762 274 1811 302 In-

1022 316 1085 351 felix
1093 324 1139 352 ego
1149 317 1235 352 Itonia,
1246 317 1301 352 quis
1320 326 1359 346 me
1373 318 1487 346 liberabit
1499 319 1531 346 de
1543 328 1648 356 corpore
1661 320 1750 348 mortis
1765 320 1813 347 hu-

1016 362 1083 398 jus?
1093 361 1182 389 Gratia
1195 362 1243 389 Dei
1255 371 1301 398 per
1314 362 1402 390 Jesum
1415 363 1541 392 Christum
1552 365 1688 393 Dominum
1702 371 1813 400 nostrum

1022 408 1031 443 (
1047 407 1122 435 Rom.
1137 416 1184 441 vn,
1198 408 1282 437 25—25
1297 409 1316 444 ).
1328 409 1460 444 Quoniam
1476 411 1502 440 in
1515 411 1555 439 eis
1574 419 1636 439 caro
1648 412 1814 446 concupiscit

1022 453 1150 491 adversus
1160 454 1331 489 spiritum,.et
1341 455 1448 490 spiritus
1458 456 1587 484 adversus
1594 464 1702 484 carnem
1713 456 1813 494 (Colat.

1022 507 1050 537 γ,
1065 499 1256 536 ἰηλειαυθλίη
1272 500 1316 527 tali
1331 501 1479 529 certamine
1499 501 1651 531 laborantes
1666 509 1697 530 ac
1709 503 1814 537 pericli-

1024 546 1179 581 tantesvdari
1196 546 1252 581 sibi
1265 547 1405 582 pugnandi
1427 548 1604 583 vincendique
1624 549 1748 585 virtutem
1767 556 1817 585 per

1023 591 1123 620 Christi
1134 592 1248 628 gratiam
1263 598 1384 628 poscunt.
1401 593 1448 621 ille
1466 601 1531 623 vero
1552 594 1624 621 nulla
1638 595 1683 622 tali
1703 593 1761 631 ripa
1781 595 1816 623 de

1024 647 1054 666 se
1066 639 1124 674 ipso
1136 639 1144 655 ¹
1159 639 1287 667 adversus
1299 647 1329 671 se
1343 640 1429 676 ipsum
1448 644 1562 668 tentatus
1582 645 1661 676 atque
1680 641 1816 675 turbatus,

1025 685 1052 712 in
1060 685 1109 713 illo
1120 685 1292 718 beatitudinis
1305 686 1364 713 loco
1377 693 1424 714 sua
1435 693 1526 714 secum
1540 694 1605 721 pace
1619 687 1767 714 fruebatur.

1061 731 1106 770 50.
1127 731 1243 758 Proinde
1259 731 1308 759 etsi
1322 740 1375 759 non
1386 731 1492 760 interim
1503 732 1605 759 lmtiore
1613 740 1700 764 nunc;
1712 739 1820 768 vertim-

1027 782 1116 805 tamen
1131 778 1282 812 potentiore
1299 778 1382 812 gratia
1399 778 1517 812 indigent
1537 778 1579 805 isti
1594 782 1713 813 :etquze
1724 782 1821 812 poten-
1846 786 1850 789 '

1028 824 1080 851 tior
1101 832 1180 859 qttam
1211 824 1257 852 Dei
1281 824 1431 859 unigenitus
1454 823 1548 857 Filius,
1571 824 1680 859 aequalis
1701 824 1774 851 Patri
1793 829 1821 852 et

1027 874 1187 902 comternus,
1196 877 1250 904 pro
1263 870 1301 897 eis
1315 869 1396 897 homo
1411 869 1505 902 factus,
1515 875 1543 898 et
1554 870 1612 897 sine
1626 878 1675 898 suo
1689 870 1699 886 '
1710 870 1769 905 Iullo
1778 869 1822 898 vel

1027 916 1149 951 originali
1163 916 1202 943 vel
1218 917 1327 951 proprio
1340 922 1449 951 peccato
1464 917 1497 944 ab
1509 917 1661 945 hominibus
1674 917 1822 952 peccaturi-

1028 963 1078 990 bus
1096 962 1255 990 cruciﬁxus?
1279 962 1329 997 Qui
1355 963 1476 997 quamvis
1499 963 1543 990 die
1563 962 1645 990 .tertio
1662 962 1819 993 resurrexit.

1029 1016 1164 1044 nunquam
1177 1009 1321 1045 moriturus
1334 1009 1459 1040 ulterius;
1476 1008 1583 1043 pertulit
1593 1013 1681 1036 tamen
1691 1016 1738 1043 pro
1749 1015 1822 1036 mor-

1029 1054 1124 1091 talibus
1140 1049 1271 1094 mortem,
1286 1055 1331 1089 qui
1346 1055 1459 1082 mortuis
1474 1054 1596 1089 prwstitit
1616 1054 1707 1086 vitam,
1731 1058 1760 1081 ut
1778 1061 1822 1082 re-

1029 1101 1130 1137 dempti
1144 1101 1202 1136 ejus
1218 1101 1358 1135 sanguine.
1381 1105 1455 1128 tanto
1467 1108 1499 1128 ac
1514 1101 1560 1128 tali
1583 1100 1693 1136 pignore
1711 1104 1822 1134 accepto

1030 1147 1171 1182 dicerent:
1187 1148 1218 1175 Si
1242 1147 1310 1175 Deus
1333 1156 1378 1182 pro
1395 1147 1476 1181 nobis,
1497 1147 1553 1183 quis
1578 1152 1665 1175 contra
1686 1147 1753 1174 nos?
1772 1146 1824 1179 Qui

1031 1192 1102 1228 Filio
1117 1201 1162 1220 suo
1179 1193 1282 1228 proprio
1295 1201 1345 1220 non
1360 1193 1470 1228 pepercit
1480 1213 1487 1224 ,
1502 1193 1548 1220 sed
1565 1201 1611 1228 pro
1624 1193 1694 1220 nobis
1708 1192 1825 1221 omnibus

1032 1238 1214 1277 tradiditeum,
1226 1238 1350 1273 quomodo
1365 1246 1415 1270 nan
1428 1243 1452 1265 et
1463 1246 1521 1265 cum
1532 1237 1578 1265 illo
1590 1238 1676 1264 omnia
1688 1238 1759 1265 nobis
1771 1237 1822 1265 do-

1033 1285 1100 1311 nauit
1115 1288 1123 1319 (
1137 1284 1213 1320 Rom.
1231 1292 1288 1316 vnt,
1312 1284 1356 1317 5i,
1372 1283 1429 1319 52)
1446 1284 1541 1316 ‘tDeus
1560 1291 1625 1318 ergo
1640 1288 1761 1312 naturam
1777 1291 1826 1312 no-

1033 1335 1126 1367 strain,
1140 1330 1165 1357 id
1175 1335 1217 1358 est
1231 1330 1347 1357 animam
1362 1329 1519 1370 rationalem
1532 1336 1694 1364 carnemque
1709 1329 1826 1368 hominis

1033 1375 1131 1409 Christi
1147 1376 1157 1391 ³
1179 1376 1308 1411 sumepit,
1327 1375 1498 1410 susceptione
1520 1374 1690 1410 singulariter
1711 1375 1827 1408 mirabili

1035 1422 1077 1450 vel
1091 1422 1248 1453 mirabiliter
1262 1421 1402 1457 singulari,
1423 1426 1450 1448 ut
1464 1421 1527 1449 nulli
1539 1421 1650 1456 justitiae
1660 1428 1716 1449 sum
1727 1428 1829 1457 praece-

1034 1468 1159 1498 dentibus
1170 1468 1272 1495 meritis
1285 1459 1369 1495 Filius
1384 1468 1430 1495 Dei
1441 1467 1480 1495 sic
1492 1472 1564 1495 esset
1577 1468 1611 1495 ab
1619 1467 1694 1495 initio
1706 1475 1759 1502 quo
1768 1475 1830 1496 esse

1035 1514 1117 1541 ltotno
1131 1514 1266 1549 coepisset,
1281 1518 1310 1541 ut
1319 1514 1375 1548 ipse
1387 1518 1414 1541 et
1426 1513 1540 1541 Verbum
1549 1513 1620 1548 quod
1627 1514 1685 1540 sine
1692 1513 1767 1541 initio
1776 1518 1827 1547 est,

1035 1568 1088 1598 una
1104 1567 1217 1595 persomt
1236 1564 1317 1587 esset.
1342 1559 1432 1594 Neque
1456 1560 1527 1587 enim
1542 1560 1682 1595 quisquam
1690 1564 1769 1587 tanta
1789 1560 1830 1587 rei

1037 1606 1117 1641 hujus
1130 1610 1158 1646 et
1172 1605 1234 1643 ﬁdei
1247 1613 1335 1640 caecus
1348 1599 1390 1633 est
1403 1605 1563 1647 ignorantia,
1578 1610 1607 1633 ut
1621 1606 1717 1633 audeat
1729 1606 1829 1640 dicere,

1038 1644 1160 1692 quamvis
1172 1651 1205 1679 de
1216 1651 1317 1689 Spiritu
1331 1656 1463 1692 sanctolelt.
1476 1644 1578 1686 virgine
1587 1651 1671 1680 Maria
1686 1651 1770 1680 ﬁlium
1780 1652 1831 1680 lto-

1039 1687 1118 1725 ininis
1132 1687 1236 1731 natum,
1255 1687 1304 1733 per
1325 1687 1438 1725 liberum
1454 1702 1541 1725 tamen
1556 1698 1696 1725 arbitrium
1711 1698 1780 1726 bene
1794 1699 1834 1727 vi-

1039 1744 1137 1778 vendo,
1150 1748 1178 1772 et
1196 1744 1255 1772 sine
1270 1749 1379 1779 peccato
1390 1744 1460 1772 bona
1472 1752 1554 1779 opera
1569 1745 1689 1773 faciendo
1702 1746 1833 1774 meruisse

1041 1795 1070 1817 ut
1080 1795 1151 1817 esset
1162 1790 1209 1818 Dei
1223 1790 1317 1825 Filius,
1326 1791 1468 1818 resistente
1476 1790 1621 1826 Evangelio
1629 1795 1709 1826 atque
1716 1791 1833 1826 dicente,

1048 1836 1155 1864 Verbum
1168 1845 1227 1864 curo
1242 1837 1338 1872 factum
1350 1841 1385 1864 est
1406 1837 1416 1872 (
1430 1837 1508 1864 Joan.
1524 1845 1544 1870 ι,
1560 1838 1595 1865 Η
1608 1837 1628 1872 ).
1643 1837 1709 1866 Nam
1726 1838 1771 1866 ubi
1784 1838 1836 1866 hoc

1041 1884 1140 1911 factum
1156 1888 1206 1916 est,
1223 1883 1273 1911 nisi
1293 1883 1320 1911 in
1334 1888 1411 1911 utero
1423 1884 1566 1919 virginali,
1581 1884 1652 1912 unde
1667 1884 1715 1912 fuit
1730 1885 1834 1912 initium

1042 1929 1160 1966 hominis
1181 1929 1300 1957 Christi?
1316 1929 1435 1965 itemque
1457 1929 1565 1965 Virgine
1586 1930 1755 1965 requirente,
1770 1937 1830 1966 quo-

1043 1976 1124 2003 modo
1138 1976 1214 2003 ﬁeret
1229 1967 1300 2012 quod
1311 1976 1334 2004 ei
1350 1984 1399 2011 per
1411 1976 1535 2011 angelum
1554 1977 1741 2012 nuntiabatur,
1757 1986 1838 2014 θηκα-

1043 2021 1087 2049 ius
1101 2018 1255 2057 respondit,
1277 2021 1389 2057 Spiritus
1404 2028 1506 2050 sanctus
1518 2023 1673 2057 superveniet
1693 2024 1720 2050 in
1740 2029 1764 2052 te
1778 2023 1798 2057 ‘,
1816 2029 1839 2052 et

1045 2068 1122 2095 virtus
1132 2068 1255 2096 Altiuimi
1266 2068 1421 2095 obumbrabil
1433 2068 1477 2095 tibi
1492 2077 1501 2096 ε
1515 2074 1658 2104 propterea,
1674 2071 1743 2105 quod
1752 2079 1840 2099 nasce-

1045 2110 1087 2141 tur
1098 2123 1128 2142 ex
1141 2120 1163 2141 te
1176 2114 1310 2149 Sanctum,
1325 2116 1453 2142 vocabitur
1468 2115 1552 2143 Filius
1568 2115 1616 2142 Dei
1629 2116 1638 2152 (
1651 2116 1715 2144 Luc.
1728 2125 1746 2150 t,
1767 2117 1802 2146 55

1047 2160 1186 2195 Propterea
1197 2181 1205 2194 ,
1223 2160 1326 2196 inquit:
1345 2169 1397 2188 non
1420 2166 1529 2195 propter
1541 2169 1634 2196 opera,
1650 2169 1710 2196 qua:
1723 2163 1839 2190 nondum

1048 2207 1104 2234 nati
1122 2207 1213 2243 utique
1228 2206 1299 2234 nulla
1320 2211 1396 2240 sunt;
1419 2207 1473 2245 sed
1487 2213 1620 2243 propterea
1642 2208 1702 2242 quia
1728 2208 1841 2244 Spiritus

1048 2257 1148 2280 sanctus
1163 2253 1318 2287 superveniet
1332 2253 1358 2279 in
1372 2259 1405 2285 te,
1420 2258 1442 2280 et
1456 2254 1534 2280 uirtus
1547 2254 1669 2280 Altissimi
1685 2254 1841 2282 obutnbrabit

1050 2299 1104 2331 tibi,
1121 2298 1187 2333 quod
1200 2303 1316 2325 nascetur
1326 2307 1357 2325 ea:
1369 2303 1393 2325 te
1406 2298 1540 2331 Sanctum,
1548 2299 1676 2326 vocabitur
1686 2299 1769 2327 Filius
1783 2299 1841 2328 Dei.

1049 2337 1101 2372 Ista
1121 2344 1244 2371 nativitas
1265 2343 1385 2379 profecto
1403 2344 1516 2379 gratuita
1530 2344 1668 2379 conjunxit
1682 2346 1708 2372 in
1721 2346 1822 2374 unitate
1832 2346 1844 2363 ⁸

1051 2399 1173 2427 personae
1188 2391 1323 2418 hominem
1338 2391 1402 2424 Deo,
1412 2399 1519 2419 carnem
1535 2392 1632 2420 Verbo.
1650 2393 1729 2421 Istam
1746 2395 1842 2422 nativi-

1053 2443 1134 2466 tatem
1149 2438 1218 2465 bona
1234 2445 1316 2472 opera
1331 2442 1421 2465 secuta
1442 2443 1513 2472 sunt,
1532 2446 1586 2466 non
1606 2438 1676 2467 bona
1689 2441 1770 2476 opera
1785 2448 1843 2469 me-

1053 2488 1176 2521 ruerunt,
1185 2483 1277 2519 Neque
1285 2484 1356 2511 enim
1368 2484 1540 2512 metuendum
1550 2490 1617 2519 erat,
1634 2494 1669 2514 ne
1681 2486 1732 2516 isto
1752 2487 1844 2515 inetia-

1054 2531 1101 2558 bili
1122 2530 1201 2558 modo
1216 2530 1243 2557 in
1264 2532 1393 2558 unitatem
1408 2538 1529 2566 persona:
1550 2539 1564 2558 a
1577 2531 1666 2560 Verbo
1682 2532 1737 2560 Deo
1751 2531 1843 2561 natura

1055 2576 1171 2604 humana
1192 2574 1326 2611 suscepta,
1350 2571 1398 2611 per
1420 2576 1532 2604 liberum
1556 2578 1699 2606 voluntatis
1723 2584 1849 2613 peccaret

1056 2622 1206 2655 arant-ium,
1222 2629 1283 2649 cum
1305 2622 1362 2656 ipsa
1375 2622 1508 2657 susceptio
1522 2622 1583 2661 talis
1602 2627 1683 2656 esset,
1701 2624 1730 2650 ut
1752 2625 1848 2651 natura

1057 2668 1174 2696 hominis
1197 2676 1212 2695 a
1239 2667 1296 2696 Deo
1311 2668 1345 2695 ita
1365 2668 1509 2703 suscepta,
1525 2661 1626 2696 nullum
1645 2669 1671 2696 in
1694 2669 1723 2697 se
1746 2674 1848 2697 motum

1089 2727 1098 2742 ⁸
1115 2726 1151 2751 sle
1162 2728 1234 2751 vetus
1241 2724 1318 2750 codex
1330 2724 1491 2757 eorbeiensis.
1505 2727 1533 2750 At
1545 2725 1618 2756 editi,
1629 2731 1645 2750 ιι
1659 2731 1685 2751 se
1696 2724 1756 2757 ipso.

1089 2758 1100 2774 ⁸
1115 2757 1166 2785 llic,
1178 2762 1230 2786 suo,
1242 2762 1274 2780 ex
1286 2759 1339 2780 Mss.
1352 2755 1512 2786 restituimus.

1091 2788 1102 2804 ³
1117 2778 1169 2823 In};
1237 2778 1339 2823 alii};
1352 2778 1570 2823 ἒὶῖιῖῖἐξτέὲῖξζῇῥιίυδ
1574 2783 1731 2823 posteriores
1738 2778 1852 2823 quamam

1091 2793 1102 2804 ι
1118 2793 1169 2811 Am.
1182 2793 1222 2811 ar.
1237 2793 1263 2812 et
1274 2793 1339 2817 μοι,
1352 2793 1469 2811 cnnsms.
1486 2793 1731 2842 aienus‘gtstertores
1742 2793 1852 2823 quanam

1058 2817 1167 2855 opaseuli
1182 2818 1256 2855 hujus
1271 2817 1401 2855 editiones,
1411 2816 1524 2855 rt‘hristt’;
1542 2823 1574 2848 qu
1618 2824 1631 2843 s
1647 2812 1769 2844 consentit
1788 2817 1852 2845 auti-

1059 2848 1189 2882 qitissimus
1200 2848 1278 2873 codex
1289 2848 1450 2882 Corbeiensis.

1092 2881 1105 2914 ξ
1119 2882 1232 2914 Plerique
1242 2885 1306 2912 ω,
1315 2881 1393 2914 Δυεηὶρι
1404 2887 1477 2914 super
1487 2881 1519 2906 te.

1095 2913 1106 2930 ⁸
1121 2912 1224 2942 Quatuor
1237 2918 1298 2945 ttss.,
1309 2912 1336 2939 in
1479 2923 1482 2927 -
