4142 6502
527 371 635 430 Mli

529 483 690 541 malm
731 478 1020 538 voluntatis
1063 474 1389 534 admitteret.
1431 475 1536 531 Per
1572 475 1715 530 hunc
1767 473 2110 528 Mediatorem

532 577 676 634 Deus
702 575 933 632 ostendit
959 586 1074 638 eos,
1104 587 1242 644 quos
1257 570 1377 642 ejus
1397 571 1656 642 sanguine
1673 570 1918 633 redemit,
1937 569 2113 624 facere

533 683 595 723 se
619 683 684 722 ex
715 666 867 721 malis
893 663 1146 734 deinceps
1190 663 1242 718 in
1281 675 1542 718 aeternum
1586 661 1775 728 bonos,
1823 677 1982 731 quem
2037 659 2115 714 sic

529 758 784 828 suscepit,
817 765 876 810 ut
905 770 1176 825 nunquam
1207 764 1350 810 esset
1378 755 1572 822 malus,
1619 769 1716 810 nec
1759 769 1826 810 ex
1855 752 1998 808 malo
2038 749 2116 806 fa-

532 859 650 906 ctus
675 863 890 919 semper
917 858 1060 904 esset
1083 848 1256 904 bonus
1283 849 1324 904 ⁸.

602 941 692 996 3i.
733 938 889 996 Istam
919 940 1141 1012 gratiam
1173 955 1276 994 non
1318 939 1506 994 habuit
1533 939 1696 995 homo
1742 939 1968 1010 primus,
2014 953 2116 1008 qua

529 1046 799 1102 nunquam
845 1032 1008 1088 vellet
1051 1047 1170 1089 esse
1211 1033 1382 1088 malus
1411 1034 1432 1064 ²
1467 1050 1479 1085 :
1514 1033 1607 1088 sed
1653 1047 1782 1087 sane
1825 1031 2031 1097 habuit,
2063 1032 2118 1086 in

527 1139 630 1198 qua
660 1125 705 1179 si
747 1139 1065 1196 permanere
1111 1125 1293 1194 vellet,
1339 1140 1608 1195 nunquam
1659 1124 1831 1180 malus
1859 1133 2020 1190 esset,
2063 1132 2120 1180 et

527 1217 643 1274 sine
686 1228 792 1287 qua
829 1217 990 1273 etiam
1020 1231 1142 1272 cum
1188 1217 1356 1272 libero
1399 1216 1619 1271 arbitrio
1663 1216 1834 1270 bonus
1863 1231 1984 1272 esse
2013 1231 2119 1270 non

527 1315 732 1380 posset,
773 1306 868 1364 sed
907 1323 1025 1364 eam
1055 1315 1232 1363 tamen
1262 1322 1357 1377 per
1383 1307 1610 1363 liberum
1638 1307 1917 1362 arbitrium
1960 1307 2117 1362 dese-

527 1413 652 1458 rere
679 1408 876 1470 posset.
915 1399 1027 1455 Nec
1077 1400 1250 1470 ipsum
1291 1415 1418 1470 ergo
1455 1400 1596 1454 Deus
1643 1413 1762 1454 esse
1791 1399 1960 1454 voluit
2005 1400 2120 1453 sine

530 1507 626 1548 sua
647 1493 836 1564 gratia.
869 1507 1026 1562 quam
1055 1491 1274 1562 reliquit
1302 1491 1354 1546 in
1383 1490 1498 1560 ejus
1521 1491 1690 1546 libero
1712 1489 1951 1545 arbitrio.
1979 1489 2120 1558 Quo-

531 1584 675 1640 niam
706 1583 931 1639 liberum
961 1583 1238 1639 arbitrium
1267 1582 1334 1637 ad
1355 1583 1555 1637 malum
1583 1581 1801 1650 sufficit,
1829 1582 1894 1637 ad
1921 1582 2119 1636 bonum

445 1725 464 1734 -
531 1687 710 1734 autem
754 1692 940 1748 parum
980 1685 1063 1732 est
1091 1675 1133 1744 ⁸,
1181 1676 1284 1730 nisi
1325 1675 1606 1743 adjuvetur
1652 1676 1720 1730 ab
1767 1675 2120 1745 omnipotenti

533 1769 697 1826 bono.
729 1767 885 1839 Quod
914 1767 1234 1837 adjutorium
1261 1767 1308 1822 si
1335 1768 1496 1823 homo
1527 1769 1616 1823 ille
1645 1783 1739 1838 per
1761 1768 1986 1823 liberum
2015 1784 2122 1822 non

532 1864 857 1922 deseruisset
899 1862 1199 1928 arbitrium,
1241 1877 1454 1932 semper
1481 1871 1624 1917 esset
1653 1861 1826 1916 bonus
1855 1879 1869 1916 :
1902 1860 1995 1916 sed
2025 1860 2122 1916 de-

535 1956 721 2024 seruit,
769 1964 824 2012 et
847 1955 1091 2010 desertus
1117 1963 1218 2008 est.
1260 1953 1390 2009 Tale
1413 1954 1610 2024 quippe
1635 1963 1750 2009 erat
1775 1937 2120 2022 adjutorium,

535 2049 676 2120 quod
716 2047 993 2104 desereret
1018 2062 1140 2102 cum
1180 2047 1362 2112 vellet,
1402 2057 1458 2102 et
1485 2049 1538 2102 in
1577 2063 1684 2117 quo
1713 2053 2053 2118 permaneret
2078 2047 2124 2102 si

534 2141 725 2195 vellet:
759 2156 865 2194 non
893 2155 998 2209 quo
1027 2139 1182 2196 ﬁeret
1207 2147 1267 2194 ut
1291 2139 1468 2194 vellet.
1512 2138 1637 2194 Haec
1659 2140 1830 2211 prima
1854 2151 1935 2194 est
1955 2139 2124 2210 gratia

537 2246 658 2302 quae
683 2231 804 2286 data
823 2239 906 2286 est
934 2231 1105 2302 primo
1135 2231 1302 2286 Adam
1338 2249 1351 2285 :
1381 2231 1474 2286 sed
1497 2230 1596 2286 hac
1623 2229 1646 2264 ‘
1673 2233 1942 2302 potentior
1969 2245 2052 2288 est
2069 2233 2125 2287 in

537 2323 772 2380 secundo
791 2323 980 2379 Adam.
1009 2323 1182 2378 Prima
1207 2333 1290 2378 est
1309 2323 1450 2378 enim
1469 2339 1572 2393 qua
1590 2323 1648 2377 fit
1675 2332 1732 2378 ut
1755 2323 1947 2380 habeat
1963 2323 2124 2378 homo

537 2415 795 2488 justitiam
810 2417 856 2472 si
877 2417 1031 2472 velit:
1048 2416 1282 2472 secunda
1307 2433 1434 2488 ergo
1448 2419 1563 2486 plus
1589 2425 1762 2488 potest
1776 2419 1818 2486 ',
1836 2433 1938 2488 qua
1963 2419 2122 2473 etiam

543 2511 604 2566 fit
621 2521 677 2566 ut
703 2511 848 2576 velit,
877 2519 932 2566 et
957 2519 1159 2565 tantum
1189 2510 1339 2576 velit,
1359 2520 1609 2580 tantoque
1625 2510 1816 2566 ardore
1843 2511 2048 2580 diligat,
2069 2519 2127 2566 ut

541 2605 719 2662 carnis
748 2603 1074 2658 voluntatem
1093 2603 1358 2656 contraria
1373 2604 1838 2672 concupiscentem
1856 2603 2128 2659 voluntate

537 2696 756 2768 spiritus
783 2694 804 2726 ⁸
827 2695 1026 2748 vincat.
1065 2693 1174 2748 Nec
1197 2693 1284 2747 illa
1310 2693 1524 2762 quidem
1554 2709 1714 2765 parva
1739 2703 1874 2759 erat,
1903 2710 2004 2764 qua
2032 2693 2128 2749 de-

538 2795 834 2843 monstrata
861 2795 947 2840 est
973 2785 1132 2840 etiam
1161 2786 1393 2855 potentia
1435 2785 1587 2839 liberi
1616 2786 1841 2851 arbitrii,
1871 2787 2124 2857 quoniam

539 2881 620 2936 sic
647 2878 1018 2948 adjuvabatur,
1063 2887 1122 2932 ut
1165 2877 1282 2932 sine
1328 2877 1430 2931 hoc
1457 2875 1722 2946 adjutorio
1751 2878 1804 2932 in
1849 2879 1991 2934 bono
2021 2895 2124 2935 non

538 2981 802 3037 maneret,
831 2971 924 3027 sed
947 2971 1049 3026 hoc
1073 2970 1397 3041 adjutorium
1419 2970 1464 3024 si
1491 2969 1650 3024 vellet
1675 2969 1970 3026 desereret.
2001 2971 2128 3026 Haec

537 3071 716 3118 autem
740 3071 885 3118 tanto
911 3062 1082 3132 major
1106 3069 1208 3128 est,
1243 3069 1302 3116 ut
1327 3077 1512 3132 parum
1535 3062 1604 3116 sit
1631 3063 1831 3118 homini
1861 3079 1954 3134 per
1979 3065 2122 3118 illam

537 3169 790 3226 reparare
813 3154 1074 3226 perditam
1103 3155 1426 3221 libertatem,
1457 3169 1644 3226 parum
1669 3155 1739 3210 sit
1759 3155 1988 3226 denique
2015 3173 2122 3212 non

539 3261 700 3318 posse
743 3247 860 3302 sine
905 3247 994 3302 illa
1037 3247 1125 3302 vel
1165 3247 1566 3317 apprehendere
1608 3247 1829 3314 bonum,
1874 3249 1958 3306 vel
2005 3266 2126 3321 per-

538 3353 761 3397 manere
809 3337 864 3394 in
913 3338 1054 3394 bono
1105 3339 1152 3394 si
1201 3339 1348 3407 velit,
1405 3341 1508 3396 nisi
1561 3341 1722 3396 etiam
1769 3341 2029 3398 efﬁciatur
2073 3353 2130 3400 ut

539 3431 689 3489 velit.

617 3522 708 3580 32.
748 3522 898 3578 Tunc
937 3535 1066 3592 ergo
1093 3521 1315 3578 dederat
1341 3521 1546 3578 homini
1577 3524 1716 3580 Deus
1759 3524 1951 3580 bonam
1980 3527 2002 3558 "
2029 3540 2128 3582 vo-

541 3619 835 3680 luntatem;
869 3615 920 3669 in
952 3615 1040 3670 illa
1085 3615 1284 3686 quippe
1311 3631 1434 3670 eum
1465 3615 1666 3672 fecerat
1693 3617 1783 3687 qui
1815 3619 2012 3674 fecerat
2041 3636 2129 3676 re-

543 3718 688 3766 ctum
723 3706 989 3763 :dederat
1033 3706 1354 3777 adjutorium
1401 3708 1459 3774 °,
1507 3709 1622 3764 sine
1662 3725 1768 3779 quo
1813 3711 1864 3765 in
1916 3727 1978 3767 ea
2025 3729 2130 3768 non

543 3809 722 3874 posset
751 3813 1066 3870 permanere
1107 3797 1154 3853 si
1181 3797 1378 3866 vellet;
1429 3807 1486 3854 ut
1512 3809 1690 3856 autem
1721 3803 1900 3870 vellet,
1935 3804 1989 3858 in
2015 3803 2131 3874 ejus

543 3891 714 3948 libero
762 3889 972 3960 reliquit
1025 3889 1266 3946 arbitrio.
1307 3891 1496 3946 Posset
1547 3909 1676 3965 ergo
1717 3909 2036 3964 permanere
2085 3898 2132 3953 si

543 3983 703 4040 vellet
735 3999 750 4036 :
783 3983 904 4054 quia
943 3997 1050 4038 non
1073 3981 1260 4038 deerat
1286 3983 1606 4054 adjutorium
1637 4001 1732 4056 per
1755 3988 1894 4058 quod
1924 4001 2127 4060 posset,

542 4083 596 4132 et
624 4074 740 4132 sine
776 4088 884 4144 quo
913 4089 1016 4128 non
1062 4083 1242 4143 posset
1284 4086 1691 4144 perseveranter
1719 4077 1918 4132 bonum
1947 4087 2132 4136 tenere

544 4165 686 4238 quod
715 4164 890 4220 vellet.
921 4163 1026 4220 Sed
1048 4165 1170 4234 quia
1197 4165 1368 4220 noluit
1394 4181 1726 4236 permanere,
1756 4171 1994 4240 profecto
2015 4171 2130 4241 ejus

543 4259 698 4329 Culpa
717 4269 820 4326 est,
841 4257 996 4328 cujus
1016 4259 1263 4314 meritum
1292 4257 1497 4325 fuisset,
1520 4260 1567 4314 si
1593 4275 1906 4329 permanere
1925 4265 2129 4320 voluis-

545 4362 630 4408 set
661 4369 675 4406 :
705 4352 844 4406 sicut
872 4351 1110 4406 fecerunt
1137 4351 1322 4423 Augeli
1348 4353 1540 4420 sancti,
1559 4354 1650 4425 qui
1678 4355 1988 4413 cadentibus
2013 4359 2132 4414 aliis

547 4461 646 4517 per
675 4443 900 4499 liberum
929 4441 1226 4508 arbitrium,
1259 4457 1356 4514 per
1397 4444 1536 4500 idem
1587 4446 1810 4502 liberum
1853 4449 2130 4506 arbitrium

545 4543 805 4591 steterunt
829 4534 950 4605 ipsi,
981 4541 1038 4590 et
1063 4533 1217 4606 hujus
1243 4536 1632 4605 permansionis
1659 4537 1892 4595 debitam
1917 4557 2128 4599 merce-

545 4625 666 4683 dem
693 4627 932 4696 recipere
957 4634 1287 4692 meruerunt,
1329 4636 1526 4682 tantam
1557 4629 1763 4684 scilicet
1789 4632 2133 4690 beatitudinis

549 4711 953 4783 plenitudinem,
1005 4725 1108 4779 qua
1153 4711 1231 4765 eis
1269 4711 1625 4768 certissimum
1667 4715 1780 4769 sit“
1819 4732 2032 4787 semper
2073 4735 2133 4776 se

553 4801 608 4858 in
639 4801 729 4856 illa
771 4817 892 4856 esse
917 4815 1218 4855 mansuros.
1255 4801 1309 4858 Si
1339 4811 1516 4858 autem
1557 4806 1660 4861 hoc
1694 4807 2015 4878 adjutorium
2047 4812 2132 4866 vel

549 4893 742 4965 angelo
763 4892 846 4948 vel
872 4891 1096 4959 homini,
1123 4908 1244 4948 cum
1283 4895 1512 4966 primum
1529 4895 1654 4953 facti
1675 4907 1817 4966 sunt,
1845 4900 2130 4970 defuisset;

613 5009 645 5076 tr
667 5012 734 5058 ιω
757 5009 966 5058 vaticani
987 5015 1195 5076 quatuor
1201 5015 1318 5076 μεθ.
1357 5010 1440 5061 Alii
1464 5011 1572 5076 libri
1595 5013 1794 5076 habent,
1830 5029 1891 5068 ne
1915 5032 1980 5070 ea:
2010 5021 2138 5076 malo

549 5071 725 5147 fectus,
740 5077 846 5147 'etc.
867 5071 1294 5147 ln_posterioribus
1329 5073 1596 5147 nonuullis_
1615 5071 1906 5147 editiouibus
1949 5071 2138 5147 adjecta

547 5132 1036 5246 Σὲἔὲὲθὶὲἓυὲθθπίθ
1067 5132 1267 5198 κείων»
1301 5147 1362 5186 ’τε
1399 5147 1464 5186 επ
1498 5135 1626 5188 mata
1657 5139 1812 5202 racius
1831 5155 1928 5194 non

617 5257 637 5288 ³
671 5257 888 5320 Quinque
909 5263 1036 5318 Mss,
1064 5269 1159 5322 qua
1173 5269 1417 5324 nunquam
1437 5264 1556 5309 esset
1576 5261 1749 5313 malus.

618 5319 639 5352 ³
659 5325 789 5376 Lov.,
811 5315 932 5370 nihil
951 5325 1038 5370 est.
1063 5319 1180 5370 Editi
1201 5317 1283 5368 alii
1307 5326 1358 5370 et
1377 5325 1508 5376 Mss"
1525 5335 1696 5376 parum
1723 5333 1795 5376 est

618 5335 639 5352 '
661 5335 789 5378 ων.,
811 5335 932 5370 mnu
951 5335 1038 5370 εει.
1063 5335 1180 5370 ωιιι
1201 5335 1283 5368 alii
1307 5335 1358 5370 ει
1379 5335 1508 5380 ωδε..
1525 5335 1696 5384 parum
1723 5335 1811 5376 est.

615 5379 642 5457 ε
671 5389 770 5430 Am.
792 5387 865 5431 Er.
891 5389 943 5432 et
965 5387 1096 5442 bov.,
1119 5381 1204 5432 sed
1227 5380 1350 5434 lucc.
1374 5383 1659 5436 Concinnius
1691 5385 1873 5452 aliquot
1896 5397 2023 5457 uss,
2050 5393 2138 5448 sed

553 5441 1004 5580 nafcisterciensis
1023 5511 1131 5564 Ms.,
1154 5503 1366 5577 secunda
1395 5503 1504 5572 plus
1524 5515 1722 5582 potens;
1743 5513 1938 5576 omisso,
1961 5531 2094 5584 ergo.

616 5568 638 5600 0
669 5567 938 5600 l‘ncnlnnmc
959 5573 1024 5600 Mc
1082 5573 1372 5600 rmlruﬂno'n
1397 5581 1756 5600 ρηκριηκιιημειι.
1788 5575 2022 5600 ....l........--
2050 5595 2094 5600 -.-

585 5567 948 5648 ..1.εθδὲέεέίιὲἱὲ,
959 5573 1216 5648 “52.00”!
1216 5567 1756 5648 Εΐὲἐιῑξρέοηςὲνὲδοεῑηῖε
1788 5567 2142 5648 εὀιιιηὶάςέῖῑὶίτ

549 5627 691 5702 ritus.
735 5637 836 5679 nuo
871 5627 952 5678 alii
995 5627 1102 5679 Mss.
1125 5663 1140 5690 ,
1181 5629 1424 5682 caturtm'a
1473 5627 1880 5700 coitcupisceman

553 5697 766 5756 spiritus.

615 5752 637 5816 ἶ
670 5755 889 5816 Quinque
911 5758 1040 5816 uss,
1075 5753 1288 5806 liberam.

616 5811 640 5883 ξ
670 5811 1176 5883 épud'lovnﬂederat
1193 5823 1240 5868 et
1261 5819 1578 5883 adjutorium.

617 5871 642 5910 '
672 5871 794 5934 lies
813 5891 846 5934 θ
867 5871 1101 5935 vatim
1121 5871 1342 5948 ωηὶειξ

1389 6491 1406 6496 —
1423 6491 1434 6496 -
1455 6489 1566 6502 —_--'_-_
1589 6483 1740 6502 —-l--!;-
1763 6487 1948 6502 :-_--.qt-———-
1971 6489 2184 6496 —---—---—-—
2203 6485 2226 6494 δ

1376 359 1469 418 DE
1503 356 1985 419 CORREP’I‘IONE
2023 355 2114 412 ET
2149 353 2431 423 GBATIA,
2471 355 2532 414 S.
2572 356 2946 418 AUGUSTINI

2221 471 2472 542 quoniam
2484 487 2588 526 non
2607 474 2729 530 talis
2755 483 2940 528 natura
2967 472 3100 528 facta
3115 479 3250 539 erat,
3264 478 3324 528 ut
3335 469 3455 528 sine
3471 469 3655 527 divino
3669 471 3812 544 adju-

2220 564 2358 619 torio
2381 575 2558 634 posset
2573 581 2788 622 manere
2815 568 2860 622 si
2884 567 3058 634 vellet,
3075 581 3176 620 non
3197 567 3379 638 utique
3394 581 3492 621 sua
3505 565 3659 637 culpa
3677 567 3808 624 ceci-

2221 655 2425 710 dissent
2443 675 2456 711 :
2474 657 2794 727 adjutorium
2813 659 3010 728 quippe
3029 657 3304 722 defuisset,
3328 659 3444 713 sine
3465 674 3572 728 quo
3597 673 3813 716 manere

2221 764 2330 803 non
2353 761 2584 815 possent.
2609 750 2760 806 Nunc
2777 761 2954 808 autem
2968 752 3160 821 quibus
3173 753 3327 808 deest
3345 752 3447 808 tale
3468 751 3810 822 adjutorium,

2215 837 2326 910 jam
2346 855 2500 909 paena
2527 843 2729 911 peccati
2756 851 2872 897 est:
2898 843 3088 913 quibus
3109 853 3284 898 autem
3311 842 3488 908 datur,
3519 843 3810 900 secundum

2223 934 2443 1004 gratiam
2461 934 2639 1002 datur,
2653 949 2762 989 non
2775 935 3064 990 secundum
3083 935 3342 1000 debitum;
3359 945 3416 990 et
3427 943 3574 990 tanto
3589 936 3818 1007 amplius

2223 1024 2376 1080 datur
2403 1041 2497 1096 per
2522 1025 2702 1082 Jesum
2724 1027 2994 1082 Christum
3027 1028 3308 1082 Dominum
3333 1037 3598 1093 nostrum,
3621 1029 3816 1098 quibus

2224 1116 2277 1172 id
2303 1118 2429 1173 dare
2451 1119 2559 1174 Deo
2585 1119 2798 1188 placuit,
2828 1129 2887 1175 ut
2911 1136 3016 1175 non
3047 1121 3218 1176 solum
3249 1119 3388 1174 adsit
3418 1120 3536 1177 sine
3561 1135 3668 1190 quo
3699 1137 3818 1190 per-

2225 1225 2443 1267 manere
2465 1225 2569 1266 non
2593 1228 2896 1282 possumus,
2929 1215 3088 1268 etiam
3111 1215 3154 1269 si
3178 1215 3422 1278 velimus,
3449 1229 3634 1268 verum
3657 1217 3816 1268 etiant

2225 1311 2428 1358 tantum
2457 1319 2520 1358 ac
2557 1303 2660 1359 tale
2689 1305 2775 1372 sit,
2811 1315 2870 1360 ut
2893 1306 3140 1361 velimus.
3185 1305 3271 1360 Fit
3298 1307 3314 1338 ί
3347 1307 3544 1376 quippe
3579 1306 3630 1360 in
3663 1307 3818 1362 nubis

2225 1408 2323 1464 per
2362 1393 2500 1450 hanc
2541 1395 2631 1450 Dei
2668 1396 2895 1466 gratiam
2925 1397 2978 1452 in
3017 1397 3158 1451 bono
3187 1398 3498 1468 recipiendo
3541 1405 3594 1452 et
3623 1413 3812 1468 perse-

2224 1495 2476 1542 veranter
2521 1487 2770 1554 tenendo,
2813 1503 2916 1543 non
2960 1489 3131 1544 solum
3167 1505 3328 1560 posse
3366 1491 3508 1562 quod
3548 1491 3814 1558 volumus,

2227 1593 2409 1633 verum
2437 1579 2597 1635 etiam
2636 1580 2774 1635 velle
2803 1580 2944 1651 quod
2971 1597 3271 1650 possumus.
3313 1583 3465 1649 Quod
3507 1597 3612 1638 non
3639 1582 3736 1638 fuit
3765 1585 3818 1638 in

2225 1668 2442 1725 homine
2459 1671 2630 1740 primo
2660 1689 2674 1727 :
2705 1688 2866 1727 unum
2890 1674 3030 1728 enim
3055 1673 3246 1729 horum
3269 1675 3320 1728 itt
3341 1675 3432 1730 illo
3451 1675 3566 1738 fuit,
3591 1677 3818 1731 alterum

2227 1777 2331 1817 non
2378 1763 2496 1818 fuit.
2539 1764 2776 1835 Namque
2823 1776 2880 1820 ut
2919 1767 3180 1836 reciperet
3226 1768 3446 1834 bonum,
3490 1768 3664 1839 gratia
3711 1785 3820 1824 non

2226 1855 2448 1924 egebat,
2493 1856 2614 1925 quia
2662 1857 2896 1912 nondum
2943 1858 3292 1928 perdiderat:
3325 1869 3382 1914 ut
3429 1855 3608 1914 autem
3657 1861 3710 1914 iu
3753 1876 3840 1930 eo,

2229 1959 2595 2018 permaneret,
2646 1951 2837 2020 egebat
2879 1951 3144 2020 adjutorio
3183 1955 3400 2024 gratiae,
3449 1954 3566 2008 sine
3609 1969 3717 2026 quo
3763 1953 3820 2009 id

2228 2043 2444 2097 omnino
2469 2057 2572 2098 non
2603 2051 2785 2114 posset
2815 2063 2827 2100 :
2860 2053 2914 2100 et
2941 2055 3220 2116 acceperat
3263 2062 3420 2117 posse
3445 2048 3488 2102 si
3517 2048 3695 2113 vellet,
3725 2046 3824 2102 sed

2230 2149 2334 2188 non
2363 2133 2546 2190 habuit
2574 2136 2710 2190 velle
2735 2135 2875 2207 quod
2903 2146 3122 2206 posset;
3155 2153 3275 2193 nam
3301 2139 3346 2194 si
3375 2139 3666 2202 habuisset,
3697 2156 3822 2209 ρει-ο

2231 2235 2554 2282 severasset.
2597 2227 2784 2283 Posset
2803 2228 2944 2283 enim
2975 2245 3318 2299 perseverare
3343 2233 3388 2285 si
3409 2231 3572 2287 vellet
3593 2233 3614 2263 ¹
3645 2231 3824 2304 :quod

2231 2329 2288 2375 ut
2315 2321 2500 2388 nollet,
2527 2321 2592 2378 de
2623 2323 2791 2378 libero
2828 2324 3106 2380 descendit
3129 2325 3390 2392 arbitrio;
3419 2325 3562 2396 quod
3607 2323 3826 2382 tunc'ita

2229 2410 2455 2467 liberum
2486 2421 2620 2478 erat,
2647 2423 2704 2469 ut
2723 2425 2776 2470 et
2795 2415 2928 2471 bene
2943 2415 3079 2471 velle
3101 2427 3277 2486 posset
3296 2429 3352 2474 et
3377 2418 3538 2472 male.
3555 2417 3692 2486 Quid
3717 2418 3848 2480 erit,

2230 2513 2407 2559 autem
2455 2505 2672 2560 liberius
2720 2508 2886 2564 libero
2925 2511 3168 2574 arbitrio,
3215 2511 3425 2582 quando
3476 2527 3586 2567 non
3633 2511 3828 2583 poterit

2229 2599 2432 2652 servire
2475 2608 2713 2667 peccato,
2761 2615 2880 2670 quae
2927 2599 3098 2656 futura
3141 2613 3256 2657 erat
3300 2601 3322 2634 ⁸
3349 2612 3402 2659 et
3431 2603 3656 2669 homini,
3688 2605 3827 2660 sicut

2231 2684 2368 2742 facta
2393 2699 2475 2743 est
2499 2691 2717 2760 Angelis
2742 2691 2959 2756 sanctis,
2991 2707 3197 2747 merces
3221 2693 3438 2748 meriti?
3467 2692 3618 2749 Nunc
3639 2705 3818 2750 autem

2231 2797 2327 2853 per
2349 2795 2626 2853 peccatum
2655 2785 2864 2854 perdito
2891 2786 3031 2840 bono
3054 2787 3262 2853 merito,
3293 2787 3346 2842 in
3369 2787 3452 2841 his
3479 2789 3568 2858 qui
3593 2787 3828 2844 liberan-

2231 2884 2318 2930 tur
2333 2876 2542 2932 factum
2572 2886 2656 2933 est
2680 2877 2878 2934 denunt
2917 2882 3120 2950 gratim,
3150 2895 3270 2951 quae
3299 2895 3508 2936 merces
3533 2881 3710 2937 meriti
3739 2879 3824 2936 fu-

2231 2977 2349 3026 tura
2380 2979 2514 3026 erat.

2304 3062 2528 3118 CAPUT
2575 3063 2691 3118 XII.
2735 3093 2806 3104 —
2849 3065 2938 3120 55.
2979 3064 3335 3136 Quapt-Opter,
3384 3065 3508 3122 bina
3557 3066 3656 3124 ista
3699 3063 3823 3137 quid

2233 3154 2370 3210 inter
2407 3171 2466 3210 se
2493 3155 2761 3224 differant,
2793 3156 3078 3229 diligenter
3107 3167 3162 3214 et
3190 3159 3470 3230 vigilanter
3509 3161 3822 3216 intuendum

2232 3251 2333 3314 'est;
2377 3263 2532 3319 posse
2559 3265 2666 3305 non
2691 3265 2934 3322 peccare,
2980 3261 3034 3307 et
3063 3268 3169 3308 non
3199 3267 3358 3322 posse
3387 3269 3624 3324 peccare,
3660 3268 3824 3325 posse

2233 3357 2339 3396 non
2381 3342 2540 3408 mori,
2580 3351 2762 3398 etnon
2793 3357 2953 3414 posse
2979 3343 3136 3412 mori,
3167 3345 3365 3400 bonum
3405 3359 3560 3415 posse
3587 3361 3692 3400 non
3723 3345 3822 3401 de-

2233 3447 2434 3500 serere,
2477 3443 2530 3489 et
2567 3433 2766 3489 bonum
2793 3450 2900 3490 non
2947 3450 3108 3506 posse
3149 3435 3422 3494 deserere.
3461 3436 3641 3492 Potuit
3681 3437 3824 3492 enim

2235 3541 2341 3581 non
2375 3541 2596 3596 peccare
2639 3528 2841 3598 primus
2871 3527 3054 3594 homo,
3099 3529 3270 3599 potuit
3309 3543 3414 3584 non
3451 3529 3608 3593 mori,
3655 3530 3826 3600 potuit

2235 3617 2430 3674 bonum
2479 3635 2584 3674 non
2614 3621 2884 3675 deserere.
2924 3619 3192 3693 Numquid
3239 3623 3428 3678 dicturi
3460 3637 3664 3690 sumus,
3709 3623 3826 3678 Non

2235 3711 2405 3780 potuit
2433 3725 2676 3779 peccare,
2714 3713 2804 3782 qui
2846 3713 2950 3768 tale
2979 3712 3209 3769 habebat
3253 3714 3480 3770 libemm
3506 3712 3826 3768 arbitrium?

2234 3815 2358 3871 aut,
2392 3806 2504 3861 Non
2537 3807 2706 3876 potuit
2745 3808 2902 3874 muri,
2935 3807 3019 3864 cui
3049 3808 3249 3864 dictum
3277 3817 3380 3872 est,
3412 3807 3468 3864 Si
3503 3807 3824 3878 peccaveris,

2236 3909 2407 3955 morte
2435 3899 2680 3955 morieris
2703 3899 2854 3971 (Gen.
2885 3917 2945 3968 tt,
2989 3901 3117 3972 l7)?
3144 3911 3257 3968 aut,
3285 3900 3402 3956 Non
3433 3903 3604 3970 potuit
3629 3901 3826 3956 bonum

2236 3994 2502 4058 deserere,
2533 4009 2653 4048 cum
2683 3994 2783 4050 hoc
2811 3993 3078 4064 peccando
3106 3993 3427 4059 deseruerit,
3457 4004 3512 4048 et
3537 3993 3658 4048 ideo
3683 4007 3828 4048 mor-

2235 4097 2358 4143 tuus
2402 4089 2507 4142 sit?
2539 4089 2714 4142 Prima
2741 4103 2867 4157 ergo
2911 4088 3126 4142 libertas
3169 4087 3457 4141 voluntatis
3503 4097 3639 4152 erat,
3671 4103 3830 4158 posse

2237 4195 2344 4236 non
2373 4194 2631 4250 peccare;
2661 4177 2947 4234 novissima
2973 4179 3070 4232 erit
3101 4177 3271 4232 multo
3302 4177 3493 4247 major,
3529 4193 3634 4232 non
3669 4191 3832 4248 posse

2235 4287 2460 4344 peccare
2491 4291 2504 4328 :
2535 4273 2702 4344 prit’na
2733 4271 3104 4326 immortalitas
3139 4279 3274 4336 erat,
3321 4285 3476 4342 posse
3503 4285 3610 4324 non
3643 4271 3784 4326 mori
3809 4287 3826 4337 ;

2237 4365 2524 4421 novissima
2561 4365 2661 4419 erit
2691 4365 2857 4419 multo
2903 4363 3090 4434 major,
3119 4378 3224 4418 non
3256 4377 3412 4434 posse
3442 4361 3578 4416 muri
3609 4380 3623 4417 :
3655 4363 3828 4432 prima

2237 4467 2350 4511 erat
2381 4456 2789 4526 perseverantiae
2821 4465 3056 4526 potestas
3075 4499 3090 4524 ,
3121 4456 3319 4512 bonum
3353 4471 3508 4524 posse
3537 4471 3644 4510 non
3671 4455 3830 4510 dese-

2238 4563 2395 4614 rere;
2429 4547 2716 4603 novissima
2745 4548 2848 4603 erit
2893 4547 3122 4604 felicitas
3169 4547 3601 4618 perseverantiae,
3633 4545 3828 4600 bonum

2239 4657 2344 4695 non
2379 4655 2534 4711 posse
2562 4641 2834 4696 deserere.
2876 4639 3163 4710 Numquid,
3215 4642 3334 4708 quia
3375 4647 3530 4693 erunt
3561 4639 3696 4693 bona
3737 4653 3830 4691 no-

2239 4731 2452 4786 vissima
2475 4733 2678 4802 potiora
2707 4741 2866 4802 atque
2891 4731 3132 4798 meliora,
3157 4729 3277 4784 ideo
3303 4727 3518 4784 fuerunt
3547 4728 3633 4783 illa
3661 4729 3830 4800 prima

2239 4825 2321 4878 vel
2365 4819 2504 4878 nulla
2530 4825 2614 4878 vel
2640 4823 2844 4894 parva?

2312 4917 2402 4974 54.
2441 4915 2680 4984 ltemque
2699 4919 2808 4986 ipsa
2831 4913 3090 4986 adjutoria
3109 4913 3479 4986 distinguenda
3497 4924 3643 4970 sunt.
3674 4915 3829 4970 Aliud

2241 5016 2324 5063 est
2366 5006 2686 5078 adjutorium
2717 5007 2834 5062 sine
2873 5023 2977 5076 qtto
3005 5007 3204 5076 aliquid
3237 5022 3340 5062 non
3383 5009 3460 5073 fit,
3505 5017 3559 5061 et
3585 5006 3724 5060 aliud
3751 5015 3831 5062 est

2241 5099 2564 5172 adjutorium
2596 5113 2703 5169 quo
2739 5099 2941 5170 aliquid
2985 5099 3064 5154 fit.
3102 5100 3237 5156 Nam
3276 5101 3394 5156 sine
3431 5101 3698 5156 alimentis
3724 5113 3832 5156 non

2306 5213 2324 5246 ι
2357 5213 2430 5264 sic
2459 5225 2632 5274 omnes
2653 5220 2758 5263 Mss.
2783 5212 2996 5274 Atediti,
3019 5219 3106 5264 est.

2305 5276 2326 5339 ἓ
2359 5275 2494 5335 Editi,
2519 5273 2672 5339 etiam
2697 5275 2740 5325 si
2769 5273 2921 5339 uellet.
2973 5273 3197 5339 Plerique
3233 5275 3544 5339 manuscripti
3586 5275 3832 5339 omittunt,

2241 5335 2421 5398 etiam;
2453 5337 2592 5400 cujus
2615 5337 2983 5400 |.articul:eloeo
3003 5335 3132 5400 unus
3151 5351 3182 5388 e
3217 5335 3640 5400 Vaticanishabet,
3673 5335 3830 5387 utaut.

2309 5401 2330 5432 ³
2362 5399 2625 5464 Henricus:
2638 5401 2833 5451 Gravius
2865 5399 2966 5464 legi
3003 5399 3200 5451 volebat
3216 5439 3231 5462 ,
3278 5412 3388 5464 qua
3435 5399 3627 5464 libertas
3669 5401 3834 5462 (illum

2243 5467 2347 5512 erat
2369 5463 2512 5532 :qttia
2533 5463 2718 5532 scilicet
2729 5462 3020 5532 pronomen,
3057 5475 3182 5532 quur,
3225 5462 3321 5512 nou
3351 5462 3833 5532 concordatjgenere

2243 5537 2374 5588 cum,
2399 5523 2550 5588 libero
2569 5523 2786 5588 arbitrio,
2819 5525 2946 5588 quod
2981 5525 3029 5574 in
3069 5523 3220 5588 prima
3262 5531 3398 5587 parte
3419 5523 3682 5588 sententiae
3705 5535 3831 5585 pra:-

2245 5587 2410 5636 ccssit.
2451 5586 2541 5635 sed
2565 5601 2660 5636 non
2683 5585 2990 5647 ineleganter
3013 5585 3188 5636 factum
3213 5585 3288 5637 est
3306 5593 3362 5636 ut
3381 5585 3696 5647 ooneordaret
3720 5596 3832 5633 cum

2245 5649 2442 5697 nomine
2493 5657 2680 5711 postea,
2703 5645 2962 5711 sequente,
3002 5648 3207 5710 scilicet,
3241 5661 3442 5700 merces.
3477 5653 3538 5711 Eo
3579 5645 3834 5711 locutionis

2245 5711 2390 5760 modo
2409 5707 2574 5759 Cicero
2595 5713 2644 5760 in
2669 5707 2794 5760 libro
2829 5711 2893 5760 de
2931 5707 3141 5773 [Legibus
3179 5707 3264 5772 ait,
3293 5729 3316 5756 ι
3349 5709 3528 5759 Animal
3559 5707 3828 5773 providum,

2255 5789 2278 5818 tt
2299 5785 2472 5834 sagax,
2491 5785 2638 5832 quem
2679 5786 2903 5836 vocamus
2937 5769 3207 5836 hominem.
3224 5769 3257 5820 »⁷
3287 5779 3342 5822 Et
3369 5769 3750 5836 actione’quinta
3782 5769 3832 5818 in

2250 5831 2722 5908 verr:etu,mf_(_1arcer
2753 5833 2872 5908 ille,
2899 5847 3010 5898 qua
3043 5831 3259 5889 latum
3294 5839 3544 5888 Vm.
3567 5831 3617 5883 ι’
3641 5839 3696 5886 ει
3717 5841 3832 5886 eum

2249 5893 2986 5962 mmmam"
2917 5893 2930 5898 '
