4142 6506
389 334 495 394 937

368 456 656 518 possumus
685 443 882 504 vivere,
916 453 1014 494 nec
1034 445 1211 494 tamen
1237 451 1358 492 cum
1387 437 1649 493 adfuerint
1675 438 1956 497 alimenta.

379 534 460 590 eis
491 536 549 588 lit
580 547 635 588 ut
679 535 820 588 vivat
866 533 954 602 qui
985 533 1120 586 mori
1169 530 1414 584 voluerit.
1457 529 1595 597 Ergo
1637 522 1959 593 adiutorium

377 627 753 682 alimentorum
783 635 867 680 est
909 625 1024 677 sine
1051 640 1155 692 quo
1187 637 1289 675 non
1324 622 1397 683 ﬁt,
1433 637 1536 673 non
1578 633 1685 687 quo
1717 616 1773 669 lit
1799 624 1852 668 ut
1885 613 1966 667 vi-

377 735 583 773 vamus.
628 722 697 773 At
744 733 875 773 vero
912 717 1180 770 beatitudo
1223 732 1378 786 quam
1420 732 1522 770 non
1567 713 1730 767 hibet
1760 711 1962 771 homo,

378 828 504 866 cum
535 811 654 864 data
694 809 874 871 fuerit,
903 808 1158 863 continuo
1184 807 1240 860 ﬁt
1271 807 1479 860 beatus.
1520 801 1854 872 Adjntorium
1883 807 1965 852 est

377 904 518 957 enim
555 917 659 955 non
687 901 863 955 solum
893 900 1009 954 sine
1053 914 1156 968 quo
1186 913 1290 952 nou
1323 900 1400 960 lit,
1433 911 1616 951 verum
1656 895 1815 949 etiam
1857 905 1964 962 quo

379 994 436 1047 ﬁt
469 1003 684 1064 propter
730 991 870 1061 quod
919 990 1094 1045 datur.
1135 989 1467 1060 Quapropter
1510 986 1611 1040 huc
1640 984 1960 1053 adjutorium

375 1096 431 1140 et
472 1102 578 1156 quo
627 1085 682 1138 ﬁt
706 1093 808 1148 est,
856 1092 910 1138 et
956 1083 1070 1138 sine
1099 1098 1342 1152 quonon
1383 1080 1440 1134 ﬁt
1473 1099 1485 1133 :
1516 1080 1637 1150 quia
1668 1089 1721 1134 et
1767 1079 1813 1132 si
1840 1077 1962 1132 data

380 1178 543 1232 fuerit
595 1176 790 1230 homini
838 1173 1129 1238 beatitudo,
1181 1174 1433 1228 continuo
1463 1174 1520 1226 lit
1543 1173 1765 1236 beatus;
1820 1179 1876 1225 et
1918 1169 1964 1223 si

382 1269 504 1322 data
545 1281 812 1336 nunquam
844 1265 1020 1329 fuerit,
1070 1280 1337 1334 nunquam
1368 1264 1486 1318 erit.
1529 1264 1792 1318 Alimenta
1834 1277 1962 1316 vero

384 1375 489 1412 nun
515 1368 899 1425 consequenter
941 1358 1138 1412 faciunt
1169 1365 1224 1411 ut
1247 1356 1411 1411 homo
1437 1358 1578 1411 vivat
1611 1374 1623 1410 :
1656 1355 1750 1411 sed
1782 1364 1959 1411 tamen

381 1451 498 1504 sine
525 1450 626 1504 illis
657 1465 764 1503 non
814 1458 987 1516 potest
1031 1454 1230 1504 vivere.
1270 1450 1450 1504 Primo
1487 1451 1664 1519 itaque
1712 1449 1959 1517 homini,

377 1540 466 1608 qui
490 1540 539 1593 in
563 1555 627 1593 eo
644 1541 785 1595 bono
807 1556 911 1608 quo
929 1539 1097 1595 factus
1119 1540 1288 1594 fuerat
1309 1549 1486 1595 rectus
1506 1550 1783 1609 acceperat
1802 1556 1961 1610 posse

374 1646 481 1684 non
529 1646 772 1700 peccare,
826 1647 983 1701 posse
1023 1647 1128 1685 non
1175 1633 1331 1696 mori,
1364 1647 1518 1701 posse
1547 1632 1719 1702 ipsum
1761 1633 1958 1688 bonum

374 1738 481 1776 non
526 1721 799 1789 deserere,
843 1722 1024 1777 datum
1054 1731 1137 1777 est
1161 1722 1482 1792 adjutorium
1510 1724 1916 1792 perseverantiae
1940 1764 1958 1790 ,

374 1829 481 1867 non
523 1828 628 1882 quo
672 1812 824 1867 ﬁeret
847 1821 909 1866 ut
938 1822 1321 1882 perseveraret,
1354 1813 1448 1868 sed
1475 1813 1592 1868 sine
1618 1828 1723 1883 quo
1766 1829 1860 1883 per
1891 1813 1959 1868 li-

374 1905 558 1959 berum
599 1904 877 1958 arbitrium
908 1919 1252 1974 perseverare
1281 1922 1385 1960 non
1416 1917 1614 1975 posset.
1654 1906 1806 1961 Nunc
1834 1921 1960 1960 vero

371 2001 569 2054 sanctis
595 2000 647 2052 iu
674 2015 894 2069 regnum
936 2000 1030 2054 Dei
1072 2015 1166 2070 per
1187 2001 1412 2070 gratiam
1446 1999 1539 2054 Dei
1571 1999 1960 2068 praedestinatis

371 2106 477 2146 non
507 2095 612 2146 tale
643 2093 658 2123 ι
690 2093 1010 2162 adjutorium
1055 2092 1467 2162 perseverantia:
1506 2092 1682 2157 datur,
1727 2092 1822 2147 sed
1855 2092 1959 2148 tale

371 2193 430 2237 ut
456 2184 534 2238 eis
561 2187 957 2252 perseverantia
988 2185 1100 2254 ipsa
1138 2185 1405 2250 donetur;
1428 2200 1535 2239 nou
1566 2185 1736 2240 solum
1764 2195 1822 2239 ut
1841 2185 1958 2240 sine

371 2275 475 2329 isto
494 2275 636 2330 dono
657 2286 1059 2345 perseverantes
1080 2291 1199 2332 esse
1220 2292 1323 2332 non
1347 2277 1570 2347 possint,
1591 2293 1775 2333 verum
1797 2278 1958 2332 etiam

370 2374 430 2418 at
457 2380 552 2434 per
582 2365 683 2422 hoc
709 2365 909 2421 donum
957 2382 1061 2421 non
1092 2366 1196 2421 nisi
1242 2377 1644 2438 perseverantes
1675 2368 1799 2423 sint.
1839 2367 1956 2423 Non

370 2456 544 2511 solum
567 2457 710 2513 enim
732 2457 885 2523 dixit,
912 2457 1041 2514 Sine
1059 2474 1138 2513 me
1163 2459 1292 2513 nihil
1313 2459 1521 2530 potestis
1541 2459 1708 2530 facere
1733 2476 1751 2514 :
1772 2475 1954 2514 verum

371 2549 534 2602 etiam
559 2548 710 2615 dixit,
739 2551 858 2604 Non
885 2567 968 2605 ros
995 2566 1074 2605 me
1102 2551 1358 2623 elegistis;
1382 2552 1471 2606 sed
1497 2569 1586 2624 ego
1623 2553 1746 2624 elegi
1771 2568 1879 2619 uos,
1909 2561 1958 2606 et

378 2638 523 2706 posui
549 2655 651 2704 vos,
682 2650 735 2693 ut
758 2641 901 2708 eatis,
927 2650 972 2695 et
997 2643 1217 2712 fructum
1246 2641 1492 2709 a/feratis,
1523 2652 1570 2696 et
1588 2643 1782 2713 fructus
1803 2652 1957 2698 vester

376 2738 577 2781 maneat
606 2729 780 2800 (Joan.
811 2745 901 2796 xv,
945 2732 998 2798 5,
1033 2729 1144 2803 16).
1185 2731 1388 2799 Quibus
1413 2732 1590 2788 verbis
1627 2733 1709 2788 eis
1736 2749 1841 2787 non
1868 2748 1957 2787 so-

372 2816 482 2872 lum
504 2818 784 2887 justitiam,
817 2836 994 2874 verum
1025 2821 1186 2876 etiam
1216 2823 1266 2876 in
1297 2822 1386 2878 illa
1418 2824 1866 2892 perseverantiam
1897 2838 1956 2879 se

369 2907 582 2964 dedisse
609 2911 940 2965 monstravit.
981 2911 1196 2967 Christo
1221 2913 1364 2966 enim
1407 2914 1484 2968 sic
1520 2929 1616 2969 eos
1642 2924 1872 2993 ponente
1899 2925 1956 2969 ut

367 3008 514 3067 eant,
542 3009 597 3056 et
642 3000 869 3056 fructum
908 3002 1148 3069 aﬁ'crant,
1192 3012 1248 3058 et
1270 3003 1475 3060 fructus
1505 3020 1689 3060 eorum
1721 3017 1952 3074 maneat,

366 3092 485 3159 quis
525 3090 715 3146 audeat
745 3091 946 3158 dicere,
979 3093 1094 3147 Non
1123 3094 1359 3150 manebit
1395 3094 1461 3147 "l
1504 3097 1622 3166 quis
1649 3096 1840 3151 audeat
1868 3097 1951 3151 di-

362 3197 507 3248 cere,
537 3183 780 3240 Forsitan
802 3200 908 3240 non
932 3185 1196 3241 manebit?
1227 3187 1351 3241 Sine
1375 3188 1662 3258 paenitentia
1689 3199 1803 3242 sunt
1824 3191 1954 3243 enim

361 3273 501 3326 dona
525 3283 569 3328 et
585 3275 780 3328 uacatio
808 3274 906 3328 Dei
930 3274 1101 3346 (Rom.
1132 3276 1323 3346 xt,29)
1357 3294 1372 3331 :
1403 3277 1498 3332 sed
1533 3281 1739 3333 vocatio
1766 3296 1950 3334 eorum

365 3367 456 3436 qui
482 3367 772 3422 secundum
803 3369 1136 3439 pr0positum
1166 3369 1337 3424 vocati
1365 3378 1509 3425 sunt.
1551 3370 1654 3425 Pro
1683 3370 1766 3425 his
1795 3371 1954 3442 igitur

369 3456 740 3526 interpellante
781 3459 998 3514 Christo
1043 3475 1110 3515 ne
1151 3460 1365 3516 deﬁciat
1407 3461 1540 3518 ﬁdes
1583 3477 1788 3530 eorum,
1838 3467 1954 3522 sine

369 3547 534 3602 dubio
561 3564 665 3604 non
687 3549 899 3606 deﬁciet
921 3567 1089 3622 usque
1116 3552 1168 3606 iu
1199 3552 1356 3608 ﬁnem
1386 3571 1399 3607 :
1429 3567 1494 3608 ac
1522 3570 1616 3624 per
1643 3555 1745 3611 huc
1767 3572 1951 3626 perse-

372 3638 578 3693 verabit
606 3655 771 3709 usque
792 3642 846 3695 in
885 3642 1065 3710 linem,
1092 3658 1194 3698 nec
1221 3659 1340 3699 eam
1370 3644 1470 3699 nisi
1498 3655 1802 3701 manentem
1831 3649 1953 3702 vitae

370 3727 530 3797 hujus
555 3729 789 3786 inveniet
812 3731 834 3762 ³
860 3732 995 3787 ﬁnis.

440 3823 530 3877 55.
569 3822 736 3892 Major
761 3823 954 3896 quippe
992 3826 1212 3882 libertas
1243 3836 1326 3883 est
1373 3830 1668 3884 necessaria
1698 3830 1952 3887 adversus

365 3923 445 3968 tot
469 3923 524 3970 et
558 3925 727 3972 tantas
775 3920 1094 3975 teutationes
1121 3919 1165 3982 ⁸.
1205 3938 1326 3991 qua:
1355 3923 1408 3977 in
1439 3925 1682 3992 paradiso
1707 3943 1810 3981 non
1840 3928 1954 3982 fue-

365 4014 509 4073 runt,
551 4007 692 4061 dono
740 4011 1150 4077 perseverantiae
1193 4013 1394 4069 munita
1437 4025 1595 4085 atque
1634 4015 1861 4084 ﬁrmata,
1898 4028 1954 4073 nt

364 4109 487 4150 cum
525 4099 772 4153 omnibus
815 4102 1110 4165 amoribus,
1159 4105 1482 4169 terroribus,
1530 4109 1801 4163 erroribus
1841 4112 1952 4165 suis

365 4189 604 4244 vincatur
643 4190 728 4244 hic
758 4192 984 4246 mundus
1017 4211 1031 4247 :
1064 4194 1165 4249 hoc
1206 4205 1511 4251 sanctorum
1558 4203 1808 4270 martyria
1855 4200 1952 4255 do-

366 4289 610 4334 cuerunt.
639 4281 872 4351 Denique
896 4283 985 4338 ille
1011 4283 1090 4355 (a)
1119 4294 1173 4340 et
1207 4294 1439 4342 terrente
1460 4289 1626 4355 nullo,
1660 4301 1711 4344 et
1735 4292 1950 4361 insuper

369 4378 554 4422 contra
597 4368 689 4424 Dei
733 4373 978 4427 terrentis
1007 4373 1286 4442 imperium
1330 4368 1500 4432 libero
1527 4393 1651 4433 usus
1688 4380 1907 4434 arbitrio
1930 4422 1946 4446 ,

369 4471 477 4512 non
507 4457 650 4512 stetit
677 4459 732 4513 in
776 4468 917 4515 tanta
947 4461 1214 4530 felicitate,
1261 4465 1313 4519 in
1356 4475 1497 4521 tanta
1542 4483 1647 4522 non
1694 4472 1948 4539 peccandi

366 4544 618 4602 facilitate
646 4566 660 4601 :
693 4546 780 4603 isti
805 4559 1000 4616 autem,
1033 4566 1135 4606 non
1176 4553 1296 4608 dico
1342 4561 1576 4612 terrente
1605 4558 1821 4623 mundo,
1853 4560 1946 4613 sed

363 4637 618 4692 saeviente
660 4653 730 4693 ne
771 4647 990 4704 starent,
1021 4649 1280 4697 steterunt
1318 4644 1369 4698 in
1418 4644 1554 4706 ﬁde;
1587 4660 1706 4700 cum
1743 4648 1948 4703 videret

361 4725 453 4782 ille
491 4727 629 4782 bona
656 4730 936 4798 praesentia
965 4747 1080 4800 qute
1108 4732 1276 4788 fuerat
1314 4735 1614 4802 relicturus,
1657 4736 1744 4793 isti
1772 4741 1945 4794 futura

359 4831 478 4887 qua:
507 4819 776 4888 accepturi
807 4820 1016 4876 fuerant
1044 4837 1148 4876 non
1178 4823 1438 4880 viderent.
1483 4827 1633 4882 Unde
1673 4827 1795 4895 hoc,
1842 4829 1944 4884 nisi

358 4910 589 4968 donante
625 4913 737 4979 illo,
767 4929 797 4967 a
837 4929 943 4984 quo
974 4915 1388 4972 misericordiam
1416 4921 1685 4975 consecuti
1721 4930 1845 4976 sunt
1886 4930 1945 4977 ut

359 5001 545 5058 ﬁdeles
572 5013 752 5059 essent
777 5004 821 5076 (l
859 5003 978 5060 Cor.
1009 5022 1101 5072 vn,
1128 5007 1247 5078 25),
1279 5024 1309 5064 a
1343 5025 1448 5080 quo
1471 5020 1790 5081 acceperunt
1829 5017 1944 5082 ept-

361 5090 542 5160 ritum,
569 5109 673 5148 non
705 5096 932 5162 timoris,
962 5111 1069 5166 quo
1094 5100 1534 5168 persequentibus
1553 5102 1827 5171 cederent,
1845 5103 1942 5160 sed

425 5222 443 5253 ί
477 5221 615 5294 ξ.ᾶίιῇ
637 5236 730 5293 non
747 5230 930 5294 tantum
957 5224 1067 5276 tale.
1103 5229 1266 5290 Abest,
1291 5236 1492 5289 tantum,
1530 5245 1557 5282 a
1579 5238 1942 5286 Lovanieuslum

357 5287 471 5360 Eas:
482 5282 717 5360 ﬁe-lgicis,‘
726 5286 858 5360 nullo
881 5296 1109 5360 excepto,
1128 5304 1157 5339 a
1179 5282 1411 5360 Vaticanis
1428 5282 1564 5360 nova:
1587 5282 1945 5360 editionis—gr;

357 5343 657 5414 tia_col_latis,_
675 5354 725 5414 et
746 5349 807 5396 ab
837 5343 1059 5400 σωιιὼὺε
1080 5343 1203 5414 quos
1226 5355 1426 5404 vidimus
1441 5343 1640 5406 Gallicis.

423 5405 445 5478 ξ
477 5407 698 5478 Hicediti
722 5405 1148 5475 praetereunt,qu'is
1168 5414 1344 5467 audeat
1368 5416 1546 5478 dicere,
1574 5405 1673 5468 non
1695 5419 1900 5471 manebit
1917 5418 1944 5471 ?

352 5466 547 5534 Habent
570 5467 617 5516 id
640 5466 811 5518 omnes
827 5485 976 5534 prope
1001 5466 1106 5524 ttis's.

417 5529 440 5594 ξ
473 5535 573 5594 Arn.
600 5535 673 5594 Er.
701 5538 752 5580 et
774 5529 1122 5594 us's.,'inveuit.

347 5588 775 5704 “Jamrheiensis
797 5588 900 5654 ius,
925 5597 1216 5661 necessaria,
1239 5607 1284 5652 et
1306 5601 1428 5654 inter
1464 5606 1530 5653 tot
1552 5609 1597 5654 et
1615 5609 1770 5658 tantas
1793 5609 1942 5658 tenta-

412 5736 483 5798 (a)
518 5735 563 5784 td
589 5744 682 5796 est,
710 5739 884 5789 Atiam.

591 5824 796 5886 Sancr
869 5831 1147 5888 Auensr.
1195 5828 1277 5890 Χ.

1807 314 2008 370 LIBER
2048 314 2247 373 UNUS.

3561 339 3665 395 933

2076 438 2280 492 virtutis
2309 449 2361 491 ct
2387 436 2659 498 cbnritatis
2683 452 2738 499 et
2761 445 3101 502 coutin::nti:e
3131 447 3193 518 (ll
3221 445 3354 503 Tim.
3386 465 3423 516 t,
3447 451 3526 518 7),
3551 472 3654 524 quo
3701 526 3704 530 Ι

2081 542 2269 589 cuncta
2304 535 2578 605 minantia,
2610 550 2799 596 cuncta
2827 541 3124 608 invitantia,
3152 557 3341 602 cuncta
3369 549 3659 606 cruciantia

2077 628 2431 696 superarent?
2469 630 2544 685 llli
2573 648 2700 702 ergo
2728 633 2843 687 sine
2873 646 3091 705 peccato
3122 639 3229 694 ullo
3257 639 3378 694 data
3406 651 3509 708 est,
3539 657 3660 698 cum

2078 733 2178 786 qua
2204 718 2449 773 conditus
2469 731 2570 786 est,
2604 725 2844 778 voluntas
2875 727 3058 791 libera,
3087 738 3140 782 et
3167 746 3283 784 cam
3310 730 3436 786 fecit
3459 733 3663 790 servire

2075 817 2295 877 peccato
2321 828 2334 862 :
2361 809 2548 865 horum
2575 829 2700 868 vero
2729 830 2846 870 cum
2880 816 3065 874 fuisset
3091 822 3333 877 voluntas
3358 839 3508 878 serva
3539 840 3665 895 peo-

2075 899 2200 963 cati,
2231 899 2446 954 liberata
2463 909 2545 955 est
2573 905 2828 970 perillum
2854 910 2940 977 qui
2973 909 3124 974 dixit,
3145 912 3307 964 Sivos
3337 911 3504 968 Filius
3534 916 3661 970 libe-

2074 990 2276 1052 raverit,
2307 999 2424 1045 tmte
2449 1007 2559 1046 vere
2585 994 2726 1050 liberi
2759 1000 2895 1052 eritis
2916 999 3096 1067 (Joan.
3123 1017 3234 1068 vm,
3261 1003 3384 1072 36).
3427 1006 3492 1061 Et
3516 1008 3662 1063 acci-

2075 1078 2226 1147 piunt
2243 1089 2442 1134 tantam
2460 1097 2557 1151 per
2578 1083 2728 1140 istam
2747 1087 2968 1155 gratiam
2984 1089 3301 1158 libertatem,
3319 1103 3377 1148 ut
3391 1097 3656 1164 quamvis,

2073 1171 2324 1239 quamdiu
2369 1172 2456 1227 hic
2483 1174 2685 1241 vivunt,
2719 1188 2950 1246 pugnent
2988 1190 3173 1237 contra
3201 1188 3660 1256 concupiscentias

2074 1270 2434 1329 peccatorum,
2462 1265 2646 1336 eisque
2675 1269 2926 1322 nonnulla
2955 1271 3262 1344 subrepant,
3294 1289 3513 1348 prepter
3537 1296 3659 1351 quae

2071 1351 2250 1408 dicant
2278 1356 2535 1425 quotidie,
2577 1357 2787 1415 Dimitte
2831 1363 2973 1417 nobis
3020 1365 3188 1420 debita
3217 1379 3391 1422 nostra
3439 1370 3654 1441 (Matth.

2069 1461 2142 1513 vt,
2176 1446 2303 1520 12);
2336 1465 2440 1504 non
2483 1460 2658 1508 tamen
2691 1454 2827 1508 ultra
2855 1457 3092 1512 serviant
3129 1472 3349 1528 peccato
3389 1464 3531 1534 quod
3577 1477 3660 1520 est

2068 1539 2135 1592 ad
2162 1550 2407 1608 mortem,
2439 1543 2505 1598 de
2529 1561 2634 1613 quo
2671 1545 2801 1600 dicit
2824 1547 3056 1603 Joannes
3079 1553 3372 1619 apostolus,
3406 1553 3498 1608 Est
3537 1573 3658 1626 pee-

2068 1639 2236 1682 catum
2264 1631 2330 1683 ad
2357 1642 2565 1686 mortem
2588 1649 2608 1697 ,°
2637 1652 2736 1688 non
2765 1653 2857 1704 pro
2885 1636 2974 1691 illo
3001 1638 3113 1692 dico
3143 1652 3196 1694 ut
3224 1654 3364 1713 roget
3386 1643 3402 1674 ¹
3431 1644 3474 1711 (l
3495 1644 3652 1701 Joan.

2067 1735 2120 1786 v,
2152 1722 2262 1791 lli).
2305 1723 2379 1778 De
2406 1740 2512 1794 quo
2534 1736 2750 1796 peccato
2779 1729 3049 1799 (quoniam
3078 1747 3182 1787 non
3209 1749 3519 1804 expressum
3546 1740 3653 1812 est)

2068 1821 2290 1882 possunt
2316 1815 2478 1869 multa
2503 1825 2556 1871 et
2584 1816 2795 1874 diversa
2838 1821 3024 1876 sentiri
3058 1841 3072 1876 :
3103 1839 3202 1894 ego
3230 1835 3408 1882 autem
3451 1827 3572 1884 dico
3600 1830 3657 1887 id

2063 1919 2186 1958 esse
2224 1917 2518 1974 peccatum,
2549 1907 2704 1964 ﬁdem
2746 1925 2863 1980 quae
2890 1928 2987 1982 per
3013 1912 3352 1972 dilectionem
3383 1930 3653 1989 operatur,

2065 1992 2314 2050 deserere
2354 2013 2522 2067 usque
2559 1997 2626 2052 ad
2670 2009 2915 2056 mortem.
2956 2002 3091 2058 Huic
3121 2015 3340 2074 peccato
3380 2009 3513 2062 ultra
3544 2025 3656 2067 non

2064 2087 2446 2154 serviunt,non
2484 2091 2653 2161 prima
2675 2091 3001 2159 conditione,
3031 2096 3167 2150 sicut
3192 2097 3299 2164 ille,
3333 2098 3525 2166 liberi;
3556 2101 3656 2158 sed

2067 2195 2161 2250 per
2188 2182 2481 2236 secundum
2513 2183 2680 2238 Adam
2714 2184 2806 2240 Dei
2833 2186 3003 2256 gratia
3033 2187 3266 2257 liberati,
3294 2201 3350 2245 et
3390 2190 3488 2246 ista
3516 2192 3654 2248 libe-

2063 2271 2271 2328 ratione
2325 2271 2585 2330 habentes
2638 2276 2867 2332 liberum
2917 2278 3193 2335 arbitrium
3247 2297 3354 2352 quo
3414 2286 3655 2340 serviant

2064 2363 2196 2431 Deo,
2226 2380 2329 2419 non
2359 2382 2464 2435 quo
2499 2367 2832 2437 captiventur
2860 2383 2890 2423 a
2918 2369 3145 2426 diabolo.
3189 2371 3423 2428 Liberati
3450 2375 3590 2430 enim
3618 2392 3652 2431 a

2063 2462 2284 2524 peccato
2308 2457 2448 2512 servi
2475 2457 2594 2512 facti
2623 2467 2746 2513 sunt
2767 2458 2984 2530 justitize
3015 2459 3192 2531 (Rom.
3219 2479 3290 2527 v1,
3320 2463 3435 2536 18),
3466 2465 3517 2520 in
3547 2483 3651 2537 qua

2061 2544 2277 2600 stabunt
2301 2563 2469 2618 usque
2496 2548 2551 2603 in
2580 2549 2760 2616 ﬁnem,
2791 2551 3025 2607 donante
3054 2553 3155 2608 sibi
3183 2554 3274 2610 illo
3303 2572 3651 2625 persevcran-

2063 2635 2209 2700 tiam,
2233 2637 2320 2706 qui
2346 2651 2441 2692 eos
2463 2639 2748 2708 prmscivit,
2766 2649 2821 2696 et
2841 2640 3256 2710 prmdestinavit,
3281 2653 3334 2700 et
3358 2648 3650 2702 secundum

2062 2729 2392 2798 propositum
2441 2730 2669 2796 vocavit,
2719 2740 2774 2786 et
2813 2731 3141 2801 justilicavit,
3192 2742 3246 2788 et
3289 2736 3645 2808 gloriﬁcavit;
3677 2765 3714 2784 -

2059 2819 2309 2890 quoniam
2337 2819 2427 2876 illa
2457 2837 2575 2892 qua:
2601 2820 2668 2878 de
2696 2823 2716 2854 ¹
2741 2821 2825 2878 bis
2852 2824 3117 2893 promisit,
3143 2827 3302 2882 etiam
3343 2827 3516 2884 futura
3537 2831 3650 2899 jam

2058 2912 2185 2969 fecit
2215 2929 2230 2967 :
2262 2913 2344 2968 cui
2375 2915 2708 2986 promittenti
2736 2916 2949 2970 credidit
2978 2918 3257 2986 Abraham,
3287 2931 3331 2974 et
3356 2923 3650 2992 deputatum

2055 3014 2134 3060 est
2157 3005 2232 3060 illi
2253 3004 2318 3058 ad
2334 3006 2610 3076 justitiam.
2640 3006 2948 3064 Dcditenim
2970 3010 3186 3082 gloriam
3209 3011 3337 3077 Deo,
3364 3014 3650 3085 plenissime
3691 3041 3702 3045 -

2058 3100 2284 3165 credens,
2330 3099 2465 3154 sicut
2493 3101 2746 3172 scriptum
2777 3110 2880 3171 est,
2908 3103 3025 3173 quia
3051 3119 3164 3175 qua:
3192 3107 3443 3176 promisit,
3475 3118 3650 3180 potens

2057 3203 2128 3247 est
2157 3201 2201 3246 et
2230 3195 2414 3264 facere.

2129 3283 2218 3338 36.
2251 3283 2366 3353 Ipse
2405 3298 2532 3355 ergo
2573 3284 2694 3340 illos
2736 3284 2908 3342 bonos
2936 3285 3096 3354 facit,
3141 3299 3201 3343 ut
3237 3288 3377 3345 bona
3426 3290 3647 3349 faciant.

2056 3373 2238 3444 Neque
2279 3376 2420 3430 enim
2470 3385 2748 3446 propterea
2792 3392 2888 3432 eos
2931 3379 3178 3450 promisit
3218 3381 3479 3449 Abraltm,
3523 3385 3650 3454 quia

2057 3465 2321 3535 praiscivit
2347 3482 2375 3520 a
2399 3481 2457 3521 se
2486 3467 2616 3535 ipsis
2637 3467 2805 3522 bonos
2824 3469 3052 3524 futuros.
3079 3469 3216 3525 Nam
3243 3472 3287 3526 si
3317 3473 3388 3527 ita
3414 3484 3514 3538 est,
3539 3492 3648 3530 non

2057 3569 2233 3622 Suum,
2265 3557 2359 3611 sed
2388 3573 2575 3612 eorum
2606 3567 2689 3613 est
2715 3559 2855 3628 quod
2889 3561 3154 3630 promisit.
3196 3561 3312 3618 Non
3358 3575 3538 3621 autem
3567 3569 3646 3622 sic

2056 3647 2282 3702 credidit
2310 3647 2600 3714 Abraham,
2631 3649 2747 3716 sed,
2774 3667 2876 3705 non
2896 3661 2969 3706 est
2993 3652 3279 3722 inﬁrmatus
3299 3657 3352 3710 in
3373 3658 3496 3726 ﬁde,
3517 3659 3648 3714 dans

2055 3739 2272 3811 gloriam
2297 3738 2406 3794 Deo
2424 3780 2439 3804 ,
2464 3748 2519 3795 et
2547 3741 2837 3810 plenissime
2864 3743 3072 3798 credens
3109 3747 3228 3814 quia
3254 3763 3368 3817 qua:
3393 3753 3645 3818 promisit,

2057 3842 2231 3903 potens
2259 3842 2329 3886 est
2354 3842 2399 3908 et
2429 3833 2594 3901 facere
2622 3831 2794 3905 (Rom.
2820 3850 2892 3901 tv,
2922 3836 2975 3899 5,
3004 3835 3218 3906 19-21).
3247 3837 3364 3894 Non
3394 3841 3488 3907 ait,
3513 3841 3642 3910 Qua:

2058 3923 2350 3992 prtescivit,
2384 3932 2572 3991 potens
2602 3931 2657 3978 et
2681 3924 3022 3994 promittere;
3049 3934 3158 3991 aut,
3196 3928 3325 3994 Qua:
3368 3932 3642 4000 prmdixit,

2055 4022 2249 4083 potens
2277 4023 2358 4067 est
2383 4012 2700 4079 ostendere;
2732 4022 2823 4068 aut
2841 4055 2857 4082 ,
2885 4015 3015 4083 Quze
3044 4019 3318 4086 promisit,
3347 4030 3538 4090 puteus
3561 4035 3644 4080 est

2057 4104 2307 4172 priescire
2341 4123 2353 4158 :
2391 4103 2507 4171 sed,
2533 4120 2646 4174 qua:
2673 4106 2922 4175 promisit,
2945 4117 3120 4178 potens
3147 4119 3219 4163 est
3245 4120 3291 4164 et
3315 4115 3500 4183 facere.
3525 4115 3646 4185 Ipse

2057 4192 2218 4264 igitur
2243 4209 2337 4249 eos
2361 4193 2485 4249 facit
2512 4210 2859 4264 perseverare
2881 4197 2932 4251 in
2957 4197 3118 4264 bono,
3143 4199 3231 4270 qui
3258 4199 3385 4257 facit
3403 4203 3423 4234 ³
3447 4204 3645 4264 bonos-

2055 4285 2157 4353 Qui
2201 4296 2378 4341 autem
2425 4286 2622 4341 cadunt
2663 4296 2719 4342 et
2762 4298 3019 4358 pereunt,
3054 4290 3108 4345 in
3140 4292 3642 4362 przedestinatorum

2055 4394 2281 4434 numero
2312 4395 2420 4434 non
2453 4379 2689 4435 fuerunt.
2721 4380 2974 4450 Quamvis
3004 4398 3134 4454 ergo
3168 4384 3237 4440 de
3276 4389 3524 4446 onmibus
3549 4407 3640 4447 re»

2053 4469 2320 4539 generatis
2345 4479 2399 4524 et
2427 4470 2512 4539 pie
2542 4469 2841 4526 viventibus
2872 4473 3186 4542 loqueretur
3216 4476 3526 4546 Apostolus,
3553 4481 3641 4536 dl-

2054 4574 2201 4623 cens,
2219 4559 2294 4613 Tu
2308 4562 2419 4630 quis
2443 4578 2492 4615 es
2507 4563 2592 4633 qui
2606 4561 2809 4634 judices
2825 4564 3044 4617 alienum
3065 4582 3261 4620 servum
3275 4568 3301 4620 ?
3320 4586 3413 4623 suo
3433 4571 3639 4631 domine

2054 4661 2152 4706 stat
2191 4661 2279 4704 aut
2319 4652 2488 4716 cadit;
2515 4653 2766 4712 continuo
2791 4663 2964 4708 tamen
2995 4657 3228 4724 respexit
3258 4659 3323 4712 ad
3361 4662 3639 4730 prtedesti-

2053 4751 2226 4808 natos,
2260 4753 2314 4798 et
2340 4745 2431 4808 ait,
2462 4744 2627 4799 Stabit
2648 4755 2812 4800 autem
2841 4755 2933 4802 :et
2957 4762 3025 4803 ne
3051 4747 3151 4802 hoc
3170 4750 3270 4804 sibi
3297 4767 3632 4824 arrogarent,

2053 4833 2240 4888 Potens
2265 4844 2336 4888 est
2362 4835 2490 4889 enim
2515 4834 2672 4902 Deus,
2701 4835 2892 4906 inquit,
2914 4846 3129 4892 statuere
3149 4855 3262 4893 eum
3285 4840 3396 4911 (Id.
3422 4861 3534 4910 xw,
3557 4850 3638 4917 4).

2053 4925 2171 4996 Ipse
2200 4925 2377 4995 itaque
2411 4923 2501 4979 dat
2545 4928 2992 4995 perseverantiam
3011 4968 3027 4994 ,
3056 4929 3146 5000 qui
3183 4940 3418 4989 statuere
3446 4947 3644 5006 puteus

2050 5028 2135 5075 est
2159 5033 2251 5074 eos
2276 5018 2364 5088 qui
2390 5025 2567 5084 stant,
2599 5026 2658 5072 ut
2683 5020 3210 5089 perseverantissime
3235 5033 3405 5091 stent;
3437 5029 3519 5083 vel
3546 5047 3634 5085 re-

2052 5111 2273 5165 stituere
2300 5109 2390 5180 qui
2422 5107 2808 5166 ceciderunt‘:
2834 5110 3089 5166 Dominus
3113 5112 3257 5169 enim
3282 5117 3438 5188 erigit
3476 5120 3638 5176 elisos

2052 5201 2221 5275 (Psal.
2251 5216 2406 5267 chv,
2431 5199 2509 5270 8).

2125 5295 2212 5350 57.
2250 5293 2317 5350 Ut
2337 5310 2466 5363 ergo
2488 5309 2590 5347 non
2615 5295 2883 5365 acciperet
2906 5293 3008 5350 hoc
3027 5296 3224 5351 uentum
3253 5299 3367 5366 Dei,
3396 5301 3446 5354 id
3474 5313 3553 5356 est
3578 5303 3632 5360 in

2053 5383 2194 5440 bono
2224 5384 2694 5453 perseverantiam,
2731 5386 2931 5456 primus
2959 5385 3138 5454 homo,
3167 5389 3259 5444 sed
3290 5404 3634 5457 perseverare

2117 5501 2304 5573 '_Ed_iti,
2327 5507 2380 5573 ut
2400 5505 2532 5565 roget
2554 5497 2677 5549 auis.
2712 5500 2876 5560 Abest,
2921 5497 3042 5562 quis,
3079 5513 3108 5548 a
3152 5506 3255 5547 Mss.
3277 5535 3291 5559 ,
3319 5507 3369 5548 et
3404 5513 3430 5549 a
3475 5515 3639 5564 gravo

2051 5570 2192 5616 textu
2214 5570 2421 5611 Joannis.

2116 5629 2136 5658 ³
2169 5626 2252 5672 Hic
2275 5625 2323 5671 in
2348 5623 2490 5671 editis
2524 5634 2768 5681 omissum,
2795 5625 2887 5678 de;
2906 5622 3032 5685 quod
3059 5630 3215 5685 exstat
3241 5623 3288 5671 in
3315 5631 3418 5673 ttzss.

2118 5687 2140 5748 ξ
2172 5685 2530 5748 vetustissimus
2551 5687 2851 5748 mrbeieasis
2874 5683 2974 5744 ttsI,
3000 5687 3030 5748 ι’
3047 5683 3112 5734 εει

2117 5747 2141 5780 ⁸
2170 5747 2242 5798 sic
2393 5745 2530 5805 Editi,
2552 5745 2826 5798 cccidttiut.

3076 5830 3398 5908 {TrenteJ
