4142 6506
546 385 651 440 939

489 525 494 530 -
541 485 632 552 vel
663 511 766 550 non
795 504 1138 566 perseverare
1181 489 1233 542 iu
1276 485 1393 555 ejus
1434 485 1821 554 relinqueretur
1864 481 2120 545 arbitrio,

547 588 680 642 tales
710 587 850 638 vires
879 580 1105 636 habebat
1133 577 1248 648 ejus
1277 576 1521 630 voluntas
1539 613 1554 637 ,
1580 587 1699 642 qua:
1727 571 1841 626 sine
1869 569 1979 623 ullo
2009 568 2126 626 fue-

547 689 629 732 rat
657 676 894 731 instituta
919 680 1159 744 peccato,
1183 663 1236 724 et
1258 668 1386 724 nihil
1415 667 1488 720 illi
1516 681 1582 720 ex
1607 679 1666 718 sc
1687 663 1804 732 ipso
1829 663 1844 694 ¹
1875 662 2128 732 concupi-

547 766 867 821 scentialiter
911 761 1233 826 resistebat,
1285 769 1342 813 ut
1389 757 1546 827 digne
1596 765 1756 809 tanta:
1803 753 2026 806 bonitati
2073 761 2129 806 et

547 864 703 910 Lantze
724 856 745 886 ²
773 853 910 908 bene
940 850 1154 906 vivendi
1185 847 1422 904 facilitati
1463 841 1846 918 perseverandi
1879 842 2126 895 commit-

548 956 747 1001 teretur
772 943 1048 998 arbitrium
1075 961 1087 996 :
1115 943 1222 995 Deo
1249 939 1462 1010 quidem
1495 938 1807 1007 prmsciente
1832 932 1959 1002 quid
1985 941 2128 987 esset

549 1037 782 1091 facturus
809 1034 1032 1104 injuste;
1077 1032 1392 1102 prmsciente
1421 1039 1632 1090 tamen,
1671 1041 1775 1080 non
1801 1023 1866 1078 ad
1905 1023 2006 1077 hoc
2033 1035 2130 1076 co-

541 1137 701 1199 gente
730 1147 744 1182 :
773 1126 868 1181 sed
905 1124 1062 1180 simul
1109 1124 1310 1178 sciente
1350 1119 1477 1190 quid
1526 1119 1594 1173 dc
1639 1117 1732 1171 illo
1776 1117 1889 1185 ipse
1933 1113 2132 1168 faceret

541 1219 706 1289 juste.
735 1217 883 1272 Nunc
911 1231 1037 1270 vero
1079 1224 1422 1283 posteaquam
1455 1220 1538 1264 est
1579 1209 1666 1263 illa
1707 1220 1896 1276 magna
1929 1203 2132 1273 peccati

544 1311 740 1365 merito
767 1307 960 1362 amissa
991 1305 1247 1368 libertas,
1281 1305 1440 1358 etiam
1471 1297 1762 1369 majoribus
1785 1295 1941 1351 donis
1969 1295 2126 1363 adju—

545 1402 714 1457 vanda
765 1398 1020 1455 remansit
1062 1393 1362 1449 inﬁrmitas.
1405 1390 1613 1445 Placuit
1653 1387 1793 1441 enim
1837 1385 1979 1451 Deo,
2023 1399 2129 1453 quo

546 1494 778 1547 maxime
822 1491 1068 1544 humana:
1114 1483 1412 1554 superbiam
1459 1475 1889 1550 prmsumptiouis
1931 1473 2136 1529 exstin-

546 1593 752 1656 gueret,
783 1591 959 1635 utnon
981 1577 1224 1650 glorietur
1249 1573 1410 1628 omnis
1436 1586 1554 1624 caro
1582 1585 1754 1622 coram
1777 1568 1909 1638 ipso,
1941 1564 1994 1620 id
2026 1573 2126 1630 est,

547 1678 723 1733 omnis
748 1676 927 1730 homo.
955 1670 1108 1728 Unde
1135 1676 1312 1722 autem
1341 1679 1446 1719 non
1475 1662 1734 1733 glorietur
1776 1673 1903 1714 caro
1945 1671 2128 1712 coram

547 1772 687 1841 ipso,
711 1767 811 1823 nisi
831 1766 900 1822 de
926 1763 1128 1820 meritis
1153 1757 1302 1816 suis?
1325 1773 1444 1828 qua:
1469 1754 1681 1826 quidem
1710 1753 1880 1822 potuit
1907 1750 2126 1816 habere,

549 1863 644 1918 sed
675 1857 936 1932 perdidit;
962 1864 1016 1910 et
1041 1869 1138 1924 per
1162 1845 1302 1921 quod
1327 1847 1528 1902 habere
1557 1845 1750 1916 potuit,
1778 1859 1873 1912 per
1899 1841 2000 1895 hoc
2020 1855 2136 1932 per-

550 1931 718 2017 didit,
743 1949 846 2004 hoc
875 1955 983 2012 est,
1017 1959 1112 2014 per
1128 1942 1364 1997 liberum
1391 1937 1672 1993 arbitrium
1703 1953 1717 1991 :
1748 1942 1966 2005 propter
1989 1931 2132 2002 quod

549 2061 658 2100 non
683 2049 850 2098 restat
871 2035 1160 2094 liberandis
1203 2033 1303 2088 nisi
1333 2031 1500 2103 gratia
1543 2027 1839 2085 libet-antis.
1883 2025 1959 2079 ita
2009 2037 2136 2093 ergo

549 2152 656 2191 non
685 2133 939 2205 gloriatur
967 2128 1141 2186 omnis
1169 2141 1297 2182 caro
1326 2138 1505 2179 coram
1537 2122 1672 2192 ipso.
1696 2120 1812 2176 Non
1843 2121 1988 2175 enim
2013 2118 2138 2188 glo-

549 2230 755 2283 riantur
781 2223 985 2295 injusti,
1015 2221 1104 2292 qui
1126 2220 1147 2251 '
1176 2233 1280 2273 non
1307 2215 1506 2270 habent
1528 2212 1698 2278 unde;
1721 2225 1820 2266 nec
1838 2209 1990 2280 justi,
2015 2207 2136 2278 quia

549 2337 616 2376 ex
647 2322 764 2389 ipso
791 2318 991 2372 habent
1019 2311 1190 2377 unde,
1229 2324 1330 2364 nec
1366 2307 1565 2363 habent
1599 2305 1825 2376 gloriam
1854 2317 2006 2356 suam
2033 2301 2137 2356 nisi

551 2415 748 2484 ipsum,
779 2409 863 2467 cui
889 2408 1092 2472 dicunt,
1121 2403 1295 2460 Gloria
1324 2417 1456 2467 mea,
1481 2409 1525 2454 et
1546 2399 1775 2453 exultans
1804 2403 1954 2466 caput
1971 2409 2138 2448 meum

552 2503 723 2575 (Psat.
746 2518 827 2568 ut,
857 2501 936 2573 4).
960 2501 1038 2553 Ac
1071 2513 1166 2568 per
1197 2496 1298 2550 hoc
1323 2493 1389 2547 ad
1419 2505 1636 2548 omnem
1669 2487 1938 2543 hominem
1969 2485 2137 2556 perti-

551 2606 646 2651 net
670 2593 812 2666 quod
847 2591 1105 2660 scriptum
1141 2596 1222 2642 est
1243 2628 1258 2654 ,
1304 2583 1372 2640 Ut
1401 2599 1502 2638 non
1545 2581 1790 2653 glorietur
1817 2579 1980 2632 omnis
2018 2592 2138 2631 caro

552 2705 724 2743 coram
759 2687 891 2757 ipso.
921 2682 1002 2738 Ad
1037 2682 1210 2752 justos
1249 2686 1426 2731 autem
1457 2674 1608 2740 illud,
1643 2673 1742 2740 Qui
1779 2671 2047 2743 gloriatur,
2085 2669 2139 2722 in

553 2762 774 2834 Domino
816 2774 1076 2846 glorietur.
1115 2771 1228 2826 [ioc
1255 2766 1438 2824 enim‘
1472 2764 1762 2836 Apostolus
1805 2761 2140 2834 apertissime

553 2870 806 2934 ostendit,
832 2867 924 2938 qui
945 2880 1066 2921 eum
1087 2863 1331 2924 dixisset,
1359 2857 1426 2914 Ut
1449 2875 1548 2912 non
1574 2855 1819 2928 glorietur
1838 2854 1998 2908 omnis
2020 2867 2140 2906 caro

555 2978 729 3017 coram
755 2961 904 3030 ipso;
931 2972 998 3012 ne
1025 2961 1284 3026 putarent
1308 2950 1476 3006 sancti
1503 2949 1618 3003 sine
1647 2946 1814 3016 gloria
1843 2957 1903 2999 se
1927 2957 2142 2998 reman-

554 3054 710 3118 sisse,
733 3065 859 3105 mox
897 3044 1132 3111 addidit,
1177 3041 1261 3097 Ea:
1299 3041 1411 3110 ipso
1450 3048 1729 3092 autem-vos
1768 3035 1884 3090 estis
1919 3034 1980 3087 in
2018 3031 2143 3086 Iesu

556 3143 782 3206 Christo,
809 3139 895 3210 qui
919 3137 1082 3207 factus
1108 3143 1179 3188 est
1214 3132 1356 3187 nobis
1378 3129 1625 3200 sapientia
1647 3143 1678 3179 a
1703 3125 1826 3191 Deo,
1846 3134 1890 3177 et
1906 3123 2104 3193 justitia
2124 3163 2139 3188 ,

559 3245 606 3288 et
633 3230 968 3301 sanctiﬁcatio
988 3269 1003 3293 ,
1035 3237 1079 3280 et
1107 3223 1418 3294 redemptio;
1459 3231 1533 3282 ut,
1566 3216 1989 3292 quemadmodum
2019 3217 2144 3268 scri-

558 3335 700 3396 ptum
725 3331 818 3388 est,
847 3319 948 3386 Qui
966 3318 1231 3390 gloriatur,
1259 3315 1312 3367 in
1344 3312 1561 3366 Domino
1587 3309 1830 3382 glorietur
1855 3307 1873 3378 (
1897 3307 1914 3361 Ι
1943 3304 2060 3360 Cor.
2095 3321 2140 3371 1.,

557 3414 768 3486 29οό1).
801 3413 932 3468 llinc
959 3407 1208 3478 estquod
1247 3406 1300 3461 in
1341 3405 1442 3458 hoc
1489 3403 1608 3456 loco
1654 3399 2008 3462 miseriarum,
2057 3396 2152 3482 ubi

560 3507 786 3564 tentatio
815 3513 898 3560 est
925 3503 1030 3556 vita
1057 3501 1286 3555 humana
1340 3509 1500 3566 super
1531 3505 1726 3549 terram
1758 3489 1896 3562 (Job
1917 3505 2009 3553 vu,
2049 3489 2070 3542 ι
2098 3487 2142 3558 ),

559 3601 717 3654 virtus
735 3599 790 3652 in
815 3595 1110 3665 inﬁrmitate
1137 3590 1394 3662 per/icitur
1416 3585 1494 3660 (ll
1526 3585 1643 3640 Cor.
1667 3599 1760 3647 xu,
1785 3581 1839 3650 9)
1864 3596 2015 3666 :quae
2037 3579 2148 3634 vir-

561 3702 673 3757 tus,
696 3689 799 3744 nisi
828 3695 882 3740 ut
905 3686 990 3753 qui
1010 3683 1278 3756 gloriatur,
1301 3680 1356 3733 in
1377 3677 1596 3731 Domino
1617 3673 1900 3746 glorietur?

633 3783 723 3840 38.
767 3784 846 3836 Ac
885 3795 982 3850 per
1023 3777 1129 3832 hoc
1172 3788 1270 3830 nec
1309 3773 1378 3828 de
1421 3772 1534 3841 ipsa
1577 3765 1976 3840 perseverantia
2021 3764 2147 3820 boni

561 3873 736 3930 voluit
768 3873 906 3926 Deus
932 3875 1150 3926 sanctos
1178 3875 1305 3919 suos
1331 3861 1385 3917 in
1417 3860 1622 3915 viribus
1653 3858 1794 3924 suis,
1829 3855 1922 3911 sed
1953 3857 2004 3909 in
2033 3855 2150 3924 ipso

561 3964 778 4035 gloriari
803 3981 816 4017 :
843 3961 933 4032 qui
962 3961 1042 4016 eis
1072 3973 1176 4013 non
1205 3953 1376 4011 solum
1401 3953 1493 4008 dat
1515 3951 1832 4022 adjutorium
1859 3949 2011 4020 quale
2041 3949 2151 4016 pri-

563 4075 654 4114 mo
681 4055 886 4112 homini
914 4053 1078 4118 dedit,
1108 4051 1223 4106 sine
1244 4063 1350 4119 quo
1377 4063 1482 4100 non
1513 4044 1716 4116 possint
1737 4056 2086 4112 perseverare
2105 4041 2149 4095 si

563 4152 761 4215 velint;
791 4147 886 4206 sed
920 4147 974 4201 in
1010 4145 1089 4200 eis
1114 4143 1274 4197 etiam
1297 4181 1312 4208 ,
1352 4147 1609 4208 operatur
1635 4145 1690 4189 et
1715 4133 1854 4188 velle
1883 4151 1897 4188 :
1924 4143 1984 4186 ut
2013 4145 2151 4201 quo-

565 4246 708 4300 niam
754 4256 862 4296 non
903 4233 1358 4308 perseverabunt,
1391 4230 1492 4285 nisi
1523 4237 1576 4284 et
1605 4227 1813 4298 possint
1855 4235 1908 4280 et
1953 4225 2150 4288 velint,

569 4328 944 4405 perseverandi
987 4327 1066 4382 eis
1112 4335 1168 4378 et
1209 4321 1535 4393 poSsibilitas
1573 4327 1628 4374 et
1667 4317 1910 4372 voluntas
1953 4315 2153 4370 divina:

565 4425 752 4497 gratia:
779 4420 1019 4491 largitate
1044 4415 1294 4472 donetur.
1317 4413 1543 4468 Tantum
1575 4409 1771 4480 quippe
1795 4407 1996 4477 Spiritu
2018 4421 2149 4461 sau-

568 4495 656 4572 cto
683 4509 991 4568 accenditur
1019 4507 1264 4561 voluntas
1284 4517 1468 4558 eorum
1487 4543 1500 4568 ,
1531 4509 1590 4554 ut
1615 4500 1738 4555 ideo
1766 4497 2004 4568 possint,
2033 4495 2154 4567 quia

565 4610 647 4664 sic
671 4605 888 4668 volunt;
916 4601 1039 4658 ideo
1063 4599 1142 4656 sic
1166 4597 1351 4664 velint,
1375 4595 1496 4666 quia
1524 4593 1668 4648 Deus
1694 4600 1944 4662 operatur
1974 4597 2032 4645 ut
2057 4605 2154 4645 ve-

569 4699 686 4753 lint.
715 4695 848 4750 Nam
890 4693 936 4748 si
979 4693 1032 4746 in
1064 4699 1209 4745 tanta
1237 4687 1548 4743 infirmitate
1583 4685 1708 4740 vitm
1737 4681 1896 4754 hujus
1934 4681 2028 4752 (in
2053 4695 2158 4752 qua

571 4798 749 4842 tamen
804 4782 1112 4838 inﬁrmitate
1167 4787 1384 4849 prOpter
1429 4777 1714 4832 elationem
1761 4771 2155 4844 reprimendum

572 4875 758 4949 perlici
799 4875 1048 4928 virtutem
1095 4868 1412 4940 oportebat)
1461 4867 1590 4937 ipsis
1633 4865 2024 4936 relinqueretur
2063 4877 2160 4917 vo-

573 4969 752 5022 luntas
781 4979 875 5020 sua
898 5005 914 5028 ,
946 4971 1002 5017 ut
1033 4962 1087 5016 in
1115 4959 1380 5028 adjutorio
1405 4957 1498 5012 Dei
1525 4957 1641 5012 sine
1669 4971 1774 5026 quo
1811 4967 2160 5026 perseverare

576 5075 686 5115 non
729 5065 980 5128 possent,
1025 5062 1305 5107 manerent
1329 5051 1374 5104 si
1404 5049 1637 5116 vellent,
1667 5063 1768 5103 nec
1807 5048 1945 5101 Deus
1987 5044 2044 5099 in
2082 5046 2161 5101 eis

577 5157 891 5222 operaretur
920 5156 978 5200 ut
1003 5145 1238 5210 vellent,
1269 5143 1412 5197 inter
1441 5149 1518 5195 tot
1546 5148 1600 5194 et
1637 5147 1812 5192 tantas
1837 5136 2160 5191 tentationes

579 5240 888 5298 inﬁrmitate
915 5253 1010 5293 sua
1049 5235 1294 5290 voluntas
1335 5233 1447 5302 ipsa
1489 5229 1894 5294 succumberet,
1942 5235 1997 5280 ct
2039 5226 2162 5281 ideo

579 5343 924 5406 perseverare
954 5341 1058 5381 non
1085 5333 1325 5394 possent,
1349 5321 1473 5390 quia
1502 5318 1813 5374 deficientes
1849 5315 2160 5372 inﬁrmitate

581 5439 680 5480 nec
705 5421 925 5487 vellent,
953 5425 1044 5472 aut
1070 5433 1175 5471 non
1203 5416 1274 5470 ita
1299 5413 1498 5468 vellent
1525 5407 1834 5465 infirmitate
1871 5407 2162 5463 voluntatis

643 5579 660 5610 ι
695 5578 770 5625 sic
787 5581 894 5624 uss.
919 5566 1474 5638 ircumagenti-ﬂ-
1511 5623 1545 5638 _.
1577 5637 1581 5638 ν
1689 5627 1698 5636 .

641 5641 664 5672 ι
697 5622 903 5692 ἐδίῑὶξὲι
935 5633 1048 5684 bene
1078 5622 1297 5690 vivendi,
1321 5622 1584 5690 facilitati:
1607 5627 1802 5684 omisso,
1826 5629 2008 5687 tanta;
2037 5622 2168 5688 quod

584 5713 648 5750 ex
681 5706 788 5747 Mss.
812 5697 1096 5746 restituitur.
1275 5752 1302 5756 η
1332 5753 1339 5756 λ
1579 5746 1590 5756 .

557 5759 566 5767 ’
648 5761 670 5826 _'
701 5766 812 5826 Iov.
835 5765 887 5806 et
910 5759 1206 5826 posteriores
1229 5752 1484 5811 editiones,
1508 5752 1638 5813 quia.

645 5823 668 5853 δ
699 5821 834 5878 editi,
858 5821 1021 5870 etuan.

1399 371 1485 424 DE
1521 367 2000 425 CORIiEPTIONE
2041 367 2126 421 ET
2166 367 2440 436 GRATIA,
2484 367 2538 422 S.
2585 369 2947 426 AUGUSTINI

3705 371 3806 428 9w

2239 491 2294 535 ut
2315 493 2548 552 possent.
2569 483 2895 539 Subventum
2918 494 2998 540 est
3022 485 3178 555 igitur
3205 485 3492 540 inﬁrmitati
3523 485 3808 542 voluntatis

2237 571 2500 635 humanae,
2530 584 2585 628 ut
2611 575 2784 630 divina
2809 577 2973 646 gratia
2995 576 3434 632 indeelinabiliter
3457 586 3512 632 et
3539 579 3802 647 insepara-

2237 663 2414 719 biliter
2435 666 2452 696 ¹
2480 675 2760 735 ageretur;
2794 677 2846 722 et
2876 669 3014 732 ideo,
3046 671 3287 738 quamvis
3315 669 3524 723 infirma
3544 711 3557 732 ,
3595 687 3700 724 non
3734 681 3808 724 ta-

2237 769 2356 808 meu
2386 754 2676 820 deﬁceret,
2709 773 2879 826 neque
2922 759 3244 814 adversitate
3279 761 3452 829 aliqua
3489 761 3808 814 vinceretur.

2239 844 2309 897 Ita
2343 843 2535 899 factum
2567 857 2649 902 est
2679 857 2734 900 ut
2763 849 3004 902 voluntas
3033 848 3261 904 hominis
3287 849 3516 904 invalida
3557 859 3612 904 et
3641 851 3814 905 imbe-

2233 939 2354 992 cilla
2387 939 2439 992 in
2472 939 2611 993 beno
2639 940 2811 994 adhuc
2853 957 3014 1009 parvo
3046 951 3410 1010 perseveraret
3443 957 3538 1010 per
3563 942 3812 996 virtutem

2239 1028 2332 1082 Dei
2361 1045 2374 1080 :
2402 1045 2522 1082 cum
2557 1030 2801 1084 voluntas
2821 1032 2842 1062 ³
2875 1031 3028 1100 primi
3057 1032 3286 1086 hominis
3325 1031 3478 1086 fortis
3508 1039 3565 1086 et
3604 1047 3730 1086 sana
3763 1035 3812 1086 iu

2236 1121 2378 1176 bono
2415 1122 2672 1189 ampliore
2711 1139 2816 1176 non
2849 1124 3298 1192 perseveraverit,
3331 1122 3535 1178 habens
3559 1123 3814 1178 virtutem

2237 1210 2389 1264 liberi
2429 1210 2660 1276 arbitrii;
2705 1213 2950 1282 quainvis
2996 1229 3101 1267 non
3141 1213 3390 1268 defuturo
3427 1213 3694 1283 adjutorio
3725 1215 3818 1268 Dei

2237 1302 2351 1354 sine
2380 1317 2484 1371 quo
2515 1317 2615 1354 non
2643 1313 2821 1370 posset
2847 1317 3186 1373 perseverare
3214 1304 3258 1357 si
3288 1305 3475 1370 vellet,
3503 1321 3610 1358 non
3641 1313 3816 1359 tamen

2238 1393 2326 1445 tali
2352 1408 2458 1462 quo
2485 1393 2535 1446 in
2565 1393 2654 1446 illo
2683 1395 2821 1448 Deus
2857 1405 3169 1464 operaretur
3201 1407 3256 1449 ut
3283 1397 3464 1450 vellet.
3499 1397 3819 1450 FortiSsiuao

2237 1483 2431 1552 quippe
2458 1483 2660 1538 dimisit
2686 1494 2844 1554 atque
2871 1485 3110 1554 permisit
3140 1486 3314 1542 facere
3335 1487 3476 1558 quod
3502 1489 3659 1542 vellet
3687 1507 3701 1541 ε
3733 1489 3815 1541 in-

2239 1577 2404 1630 lirmis
2445 1577 2712 1640 servavit,
2761 1586 2818 1630 ut
2865 1577 2980 1646 ipso
3027 1578 3258 1632 donante
3299 1580 3644 1638 invictissime
3675 1579 3818 1648 quod

2238 1666 2433 1720 bonum
2457 1675 2539 1721 est
2563 1667 2780 1730 vellent,
2810 1679 2864 1723 et
2884 1668 2905 1699 ³
2933 1667 3035 1722 hoc
3057 1667 3306 1723 deserere
3331 1669 3676 1724 invictissime
3705 1672 3820 1724 nol-

2237 1756 2368 1811 ient.
2401 1757 2616 1812 Dicente
2656 1773 2781 1828 ergo
2811 1758 3060 1823 Christo,
3097 1759 3292 1830 Rogaui
3323 1777 3414 1830 pro
3445 1770 3490 1814 te
3530 1778 3592 1814 ne
3620 1763 3822 1830 deﬁciat

2239 1848 2365 1917 ﬁdes
2390 1858 2476 1901 tua
2501 1847 2650 1920 (Luc.
2683 1865 2811 1915 χχιι,
2835 1849 2904 1904 '59.
2925 1849 2964 1919 ),
2991 1850 3344 1920 intelligamus
3368 1851 3414 1904 ei
3440 1851 3662 1917 dictum,
3690 1853 3780 1922 qui
3801 1853 3822 1882 ⁸

2239 1939 2528 1994 aediﬁcatur
2554 1955 2715 2010 super
2745 1951 2968 2012 petram.
2996 1943 3167 2012 Atque
3189 1943 3258 1996 ita
3283 1941 3444 1996 homo
3467 1943 3561 1997 Dei
3589 1959 3694 1998 non
3723 1958 3820 1998 so-

2238 2031 2347 2084 lum
2377 2031 2498 2100 quia
2528 2031 2947 2086 misericordiam
2972 2041 3292 2087 consecutus
3322 2041 3406 2087 est
3444 2043 3500 2086 ut
3532 2032 3702 2088 ﬁdelis
3731 2049 3821 2087 es-

2240 2132 2540 2188 set,verum
2566 2122 2726 2176 etiam
2745 2123 2866 2192 quia
2891 2122 3019 2178 ﬁdes
3041 2123 3151 2192 ipsa
3175 2137 3280 2178 non
3301 2123 3498 2189 delicit,
3521 2124 3608 2194 qui
3629 2125 3826 2196 gloria-

2242 2221 2344 2277 tur,
2376 2213 2428 2266 in
2453 2212 2676 2266 Domino
2705 2213 2971 2284 glorietur.
3843 2267 3850 2272 _

2309 2303 2534 2361 CAPUT
2559 2305 2884 2361 Kuh—39.
2915 2305 3038 2361 llzce
3056 2305 3122 2361 de
3149 2305 3233 2360 his
3257 2307 3465 2376 loquor,
3493 2307 3583 2377 qui
3617 2307 3828 2376 prinde-

2239 2397 2416 2451 stinati
2441 2407 2564 2452 sunt
2589 2399 2641 2451 in
2675 2413 2894 2468 regnum
2923 2397 3036 2464 Dei,
3063 2413 3292 2466 quorum
3315 2397 3385 2452 ita
3410 2408 3590 2453 certus
3609 2410 3691 2453 est
3721 2415 3823 2452 IIII-

2240 2501 2443 2554 merns,
2472 2498 2528 2542 ut
2553 2503 2652 2542 nec
2673 2488 2896 2542 addatur
2916 2492 2993 2543 eis
3019 2489 3320 2558 quisquam,
3345 2505 3445 2544 nec
3471 2490 3738 2544 minuatur
3757 2506 3826 2544 ex

2241 2578 2320 2632 eis
2345 2596 2358 2633 :
2387 2593 2491 2632 non
2522 2577 2588 2633 de
2613 2578 2698 2632 his
2724 2579 2842 2648 qui,
2871 2593 2992 2632 cum
3020 2579 3392 2633 annuntiasset
3427 2589 3480 2633 et
3507 2579 3718 2635 locutus
3743 2596 3832 2634 es-

2241 2677 2343 2734 set,
2363 2667 2692 2738 multiplicati
2721 2677 2842 2722 sunt
2858 2683 3020 2739 super
3043 2683 3325 2722 numerum
3345 2667 3518 2737 (Psal.
3545 2685 3726 2734 xxxu,
3747 2671 3828 2738 6).

2241 2756 2346 2828 ipsi
2371 2759 2514 2815 enim
2543 2761 2716 2815 vocati
2747 2761 2850 2815 dici
2883 2771 3125 2829 possunt,
3157 2775 3264 2815 non
3293 2770 3470 2816 autem
3501 2763 3679 2828 eiecti,
3706 2763 3830 2832 quia

2242 2865 2348 2904 non
2377 2850 2666 2904 secundum
2708 2852 3032 2920 propositum
3065 2851 3258 2904 vocati.
3300 2849 3513 2906 Certum
3543 2867 3673 2906 vero
3711 2869 3833 2908 esse

2243 2955 2522 2995 numerum
2541 2941 2852 3005 electorum,
2875 2955 3045 3010 neque
3065 2941 3366 3010 augendum
3387 2957 3558 3012 neque
3585 2943 3833 2997 minuen-

2243 3031 2389 3098 dum,
2416 3032 2655 3102 quamvis
2676 3041 2729 3086 et
2752 3031 2982 3087 Joannes
3003 3033 3234 3102 Baptista
3261 3033 3542 3103 signiticet,
3569 3035 3656 3090 ubi
3679 3035 3830 3099 dicit,

2245 3123 2423 3178 Facite
2447 3141 2563 3195 ergo
2585 3128 2809 3192 fructum
2830 3124 3037 3194 (lignum
3061 3124 3365 3193 paenitentia:
3382 3141 3399 3178 :
3423 3134 3466 3178 et
3489 3125 3644 3178 nolite
3663 3127 3834 3180 dicere

2253 3217 2392 3286 apud
2417 3215 2762 3286 vosmetipsos,
2793 3215 2993 3268 Patrem
3012 3213 3248 3269 habemus
3264 3215 3550 3280 Abraham;
3574 3226 3743 3286 potens
3758 3225 3836 3270 est

2246 3307 2378 3361 enim
2423 3305 2561 3359 Deus
2601 3305 2663 3359 de
2705 3304 2958 3374 lapidibus
3003 3305 3112 3358 istis
3159 3306 3400 3358 suscitare
3445 3304 3576 3374 filios
3615 3305 3836 3358 Abrahae

2251 3395 2462 3466 (Matth.
2497 3411 2571 3457 Ill,
2595 3393 2650 3460 8,
2681 3393 2734 3466 9)
2761 3411 2774 3460 ;
2801 3404 2860 3448 ut
2879 3393 3127 3448 ostendat
3151 3395 3227 3448 sic
3255 3395 3385 3448 istos
3411 3409 3531 3449 esse
3553 3404 3833 3463 amputau-

2247 3486 2345 3541 dos
2367 3487 2410 3540 si
2435 3499 2540 3539 non
2567 3483 2790 3540 fecerint
2809 3485 3058 3549 fructum,
3083 3493 3141 3538 ut
3167 3499 3270 3538 non
3300 3483 3440 3539 desit
3465 3499 3717 3538 numerus
3741 3485 3832 3553 qui

2248 3577 2542 3650 promissus
2567 3586 2650 3632 est
2670 3577 2896 3632 Abrahze
2921 3593 2935 3631 :
2957 3585 3133 3631 tamen
3161 3577 3397 3646 apertius
3425 3577 3476 3630 in
3510 3576 3832 3647 Apocalypsi

2249 3668 2461 3734 dicitur,
2491 3666 2624 3722 Tene
2659 3667 2795 3738 quod
2833 3667 3020 3734 habes,
3060 3683 3122 3721 ne
3162 3669 3294 3722 alius
3341 3669 3557 3738 accipiat
3597 3683 3838 3722 coronam

2250 3772 2387 3817 tuam
2413 3762 2596 3837 (Apoc.
2623 3779 2704 3828 Ill,
2731 3763 2842 3834 ii).
2867 3761 2924 3818 Si
2953 3763 3094 3818 enim
3123 3763 3258 3816 alius
3279 3778 3384 3818 non
3413 3771 3498 3818 est
3524 3770 3840 3832 accepturus

2251 3855 2351 3911 nisi
2379 3856 2477 3910 iste
2501 3855 2808 3925 perdiderit,
2836 3861 3016 3909 certus
3041 3863 3122 3910 est
3153 3869 3428 3909 numerus.

2323 3947 2411 4002 40.
2441 3945 2594 4014 Quod
2635 3955 2811 4001 autem
2853 3945 3012 3999 etiam
3061 3945 3480 4016 perseveraturis
3523 3945 3719 4000 sanctis
3761 3945 3840 3998 sic

2253 4037 2353 4095 ista
2381 4039 2650 4106 dicuntur,
2677 4039 2828 4108 quasi
2858 4053 2952 4093 eos
2985 4047 3420 4108 perseveraturos
3463 4037 3725 4092 habeatur
3755 4037 3838 4090 in-

2255 4141 2456 4187 certum
2487 4150 2501 4186 :
2530 4147 2636 4185 non
2667 4131 2823 4186 aliter
2852 4131 2967 4185 hmc
2995 4130 3176 4184 audire
3207 4129 3421 4192 debent,
3454 4128 3648 4197 quibus
3677 4143 3842 4196 expe-

2245 4223 2334 4278 ‘dit
2363 4237 2466 4278 non
2493 4223 2656 4276 altum
2685 4237 2893 4290 sapere,
2926 4221 3018 4276 sed
3049 4221 3236 4275 limere
3265 4220 3439 4290 (Rom.
3463 4235 3538 4285 xi,
3561 4218 3680 4288 20).
3707 4219 3844 4286 Quis

2256 4313 2400 4370 enim
2426 4331 2488 4367 ex
2513 4314 2851 4370 multitudine
2879 4313 3129 4377 fidelitnn,
3156 4313 3404 4383 quamdiu
3433 4313 3484 4366 in
3515 4311 3616 4368 hac
3644 4323 3848 4366 morta-

2257 4404 2405 4459 litate
2447 4403 2664 4467 vivitur,
2711 4403 2764 4458 in
2814 4417 3036 4458 numero
3081 4402 3574 4473 praedestinatorum
3622 4417 3682 4456 se
3723 4417 3844 4457 esse

2255 4495 2584 4568 praisumat?
2604 4495 2736 4565 Quia
2769 4495 2819 4550 id
2841 4495 3097 4550 occultari
3126 4510 3259 4565 opus
3280 4504 3365 4550 est
3389 4495 3441 4548 in
3465 4493 3567 4550 hoc
3591 4493 3730 4560 loco,
3753 4493 3846 4550 ubi

2323 4644 2342 4676 ι
2377 4649 2428 4692 In
2447 4649 2520 4702 3.,
2542 4639 2946 4702 insuperabilitcr,
2973 4655 3084 4692 cum
3121 4641 3212 4690 hic
3245 4640 3554 4691 adnotatione
3577 4655 3592 4690 :
3624 4657 3648 4688 α
3669 4648 3781 4702 Am.
3797 4649 3848 4692 et

2261 4711 2356 4777 Er"
2379 4701 2778 4777 mseparabiliter,
2801 4703 3036 4777 mendose
3056 4715 3114 4777 ac
3134 4703 3535 4777 dissentientibus
3559 4711 3660 4777 Mss.
3687 4719 3710 4748 ι
3737 4701 3848 4777 gle-

2261 4763 2403 4828 rique
2427 4763 2574 4826 igitur
2595 4765 2713 4828 editi
2734 4773 2916 4828 ae,
2945 4763 3124 4828 ferunt,
3168 4763 3574 4828 insuperabiliter.
3611 4767 3683 4828 sic
3704 4764 3846 4812 etiam

2264 4825 2415 4878 editio
2448 4825 2565 4875 Lov.
2608 4827 2720 4888 anni
2761 4825 2898 4883 1577,
2923 4839 3033 4888 quae
3068 4825 3176 4888 hac
3211 4825 3680 4888 in'notadsubjicit:
3729 4842 3752 4870 ι
3785 4831 3848 4888 Ita

2271 4909 2294 4938 ι
2316 4896 2452 4938 recte
2487 4887 2790 4948 manuscripti
2814 4885 2985 4949 omnés
3015 4899 3117 4948 pro,
3147 4885 3554 4949 inseparabilier
3585 4893 3681 4936 Non
3703 4887 3852 4949 sentit

2272 4969 2295 4998 α
2315 4957 2478 4998 autem
2497 4945 2788 5011 Augustinus
2806 4947 2989 4996 electos
3008 4945 3034 4995 εἰ
3057 4951 3134 5011 via
3153 4945 3285 4997 recta
3299 4945 3547 4997 declinare
3561 4955 3618 5011 et
3632 4947 3852 5011 superari

2271 5029 2296 5060 ς
2317 5024 2346 5060 a
2367 5008 2635 5060 tentatione
2669 5022 2766 5058 non
2811 5021 2982 5071 posse;
3017 5009 3110 5058 sed
3132 5017 3228 5058 tam
3251 5015 3500 5071 potentem
3523 5010 3598 5058 eis
3617 5008 3718 5057 dari
3741 5021 3855 5071 gra-

2273 5093 2296 5121 α
2319 5074 2450 5129 tiam,
2475 5079 2529 5120 ut
2549 5069 2855 5133 quantumvis
2877 5069 3047 5120 inﬁrmi
3081 5077 3134 5120 et
3155 5069 3442 5130 imbecilles,
3466 5069 3856 5133 tameninec'de-

2273 5153 2296 5181 ι
2318 5133 2503 5182 elinent
2523 5131 2618 5181 nec
2636 5139 2927 5194 superentur
2952 5145 2964 5180 :
2989 5137 3047 5180 ut
3069 5143 3162 5179 non
3180 5133 3408 5194 neganda
3441 5132 3668 5194 peccandi
3705 5131 3858 5192 impo-

2274 5214 2297 5243 ι
2319 5195 2488 5254 tentia,
2506 5194 2596 5242 sed
2615 5192 2823 5256 eventus
2845 5199 3030 5256 tantum
3040 5192 3372 5256 signiﬁcetur._
3385 5194 3438 5256 ld_
3443 5192 3582 5256 quod
3599 5194 3860 5255 sequentia

2273 5275 2297 5304 ι
2317 5251 2483 5318 verba
2503 5256 2622 5304 satis
2657 5253 2868 5318 indicant
2891 5267 2905 5304 :
2929 5259 2974 5318 e_t
2997 5251 3111 5302 ideo
3127 5251 3344 5318 quttmzis
3354 5251 3566 5318 inﬁrma,
3587 5251 3862 5318 nontamen

2275 5337 2300 5365 ι
2322 5315 2549 5384 deﬁceret
2589 5327 2751 5384 neque
2777 5313 3062 5384 adversitate
3107 5312 3270 5384 aliqua
3298 5312 3584 5384 macerctur.
3615 5322 3670 5384 Et
3693 5315 3822 5384 jnt'ra
3845 5327 3858 5362 :

2277 5397 2300 5426 α
2321 5375 2528 5440 inﬁrmis
2550 5375 2770 5440 servavit,
2795 5381 2848 5440 ut
2867 5375 2970 5438 ipso
2992 5375 3196 5440 donante
3212 5375 3518 5440 invictissime
3539 5376 3666 5440 quod
3689 5375 3863 5425 bonum

2277 5459 2299 5486 α
2321 5435 2390 5491 est
2411 5437 2578 5489 vellent
2595 5475 2608 5496 ,
2635 5435 2788 5486 ethoc
2813 5435 3034 5486 deserere
3071 5435 3375 5487 im'ictissime
3417 5435 3609 5489 nollent.
3635 5453 3657 5481 ι
3687 5445 3864 5487 Vocem

2267 5498 2649 5560 insuperabiliter
2669 5497 2980 5548 nihilominus
3012 5499 3356 5562 expunximus,
3372 5507 3542 5562 utpote
3569 5501 3706 5550 novis
3729 5511 3860 5548 erro-

2269 5565 2404 5612 ribus
2421 5563 2684 5612 faventem.
2747 5565 2805 5608 u.

2336 5627 2356 5656 ²
2379 5624 2515 5682 aditi,
2537 5634 2648 5672 cuin
2669 5625 2716 5670 et
2737 5619 2969 5672 munitas.
2993 5623 3157 5684 Abest,
3182 5627 3246 5684 et,
3271 5635 3300 5672 a
3323 5629 3428 5672 MSS.

2335 5686 2356 5718 ³
2389 5685 2554 5734 Plures
2577 5691 2700 5738 Mss.,
2735 5689 2804 5732 ut.

2334 5745 2356 5778 δ
2389 5745 2556 5815 Plures
2586 5751 2860 5815 Mss.,_qute.
2909 5751 2957 5793 tn
2992 5747 3212 5810 proxime
3247 5751 3492 5809 sequente
3527 5757 3674 5796 versu
3705 5743 3866 5804 abest,

2273 5806 2411 5857 homo
2433 5806 2533 5867 Dei,
2561 5819 2588 5854 a
2611 5805 2860 5868 plerisque
2885 5815 2986 5856 uss.
