2071 3266
213 177 262 205 9H

209 235 250 263 sic
263 236 380 275 cavenda
394 242 434 266 est
446 238 537 272 elatio,
551 243 579 266 ut
592 240 671 268 etiam
684 250 731 277 per
745 248 845 271 satana:
857 244 981 280 angelum
992 265 1000 278 ,

209 288 245 308 ne
274 272 467 316 cxtolleretur,
502 290 589 313 tantus
621 287 832 322 eolaphizaretur
866 292 1002 325 apostolus

209 326 242 360 (ΙΙ
256 325 316 353 Cor.
330 336 376 361 xu,
388 328 427 364 7).
438 328 504 356 llinc
515 331 648 365 Apostolis
659 332 806 368 dicebatur,
820 335 851 362 Si
861 337 1002 364 manseritis

206 372 233 398 in
245 381 284 399 me
298 372 387 409 (Joan.
402 382 447 406 xv,
464 375 492 411 7)
508 385 514 402 ι
531 376 635 405 dicente
649 378 694 405 illo
707 380 751 414 qui
764 388 811 407 eos
826 381 917 416 utique
931 382 1002 410 scie-

206 417 252 445 bat
263 427 324 446 esse
339 428 489 447 mansuros.
503 421 538 448 Et
551 430 597 456 per
611 423 778 458 prophetam,
795 426 826 453 Si
836 427 965 455 volueritis
978 433 1002 455 et

205 464 334 491 audieritis
351 465 482 501 nte(lsai.
495 475 513 500 ι,
530 468 579 502 19)
594 477 599 493 :
613 476 673 495 cum
690 471 769 497 sciret
784 471 839 505 ipse
861 473 886 499 in
906 474 1000 507 quibus

206 516 362 543 operaretur
377 516 402 538 et
417 512 484 538 velle
500 512 628 548 (Philipp.
642 523 672 547 ll,
689 516 744 549 15).
761 517 791 543 Et
807 517 902 544 similia
917 520 999 546 multa

205 554 339 582 dicuntur.
355 556 419 583 Nam
433 558 440 572 ί
456 564 565 592 propter
584 559 663 594 hujus
678 562 816 588 utilitatem
836 565 949 597 secreti,
966 573 999 592 ne

207 600 277 627 forte
291 602 350 636 quis
364 603 516 637 extollatur,
532 605 577 631 sed
593 613 686 632 omnes
701 608 779 633 etiam
796 609 840 642 qui
856 609 922 637 bene
936 618 998 637 ettr-

207 650 267 671 rnnt
281 646 397 679 timeant,
413 647 475 674 diuit
490 650 622 677 occultttm
636 656 677 678 est
690 652 733 686 qui
748 654 904 686 perveniant
918 663 924 680 ε
937 663 998 689 pro—

207 695 264 722 pter
289 691 365 724 hujus
387 700 450 726 ergo
476 694 614 721 utilitatem
641 697 736 723 secreti
765 698 927 726 credendum
956 705 997 728 est

204 735 329 767 quosdam
346 736 378 763 de
393 737 452 764 liliis
468 738 632 771 perditionis,
654 749 706 767 non
721 748 830 776 accepto
849 743 920 770 dono
937 752 997 778 per-

201 781 340 807 severandi
356 790 438 817 usque
450 784 474 809 in
488 784 576 817 linem,
592 785 616 812 in
634 786 684 813 lide
698 796 756 821 quae
768 796 814 822 per
827 789 995 818 dilectionem

200 830 327 858 operatur
342 827 458 862 incipere
473 829 580 863 vivere,
606 836 632 857 et
653 832 805 867 aliquandiu
830 835 943 863 lidelitcr
964 844 995 864 ac

197 871 268 904 juste
284 872 387 905 vivere,
411 879 437 901 et
462 880 552 909 postea
575 878 680 910 cadere,
704 887 789 914 neque
814 881 847 908 de
870 881 919 909 ltac
943 883 994 910 vita

200 917 354 952 priusquam
371 919 421 946 hoc
441 921 479 947 eis
494 923 629 957 contingat
651 924 760 952 auferri.
776 926 893 959 Quorum
910 929 931 955 si
946 937 994 956 tte-

199 963 264 990 mini
288 965 461 1000 contigisset,
488 969 588 995 tamdiu
616 970 745 998 haberent
768 973 890 1002 homines
913 976 992 1004 istum

199 1009 403 1038 saluberrimum
415 1013 548 1044 timerent,
561 1022 612 1048 quo
623 1016 715 1043 vitium
730 1018 852 1046 elationis
863 1022 992 1055 Opprimi-

199 1057 252 1085 tur,
267 1054 351 1082 donec
366 1056 398 1082 ad
412 1056 507 1084 Christi
523 1060 635 1093 gratiam
650 1069 701 1095 qua
723 1063 764 1096 pie
786 1065 881 1092 vivitur
896 1074 991 1100 pervc-

197 1099 300 1132 uirent,
320 1100 446 1136 deinceps
458 1103 511 1136 jam
528 1105 615 1131 securi
630 1114 763 1141 nunquam
780 1116 809 1136 se
824 1110 857 1136 ab
873 1111 917 1137 illo
931 1120 990 1140 esse

197 1151 316 1172 casuros.
336 1146 400 1178 Qua:
421 1149 591 1183 pra-sumptio
614 1150 639 1176 in
664 1151 713 1177 isto
738 1154 912 1183 tentationum
932 1157 991 1184 loco

198 1197 250 1215 non
264 1191 384 1224 expedit,
400 1192 442 1219 ubi
458 1197 528 1219 tanta
549 1199 589 1221 est
610 1195 750 1224 infirmitas
763 1219 769 1229 ,
792 1204 819 1225 ut
838 1202 989 1234 superbiant

198 1235 281 1268 possit
293 1243 421 1270 generare
431 1239 569 1266 securitas.
584 1241 699 1276 Denique
710 1243 789 1270 etiam
803 1245 852 1272 hoc
863 1247 929 1278 erit;
943 1249 989 1275 sed

199 1283 274 1313 tunc,
289 1281 358 1315 quod
368 1283 378 1297 '
391 1282 445 1316 jam
460 1289 500 1310 est
515 1284 541 1311 in
556 1287 656 1320 angelis
667 1308 673 1319 ,
695 1289 773 1315 etiam
796 1290 821 1316 in
837 1292 990 1321 ltominibus

200 1325 262 1354 erit.
272 1326 376 1360 quando
389 1327 438 1354 ulla
453 1331 575 1362 superbia
591 1334 650 1359 esse
666 1340 719 1359 non
735 1335 841 1368 poterit.
855 1337 989 1366 Numerus

199 1376 264 1403 ergo
276 1375 426 1398 sanctorum
441 1380 487 1406 per
501 1374 545 1401 Dei
559 1376 671 1409 gratiam
689 1378 734 1405 Dei
748 1387 831 1414 regno
851 1383 989 1416 przutlesli-

198 1419 286 1447 natus,
298 1415 394 1442 donata
403 1418 452 1444 sibi
462 1420 540 1446 etiam
553 1428 635 1455 usque
648 1422 672 1448 in
685 1424 763 1451 ﬁnem
777 1429 986 1463 perseverantia,

197 1458 260 1485 illuc
270 1460 372 1495 integer
386 1463 556 1498 perducetur,
566 1471 593 1492 et
605 1467 658 1494 illic
670 1469 917 1506 integerrimusjan‘i
930 1475 988 1502 sine

196 1503 248 1531 lino
264 1504 433 1534 beatissimus
454 1511 614 1544 servabitur,
636 1513 789 1542 adhzerentc
810 1517 860 1544 sibi
882 1519 988 1546 miseri-

193 1550 284 1577 cordia
303 1551 448 1580 Salvatoris
468 1555 524 1587 sui,
550 1557 606 1584 sive
627 1565 686 1585 cum
710 1567 911 1597 convertuntur,
932 1565 988 1593 sive

192 1601 253 1622 cum
269 1597 432 1630 prmliantur,
447 1600 502 1626 sive
516 1608 575 1627 eum
589 1609 761 1631 coronantur.

227 1641 272 1668 41.
286 1642 350 1670 Nam
362 1648 388 1671 et
403 1649 466 1672 tunc
475 1653 534 1673 esse
548 1647 600 1675 illis
613 1649 658 1676 Dei
673 1651 880 1682 misericordiam
894 1664 987 1684 neces-

193 1687 290 1714 sariam
312 1695 403 1716 sancta
427 1690 562 1726 Scriptura
588 1698 709 1729 testatur,
735 1697 779 1724 ubi
800 1702 931 1728 sanctus3
953 1702 986 1730 de

195 1731 307 1759 Domino
321 1733 378 1761 Deo
390 1743 439 1762 suo
450 1735 461 1751 ⁸
478 1737 542 1764 dicit
557 1738 652 1766 anima:
665 1748 729 1774 sum,
745 1742 794 1775 Qui
805 1751 908 1772 coronat
922 1752 945 1774 te
959 1748 986 1774 in

195 1777 352 1806 miseratione
368 1785 390 1807 et
402 1782 571 1810 misericordia
585 1785 594 1817 (
606 1784 678 1812 Psal.
695 1794 740 1820 cu,
757 1789 773 1815 4
786 1789 805 1823 ),
818 1790 886 1817 Dicit
904 1792 984 1820 etiam

193 1821 308 1851 Jacobus
323 1826 465 1859 apostolus,
481 1827 611 1855 Iudicium
625 1831 678 1858 sine
697 1821 868 1861 misericordia
887 1837 926 1863 illi
941 1842 985 1872 qut

194 1876 245 1895 non
268 1870 327 1904 fecit
342 1871 538 1900 misericordiam
554 1874 659 1910 (Jacobi
675 1885 702 1909 ιι,
717 1878 766 1913 15)
781 1888 787 1905 :
803 1880 846 1906 ubi
868 1870 984 1911 ostendit

191 1914 272 1941 etiam
288 1915 314 1941 in
328 1915 374 1942 illo
386 1916 496 1951 judicio,
509 1919 535 1946 in
549 1928 601 1954 quo
612 1921 676 1954 justi
689 1930 860 1958 coronantur,
875 1927 983 1962 injusti—

189 1966 241 1992 que
263 1959 430 1994 damnantur,
455 1963 521 1990 alios
545 1972 604 1992 cum
630 1967 828 2003 misericordia,
843 1973 910 2000 alios
926 1975 983 2002 sine

189 2004 371 2033 misericordia
389 2007 557 2042 judicandos.
580 2011 691 2045 Propter
710 2015 779 2048 quod
802 2017 880 2044 etiam
898 2025 982 2047 mater

187 2047 398 2078 Machabmorum
410 2053 462 2080 lilio
475 2061 524 2081 suo
536 2055 608 2086 dicit,
621 2056 653 2083 Ut
666 2058 691 2084 in
702 2060 747 2085 illo
757 2061 915 2090 miseratione
924 2073 981 2091 cum

188 2095 308 2130 fratribus
321 2102 345 2124 te
356 2099 475 2133 recipiam
487 2100 518 2136 (ll
533 2101 650 2129 illuc/tab.
663 2111 710 2136 vn,
722 2105 779 2141 29).
791 2106 853 2134 Cum
861 2110 925 2135 enim
937 2119 981 2137 rea:

184 2139 271 2173 justus
282 2161 289 2172 ,
305 2142 372 2169 sicut
388 2144 513 2178 scriptum
527 2150 568 2172 est
578 2167 585 2179 ,
604 2148 694 2174 sederit
711 2149 737 2176 in
753 2151 856 2184 tltrono,
872 2162 921 2181 non
934 2156 980 2182 ad-

189 2185 326 2212 versabitur
335 2192 392 2214 ante
403 2196 459 2215 eum
471 2198 544 2216 omne
560 2192 665 2219 malum.
683 2194 745 2227 Quis
765 2196 915 2230 gloriabitur
934 2209 978 2227 cu-

188 2234 255 2256 stum
268 2239 294 2257 se
307 2231 397 2259 habere
405 2235 466 2261 cor?
478 2241 520 2262 aut
530 2237 585 2271 quis
597 2238 745 2273 gloriabitur
759 2243 878 2269 mundum
890 2253 916 2271 se
926 2255 978 2273 esse

186 2284 202 2302 a
215 2283 319 2311 peccato
328 2278 416 2314 (Prov.
428 2289 473 2314 xx,
483 2282 509 2316 8,
517 2282 544 2315 9,
556 2292 605 2310 sec.
615 2284 698 2320 LXX)
708 2286 719 2312 ‘?
729 2288 767 2314 Ac
779 2296 826 2322 per
836 2289 887 2316 hoc
897 2292 975 2319 etiam

186 2321 222 2348 ibi
235 2323 281 2350 Dei
297 2324 478 2353 misericordia
499 2330 646 2356 necessaria
666 2336 706 2358 est
717 2352 724 2364 ,
739 2341 789 2367 qua
805 2334 833 2361 fit
846 2335 856 2351 ⁵
873 2336 973 2371 beatus,

184 2368 226 2394 cui
242 2376 295 2395 non
310 2369 450 2404 imputavit
461 2372 589 2402 Dominus
602 2381 739 2409 pecratum
754 2377 838 2414 (Psal.
850 2389 922 2414 xxxi,
933 2383 973 2412 2).

183 2412 234 2439 Sed
251 2418 314 2441 tunc
329 2422 377 2449 pro
391 2415 521 2444 bonorum
539 2427 650 2454 operum
666 2412 768 2449 meritis
780 2424 853 2458 justo
874 2426 974 2460 judicio

181 2458 260 2485 etiam
276 2459 332 2493 ipsa
345 2461 527 2490 misericordia
542 2465 682 2493 tribuetur.
695 2468 762 2495 Cum
777 2470 847 2497 enim
864 2472 970 2507 dicitur,

181 2501 311 2530 Judicium
326 2508 380 2533 sine
394 2506 567 2536 misericordia
582 2510 620 2537 illi
632 2513 675 2545 qui
691 2521 742 2540 non
757 2515 816 2549 fecit
831 2517 972 2545 miscricor-

638 2538 644 2545 ,
692 2538 695 2539 ,
757 2538 814 2549 ,πη
831 2538 951 2545 ....-ν....ν.

137 2538 139 2540 ’
183 2547 267 2580 diam;
279 2549 464 2579 manifestatur
476 2552 502 2580 in
519 2554 559 2581 his
572 2555 599 2582 in
613 2557 708 2591 quibus
722 2558 890 2589 inveniuntur
902 2563 971 2591 bona

182 2599 262 2626 opera
276 2594 475 2632 misericordia;
487 2599 615 2633 judicium
628 2609 688 2629 cum
703 2604 883 2634 misericordia
896 2608 970 2642 ﬁeri;

183 2644 216 2664 ac
229 2645 278 2672 per
289 2638 340 2667 hoc
354 2641 434 2670 etiam
448 2643 534 2678 ipsam
547 2645 756 2676 misericordiam
775 2652 876 2680 meritis
889 2653 972 2681 bono-

180 2689 240 2710 rum
252 2690 362 2719 operum
373 2686 456 2716 reddi.
469 2688 528 2717 Non
539 2690 578 2718 sic
592 2695 634 2719 est
648 2700 729 2727 nunc,
745 2699 850 2730 quando
861 2706 914 2726 non
926 2707 971 2726 so-

209 2760 218 2798 :
234 2764 287 2798 Am.
300 2765 373 2798 etjtr.
383 2765 504 2798 omittunt,
520 2771 589 2792 Nam.
600 2768 696 2795 Habent
706 2773 781 2798 nostri
792 2776 845 2798 Its.

207 2791 218 2831 :
350 2797 418 2829 μω..
427 2797 473 2831 sed

206 2821 218 2863 ξ
232 2821 461 2863 Epiuotth
472 2821 753 2863 Mamaeae,
765 2839 779 2858 τι
791 2838 843 2859 Mss.

205 2852 217 2898 ἒ
232 2852 315 2878 Plures
324 2858 388 2886 ιω,
399 2857 430 2882 de
442 2858 542 2884 nmium
551 2852 712 2887 dicit
718 2852 779 2889 371w“
787 2852 905 2898 ἔῗηὶίςεο,
918 2871 968 2894 Dea

172 2888 215 2906 suo

203 2899 223 2929 ἲ
232 2917 281 2938 Am.
294 2918 330 2939 Β.
345 2920 371 2941 ct
379 2917 470 2949 aliquot
482 2924 543 2947 3:55.,
553 2920 604 2951 ﬁet.
622 2926 671 2947 ουν
685 2928 746 2949 Mss.
762 2925 810 2952 ﬁat.

922 187 1022 215 LIBER
1042 188 1141 218 UNUS.

1798 210 1852 238 943

1028 239 1038 244 “
1061 244 1115 271 lum
1138 246 1216 274 nullis
1240 249 1334 284 bonis,
1360 253 1407 280 sed
1427 255 1506 282 etiam
1523 257 1614 286 multis
1632 261 1709 288 malis
1721 262 1847 298 operibu's

1056 292 1278 329 praecedentibus,
1295 298 1477 329 misericordia
1491 303 1548 337 ejus
1558 307 1686 339 praevenit
1700 308 1850 346 hominem.

1056 338 1083 346 ..ι
1099 335 1125 346 |!I
1184 343 1189 346 -
1330 343 1346 346 "

1055 338 1085 362 ut
1099 335 1226 366 liberetur
1246 348 1261 367 a
1286 343 1362 370 malis
1372 365 1378 376 ,
1395 349 1421 372 et
1436 355 1495 381 qua:
1505 335 1595 384 il‘eeit,
1617 356 1644 379 et
1658 360 1717 388 qua:
1729 344 1847 386 facturus

1054 379 1140 408 fuerat
1158 383 1208 411 nisi
1225 385 1271 413 Dei
1292 389 1377 422 gratia
1399 397 1536 427 regeretur
1548 396 1568 428 ί,
1589 401 1616 424 et
1639 379 1699 433 qua:
1719 408 1847 435 passurus

1055 425 1078 435 ,η
1130 433 1135 435 ,
1154 429 1159 434 .

1432 425 1440 427 Ὗ
1561 425 1566 428 _
1648 425 1654 433 ,
1678 425 1696 427 α
1719 425 1847 435 r_--_.....

1054 425 1138 455 fuerat
1152 429 1179 456 in
1194 435 1323 460 aeternum
1339 435 1389 463 nisi
1400 444 1562 468 erueretura
1578 448 1708 476 potestate
1723 449 1848 476 teuebra.

1053 478 1122 504 rutn,
1136 478 1163 500 et
1178 476 1368 507 transferretur
1388 481 1413 508 in
1434 491 1545 519 regnum
1562 486 1622 514 Filii
1638 489 1775 520 charitatis
1795 494 1844 523 Dei

1054 515 1161 552 (Coloss.
1178 527 1196 553 ι,
1213 520 1267 557 15).
1283 515 1543 564 Vcrumtamcn'quia
1555 535 1581 558 et
1594 531 1651 566 ipsa
1664 535 1717 562 vita
1730 542 1844 570 aeterna.

1052 570 1130 597 quam
1150 570 1250 594 certum
1274 574 1315 595 est
1336 569 1413 598 bonis
1437 575 1562 608 operibus
1583 576 1699 607 debitam
1723 582 1807 617 reddi,

1051 613 1125 638 tanto
1136 612 1264 648 Apostolo
1275 617 1359 651 gratia
1374 618 1420 646 Dei
1435 620 1532 649 dicitur
1544 623 1640 660 (Rom.
1653 635 1690 660 vt,
1699 627 1764 665 25),
1779 612 1841 658 cum

1049 657 1133 691 gratia
1146 666 1198 686 non
1213 662 1338 695 operibus
1352 664 1487 700 reddatur,
1503 657 1553 696 sed
1568 671 1651 705 gratis
1671 657 1766 708 detur;
1781 676 1841 705 sine

1050 701 1101 728 ulla
1115 702 1280 734 dubitatione
1293 709 1475 738 confitendum
1488 719 1548 746 est,
1564 701 1624 743 ideo
1635 718 1747 752 gratiam
1759 701 1842 749 vitam

1047 751 1175 775 aeternam
1191 752 1290 784 vocari,
1307 753 1367 787 quia
1382 754 1423 782 his
1438 757 1541 786 meritis
1556 751 1686 796 redditur,
1703 771 1764 799 qua:
1777 774 1840 801 gra-
1880 769 1886 773 “

1048 792 1084 819 tia
1096 794 1208 822 contulit
1222 796 1333 825 homini.
1345 799 1427 829 Recte
1437 803 1533 838 quippe
1545 805 1601 841 ipsa
1615 792 1841 847 intelliglitur‘quzn

1047 838 1074 864 in
1088 838 1231 875 Evangelio
1245 843 1340 879 legitur
1350 846 1370 879 ³,
1386 847 1475 876 Gratia
1488 859 1536 885 pro
1548 838 1632 887 gratia
1645 838 1734 891 (Joavn.
1749 865 1768 891 ι,

1047 883 1073 911 id
1087 889 1137 916 est,
1152 894 1201 920 pro
1216 887 1257 916 his
1270 891 1373 919 meritis
1386 900 1444 927 qua:
1458 883 1573 924 contulit
1583 883 1677 934 gratia.

1081 930 1126 957 42.
1139 931 1170 959 lli
1184 940 1247 960 vero
1259 935 1303 969 qui
1316 944 1370 964 non
1384 939 1517 972 pertinent
1529 942 1562 969 ad
1577 930 1648 972 liunc
1659 947 1837 981 praedestina-

1046 979 1132 1003 torum
1150 986 1307 1014 numerum,
1321 990 1388 1016 quos
1403 984 1449 1012 Dei
1474 987 1558 1020 gratia
1573 988 1630 1017 sive
1650 979 1769 1021 nondum
1791 995 1839 1023 ha~

1045 1021 1140 1051 bentes
1161 1025 1241 1053 ullum
1257 1027 1370 1056 libermu
1384 1038 1440 1058 suae
1459 1033 1602 1063 voluntatis
1616 1037 1766 1074 arbitrium,
1781 1042 1839 1070 sive

1044 1074 1105 1095 cum
1126 1069 1238 1098 arbitrio
1261 1073 1415 1109 voluntatis,
1430 1077 1490 1105 ideo
1507 1087 1569 1107 vere
1588 1080 1671 1110 libero
1682 1104 1691 1117 ,
1707 1086 1769 1120 quia
1789 1095 1838 1122 per

1044 1111 1129 1146 ipsam
1142 1115 1254 1149 gratiam
1270 1117 1392 1153 liberato,
1406 1122 1526 1155 perducit
1539 1125 1572 1152 ad
1587 1111 1697 1161 regnum
1731 1129 1757 1157 hi
1771 1111 1837 1167 eigo

1043 1159 1087 1193 qui
1107 1168 1159 1188 non
1174 1163 1307 1196 pertinent
1325 1165 1359 1193 ad
1374 1166 1452 1195 istum
1471 1170 1648 1201 certissimum
1669 1179 1697 1202 et
1714 1175 1837 1207 felicissi-

1044 1212 1117 1233 mum
1140 1215 1298 1242 numerum,
1321 1219 1370 1245 pro
1394 1215 1497 1242 meritis
1513 1216 1660 1251 justissime
1671 1221 1835 1256 iudicantur.

1044 1251 1098 1279 Aut
1106 1253 1177 1280 enim
1190 1254 1281 1289 jacent
1291 1257 1340 1285 sub
1354 1264 1464 1293 peccato
1473 1281 1480 1291 .
1493 1263 1564 1296 qttod
1577 1251 1740 1300 originaliter
1752 1276 1836 1303 gene-

1042 1298 1164 1326 ratione’
1180 1305 1335 1336 traxerunt,
1359 1308 1386 1331 et
1409 1312 1470 1333 cum
1486 1307 1532 1334 illo
1555 1298 1723 1340 haereditario
1745 1298 1836 1342 debito

1042 1342 1103 1370 hinc
1116 1350 1223 1379 exeunt,
1239 1347 1311 1381 quod
1330 1356 1382 1376 non
1401 1354 1443 1377 est
1461 1355 1662 1387 regeneratione
1677 1358 1833 1394 dimissum;

1041 1393 1086 1415 aut
1100 1396 1148 1424 per
1166 1390 1281 1419 liberum
1306 1394 1446 1423 arbitrium
1463 1397 1514 1425 alia
1529 1399 1638 1435 insuper
1651 1402 1809 1434 addiderunt

1040 1433 1191 1468 arbitrium,
1210 1436 1328 1472 inquam,
1344 1439 1468 1476 liberum,
1480 1443 1526 1471 sed
1537 1433 1757 1483 nou—liberatum;
1769 1451 1835 1480 libo-

1040 1486 1098 1506 rum
1113 1479 1235 1516 justitim,
1255 1486 1357 1517 peccati
1372 1491 1461 1514 autem
1480 1496 1586 1518 servum
1598 1512 1606 1525 ,
1623 1501 1675 1528 quo
1691 1496 1834 1526 volvuntur

1040 1531 1089 1559 per
1101 1525 1219 1554 diversas
1232 1529 1326 1558 noxias
1335 1532 1504 1568 cupiditates,
1514 1536 1558 1562 alii
1571 1525 1665 1573 magis,
1676 1540 1721 1568 alii
1732 1543 1831 1576 minus;

1040 1570 1087 1597 sed
1102 1579 1195 1599 omnes
1210 1574 1282 1606 mali,
1297 1580 1325 1603 et
1343 1584 1393 1611 pro
1407 1578 1463 1613 ipsa
1476 1570 1628 1611 diversitate
1642 1570 1756 1615 diversis
1769 1596 1833 1624 sup-

1039 1616 1125 1650 pliciis
1136 1617 1283 1652 iudicandi.
1293 1621 1347 1649 Aut
1356 1624 1467 1657 gratiam
1479 1626 1525 1654 Dei
1539 1630 1694 1665 suscipiunt,
1705 1633 1752 1660 sed
1764 1616 1832 1663 tem-

1039 1663 1144 1697 porales
1156 1669 1228 1699 sunt,
1243 1674 1292 1694 nec
1305 1675 1491 1705 perseverant;
1504 1672 1648 1702 deserunt‘
1663 1682 1690 1705 et
1703 1678 1832 1712 deserun:

1039 1712 1091 1737 tur.
1108 1710 1214 1741 Dimissi
1233 1713 1304 1740 enim
1325 1720 1386 1742 sunt
1401 1716 1484 1744 libero
1505 1719 1631 1755 arbitrio,
1647 1730 1700 1751 non
1721 1732 1831 1762 accepto

1039 1757 1243 1789 perseverantia}
1256 1758 1337 1792 dono,
1351 1760 1451 1795 judicio
1467 1763 1512 1791 Dei
1523 1764 1596 1799 justo
1610 1772 1637 1794 et
1648 1770 1763 1798 occulto.

1074 1801 1186 1830 CAPUT
1205 1803 1276 1831 XIV.
1297 1820 1331 1826 -—
1350 1806 1396 1834 45.
1417 1808 1555 1837 Patiantur
1573 1819 1637 1847 ergo
1657 1814 1779 1844 homines
1798 1825 1829 1846 se

1037 1848 1136 1882 corripi
1147 1849 1253 1883 quando
1266 1856 1389 1885 peccant,
1406 1860 1457 1881 nec
1467 1854 1501 1881 de
1513 1855 1568 1889 ipsa
1584 1860 1752 1895 correptione
1763 1870 1830 1891 con-

1037 1897 1077 1920 tra
1089 1894 1202 1928 gratiam
1212 1902 1441 1931 argumentemur,
1458 1908 1507 1928 nec
1520 1902 1554 1929 de
1568 1904 1651 1937 gratia
1662 1894 1753 1935 contra
1766 1917 1828 1937 cor-

1036 1939 1184 1974 reptionem
1198 1949 1205 1967 :
1220 1942 1282 1976 quia
1291 1947 1319 1970 et
1333 1945 1433 1978 peccati
1442 1945 1513 1979 justa
1527 1955 1604 1981 paena
1619 1950 1739 1986 debetur,
1753 1960 1781 1982 et
1792 1957 1827 1984 ad

1035 1983 1120 2018 ipsam
1129 1985 1245 2024 pertinet
1250 1986 1321 2021 justa
1332 1990 1474 2024 correptio,
1484 1999 1542 2026 qua:
1551 1983 1744 2026 medieinaliter
1751 2000 1828 2029 adhi-

1034 2028 1123 2062 betur,
1140 2021 1244 2058 etiamsi
1258 2032 1330 2060 salus
1351 2021 1504 2069 mgrotantis
1524 2037 1625 2066 incerta
1642 2046 1701 2068 est:
1718 2048 1747 2070 ut
1766 2045 1787 2072 si
1803 2047 1826 2073 is

1033 2074 1078 2109 qui
1087 2075 1239 2109 corripitur,
1248 2077 1280 2104 ad
1290 2078 1538 2112 prmdestinatorum
1549 2091 1688 2120 numerum
1700 2090 1824 2125 pertinet,

1033 2119 1066 2146 sit
1078 2121 1103 2147 ei
1116 2122 1250 2156 correptio
1262 2123 1369 2151 salubre
1380 2125 1619 2163 medicamentum;
1633 2132 1655 2157 si
1669 2138 1757 2161 autem
1770 2144 1824 2164 non

1032 2165 1158 2199 pertinet,
1169 2166 1204 2193 sit
1217 2167 1240 2194 ei
1255 2169 1389 2203 correptio
1402 2171 1507 2204 ptenale
1521 2177 1691 2203 tormentum.
1705 2178 1760 2206 Sub
1772 2181 1824 2209 isto

1031 2217 1095 2245 ergo
1109 2211 1212 2238 incerto
1227 2219 1261 2240 ex
1274 2212 1405 2242 charitate
1418 2215 1569 2245 adhibenda
1583 2225 1633 2252 est,
1649 2222 1723 2256 cujus
1737 2226 1823 2253 exitus

1034 2255 1188 2290 ignoratur;
1204 2261 1231 2284 et
1246 2265 1294 2292 pro
1313 2259 1358 2286 illo
1371 2260 1413 2287 cui
1428 2261 1578 2297 adhibetur,
1595 2267 1724 2295 orandum
1739 2274 1780 2297 est
1795 2276 1823 2302 ut

1030 2305 1150 2327 sanetur.
1172 2301 1239 2328 Cum
1261 2307 1349 2330 autem
1373 2304 1495 2333 homines
1515 2315 1563 2341 per
1582 2312 1777 2345 correptionem
1794 2315 1822 2342 in

1029 2345 1098 2372 viam
1115 2345 1227 2379 iustitiae
1239 2354 1286 2374 seu
1302 2349 1411 2376 veniunt
1422 2357 1467 2378 seu
1484 2358 1666 2388 revertuntur,
1682 2359 1742 2392 quis
1756 2367 1822 2395 ope-

1029 2395 1103 2418 ratur
1120 2391 1147 2418 in
1160 2392 1286 2420 cordibus
1299 2401 1391 2422 eorum
1407 2396 1536 2429 salutem,
1552 2399 1603 2426 nisi
1618 2401 1662 2429 ille
1675 2391 1718 2437 qui
1732 2407 1820 2438 quoli-

1029 2437 1074 2465 bet
1087 2437 1222 2472 plantantc
1241 2443 1320 2474 atque
1338 2441 1457 2476 rigante,
1476 2448 1503 2470 et
1517 2445 1638 2479 quolibet
1657 2448 1682 2475 in
1695 2437 1765 2484 agris
1778 2453 1820 2480 vel

1027 2483 1172 2510 arbustulis
1185 2490 1313 2518 operante
1333 2486 1378 2514 dat
1397 2487 1590 2518 incrementum
1608 2492 1694 2527 Deus;
1711 2496 1753 2523 cui
1772 2505 1820 2525 vo-

1027 2528 1091 2556 lenti
1111 2529 1212 2557 salvum
1231 2530 1320 2559 facere
1338 2532 1441 2560 nullum
1456 2534 1594 2564 hominum
1605 2538 1615 2553 '
1630 2539 1729 2568 resistit
1745 2543 1820 2571 arbi-

1026 2575 1105 2601 triqu
1114 2574 1126 2602 ?
1135 2574 1179 2603 Sic
1193 2576 1264 2603 enim
1278 2576 1346 2604 velle
1356 2585 1403 2606 Seu
1418 2579 1489 2607 nolle
1502 2580 1528 2608 in
1542 2582 1655 2611 volentis
1665 2590 1709 2612 aut
1722 2588 1820 2616 nolen-

1026 2620 1060 2647 tis
1074 2626 1115 2648 cst
1134 2626 1279 2655 potestate,
1295 2627 1324 2649 ut
1343 2624 1461 2653 divinam
1478 2627 1640 2669 voluntatem
1664 2640 1715 2659 non
1733 2633 1817 2669 iinpe~

1025 2666 1090 2698 diat,
1103 2675 1153 2695 nec
1165 2674 1274 2702 superet
1285 2675 1455 2703 potestatem.
1470 2667 1555 2700 Etiam
1568 2675 1578 2690 ⁶
1591 2676 1624 2703 de
1637 2677 1677 2704 his
1690 2679 1759 2705 enim
1769 2666 1817 2715 qui

1024 2711 1124 2739 faciunt
1133 2720 1193 2747 quae
1207 2721 1260 2741 non
1275 2715 1339 2748 vult,
1353 2717 1413 2743 facit
1426 2717 1484 2752 ipse
1497 2728 1556 2753 qua:
1569 2721 1634 2747 vult.

1054 2778 1064 2813 ξ
1080 2777 1116 2802 sic
1128 2784 1215 2803 novem
1225 2782 1278 2813 Mss.
1290 2780 1349 2805 Editi
1363 2788 1430 2811 vero,
1443 2788 1633 2813 rcgencrarelnr.

1054 2808 1067 2848 ξ
1082 2812 1178 2848 animi}
1190 2813 1215 2833 et
1227 2810 1310 2848 plures
1323 2816 1385 2848 uss,
1397 2808 1452 2843 qm-
1458 2808 1536 2848 ,qi-alin
1548 2808 1715 2848 iuitiruugclio.

1053 2838 1067 2874 ξ
1080 2839 1148 2867 aliti.
1158 2840 1188 2864 de
1195 2838 1352 2874 generatione.
1364 2838 1444 2873 Abést,
1457 2838 1496 2874 de,
1508 2852 1520 2868 a
1531 2838 1583 2870 iis.

1052 2869 1062 2885 ’⁸
1080 2873 1130 2894 Duo
1140 2869 1204 2899 Mss,
1215 2872 1257 2896 sed
1270 2872 1388 2898 deserunt.

1052 2900 1063 2916 ³
1078 2900 1130 2931 §ola
1144 2901 1216 2926 editto
1231 2906 1296 2931 l.ov.,
1306 2903 1360 2927 [ια-ιι
1370 2905 1413 2929 nis.

1052 2930 1063 2945 ⁸
1077 2929 1147 2959 Editi.
1162 2937 1195 2957 he
1204 2933 1241 2957 Itis
1252 2929 1323 2963 enim,
1335 2943 1429 2964 mussi,
1446 2936 1526 2966 etinn,
1547 2941 1609 2970 quod
1624 2946 1702 2966 exstat
1720 2946 1807 2968 tuM-'15.
