4142 6468
503 404 610 462 9ιὸ

573 493 667 550 α.
707 491 773 548 Et
798 485 938 562 quod
973 485 1230 556 scriptum
1251 494 1354 547 est,
1377 481 1518 554 quod
1545 481 1646 533 vult
1673 495 1841 532 omnes
1865 477 2092 530 homines

505 588 672 642 salvos
695 584 806 654 ﬁeri
832 581 872 654 (Ι
902 579 1035 634 Tim.
1052 595 1110 644 n,
1133 576 1214 649 4),
1243 591 1344 630 nec
1370 585 1546 628 tamen
1571 587 1758 626 omnes
1781 570 1910 624 salvi
1939 569 2091 630 liunt,

505 677 688 734 multis
710 672 924 744 quidem
943 669 1115 725 modis
1138 665 1357 736 intelligi
1381 673 1574 734 potest,
1601 677 1666 717 ex
1695 659 1954 731 quibusin
1978 655 2097 712 aliis

507 764 778 838 cpuseulis
794 761 992 817 nostris
1015 759 1218 828 aliquos
1239 753 1776 811 commemoravimus
1800 745 2094 822 (Enchirid.

507 873 622 926 cap.
651 855 789 918 105;
815 849 902 906 lib.
919 851 992 906 22
1012 850 1076 904 de
1100 847 1247 903 Civil.
1269 845 1386 908 Dei,
1414 861 1565 914 capp.
1597 845 1622 897 1
1652 854 1696 896 et
1713 841 1779 907 2;
1803 856 1978 910 supra,
2007 838 2096 892 lib.

508 947 544 1000 4
571 953 750 1000 contra
772 943 998 1006 Julian.,
1025 939 1203 1011 cap.‘8
1227 979 1243 1005 ,
1271 936 1395 1008 etc.)
1427 953 1440 988 :
1466 934 1564 991 sed
1591 934 1676 989 hic
1706 948 1868 986 unum
1897 931 2093 986 dicam.

507 1036 582 1091 Ita
609 1037 808 1090 dictum
837 1042 941 1100 est,
975 1032 1162 1086 Omnes
1187 1027 1546 1084 homine-saeuit
1575 1027 1744 1078 salvos
1773 1023 1904 1092 ﬁeri,
1937 1030 1993 1075 ut
2019 1021 2102 1075 in—

510 1129 814 1197 telligantur
854 1139 1043 1180 omnes
1098 1119 1492 1193 praedestinati;
1546 1118 1666 1186 quia
1718 1129 1880 1170 omne
1932 1127 2100 1184 genus

509 1220 785 1274 hominum
813 1219 866 1272 in
892 1217 972 1272 eis
995 1225 1096 1270 est.
1124 1213 1276 1269 Sicut
1299 1213 1496 1267 dictum
1517 1205 1922 1268 est'Pharisaris,
1945 1204 2102 1260 Deci-

510 1311 661 1365 matis
684 1326 832 1364 omne
855 1309 966 1362 olus
987 1306 1135 1375 (Luc.
1168 1321 1242 1370 ιι,
1269 1303 1361 1374 42)
1388 1319 1401 1356 :
1435 1301 1522 1356 ubi
1552 1315 1656 1354 non
1683 1308 1764 1352 est
1797 1296 2103 1366 intelligen-

511 1402 638 1457 dum
681 1401 784 1455 nisi
814 1413 972 1454 omne
999 1397 1142 1468 quod
1192 1395 1490 1456 habebant;
1538 1405 1716 1460 neque
1759 1389 1901 1443 enim
1943 1401 2104 1441 omne

401 1551 411 1564 ι
511 1493 632 1547 olus
667 1491 808 1562 quod
850 1497 967 1546 erat
1008 1490 1060 1544 in
1097 1496 1206 1542 toto
1245 1496 1511 1541 terrarum
1565 1483 1696 1538 orbe
1743 1479 2100 1535 decimabant.

511 1581 815 1638 Secundum
844 1581 1003 1635 istum
1041 1578 1326 1633 locutionis
1355 1575 1570 1630 modum
1597 1573 1796 1628 dictum
1823 1579 1926 1637 est,
1956 1567 2104 1624 Sicut

511 1683 560 1728 et
579 1688 670 1744 ego
697 1672 925 1726 omnibus
953 1685 1039 1740 per
1084 1668 1251 1721 omnia
1274 1667 1448 1738 placeo
1478 1661 1520 1737 (l
1547 1662 1665 1718 Cor.
1697 1677 1762 1728 ι,
1793 1659 1906 1732 53).
1931 1659 2104 1715 Nunt-

511 1762 638 1832 quid
668 1761 812 1816 enim
839 1762 931 1830 qui
975 1758 1077 1812 huc
1120 1757 1286 1822 dixit,
1330 1754 1572 1824 placebat
1599 1750 1758 1808 etiam
1787 1759 1894 1805 tam
1925 1748 2105 1804 multis

512 1850 947 1922 persecutoribus
975 1848 1122 1902 suis?
1151 1845 1256 1902 Sed
1285 1843 1529 1916 placebat
1553 1843 1696 1897 omni
1719 1839 1904 1911 generi
1927 1838 2102 1894 homi-

513 1958 665 2008 num,
689 1941 830 2012 quod
859 1939 1054 1994 Christi
1077 1935 1436 2008 congregabat
1463 1931 1994 2002 Ecclesia,~sive;._jam
2017 1931 2102 1986 in-

515 2039 601 2087 tus
631 2031 838 2102 positis,
865 2031 977 2084 sive
1000 2025 1404 2082 introducendis
1431 2024 1486 2079 in
1511 2037 1653 2080 eam.

584 2123 676 2178 45.
715 2121 832 2177 Non
860 2129 944 2176 est
969 2121 1147 2190 itaque
1179 2115 1552 2181 dubitandum,
1585 2111 1844 2168 voluntati
1867 2110 1982 2177 Dei,
2013 2113 2104 2181 qui

513 2215 568 2267 in
617 2213 756 2268 caelo
802 2219 858 2267 et
905 2211 957 2265 in
1005 2217 1144 2264 terra
1189 2207 1369 2262 omnia
1412 2217 1758 2276 qumcumque
1787 2201 1952 2255 voluit
1980 2199 2106 2256 fecit

519 2303 538 2374 (
565 2304 708 2358 Psnl.
739 2317 965 2368 csxxtv,
995 2300 1092 2372 6),
1122 2307 1177 2355 et
1202 2297 1290 2370 qui
1319 2296 1481 2352 etiam
1512 2296 1600 2350 illa
1636 2308 1755 2365 qute
1781 2293 1953 2346 futura
1981 2300 2106 2346 sunt

517 2395 642 2450 fecit
671 2394 822 2462 (lsai.
857 2408 977 2456 xcv,
1009 2407 1108 2446 sec.
1149 2387 1338 2459 LXX),
1384 2387 1648 2442 humanas
1671 2385 1973 2438 voluntates
1996 2397 2104 2436 non

519 2499 675 2554 posse
725 2484 976 2538 resistere
1001 2523 1018 2546 ,
1066 2479 1352 2549 quominus
1393 2475 1551 2531 iaciat
1593 2476 1707 2546 ipse
1749 2473 1892 2544 quod
1933 2473 2046 2527 vult
2087 2488 2102 2526 :

515 2574 946 2645 quandoquidem
973 2573 1132 2628 etiam
1161 2570 1230 2625 de
1259 2569 1387 2639 ipsis
1405 2567 1692 2624 hominum
1721 2565 2102 2629 voluntatibus,

519 2666 664 2736 quod
693 2667 840 2730 vult,
869 2679 991 2722 cum
1035 2663 1178 2728 vult,
1199 2659 1360 2716 'facit.
1393 2659 1503 2714 Nii
1533 2657 1672 2714 forte
1703 2659 1806 2728 (ut
1828 2672 1894 2712 ex
1923 2656 2105 2710 multis

517 2757 692 2827 aliqua
724 2753 1179 2825 commemorem)
1205 2749 1419 2822 quando
1447 2751 1592 2805 Deus
1619 2747 1789 2803 voluit
1831 2748 1979 2803 Sauli
2021 2761 2109 2802 re-

517 2865 676 2917 gnum
706 2847 855 2913 dare,
880 2846 956 2901 sic
982 2853 1098 2901 erat
1123 2845 1470 2915 in'potestate
1493 2839 1849 2896 Israelitarum
1876 2837 2107 2894 subdere

517 2953 576 2992 se
619 2945 913 2992 memorato
938 2938 1072 2998 viro,
1116 2935 1229 2990 sive
1259 2948 1362 2987 non
1391 2931 1639 2996 subdere,
1676 2929 1817 3000 quod
1845 2929 2025 2999 utique
2051 2928 2106 2984 in

517 3044 704 3083 eorum
727 3035 843 3082 erat
869 3026 1103 3096 pesitum
1136 3025 1433 3086 voluntate,
1465 3029 1521 3074 ut
1546 3019 1706 3074 etiam
1737 3019 2106 3073 Deo‘valerent

521 3121 796 3174 resistere.
829 3117 931 3184 Qui
959 3127 1135 3171 tamen
1160 3115 1261 3168 hoc
1291 3128 1396 3167 non
1437 3112 1581 3176 fecit,
1609 3110 1710 3164 nisi
1739 3125 1836 3179 per
1865 3111 2105 3178 ipsorum

519 3211 794 3266 hominum
821 3209 1158 3271 voluntates,
1187 3205 1303 3259 sine
1331 3204 1494 3258 dubio
1523 3201 1724 3256 habens
1753 3201 2106 3254 humanorum

518 3303 760 3360 cordium
785 3315 892 3371 quo
919 3299 1154 3370 placeret
1193 3293 1620 3351 inclinandorum
1647 3291 2109 3361 omnipotentissi-

523 3410 664 3450 mam
711 3401 1050 3462 potestatem.
1092 3389 1178 3444 Sic
1210 3389 1352 3441 cnim
1383 3387 1640 3456 scriptum
1667 3393 1748 3438 est
1767 3425 1782 3450 ,
1809 3382 1892 3436 ‘Et
1920 3382 2110 3438 dimisit

523 3483 736 3540 Samuel
772 3483 1040 3555 papulum,
1069 3491 1118 3535 et
1140 3479 1264 3534 abiit
1290 3478 1630 3548 unusquisque
1653 3478 1706 3530 in
1733 3476 1900 3530 locum
1927 3491 2110 3540 suum;

520 3590 567 3634 et
594 3577 725 3634 Satil
751 3575 872 3629 abiit
897 3577 950 3630 in
979 3574 1184 3627 domum
1212 3589 1356 3626 suam
1381 3571 1434 3624 in
1465 3569 1639 3623 Gabaa
1655 3584 1678 3633 ;
1697 3578 1744 3622 et
1772 3569 2000 3622 abierunt
2019 3585 2113 3638 po-

521 3679 676 3723 tentes
700 3681 914 3738 quorum
946 3664 1103 3732 tetigit
1130 3663 1380 3716 Dominus
1404 3659 1560 3714 corda
1583 3675 1696 3712 cum
1720 3656 1897 3713 Sutile.
1926 3657 1992 3711 Et
2017 3657 2113 3726 ﬁlii

522 3756 806 3826 pestilentes
839 3754 1075 3808 dixerunt
1101 3767 1120 3808 :
1153 3751 1278 3819 Quis
1303 3749 1513 3805 saluabit
1537 3749 1666 3802 nos?
1685 3749 1768 3801 hic
1789 3747 1847 3799 “l
1869 3745 1935 3799 Et
1965 3747 2116 3801 inho-

521 3855 823 3906 noraverunt
852 3863 985 3910 eum,
1008 3853 1176 3899 etnon
1201 3843 1478 3897 attulerunt
1499 3839 1548 3896 ei
1573 3857 1783 3894 munera
1807 3840 1862 3911 (1
1894 3837 2024 3909 Reg.
2055 3855 2110 3908 κ,

521 3940 734 4010 ξειετ).
765 3935 1028 4007 Numquid
1049 3934 1241 4006 aliquis
1259 3933 1500 3988 dicturus
1518 3940 1622 3996 est,
1641 3945 1746 3985 non
1765 3931 1958 3984 iturum
1983 3929 2114 3984 luis-

527 4046 589 4087 se
617 4044 738 4086 cum
763 4025 912 4093 Baul,
939 4040 1263 4097 quemquam
1294 4038 1480 4079 eorum
1497 4062 1514 4090 ,
1543 4036 1767 4091 quorum
1791 4019 1963 4090 tetigit
1989 4033 2113 4073 cor-

527 4123 595 4178 da
629 4121 882 4176 Dominus
911 4127 969 4173 ut
999 4119 1138 4172 irent
1160 4131 1280 4170 cum
1311 4115 1439 4180 illo;
1478 4122 1570 4168 aut
1595 4113 1714 4167 isse
1735 4112 1979 4182 aliquem
2017 4125 2115 4180 pe-

529 4213 842 4276 stilentium,
867 4224 1093 4279 quorum
1121 4216 1178 4261 ut
1198 4207 1301 4261 hoc
1323 4205 1560 4260 facerent
1583 4203 1743 4259 corda
1771 4218 1878 4256 non
1905 4200 2117 4271 tetigit?

529 4304 660 4358 Item
701 4303 770 4358 de
816 4300 1003 4367 David,
1031 4315 1190 4370 quem
1228 4297 1483 4352 Dominus
1513 4295 1565 4349 in
1604 4309 1825 4365 regnum
1865 4307 2117 4348 successu

531 4395 868 4469 prosperiore
891 4391 1192 4456 constituit,
1219 4391 1291 4448 ita
1319 4389 1518 4459 legitur
1547 4405 1561 4442 :
1596 4387 1663 4442 Et
1691 4386 1976 4441 ambulabat
2002 4383 2115 4438 Da-

529 4489 614 4542 vid
647 4487 937 4557 proﬁciens,
975 4493 1022 4538 et
1047 4481 1488 4552 magniﬁcabatur,
1517 4487 1566 4532 et
1603 4476 1849 4532 Dominus
1870 4485 1979 4531 erat
2006 4491 2120 4529 cum

531 4580 622 4631 illo
644 4577 688 4647 (1
725 4576 848 4629 Par.
880 4591 958 4640 XI,
982 4572 1062 4644 9).
1097 4571 1209 4626 Hoc
1235 4585 1353 4624 cum
1379 4568 1712 4639 praemissum
1735 4563 1943 4631 fuisset,
1962 4565 2122 4634 paulo

535 4676 657 4742 post
681 4668 880 4721 dictum
910 4673 994 4720 est
1022 4682 1036 4718 :
1067 4661 1134 4716 Et
1159 4661 1384 4732 Spiritus
1413 4658 1583 4712 induit
1609 4656 1818 4711 Amastri
1844 4654 2123 4726 principem

535 4759 794 4829 triginta',
819 4765 863 4809 et
889 4755 1016 4809 dixit
1040 4769 1058 4808 :
1079 4751 1176 4807 Tui
1205 4767 1398 4816 sumus,
1422 4767 1451 4803 ο
1477 4747 1664 4813 David,
1683 4755 1731 4801 et
1753 4755 1914 4802 tecum
1942 4743 2123 4815 futuri,

539 4853 652 4925 [ili'
687 4853 848 4908 Jesse.
883 4848 1029 4912 Pax,
1054 4863 1156 4918 pax
1189 4846 1296 4905 tibi,
1320 4855 1367 4898 et
1393 4859 1496 4915 pax
1518 4841 1837 4912 adjutoribus
1854 4839 1975 4904 tuis,
2006 4837 2126 4908 quia

539 4941 823 4998 auxiliariis
837 4951 910 4995 est
934 4938 1021 4994 tibi
1041 4937 1198 4992 Deus.
1227 4934 1493 5004 Numquid
1523 4933 1623 4986 iste
1652 4940 1831 5000 posset
1852 4928 2122 4984 adversari

541 5035 800 5092 voluntati
827 5033 944 5100 Dei,
975 5040 1030 5088 et
1068 5027 1174 5085 non
1209 5029 1385 5100 potius
1415 5025 1533 5094 ejus
1553 5023 1736 5078 facere
1765 5021 2130 5086 voluntatem,

542 5129 632 5201 qui
673 5129 728 5183 in
769 5127 888 5197 ejus
912 5122 1076 5183 corde
1121 5128 1375 5190 operatus
1409 5126 1492 5172 est
1531 5131 1628 5186 per
1669 5114 1926 5184 Spiritum
1971 5126 2128 5167 suum

543 5200 650 5294 quo
679 5220 894 5276 indutus
922 5225 1041 5283 est,
1078 5221 1136 5268 ut
1165 5215 1268 5267 hoc
1292 5209 1486 5276 vellet,
1517 5208 1740 5272 diceret,
1773 5213 1827 5260 et
1853 5200 2131 5260 faceret“?

546 5293 678 5368 Item
709 5308 867 5382 paulo
896 5315 1018 5378 post
1050 5304 1126 5362 sit
1143 5301 1341 5359 eadem
1381 5299 1654 5370 Scriptura
1692 5311 1706 5352 :
1741 5293 1928 5349 Omnes
1955 5293 2010 5348 hi
2029 5293 2130 5347 uiri

459 5581 464 5587 .
548 5589 564 5606 .
611 5525 630 5556 ι
755 5509 1664 5606 i“-l:l‘3..1£.‘3‘;.ﬁ‘.i.“‘am'"m
1681 5499 1879 5553 εαιυσθίε
1903 5511 1989 5550 ’τοι
2011 5496 2091 5549 ’δίε
2110 5495 2137 5548 ⁷

835 5691 958 5752 inter
1217 5691 1382 5755 Abest,
1396 5691 1549 5748 inter,
1573 5701 1602 5737 a
1625 5693 1733 5735 Lxx
1757 5693 1810 5734 et
1831 5697 1858 5733 a
1877 5691 1980 5732 Mss.

615 5767 638 5798 ³
669 5773 744 5813 Er.
778 5771 908 5821 lnv.,
931 5760 1023 5822 ﬁln
1050 5773 1067 5808 :
1093 5755 1342 5822 mendose.
1423 5799 1426 5802 ,
1481 5813 1500 5822 _
1675 5817 1696 5822 _

616 5773 638 5798 ³
669 5773 744 5813 Er.
778 5773 908 5821 hom,
931 5773 1023 5822 nm
1050 5773 1067 5808 :
1093 5773 1342 5806 menuose.
1423 5799 1426 5802 ,

616 5825 638 5857 δ
667 5827 886 5886 Quinque
909 5830 1034 5878 Mss,
1057 5817 1193 5870 vellet
1214 5817 1376 5867 dicere
1404 5823 1450 5867 et
1472 5813 1648 5870 facere.
1673 5807 1972 5868 sorbouicus,
1997 5803 2132 5854 relict

1144 393 1232 450 DE
1268 388 1747 450 CORREPTIUNE
1785 386 1874 441 ΕΤ
1913 383 2192 448 GRATIA,
2234 381 2292 436 S.
2335 380 2699 438 AUCUSTINI
2742 383 2942 444 LIBER
2982 383 3180 443 UNUS.

2234 391 2292 436 δ.
2335 391 2699 438 AUGUS’I‘INI
2742 391 2942 444 LIBER
2983 391 3180 443 UNUS.
3669 391 3789 449 θη

2204 471 2496 537 bellatores,
2532 473 2800 544 dirigentes
2835 476 2994 531 aciem
3033 475 3184 531 corde
3218 477 3433 549 paciﬁca
3469 493 3710 536 uenenmt
3737 485 3790 536 in

2207 561 2434 628 Ilebron,
2462 573 2514 614 ut
2543 565 2895 618 constituerent
2938 564 3102 619 David
3133 584 3286 636 super
3306 584 3501 623 omnem
3527 569 3694 628 Israel
3737 572 3790 636 Π

2208 651 2336 706 Par.
2376 667 2470 720 xu,
2503 654 2590 716 18,
2631 653 2746 724 58).
2787 654 2891 708 Sua
2941 657 3211 712 voluntate
3249 658 3433 728 utique
3477 660 3563 714 isti
3595 665 3793 716 consti-

2205 752 2421 798 tuerunt
2441 745 2619 814 regem
2651 746 2834 800 David.
2866 745 2996 814 Quis
3031 763 3137 801 non
3175 749 3388 804 videat?
3413 753 3532 821 quis
3561 751 3662 807 hoc
3694 769 3794 808 no-

2203 839 2326 906 get?
2355 837 2468 892 Non
2502 840 2642 892 enim
2689 839 2792 894 hoc
2831 856 2934 894 non
2963 856 3026 894 ex
3057 841 3236 896 animo
3258 883 3273 907 ,
3313 853 3404 897 aut
3429 858 3535 897 non
3563 860 3630 899 ex
3655 845 3791 900 bona

2205 929 2473 984 voluntate
2529 929 2820 994 fecerunt,
2875 932 3015 1000 quod
3079 931 3370 988 fecerunt'
3421 936 3582 990 corde
3648 938 3796 1004 paci»

2195 1019 2309 1074 lico
2337 1037 2350 1073 :
2380 1028 2433 1075 et.
2460 1021 2767 1074 tamen'hoc
2782 1021 2844 1075 .in
2878 1025 2956 1075 eis
2983 1025 3108 1092 egit,
3138 1024 3229 1092 qui
3259 1027 3310 1077 lu
3335 1025 3588 1081 cordibus
3615 1025 3796 1080 homi-

2207 1126 2332 1164 num
2356 1110 2495 1180 quod
2531 1112 2757 1165 voluerit
2785 1123 3057 1181 operatur.
3099 1113 3324 1184 Propter
3350 1116 3491 1185 quod
3531 1117 3794 1186 praemisit

2207 1202 2498 1270 Scriptura,
2528 1201 2594 1254 Et
2619 1203 2909 1256 ambulabat
2933 1201 3102 1256 David
3130 1205 3400 1274 proﬁciens
3418 1247 3433 1270 ,
3474 1217 3520 1259 et
3545 1208 3788 1276 magniﬁ-

2207 1292 2437 1359 ca'batur,
2466 1303 2511 1347 et
2543 1291 2791 1346 Dominus
2826 1293 3140 1362 omnipotens
3166 1303 3274 1348 erat
3305 1311 3419 1348 cum
3447 1295 3558 1348 illo.
3599 1298 3675 1350 Ac
3701 1311 3801 1366 per

2191 1381 2310 1437 'hoe
2339 1383 2596 1436 Dominus
2621 1383 2962 1453 omnipotens
3005 1384 3238 1454 quierat
3265 1401 3385 1440 cum
3417 1385 3508 1440 illo
3532 1428 3547 1451 ,
3575 1387 3792 1442 adduxit

2209 1473 2342 1528 istos
2369 1482 2573 1528 ut-eum
2602 1489 2781 1544 regem
2803 1473 3210 1528 constituerent.
3237 1475 3306 1528 Et
3326 1475 3592 1544 quomodo
3623 1477 3795 1530 addu-

2207 1565 2318 1620 xit?
2349 1565 2999 1636 nutnqtlid..corporalibus
3030 1565 3152 1619 ullis
3172 1565 3685 1636 vinculisalligavit?
3714 1568 3798 1620 ln-

2209 1665 2294 1710 tus
2319 1657 2446 1725 egit,
2468 1655 2627 1711 corda
2656 1657 2842 1719 tenuit,
2883 1656 3046 1711 corda
3075 1655 3260 1722 movit,
3283 1671 3488 1727 eosque
3509 1657 3798 1712 voluntati-

2191 1747 2311 1802 ‘bus
2339 1763 2524 1804 eorum
2543 1791 2558 1814 ,
2583 1763 2718 1818 quas
2749 1747 2862 1818 ipse
2887 1747 2939 1801 in
2979 1747 3085 1802 illis
3113 1755 3365 1818 operatus
3401 1757 3504 1812 est,
3535 1747 3714 1802 traxit.
3737 1747 3796 1802 Si

2205 1849 2335 1906 ergo
2373 1851 2496 1890 cum
2534 1835 2766 1891 voluerit
2793 1849 2947 1906 reges
2991 1835 3042 1890 in
3077 1843 3218 1890 terra
3245 1835 3402 1890 ‘Dcus
3435 1837 3792 1902 constituere,

2210 1925 2381 1997 magis
2423 1926 2582 1981 habet
2597 1925 2661 1980 'in
2685 1933 2966 1998 potestate
2991 1925 3291 1980 voluntates
3321 1925 3593 1980 hominum
3632 1941 3796 1995 quam

2193 2017 2309 2085 'ipsi
2338 2032 2496 2083 suas;
2523 2018 2642 2087 quis
2670 2015 2954 2072 aliusTacit
2977 2025 3036 2072 ut
3065 2017 3297 2071 salubris
3320 2017 3388 2070 sit
3412 2015 3709 2086 correptio,
3741 2027 3799 2073 et

2195 2105 2300 2161 ‘llat
2323 2107 2378 2161 in
2405 2106 2638 2176 correpti
2663 2106 2829 2162 corde
2867 2106 3152 2172 correctio,
3183 2115 3241 2161 ut
3267 2106 3470 2162 cmlesti
3492 2106 3798 2164 constitua-

2191 2203 2293 2250 'tur
2320 2197 2372 2249 in
2403 2197 2608 2266 regno?

2279 2286 2505 2342 CAPUT
2539 2285 2661 2341 ‘XV.
2693 2316 2764 2328 α·-
2787 2286 2881 2342 ’46.
2923 2286 3294 2356 Corripiantur
3323 2286 3497 2356 itaque
3521 2303 3552 2344 a
3583 2303 3798 2361 prapo-

2197 2378 2324 2432 sitis
2361 2377 2472 2431 suis
2509 2377 2706 2431 subditi
2735 2377 2928 2432 fratres
2977 2377 3418 2462 correptiouibus
3435 2379 3505 2433 de
3533 2379 3797 2435 charitate

2207 2470 2580 2536 venientibus,
2623 2485 2721 2540 pro
2757 2474 3035 2541 culparum
3078 2472 3390 2527 diversitate
3427 2471 3678 2540 diversis,
3705 2471 3798 2529 vel

2207 2562 2524 2629 minoribus,
2553 2561 2637 2616 vel
2663 2561 3028 2632 amplioribus.
3061 2563 3194 2629 Quia
3213 2571 3268 2618 et
3288 2562 3398 2632 ipsa
3429 2578 3547 2632 qua:
3567 2563 3794 2617 damna-

2209 2653 2285 2706 tio
2321 2653 2658 2719 nominatur,
2691 2668 2847 2723 quam
2880 2651 3005 2706 facit
3033 2653 3336 2724 episcopale
3368 2653 3655 2723 judicium,
3685 2667 3790 2723 qua

2208 2757 2366 2820 pinna
2417 2743 2470 2796 in
2516 2743 2754 2797 Ecclesia
2807 2743 2952 2796 nulla
2997 2743 3165 2812 major
3193 2751 3304 2806 est,
3347 2751 3553 2813 potest,
3582 2745 3626 2799 si
3657 2744 3799 2798 Deus

2209 2833 2460 2898 voluerit,
2489 2831 2544 2886 in
2565 2833 2958 2902 correptionem
2990 2834 3392 2888 saluberrimam
3421 2837 3612 2890 cedere
3637 2843 3798 2904 atque

2207 2923 2488 2994 proﬁcere.
2510 2923 2694 2993 Neque
2715 2925 2856 2978 enim
2880 2924 3078 2978 scimus
3099 2924 3223 2994 quid
3252 2926 3526 2996 contingat
3554 2921 3798 2996 sequenti

2209 3015 2327 3080 die;
2349 3023 2441 3069 aut
2463 3023 2587 3069 ante
2609 3014 2766 3068 linem
2787 3015 2914 3068 vitae
2935 3014 3094 3083 hujus
3118 3014 3184 3068 de
3212 3015 3389 3083 aliquo
3408 3015 3800 3085 desperandum

2210 3111 2320 3170 e5t;
2348 3113 2439 3158 aut
2461 3103 2754 3158 contradici
2783 3103 2894 3158 Deo
2915 3111 3109 3171 petest,
3141 3119 3206 3157 ne
3233 3105 3480 3172 respiciat
3504 3105 3660 3160 etdet
3687 3121 3804 3174 pto-

2210 3194 2486 3249 uitentiam
2507 3234 2525 3261 ,
2566 3201 2622 3246 et
2665 3200 2886 3262 accepto
2913 3191 3174 3246 sacriﬁcio
3199 3191 3418 3261 spiritus
3461 3193 3802 3249 contribulati

2211 3285 2493 3356 cordisque
2523 3283 2738 3340 contriti
2766 3299 2796 3338 a
2826 3292 2976 3340 reatu
2999 3283 3246 3353 quamvis
3266 3283 3803 3351 juslaz-damnationis

2211 3376 2480 3443 absolvat,
2521 3375 2934 3444 damnatumque
2971 3374 3088 3444 ipse
3117 3389 3221 3427 non
3248 3375 3480 3426 damnet.
3501 3373 3803 3428 Pastoralis

2195 3478 2390 3526 tamen
2426 3469 2716 3525 necessitas
2744 3468 2936 3534 habet,
2981 3481 3047 3521 ne
3091 3481 3185 3535 per
3215 3465 3391 3534 plures
3428 3473 3643 3534 serpant
3683 3463 3804 3520 dira

2214 3561 2480 3632 contagia,
2508 3575 2758 3632 separare
2777 3560 2845 3615 ab
2864 3558 3053 3613 ovibus
3071 3559 3215 3611 sanis
3241 3557 3534 3611 morbidam
3560 3574 3574 3610 :
3595 3556 3663 3609 ab
3685 3556 3800 3621 illo,

2215 3654 2301 3708 cui
2329 3653 2461 3708 nihil
2481 3659 2565 3708 est
2591 3649 2941 3721 impossibile,
2971 3649 3084 3719 ipsa
3115 3647 3333 3702 forsitan
3357 3647 3691 3717 separatione
3713 3661 3802 3700 sa-

2215 3743 2468 3799 nandam.
2487 3741 2810 3797 ‘Nescientes
2837 3741 2978 3796 enim
3008 3739 3128 3810 quis
3155 3740 3414 3808 pertineat
3442 3738 3506 3792 ad
3531 3735 3808 3808 praedesti-

2217 3843 2463 3889 natorum
2493 3847 2793 3896 numerum,
2828 3831 2946 3902 quis
2975 3845 3080 3884 non
3110 3829 3405 3900 pertineat;
3433 3829 3511 3883 sic
3540 3827 3676 3882 allici
3704 3827 3805 3881 de-

2200 3923 2691 3980 bemuscbaritatis
2707 3921 2919 3986 aﬂ‘ectu,
2939 3930 3201 3975 utomnes
3224 3919 3447 3974 velimus
3467 3919 3647 3973 salvos
3667 3917 3804 3972 fieri.

2205 4014 2334 4070 'Hoc
2357 4015 2554 4084 quippe
2583 4013 2669 4078 ﬁt,
2699 4027 2821 4068 cum
2845 4011 3080 4080 singulos
3119 4025 3379 4080 quosque,
3398 4019 3459 4064 ut
3478 4009 3808 4064 occurrerint

2213 4121 2340 4162 cum
2366 4107 2560 4178 quibus
2580 4105 2632 4159 id
2657 4119 2817 4174 agere
2841 4104 3134 4170 valeamus,
3159 4102 3222 4155 ad
3235 4101 3348 4155 .boc
3365 4116 3624 4155 conamur
3641 4099 3808 4152 addu-

2221 4197 2384 4263 dcre,
2424 4205 2480 4250 ut
2500 4193 2770 4264 jnstllieati
2813 4208 2879 4247 ex
2909 4192 3010 4246 lide
3055 4207 3237 4262 pacem
3279 4191 3508 4245 habeant
3547 4189 3611 4244 ad
3641 4189 3806 4244 Deum

2223 4286 2399 4357 (Rom.
2427 4302 2480 4352 v,
2511 4285 2562 4354 Ι)
2592 4301 2605 4338 :
2637 4299 2792 4354 quam
2820 4283 3141 4353 praedicabat
3169 4283 3328 4338 etiam
3355 4281 3657 4351 Apostolus,
3685 4295 3806 4333 cum

2222 4375 2453 4437 dicebat,
2483 4373 2590 4428 Pro
2616 4375 2816 4429 Christo
2839 4389 2957 4442 ergo
2993 4373 3240 4444 legatione
3265 4373 3545 4442 fungimur,
3573 4379 3809 4440 tanquam

2223 4467 2334 4520 Deo
2359 4466 2764 4535 exhortanteper
2785 4480 2876 4518 nos
2895 4479 2914 4517 :
2941 4465 3258 4516 obsecramus
3277 4477 3376 4531 7pro
3395 4461 3613 4526 Christo,
3636 4474 3812 4512 recon-

2226 4556 2390 4610 ciliari
2417 4553 2528 4609 Deo
2561 4553 2627 4618 ('il
2657 4553 2781 4608 Cor.
2813 4569 2865 4618 v,
2893 4551 3007 4624 20).
3036 4551 3174 4620 Quid
3200 4559 3283 4606 est
3307 4550 3449 4604 enim
3478 4551 3526 4605 ei
3567 4549 3810 4604 reconci-

2227 4647 2368 4712 liari,
2392 4646 2492 4700 nisi
2533 4659 2715 4716 pacem
2741 4644 2806 4697 ad
2838 4643 2982 4696 illum
3013 4641 3244 4695 habere?
3273 4639 3503 4709 Propter
3532 4653 3688 4708 quam
3720 4652 3814 4706 pa-

2229 4751 2346 4792 cem
2373 4737 2532 4791 etiam
2562 4735 2674 4804 ipse
2713 4733 2970 4786 Dominus
3001 4730 3161 4786 Iesus
3185 4730 3317 4785 dixit
3353 4729 3629 4798 discipulis
3655 4729 3767 4782 suis
3795 4745 3811 4780 :

2231 4825 2299 4880 In
2325 4839 2689 4897 quamcumque
2727 4823 2930 4876 domum
2974 4821 3310 4886 intraveritis,
3359 4820 3578 4889 primum
3623 4818 3775 4871 dicite
3796 4858 3815 4884 ,

2233 4915 2351 4972 Pax
2377 4917 2493 4969 huic
2515 4914 2688 4968 domui
2713 4929 2732 4967 :
2757 4923 2804 4967 et
2831 4913 2877 4968 si
2904 4912 2974 4966 ibi
2999 4913 3151 4982 fuerit
3181 4909 3318 4979 ﬁlius
3352 4908 3514 4976 pacis,
3543 4907 3821 4976 requiescet

2232 5023 2386 5078 super
2423 5005 2571 5064 illum
2605 5021 2709 5076 pax
2745 5012 2945 5068 uestra;
2987 5001 3068 5056 sin
3107 5009 3295 5063 autem,
3327 4997 3396 5050 ad
3436 5013 3522 5051 vos
3547 5003 3824 5051 revertetur

2235 5099 2257 5170 (
2284 5099 2410 5153 Luc.
2445 5113 2503 5164 κ,
2531 5098 2586 5162 5,
2617 5096 2716 5169 6).
2761 5095 2896 5148 Cum
2935 5091 3074 5147 hanc
3112 5089 3476 5158 evangelizant
3514 5101 3722 5158 pacem,
3753 5085 3822 5141 de

2235 5191 2428 5262 quibus
2451 5189 2760 5261 praedictum
2786 5194 2889 5250 est,
2923 5184 3089 5250 Quam
3125 5181 3340 5252 speciosi
3367 5180 3518 5252 pedes
3543 5194 3715 5234 eorum
3739 5177 3827 5247 qui

2237 5283 2538 5337 annuntiaut
2567 5295 2761 5350 pacem,
2792 5276 2879 5349 qui
2895 5273 3202 5330 annuntiant
3231 5273 3361 5326 bona
3387 5270 3555 5344 (lsai.
3587 5285 3678 5335 LII,
3709 5265 3821 5337 7)!

2239 5373 2395 5431 nobis
2421 5370 2634 5442 quidem
2681 5378 2806 5424 tunc
2842 5365 3032 5435 incipit
3055 5379 3178 5420 esse
3212 5363 3436 5432 quisque
3473 5361 3615 5415 illius
3642 5357 3790 5428 pacis
3810 5395 3826 5419 ,

2240 5479 2362 5521 cum
2387 5459 2650 5520 obedierit
2673 5467 2728 5514 et
2753 5456 3042 5513 crediderit
3067 5455 3194 5510 huic
3213 5452 3526 5522 Evangelio,
3554 5459 3608 5504 et
3629 5463 3695 5504 es
3721 5445 3827 5502 ﬁde

2243 5677 2444 5734 diceret,
2479 5671 2617 5724 vellet
2658 5677 2703 5723 et
2743 5672 2923 5735 faceret
2947 5682 2967 5723 :
2990 5669 3116 5720 forte
3144 5681 3249 5732 pro,
3276 5663 3414 5718 vellet
3439 5647 3614 5714 ‘dicere
3631 5695 3647 5723 ,
3691 5657 3830 5712 velut

2243 5747 2289 5792 α
2310 5741 2534 5856 (afﬁci:
2557 5808 2656 5846 uno
2677 5795 2898 5846 vaticano
2921 5801 3001 5844 us.
3025 5791 3259 5850 addimus,
3283 5784 3412 5851 quod
3435 5786 3666 5849 fecerunt.
