4102 6478
348 349 454 408 ωδ

344 456 669 530 justiﬁcatus
713 465 898 524 pacem
923 450 989 505 ad
1021 449 1186 504 Deum
1214 447 1412 501 habere
1438 445 1706 514 coeperit:
1738 455 1933 496 secun-

347 555 478 608 dum
513 556 692 602 autem
726 540 1264 614 prtedestinationenr
1295 538 1424 604 Dei,
1467 537 1591 608 jam.
1612 535 1748 588 filius
1793 531 1938 601 pacis

346 647 484 694 erat.
507 636 691 706 Neque
706 634 852 689 enim
879 633 1079 687 dictum
1111 638 1213 696 est,
1244 629 1416 698 Super
1435 642 1602 695 quem-
1618 623 1944 694 requieverit

351 745 453 800 pax
484 736 682 793 vestra,
714 725 970 780 ﬁet-ﬁlius
996 723 1140 792 pacis
1168 740 1183 777 :
1211 721 1327 786 sed,
1360 722 1421 776 Si
1449 721 1516 774 ibi
1545 719 1716 788 fuerit,
1748 716 1936 785 inquit,

350 821 501 886 [ilius
524 818 686 890 pacis,
714 817 986 879 requiescet
1009 829 1160 882 super
1190 812 1333 866 illam
1359 811 1564 866 domum
1581 809 1598 840 ¹
1629 824 1730 888 pag:
1755 815 1936 861 uestra.

355 911 468 968 lam
500 924 630 980 ergo
649 917 704 962 et
724 915 1007 976 antequam
1040 905 1115 958 illi
1143 903 1547 958 annuntiaretur
1572 901 1686 955 lucc
1708 913 1837 969 pax,
1881 895 1942 950 ﬁ-

354 1014 455 1056 lms
485 1000 630 1071 pacis
655 997 724 1053 ibi
751 1007 887 1062 erat,
916 997 1054 1052 sicut
1074 1009 1196 1048 eum
1223 1000 1618 1061 noveratatque
1639 988 1944 1059 pmescierat

355 1107 462 1144 tum
489 1086 835 1157 evangelista,
869 1085 963 1140 sed
996 1085 1158 1139 Deus.
1185 1083 1266 1138 Ad
1294 1097 1391 1136 nos
1414 1096 1542 1152 ergo
1566 1081 1656 1150 qui
1677 1079 1943 1134 nescimus

359 1184 604 1251 quisnam
628 1180 699 1235 sit
725 1178 864 1232 ﬁlius
901 1177 1065 1247 pacis,
1094 1184 1186 1230 aut
1221 1190 1325 1229 non
1352 1175 1440 1236 sit,
1480 1174 1708 1243 pertinet
1732 1171 1934 1225 nullum

366 1281 644 1342 exceptum
685 1269 892 1333 facere,
931 1268 1242 1337 nullumque
1280 1266 1618 1329 discernere;
1666 1263 1758 1319 sed
1803 1263 1944 1318 velle

365 1380 550 1418 ttllllleS
583 1362 759 1416 salvos
789 1360 899 1416 ﬁeri
922 1401 938 1426 ,
979 1360 1172 1429 quibus
1201 1358 1548 1428 praedicamus
1576 1357 1712 1412 hanc
1731 1370 1941 1427 pacem.

364 1456 546 1524 Neque
573 1457 714 1508 enim
747 1451 1087 1507 metuendum
1115 1459 1196 1505 est
1219 1466 1287 1504 ne
1317 1449 1600 1519 perdamus
1625 1463 1772 1514 eam,
1791 1447 1836 1500 si
1857 1445 1946 1500 ille

361 1548 446 1600 cui
474 1545 840 1616 praedicamus,
872 1559 978 1597 non
1000 1553 1082 1597 est
1107 1541 1249 1596 ﬁlius
1275 1540 1449 1611 pacis,
1470 1538 1832 1610 ignorantibus
1852 1552 1951 1591 no—

359 1638 443 1691 his
474 1654 500 1690 :.
519 1635 586 1689 ad
622 1650 718 1690 nos
746 1635 888 1689 enim
929 1641 1249 1696 nevertetur,
1290 1631 1343 1685 id
1381 1639 1498 1697 est,
1531 1629 1684 1683 nobis
1711 1627 1949 1698 proderit

361 1729 458 1780 ista
493 1725 835 1796 prardicatio,
865 1739 969 1778 non
1007 1731 1069 1776 et.
1098 1721 1208 1786 illi;
1239 1721 1286 1776 si
1315 1729 1492 1774 autem
1517 1734 1679 1789 super
1699 1734 1819 1776 eum
1846 1732 1946 1788 pax

363 1817 648 1890 praedicata
673 1815 1015 1885 requieverit,
1044 1822 1094 1868 et
1119 1813 1293 1876 nobis,
1325 1821 1379 1868 et
1405 1812 1501 1868 illi.

431 1911 519 1963 47.
549 1909 681 1976 Quia
715 1923 845 1978 ergo
875 1921 973 1961 nos
1011 1905 1100 1976 qui
1127 1905 1258 1960 salvi
1287 1905 1447 1960 futuri
1475 1905 1583 1960 sint
1611 1903 1946 1965 nescientes.

359 2017 548 2054 omnes
596 2001 788 2070 quibus
835 1999 1184 2070 praedicamus
1223 1997 1360 2051 hanc
1401 2011 1588 2066 pacem
1629 1995 1805 2050 salvos
1835 1992 1950 2049 ﬁeri

360 2093 495 2147 velle
526 2093 663 2146 Dens
691 2092 877 2160 jubet,
907 2101 962 2146 et
985 2091 1099 2161 ipse
1124 2091 1176 2145 in
1220 2090 1375 2145 nobis
1404 2087 1506 2143 hoc
1534 2096 1783 2158 operatur
1805 2128 1819 2150 ,
1850 2086 1957 2140 dif-

362 2183 630 2237 muniendo
670 2184 828 2238 istam
874 2181 1187 2236 cltaritatem
1235 2181 1289 2235 in
1333 2179 1594 2235 cordibus
1629 2177 1828 2232 nostris
1859 2192 1952 2245 per

362 2273 617 2342 Spiritum
647 2281 890 2328 sanctum
935 2273 1024 2342 qui
1051 2272 1208 2327 datus
1236 2280 1320 2326 est
1359 2270 1514 2326 nobis
1541 2268 1719 2340 (Rom.
1759 2277 1814 2334 v,
1847 2268 1901 2337 5)
1932 2283 1949 2322 :

365 2373 539 2433 potest
579 2365 738 2420 etiam
769 2365 848 2419 sic
886 2363 1148 2433 intelligi,
1179 2360 1323 2433 quod
1366 2377 1536 2415 omnes
1562 2360 1786 2414 homines
1813 2358 1952 2412 Deus

364 2457 468 2509 uult
498 2458 662 2510 salvos
691 2455 838 2522 fieri;
875 2455 1126 2524 quoniam
1157 2469 1254 2508 nos
1285 2453 1412 2508 facit
1451 2453 1585 2506 velle
1610 2468 1623 2505 :
1653 2451 1792 2506 sicut
1817 2450 1952 2504 misit

370 2550 620 2616 Spiritum
671 2547 793 2601 Filii
847 2547 929 2601 sui
971 2547 1310 2610 clamantem,
1347 2544 1524 2610 Abba,
1557 2543 1714 2597 Pater
1754 2541 1950 2615 (Galat.

371 2657 444 2706 tr,
473 2639 555 2710 6),
582 2640 630 2694 id
653 2649 733 2694 est
756 2682 771 2705 ,
804 2655 899 2694 nos
922 2641 1157 2694 clamare
1180 2639 1482 2693 facientem.
1516 2636 1594 2692 De
1621 2636 1737 2706 ipso
1757 2635 1953 2705 quippe

369 2731 595 2799 Spiritu,
624 2730 730 2784 alio
753 2731 868 2784 loco
889 2730 1036 2794 dicit,
1066 2729 1363 2797 Accepimus
1390 2728 1640 2798 Spiritum
1666 2727 1953 2797 adoptionis

365 2821 612 2888 ﬁliorum,
635 2821 686 2873 in
705 2820 1117 2888 quoclmumuus,
1141 2818 1299 2883 Abba,
1329 2817 1481 2872 Pater
1502 2817 1676 2887 (Rom.
1696 2832 1811 2881 vm,
1838 2814 1951 2888 15).

365 2909 474 2966 Nos
505 2926 632 2979 ergo
661 2911 987 2976 clamamus,
1019 2910 1113 2965 sed
1143 2910 1230 2964 ille
1258 2910 1490 2964 clamare
1513 2909 1686 2963 dictus
1716 2916 1832 2973 est,
1863 2909 1954 2978 qui

363 3003 530 3058 efﬁcit
585 3013 642 3056 nt
691 3004 1004 3058 clamemus.
1057 3003 1115 3059 Si
1152 3019 1281 3074 ergo
1333 3004 1650 3058 clamantem
1699 3002 1953 3076 Spiritum

363 3102 511 3148 recte
532 3092 666 3147 dixit
707 3093 1014 3164 Scriptura,
1046 3110 1074 3148 a
1115 3109 1222 3164 quo
1257 3093 1485 3148 efﬁcitur
1531 3102 1588 3146 ιιι
1626 3093 1953 3159 clamemus;

362 3195 509 3238 recte
546 3182 708 3237 etiam
750 3183 1018 3238 volentem
1050 3184 1218 3239 Deum
1246 3201 1278 3238 a
1325 3198 1432 3252 quo
1460 3183 1688 3238 efﬁcitur
1725 3191 1782 3238 ut
1820 3185 1952 3238 veli-

363 3291 504 3330 mus.
537 3277 611 3330 Ac
637 3292 733 3347 per
760 3278 884 3342 hoc,
918 3276 1038 3345 quia
1078 3285 1133 3332 et
1159 3275 1652 3345 corripiendo-nihil
1691 3277 1831 3331 aliud
1862 3277 1958 3332 de-

367 3366 552 3422 bemus
586 3382 743 3436 agerc
766 3408 782 3433 ,
825 3367 927 3421 nisi
957 3376 1015 3421 ut
1048 3367 1116 3421 ab
1153 3367 1252 3421 ista
1282 3381 1413 3436 pace
1437 3382 1555 3436 qua:
1584 3375 1667 3420 est
1692 3366 1758 3421 ad
1789 3367 1955 3422 Deum

372 3472 478 3512 non
507 3458 810 3522 recedatur,
834 3468 925 3513 aut
951 3459 1016 3513 ad
1043 3473 1158 3513 eam
1181 3458 1277 3528 qui
1297 3465 1593 3513 recesserat
1620 3467 1918 3514 revertatur
1937 3499 1954 3524 ,

373 3565 472 3603 nos
509 3565 724 3620 agamus
753 3551 868 3604 sine
901 3549 1286 3619 desperatione
1301 3547 1454 3618 quod.
1480 3549 1707 3618 agimus.
1736 3548 1796 3604 Si
1821 3549 1959 3603 ﬁlius

374 3640 522 3710 pacis
561 3651 640 3695 est
683 3657 838 3711 quem
881 3640 1252 3712 corripimus,
1285 3640 1598 3711 requiescet
1631 3655 1794 3709 super
1836 3655 1959 3696 eum

374 3747 474 3801 pax
506 3743 687 3786 nostra
717 3751 731 3786 :
760 3733 840 3788 sin
866 3742 1064 3798 autem,
1091 3732 1158 3787 ad
1200 3747 1296 3788 nos
1321 3740 1638 3787 revertetur.

442 3824 531 3878 48.
556 3825 808 3892 Quamvis
851 3825 1029 3896 itaque
1069 3826 1230 3880 etiam
1257 3824 1384 3879 dom
1433 3823 1785 3892 quorumdam
1829 3823 1961 3880 ﬁdes

370 3915 728 3981 subvertitur,
761 3917 971 3971 firmum
999 3916 1090 3971 Dei
1121 3915 1520 3972 fundamentum
1543 3923 1677 3983 stet,
1710 3916 1960 3986 quoniam

371 4007 526 4060 scivit
572 4006 825 4060 Dominus
854 4009 943 4076 qui
985 4016 1109 4061 sunt
1137 4007 1254 4076 ejus
1286 4025 1298 4061 :
1333 4023 1437 4062 non
1485 4017 1659 4063 tamen
1705 4007 1826 4063 ideo
1863 4023 1971 4062 nos.

372 4097 504 4166 pigri
526 4106 580 4150 et
602 4097 934 4167 negligentes
955 4113 1074 4153 esse
1102 4096 1358 4153 debemus
1390 4097 1964 4168 incorripiendls,-q_ui

375 4187 692 4257 corripiendi
740 4197 885 4242 sunt.
936 4188 1118 4259 Neque
1164 4189 1306 4244 enim
1355 4188 1548 4244 frustra
1598 4190 1797 4244 dictum
1845 4199 1979 4256 est,.

383 4275 722 4348 Corrumpunt
774 4295 936 4333 mores
979 4279 1134 4333 bonos
1173 4280 1423 4348 colloquia
1449 4279 1586 4333 mala
1626 4279 1668 4350 (l
1697 4278 1815 4336 Cor.
1859 4297 1928 4337 xv
1945 4321 1982 4348 ,-

383 4366 510 4438 '53);
548 4377 624 4434 et,
659 4369 846 4423 Peribit
871 4372 892 4402 '
917 4371 1149 4439 inﬁrmus
1169 4372 1219 4424 in
1241 4380 1326 4424 tua
1345 4371 1552 4426 scientia
1573 4412 1588 4438 ,
1622 4369 1812 4441 frater,
1841 4387 1963 4442 pro-

450 4501 465 4532 ι
504 4506 568 4567 tta
589 4499 683 4550 hoc
700 4499 808 4550 loco
831 4509 935 4551 Mss.
958 4509 1014 4553 At
1049 4503 1165 4554 editi
1187 4503 1385 4564 habent,
1409 4517 1556 4567 super
1587 4516 1697 4554 eum
1711 4511 1806 4567 ;,et
1827 4511 1972 4555 οιιιιιο

385 4567 511 4621 tunt,
535 4562 748 4611 domum.

450 4624 469 4653 ³
502 4629 552 4671 In
572 4629 704 4684 Mss,
729 4620 876 4673 Perit.

1313 4737 1526 4746 ——
1546 4733 1790 4746 g“?!

1163 337 1254 392 Af)
1290 329 1826 414 SUBSEQUENTES
1866 327 2042 385 DUOS
2080 328 2321 386 LIBROS
2360 329 2755 385 ADMONIT‘O.

3515 336 3621 395 946

2042 452 2154 513 pter
2169 435 2560 514 quem-Christus
2582 455 2805 500 mortuus
2829 455 2900 500 est
2917 445 2960 516 (l
2977 445 3092 502 Cor.
3111 463 3202 502 vut
3221 487 3238 516 ,
3265 448 3378 520 ll).
3405 450 3520 506 Non
3535 468 3630 508 ar-

2040 545 2418 605 gumentemur
2441 548 2622 591 contra
2647 539 2745 592 ista
2773 539 3432 610 prarceptasalubremque
3461 551 3630 597 term-

2043 640 2158 680 Iem
2183 625 2422 681 dicentes
2442 669 2456 691 ,
2500 629 2571 682 Et
2589 638 2932 698 corrumpant
2962 644 3139 683 mores
3165 629 3337 686 bonos
3363 631 3626 701 colloquia

2043 715 2206 782 mala;
2237 716 2322 780 Et,
2354 729 2539 787 pereat
2566 719 2828 787 inﬁrmus,
2849 719 2975 790 quid
3001 720 3067 776 ad
3089 722 3228 777 nos?
3249 721 3487 777 Firmum
3510 722 3633 776 fun-

2043 806 2351 862 damentum
2379 808 2470 864 Dei
2497 817 2622 876 stat,
2653 820 2707 866 et
2728 827 2890 868 nemo
2916 813 3053 882 perit
3079 812 3182 868 nisi
3210 812 3350 868 ﬁlius
3373 812 3630 884 perditio-

2046 912 2152 956 IIIS.

2115 987 2342 1044 CAPUT
2381 987 2520 1043 XVI.
2546 1017 2618 1030 --
2647 991 2797 1045 Absit
2822 1000 2882 1046 ut
2925 991 3023 1046 ista
3050 992 3347 1063 garrientes
3367 1035 3383 1062 ,
3413 1008 3632 1050 securos

2047 1098 2146 1139 nos
2178 1083 2230 1136 in
2261 1083 2361 1138 hac
2387 1083 2702 1152 negligentia
2731 1099 2848 1138 esse
2883 1084 3081 1140 debere
3101 1085 3402 1142 credamus.
3434 1087 3630 1142 Verum

2047 1183 2131 1232 est
2154 1175 2294 1230 enim
2321 1175 2440 1245 quia
2470 1190 2628 1230 nemo
2654 1175 2832 1246 perit,
2863 1176 2963 1230 nisi
2993 1177 3130 1231 filius
3158 1178 3469 1247 perditionis
3496 1195 3512 1231 :
3537 1177 3634 1233 sed

2048 1267 2123 1320 ait
2149 1266 2288 1320 Deus
2314 1282 2407 1336 per
2432 1266 2762 1321 Ezechielem
2803 1266 3149 1336 prophetam,
3192 1266 3293 1321 Ille
3333 1270 3535 1338 quidem
3577 1267 3634 1320 in

2050 1368 2252 1428 peccato
2285 1375 2377 1412 suo
2407 1359 2679 1422 morietur,
2725 1361 3019 1429 sanguinem
3057 1377 3171 1413 vero
3217 1361 3326 1432 ejus
3373 1361 3437 1415 de
3478 1375 3636 1415 manu

2047 1450 2377 1520 speculatoris
2399 1451 2646 1521 requirant
2677 1449 2889 1520 (Ezech.
2921 1467 3010 1518 ιιι,
3039 1453 3151 1521 18).

2122 1543 2210 1598 ιε.
2243 1544 2471 1598 Proinde
2495 1586 2509 1606 ,
2538 1553 2791 1614 quantum
2817 1544 2882 1598 ad
2923 1561 3020 1600 nos
3051 1545 3312 1614 pertinet,
3357 1546 3446 1617 qni
3495 1562 3636 1616 pra:-

2051 1632 2342 1689 destinatos
2369 1649 2400 1688 a
2438 1650 2543 1689 non
2587 1635 2974 1705 prtedestinatis
3013 1637 3318 1692 discernere
3361 1654 3468 1692 non
3495 1638 3638 1693 vale-

2055 1741 2206 1788 mus,
2238 1735 2293 1779 et
2329 1725 2398 1779 ob
2440 1725 2541 1780 Itoc
2569 1740 2757 1781 omnes
2794 1729 2970 1780 salvos
3002 1726 3114 1782 ﬁeri
3154 1729 3292 1784 velle
3340 1729 3636 1792 debemus;

2054 1816 2328 1882 onmibus,
2350 1833 2417 1873 ne
2445 1825 2682 1888 pereant,
2710 1818 2886 1875 velue
2910 1819 3045 1874 alios
3071 1820 3312 1890 perdant,
3341 1821 3639 1877 adhibenda

2053 1919 2136 1966 est
2160 1924 2194 1964 a
2221 1911 2786 1966 nobismedicinaliter
2827 1927 3009 1968 severa
3054 1915 3321 1984 correptio
3366 1933 3381 1970 :
3422 1915 3516 1971 Dei
3557 1924 3643 1970 est

2053 2010 2229 2054 autem
2258 2001 2360 2055 illis
2387 2017 2506 2056 eam
2536 2000 2712 2056 facere
2742 2002 2924 2057 utilem
2951 2045 2966 2071 ,
2999 2019 3131 2073 quos
3158 2005 3270 2072 ipse
3298 2007 3559 2076 pra-scivit
3585 2017 3642 2061 et

2055 2091 2450 2163 prmdestinavit
2495 2093 2796 2160 conformes
2848 2095 3089 2166 imaginis
3119 2097 3235 2152 Filii
3279 2099 3379 2152 sui.
3411 2098 3465 2154 Si
3494 2098 3639 2153 enim

2056 2184 2339 2254 aliquando
2361 2185 2549 2240 timore
2576 2201 2679 2240 non
2701 2187 3039 2256 corripimus,
3063 2205 3127 2241 ne
3147 2189 3337 2258 aliquis
3365 2189 3486 2244 imle
3511 2206 3634 2260 per-

2056 2283 2164 2340 eat;
2189 2292 2285 2330 cur
2306 2293 2408 2331 non
2439 2278 2596 2332 etiam
2626 2278 2814 2334 timore
2841 2279 3176 2349 corripimus,
3203 2296 3270 2334 ne
3299 2281 3487 2351 aliquis
3518 2282 3641 2336 inde

2059 2365 2180 2437 plus
2215 2367 2434 2437 pereat?
2468 2367 2650 2437 Neque
2678 2368 2840 2422 enim.
2863 2367 3164 2424 dilectionis
3206 2371 3408 2426 viscera
3439 2371 3640 2440 majora

2057 2471 2326 2530 gestamus
2346 2475 2502 2528 quam
2531 2459 2716 2514 beatus
2742 2461 3046 2528 Apostolus,
3076 2463 3162 2530 qui
3191 2461 3317 2516 dicit
3346 2479 3359 2514 :
3393 2461 3505 2515 Con
3519 2463 3642 2531 ipite

2058 2551 2330 2619 inquietos,
2358 2551 2688 2604 consolantiui
2708 2549 3081 2620 pusillanimes,
3112 2551 3348 2619 suscipite
3374 2550 3602 2616 inﬁrmos
3621 2593 3637 2617 ,

2061 2641 2484 2711 patientescstote
2515 2639 2584 2691 ad
2624 2655 2838 2693 omnes:
2866 2639 3024 2694 videte
3066 2656 3129 2692 ne
3154 2640 3264 2709 quis
3313 2641 3504 2693 malum
3549 2657 3643 2710 pro

2059 2733 2195 2786 malo
2220 2733 2373 2786 alicui
2400 2731 2578 2786 reddat
2606 2732 2646 2801 (1
2669 2729 2844 2785 Thess.
2870 2747 2936 2796 v,.
2956 2730 3042 2796 l4,
3077 2731 3188 2801 13).
3219 2729 3320 2786 Ubi
3348 2729 3646 2799 intelligen-

2059 2823 2188 2878 dum
2218 2832 2300 2878 est
2327 2834 2450 2877 tunc
2472 2823 2645 2892 potius
2677 2823 2870 2876 malum
2899 2837 2996 2893 pro
3022 2823 3161 2876 malo
3187 2821 3336 2876 reddi
3360 2863 3373 2884 ,
3396 2825 3440 2876 si
3469 2821 3645 2877 corri-

2062 2915 2284 2986 piendus
2315 2932 2418 2968 non
2445 2914 2730 2984 corripitur
2749 2954 2764 2980 ,
2792 2913 2884 2968 sed
2913 2928 3072 2984 prava
3099 2912 3519 2968 dissimulatione
3546 2927 3646 2966 ne-

2060 3008 2297 3080 gligitur.
2339 3009 2474 3061 Dicit
2500 3007 2658 3063 etiam
2690 3023 2703 3060 :
2737 3005 3011 3060 Peccantes
3042 3023 3214 3059 coram
3257 3006 3488 3060 omnibus
3527 3021 3644 3058 cor-

2059 3100 2199 3170 ripe,
2233 3108 2286 3152 ut
2312 3098 2477 3152 ctvtcri
2518 3098 2746 3151 timorem
2783 3097 3000 3150 habeant
3027 3096 3069 3168 (l
3088 3095 3220 3150 Tim.
3248 3111 3304 3162 ν,
3343 3095 3461 3166 20).
3495 3095 3648 3163 Quod

2059 3188 2128 3244 de
2155 3188 2238 3243 his
2267 3187 2494 3258 peccatis
2523 3186 2889 3257 accipiendum
2924 3196 3006 3242 est
3047 3203 3165 3257 qnte
3206 3201 3311 3241 non
3352 3186 3550 3251 latent,
3582 3201 3651 3240 ne

2060 3289 2244 3334 contra
2290 3278 2494 3333 Domini
2534 3279 2849 3334 sententiam
2892 3286 3103 3348 putetur
3132 3278 3356 3332 locutus.
3387 3277 3478 3333 llle
3506 3277 3648 3332 enim

2061 3373 2192 3428 dicit
2223 3390 2237 3427 :
2269 3372 2329 3426 Si
2351 3372 2625 3443 peccaverit
2650 3372 2702 3425 in
2728 3383 2776 3425 te
2803 3373 2960 3442 frater
2986 3381 3099 3425 tuus
3124 3412 3141 3437 ,
3170 3371 3368 3440 corripe
3387 3386 3500 3424 eum
3520 3369 3651 3422 inter

2062 3474 2110 3518 te
2151 3473 2196 3518 et
2226 3466 2410 3534 ipsum.
2436 3463 2813 3518 Verumtamen
2840 3472 2894 3517 et
2943 3463 3056 3532 ipse
3084 3462 3422 3516 severitatem
3471 3475 3653 3514 corre-

2063 3556 2257 3628 ptionis
2277 3572 2342 3610 eo
2372 3571 2537 3624 usque
2564 3555 2804 3625 perducit
2827 3596 2839 3617 ,
2875 3563 2934 3608 ut
2958 3553 3129 3619 dicat,
3159 3553 3221 3608 Si
3251 3568 3341 3606 nec
3367 3549 3649 3605 Ecclesium

2061 3649 2300 3712 audierit,
2321 3649 2386 3702 sit
2411 3648 2497 3701 tibi
2525 3657 2762 3714 tanquam
2788 3647 3012 3700 ethnicus
3040 3655 3086 3699 et
3109 3645 3406 3715 publicanus
3432 3642 3650 3714 (Matth.

2066 3755 2192 3793 xvnt
2216 3780 2231 3805 ,
2266 3739 2361 3799 15,
2395 3735 2504 3809 17).
2547 3736 2614 3791 Ει
2638 3737 2756 3806 quis
2783 3736 2951 3807 magis
2979 3735 3165 3790 dilexit
3200 3735 3466 3799 inﬁrmos,
3493 3750 3650 3804 quam

2065 3830 2154 3886 ille
2182 3831 2271 3900 qui
2306 3846 2400 3900 pro
2425 3829 2673 3883 omnibus
2716 3839 2798 3882 est
2827 3827 2996 3886 factus
3025 3827 3268 3881 inﬁrmus
3292 3869 3308 3892 ,
3335 3835 3389 3880 ct
3417 3843 3512 3896 pro
3539 3841 3653 3881 om-

2065 3921 2224 3976 nibus
2268 3936 2333 3976 ex
2386 3921 2498 3991 ipsa
2542 3920 2846 3975 inﬁrmitate
2884 3918 3212 3974 cruciﬁxus?
3252 3917 3381 3986 Quae
3418 3933 3538 3972 cum
3583 3917 3654 3971 ita

2066 4018 2173 4070 sint
2194 4030 2333 4081 rnec
2362 4016 2530 4082 gratia
2563 4013 2808 4085 prohibet
2821 4012 3235 4081 correptionem,
3260 4025 3359 4065 nec
3387 4010 3656 4078 correptio

2067 4114 2227 4178 negat
2266 4107 2488 4177 gratiam
2520 4113 2620 4161 :.et
2663 4104 2788 4159 ideo
2809 4103 2887 4159 sic
2924 4111 3006 4158 est
3038 4100 3387 4172 praecipienda
3411 4101 3612 4170 justitia
3636 4141 3652 4164 ,

2067 4210 2128 4256 ut
2154 4216 2183 4254 a
2211 4200 2321 4254 Deo
2360 4199 2527 4269 gratia
2547 4239 2563 4264 ,
2595 4209 2697 4267 qua
2745 4196 2806 4250 id
2834 4193 2974 4266 quod
3002 4194 3307 4264 prmcipitur
3347 4193 3470 4258 ﬁat,
3518 4191 3657 4246 fideli

2069 4295 2310 4350 oratione
2352 4302 2640 4365 poscatur;
2673 4301 2729 4349 et
2776 4293 2878 4349 hoc
2917 4301 3201 4362 utrumque
3239 4292 3309 4347 ita
3354 4291 3655 4345 faciendum

2069 4396 2186 4450 est,
2220 4394 2275 4440 ut
2305 4401 2478 4456 neque
2503 4385 2650 4452 justa
2676 4385 2941 4454 correptio
2965 4383 3280 4454 negligatur.
3311 4382 3500 4436 Omnia
3533 4396 3658 4435 vero

2073 4481 2188 4535 lucc
2224 4497 2344 4535 cum
2389 4479 2650 4534 cltaritate
2698 4479 2826 4531 fiant
2855 4493 2870 4531 :
2896 4477 3146 4546 quoniam
3177 4475 3408 4529 citaritas
3449 4488 3544 4528 nec
3585 4473 3658 4529 ft»

2071 4571 2146 4627 cit
2169 4578 2474 4640 peccatum,
2507 4577 2562 4624 et
2601 4570 2844 4638 c00perit
2869 4566 3261 4621 multitudinem
3296 4572 3657 4634 peccatorum.

401 4724 3645 4783 ﬂ
1128 4777 1224 4783 .___
1235 4737 1526 4783 __.‘——'—
1515 4733 1790 4783 έ-

807 4774 987 4783 __
1082 4777 1118 4783 __
1549 4773 1698 4781 ___

1082 4773 1534 4785 ~——————”'
1352 4773 1508 4774 ii”
1528 4773 1532 4774 '
1549 4773 1698 4781 —-——

997 4868 1165 4950 AD‘
1218 4870 2121 4980 SUBSEQUENTES
2181 4867 2501 4952 DUOS
2585 4865 3041 4956 LIBROS,

634 5021 829 5067 υιιωί.
860 5022 946 5065 ΒΕ
988 5021 1593 5066 PRBDESTINATIONB
1635 5021 2047 5079 SA‘NC’I‘ORUM,
2097 5021 2398 5065 ALTEBUM
2457 5021 2542 5063 DE
2598 5020 2767 5065 DONO
2814 5016 3382 5074 PERSEVERANTIE,

1511 5141 1756 5268 AD
1777 5139 2558 5270 MONITIO

1207 5325 1496 5388 PETITA
1561 5325 1680 5387 EX
1749 5324 2352 5387 LOVANIENSIUM
2422 5326 2826 5388 EDITIONE.

1828 5468 2234 5504 cm

456 5561 744 5630 Postquam
759 5561 809 5614 in
835 5559 1038 5616 Gallias
1059 5558 1202 5614 allati
1233 5557 1384 5614 fuere
1413 5556 1532 5613 libri
1554 5557 1768 5628 quidam
1790 5566 2068 5628 Augustini
2095 5569 2278 5613 contra
2305 5557 2619 5629 Pelagianos
2647 5561 2850 5630 scripti,
2871 5576 2975 5614 non
2994 5575 3278 5630 paucorum
3304 5558 3411 5615 illic
3434 5559 3665 5628 animos,

389 5654 757 5716 offenderunt;
795 5669 900 5708 non
931 5651 1094 5707 modo
1122 5651 1189 5706 de
1216 5650 1486 5706 communi
1516 5649 1794 5705 doctorum
1822 5651 1978 5718 vulgo
1996 5689 2013 5715 ,
2041 5649 2135 5705 sed
2165 5649 2513 5718 quorumdam
2541 5651 2702 5706 etiam
2733 5651 3166 5721 presbyterorum
3204 5666 3267 5705 ac
3294 5651 3665 5722 episcoporum

386 5749 472 5818 qui
497 5757 551 5800 et
581 5746 776 5817 picta-te
799 5756 854 5803 et
873 5745 1176 5804 eruditione
1204 5742 1443 5802 celebres
1485 5751 1538 5800 et
1563 5742 2270 5799 commendatihabebantur
2299 5742 2470 5799 :‘adeo
2519 5754 2577 5800 ut
2621 5745 2771 5801 multi
2824 5761 3036 5819 quoque
3079 5743 3359 5816 Augustini
3407 5745 3660 5803 doctrinae
