4142 6508
507 340 612 396 an
1475 339 1800 396 EPISTULA
1843 339 2181 398 PROSPERI
2221 345 2312 399 AD
2348 343 2812 404 AUGUSTINUM.
3693 358 3796 416 948

505 450 776 518 faventes,
805 465 991 507 eorum
1018 449 1386 505 auctoritatem
1411 451 1629 506 reveriti
1654 492 1669 516 ,
1702 467 1732 506 a
1761 452 1984 508 meliore
2005 457 2266 511 sententia
2289 469 2684 526 revocarentur,
2713 471 2940 518 auteam
2973 478 3120 522 certe
3159 470 3392 539 proﬁteri
3419 472 3632 543 publica
3675 489 3784 528 non

513 543 794 598 amlerent.
827 543 1021 598 Verum
1052 543 1142 596 alii
1165 543 1379 614 quidam
1403 544 1732 600 cordatiores
1761 547 2159 617 tirmioresque,
2189 549 2328 604 inter
2357 567 2490 621 quos
2517 556 2765 624 praecipui
2787 557 3016 628 PrOSper
3039 571 3092 616 et
3115 561 3342 619 llilarius
3367 565 3468 636 (α),
3493 567 3786 624 sentientes

509 656 605 696 eos
635 639 898 726 Pelagiani
923 640 1124 696 erroris
1147 642 1234 696 vel
1264 640 1506 696 incautos
1529 641 1800 710 negotium
1828 655 1986 712 agere
2006 685 2021 708 ,
2056 643 2316 713 quosdam
2343 660 2474 701 vero
2519 661 2632 702 rem
2659 665 2766 703 non
2805 649 3126 708 intellectam
3154 656 3398 726 imperite
3432 659 3780 728 calumniari;

507 733 716 786 t'ortiter
739 745 798 785 se
826 732 889 785 iis
914 747 1233 800 opposuere.
1261 731 1466 798 Quibus
1489 746 1610 786 cum
1640 747 1737 802 per
1759 733 1936 788 omnia
1963 734 2272 792 satisfacere
2297 753 2401 791 non
2431 749 2684 806 possent,
2711 755 2770 796 re
2815 741 2884 797 ad
2907 744 3257 812 Augustinum
3305 750 3470 803 relata
3508 762 3700 822 rogant
3727 763 3786 809 ut

506 829 627 892 qua:
658 823 710 876 in
735 823 856 894 eius
885 823 1058 890 libris,
1091 823 1388 894 praesertim
1418 825 1485 879 de
1513 823 1866 896 Correptione
1889 835 1943 880 et
1969 825 2148 882 Gratia
2169 871 2184 896 ,
2213 827 2472 899 quosdam
2515 844 2736 886 suorum
2779 833 3120 892 oll'endebant
3141 880 3155 905 ,
3197 839 3394 894 clarius
3425 841 3784 908 djsertiusque

500 915 774 984 explicare
799 915 1129 986 dignaretur.
1153 917 1230 971 Ea
1254 931 1382 972 vero
1407 932 1527 987 quas
1565 917 1710 982 sint,
1742 933 1811 973 ex
1857 917 2114 987 subjectis
2141 921 2418 992 utriusque
2445 922 2687 992 epistolis
2729 939 3054 996 cognoscere
3099 931 3296 987 licebit.
3345 905 3459 990 Hae-
3497 905 3784 996 occasione

504 1005 720 1074 scripsit
748 1007 1075 1077 Augustinus
1101 1016 1390 1076 sequentes
1442 1007 1608 1062 libros
1652 1007 1790 1063 duos
1808 1050 1824 1075 ,
1853 1009 2081 1065 alterum
2107 1012 2176 1068 de
2203 1010 2681 1068 Przedcstinatione
2701 1013 3041 1086 Sanctorum,
3070 1022 3294 1078 alterum
3321 1023 3388 1079 de
3415 1025 3566 1082 Dono
3591 1029 3782 1085 Perse-

499 1097 777 1192 verantize.
803 1097 907 1153 Sed
936 1099 1070 1154 adeo
1098 1115 1198 1154 nec
1225 1100 1306 1154 his
1327 1097 1542 1170 quidem
1564 1099 1894 1155 satisfactum
1926 1101 2229 1159 hominibus
2259 1103 2364 1158 illis
2387 1104 2514 1170 fuit,
2543 1113 2602 1159 ut
2636 1108 2914 1178 Augustini
2957 1111 3254 1168 doctrinam
3284 1130 3347 1170 ac
3397 1116 3564 1174 libros
3611 1122 3786 1192 magis

497 1191 660 1244 ctiam
686 1193 962 1264 magisque
985 1203 1379 1260 aversarentur,
1402 1193 1568 1248 multa
1587 1193 1638 1248 in
1665 1193 1744 1248 eis
1763 1193 2010 1262 imperite
2030 1199 2403 1266 malitioseque
2427 1198 3000 1260 calumniantes.Unde
3021 1204 3219 1262 factum
3243 1217 3297 1262 ut
3313 1209 3568 1266 adversus
3592 1191 3780 1270 eorum

495 1283 944 1354 reprehensiones
974 1287 1203 1356 Prosper
1221 1285 1478 1342 defuncto
1493 1288 1604 1356 jam
1635 1287 1930 1357 Augustino
1957 1289 2132 1345 varios
2151 1289 2378 1344 ediderit
2402 1291 2762 1362 apologiarum
2789 1295 2996 1352 libellos
3027 1315 3040 1351 :
3071 1299 3224 1368 cujus
3247 1299 3462 1368 generis
3483 1312 3608 1358 sunt
3639 1319 3780 1374 prte-

495 1385 580 1430 ter
605 1377 768 1442 alios,
797 1377 862 1431 ad
881 1378 1112 1448 capitula
1135 1378 1408 1433 Gallorum
1431 1420 1446 1444 ,
1475 1378 1540 1432 ad
1569 1379 1898 1447 objectiones
1929 1379 2342 1445 Vincentianas,
2369 1381 2434 1436 ad
2463 1393 2712 1452 excerpta
2743 1384 3104 1442 Genuensium
3124 1429 3139 1454 ,
3169 1399 3222 1444 et
3265 1390 3521 1447 adversus
3543 1394 3780 1451 Collato-

499 1485 610 1524 rem
633 1471 1028 1539 responsiones.
1054 1472 1256 1539 Quibus
1277 1487 1398 1528 cum
1423 1487 1609 1525 eorum
1639 1471 1902 1526 inscitiam
1923 1481 1977 1527 et
1995 1473 2290 1528 calumnias
2313 1473 2609 1530 clarissime
2627 1478 2983 1546 coarguisset,
3027 1489 3083 1534 ut
3107 1481 3429 1538 erubescere
3449 1483 3560 1554 jam
3587 1489 3780 1543 merito

494 1564 653 1615 etiam
679 1562 978 1630 deberent,
1011 1565 1240 1633 majores
1263 1573 1438 1619 tamen
1465 1573 1649 1632 postea
1680 1575 1856 1619 motus
1892 1566 2258 1633 concitarunt,
2292 1581 2389 1620 nec
2424 1565 2688 1637 Prospero
2709 1568 2820 1638 jam
2851 1579 2906 1625 et
2929 1571 3128 1628 llilario
3170 1583 3450 1644 parcentes
3479 1595 3493 1631 :
3519 1587 3579 1634 ut
3606 1581 3778 1636 coacti

494 1655 690 1710 fuerint
731 1657 800 1711 ad
827 1658 1185 1726 Apostolicam
1217 1657 1408 1713 Sedem
1436 1655 1753 1724 confugere,
1783 1672 1940 1728 quam
1965 1673 2032 1713 eo
2067 1667 2308 1728 tempore
2327 1659 2646 1716 Caelestinus
2671 1663 2904 1732 pontifex
2929 1665 3278 1735 gubernabat.
3308 1669 3358 1723 ls
3379 1685 3492 1726 rem
3521 1680 3685 1728 totam
3707 1675 3778 1730 ab

501 1751 582 1807 eis
603 1752 822 1808 edoctus
846 1753 910 1806 ad
940 1751 1126 1808 Gallias
1155 1753 1436 1823 episcopos
1458 1751 1719 1822 quosdam
1741 1751 1945 1807 litteras
1967 1751 2148 1818 mittit,
2167 1751 2359 1822 quibus
2374 1753 2724 1824 Augustinum
2749 1763 2806 1811 et
2829 1755 3127 1812 doctrinam
3148 1763 3264 1829 ejus
3291 1771 3470 1817 tuetur
3495 1780 3558 1819 ac
3580 1766 3778 1836 pra-di-

489 1853 611 1910 cat,
633 1845 1023 1900 obtrectatores
1043 1845 1158 1916 ejus
1186 1845 1416 1916 graviter
1435 1844 1696 1914 coarguit,
1717 1844 1982 1914 episcOpis
2011 1845 2227 1898 mandat
2251 1852 2311 1899 ut
2337 1845 2418 1899 eis
2437 1845 2704 1900 silentium
2725 1847 3020 1916 imponant.
3039 1849 3144 1905 Sed
3169 1867 3238 1905 ne
3259 1852 3336 1906 sic
3366 1855 3582 1923 quidem
3629 1873 3784 1926 pror-

489 1951 585 1992 sus
606 1939 874 2006 quievere.
892 1937 1026 2005 Quia
1048 1939 1189 1992 enim
1209 1937 1441 2008 pontifex
1469 1937 1634 1990 libros
1653 1951 1748 1991 eos
1761 1951 1895 2006 quos
1915 1935 1989 1990 illi
2018 1943 2126 1990 tam
2155 1935 2340 1992 odiose
2358 1937 2726 2006 traducebant,
2751 1938 2997 1994 videlicet
3020 1940 3088 1996 de
3119 1941 3469 2013 Correptione
3489 1955 3542 2002 et
3563 1947 3776 2018 Gratia,

487 2027 558 2082 de
589 2027 1063 2083 Ριωίιεειὶηειιίοηο
1083 2028 1398 2083 Sanctorum
1420 2069 1434 2093 ,
1461 2027 1527 2082 de
1557 2027 1974 2082 Perseverantia:
2001 2027 2167 2094 Dono,
2199 2027 2512 2082 nominatim
2545 2043 2650 2082 non
2700 2039 3073 2100 expresserat,
3125 2035 3292 2090 titulis
3332 2051 3426 2092 eos
3468 2040 3579 2094 suis
3632 2041 3780 2096 desi-

485 2133 686 2188 gnans;
721 2129 841 2190 post
862 2119 1136 2176 Caelestiui
1162 2131 1388 2176 mortem
1409 2119 1622 2176 aiebant
1649 2134 1754 2174 non
1781 2134 1875 2175 eos
1895 2117 2065 2175 fuisse
2085 2119 2407 2190 approbatos
2424 2161 2439 2183 ,
2465 2135 2564 2175 nec
2597 2131 2813 2190 propter
2837 2123 2958 2178 illos
2985 2127 3418 2183 commendatum
3461 2139 3734 2188 auctorem
3755 2177 3772 2198 ,

487 2213 584 2268 sed
617 2229 714 2282 pro
742 2217 1068 2271 anteriorum
1090 2215 1408 2285 scriptorum
1434 2213 1638 2270 meritis
1681 2212 2040 2268 laudationem
2081 2213 2234 2267 istam
2266 2213 2318 2267 in
2350 2227 2470 2266 eum
2493 2211 2658 2268 fuisse
2691 2215 2940 2270 collatam
2971 2231 2986 2271 :
3015 2227 3072 2271 ut
3106 2219 3255 2273 testis
3287 2229 3369 2276 est
3401 2233 3618 2292 propter
3655 2226 3778 2282 illos

484 2301 720 2373 Prosper
769 2305 869 2359 sub
909 2305 1068 2361 linem
1116 2305 1236 2360 libri
1295 2313 1479 2360 contra
1527 2303 1871 2358 Collatorcm.
1939 2302 2242 2369 Quocirca,
2289 2313 2529 2372 tempore
2587 2303 2777 2359 Felicis
2831 2305 2988 2375 Papa:
3029 2305 3140 2374 IV,
3190 2311 3522 2368 celebratum
3569 2313 3664 2368 fuit
3705 2317 3762 2371 in

485 2395 811 2450 Arausicana
839 2396 1058 2452 civitate
1086 2395 1372 2453 concilium
1401 2395 1501 2466 (ὁ),
1533 2394 1674 2466 quod
1700 2405 1783 2451 est
1806 2394 1926 2464 ejus
1952 2393 2055 2448 loci
2079 2393 2374 2448 secundum
2392 2435 2406 2460 ,
2435 2393 2488 2447 in
2518 2409 2624 2465 quo
2647 2405 2898 2450 renovata
2923 2405 2978 2452 et
3001 2407 3191 2454 iterato
3213 2403 3527 2458 conﬁrmata
3576 2415 3660 2460 est
3681 2421 3772 2460 ea-

485 2485 684 2542 tholica
710 2495 764 2543 et
789 2489 1110 2558 apostolica,
1132 2488 1430 2559 eademque
1459 2488 1734 2558 Augustini
1759 2485 1829 2541 de
1870 2489 2037 2556 gratia
2059 2493 2113 2540 et
2151 2485 2320 2540 libero
2347 2485 2570 2540 arbitrio
2621 2485 2885 2554 doctrina,
2911 2490 3211 2546 canonibus
3255 2493 3386 2562 ipsis
3412 2511 3476 2550 ex
3497 2495 3778 2567 Augustini

486 2577 640 2634 libris
665 2581 862 2649 passim
881 2579 1166 2650 decerptis.
1193 2581 1323 2647 Qua:
1351 2581 1530 2635 omnia
1547 2579 1599 2634 in
1627 2577 1936 2650 Appendice
1955 2619 1970 2644 ,
2009 2585 2162 2647 parte
2181 2577 2415 2633 secunda
2436 2619 2452 2644 ,
2479 2577 2716 2646 reperire
2743 2577 2942 2634 licebit.
2965 2580 3228 2636 Caeterum
3255 2584 3394 2654 quod
3423 2585 3614 2640 horum
3638 2587 3776 2642 duo-

487 2685 607 2725 rum
638 2672 892 2728 librorum
922 2673 972 2727 in
1003 2671 1490 2728 Relractationibus
1515 2672 1622 2726 suis
1645 2685 1750 2726 non
1783 2668 2087 2724 meminerit
2109 2670 2465 2739 Augustinus,
2495 2669 2620 2723 inde
2643 2669 2838 2724 factum
2860 2712 2874 2736 ,
2900 2671 3042 2742 quod
3065 2689 3187 2728 cum
3217 2672 3332 2729 hinc
3355 2677 3635 2740 scriberet,
3663 2679 3774 2748 jam

484 2763 621 2819 duos
643 2765 1097 2822 Retractationum
1125 2766 1292 2822 libros
1315 2765 1590 2832 ediderat,
1616 2761 2064 2834 quemadmodum
2105 2761 2332 2830 ipsemet
2360 2761 2493 2814 infra
2523 2770 2777 2826 testatur,
2830 2763 2967 2817 libro
3013 2765 3187 2833 primo
3235 2775 3290 2820 et
3339 2767 3478 2822 libro
3515 2771 3772 2824 secundo.

551 2857 647 2913 llis
674 2859 972 2930 praesertim
999 2876 1064 2916 ex
1085 2860 1234 2916 libris
1257 2858 1538 2932 Augustini
1559 2857 1775 2929 agnosci
1805 2855 1972 2910 voluit
2001 2853 2308 2908 llortnisdas
2344 2852 2486 2921 Papa
2504 2893 2518 2915 ,
2551 2853 2674 2922 quid
2702 2855 2940 2908 Romana
2963 2865 3020 2910 et
3045 2855 3320 2912 Catholica
3353 2859 3594 2916 Ecclesia
3617 2863 3682 2916 de
3703 2863 3772 2917 li—

479 2953 610 3008 bero
635 2955 856 3010 arbitrio
885 2965 939 3011 et
963 2957 1132 3026 gratia
1157 2955 1247 3009 Dei
1273 2956 1601 3024 profiteatur.
1632 2949 1794 3020 Cujus
1817 2947 2089 3004 Pontiﬁcis
2127 2944 2441 2999 auctoritate
2469 2943 2634 2998 libros
2662 2945 2877 2999 eosdem
2905 2948 3139 3016 episcopi
3168 2948 3402 3004 Africani
3435 2969 3530 3020 pro
3559 2953 3662 3010 fide
3718 2957 3774 3011 in

477 3043 722 3099 Sardinia
747 3049 961 3102 exsules
991 3047 1220 3102 maxime
1240 3043 1615 3100 commendant
1635 3046 1686 3096 in
1719 3040 1957 3110 Epistola
1979 3035 2251 3109 synodica.
2282 3032 2405 3088 Pro:
2429 3035 2690 3100 omnibus,
2719 3033 2962 3102 inquiunt
2983 3075 2998 3101 ,
3045 3037 3270 3091 studium
3295 3042 3484 3111 gerite,
3538 3061 3662 3112 quos
3704 3047 3775 3101 ad

476 3135 793 3206 Prosperum
820 3149 867 3193 et
897 3138 1156 3192 Hilarium
1174 3138 1408 3208 scripsit,
1437 3134 1726 3188 memoratis
1746 3133 1988 3202 fratribus
2017 3129 2252 3200 legendas
2271 3129 2515 3199 ingerere.
2547 3127 2775 3194 Quorum
2801 3129 3102 3181 mentionem
3132 3131 3291 3184 beatas
3337 3138 3592 3190 meritoria
3629 3136 3772 3192 Iler-

474 3228 667 3281 misdas
694 3227 846 3283 Sedis
867 3229 1170 3298 Apastolica:
1187 3227 1439 3300 gloriosus
1454 3225 1663 3278 antistes
1689 3225 1742 3276 in
1762 3222 1973 3293 epistola
1989 3263 2003 3286 ,
2021 3237 2172 3294 quam
2193 3219 2473 3274 consulenti
2492 3235 2546 3272 se
2572 3225 2746 3271 sancto
2766 3219 2916 3288 fratri
2933 3219 3376 3291 consacerdotiqtte
3401 3235 3575 3280 nostra
3623 3229 3765 3283 Pos-

474 3318 661 3371 sessori
677 3319 954 3389 rescripsit,
983 3335 1098 3371 cum
1119 3333 1304 3389 magno
1325 3315 1577 3386 pra'conio
1597 3314 1862 3368 cat/taliae
1883 3311 2051 3367 laudis
2073 3311 2325 3377 inseruit;
2364 3311 2510 3380 cujus
2534 3311 2641 3363 luet:
2680 3311 2828 3363 verba
2848 3320 2965 3363 sunt
2989 3325 3010 3364 :
3035 3309 3116 3364 De
3140 3311 3350 3367 arbitrio
3395 3326 3563 3368 tamen
3610 3319 3769 3372 libero

473 3420 522 3464 et
547 3411 713 3481 gratia
736 3411 869 3479 Dei,
897 3409 1019 3480 quid
1049 3411 1283 3465 Romana
1304 3450 1320 3476 ,
1353 3407 1447 3462 hoc
1465 3415 1538 3462 est
1559 3405 1845 3466 catholica.
1875 3413 2112 3473 sequatur
2135 3413 2182 3458 et
2202 3411 2356 3458 servet
2378 3399 2640 3466 Ecclesia,
2665 3400 2782 3455 licet
2801 3401 2854 3454 in
2885 3403 3040 3456 uariis
3066 3403 3183 3458 libri
3203 3403 3332 3459 beati
3370 3407 3670 3478 Augustini,
3717 3423 3768 3466 et

471 3502 702 3556 niaxime
721 3502 790 3554 ad
819 3499 1130 3573 Prosperum
1154 3510 1202 3554 et
1231 3497 1492 3554 Hilarium
1512 3497 1714 3551 abunde
1741 3496 1899 3568 possit
1925 3497 2152 3568 agnosci,
2175 3503 2340 3550 tamen
2359 3503 2405 3546 et
2427 3491 2480 3545 in
2502 3491 2702 3546 scriniis
2731 3492 3081 3549 ecclesiasticis
3107 3511 3344 3566 expressa
3383 3499 3610 3567 capitula
3635 3514 3765 3556 con-

471 3593 710 3648 tinentur.

1895 3659 2318 3718 εεςοοθοοοοὶϐθ

1187 3803 1578 3869 EPISTOLA
1617 3801 1864 3866 INTER
1905 3796 2547 3863 AUGUSTINIANAS
2588 3795 2876 3860 CCXXV

599 3929 828 3986 Domino
855 3929 1166 3986 beatissimo
1192 3943 1374 4000 papae,
1402 3925 1740 3982 tneﬂabiliter
1765 3921 2024 3987 mirabili,
2051 3918 2538 3990 incomparabiliter
2564 3918 2905 3986 honorando,
2935 3921 3377 3992 priestantissimo
3401 3935 3627 3996 patrono

1792 4018 2100 4078 Ausus-riuo
2119 4055 2136 4082 ,
2161 4013 2431 4069 Pnosrsn.

543 4146 596 4199 l.
627 4144 841 4215 Ignotus
865 4141 1079 4212 quidem
1103 4140 1195 4196 tibi
1220 4138 1352 4196 facie
1371 4182 1386 4207 ,
1415 4139 1510 4194 sed
1536 4138 1645 4209 jam
1674 4137 2040 4208 aliquatenus,
2071 4135 2116 4189 si
2147 4134 2531 4199 reminiscaris,
2554 4135 2734 4190 animo
2759 4149 2821 4190 ac
2847 4149 3098 4192 sermone
3120 4149 3458 4209 compertus;
3493 4157 3616 4198 nam
3661 4161 3760 4215 per

464 4247 706 4293 sanctum
735 4237 952 4291 fratrem
973 4250 1153 4290 meum
1173 4233 1453 4288 Leontium
1483 4232 1764 4286 diaconum
1793 4229 1911 4283 misi
1937 4227 2190 4298 epistolas
2211 4227 2230 4259 ¹
2256 4234 2312 4281 et
2347 4225 2557 4296 recepi;
2601 4241 2742 4281 nunc
2783 4241 2994 4296 quoque
3028 4228 3345 4286 Beatitudini
3389 4244 3491 4288 tuae
3519 4237 3756 4295 scribere

463 4332 638 4388 audeo
657 4371 673 4392 .
702 4346 808 4384 non
834 4329 1004 4382 solum
1026 4325 1390 4387 salutationis,
1434 4332 1490 4378 ut
1512 4331 1657 4390 tunc,
1688 4321 1892 4387 studio;
1917 4321 2011 4375 sed
2039 4321 2197 4376 etiam
2245 4318 2398 4383 fidei,
2427 4333 2528 4388 qua
2566 4317 2803 4372 Ecclesia
2834 4318 2998 4384 vivit,
3028 4319 3240 4376 affectu.
3271 4323 3581 4382 Excubante
3604 4332 3749 4385 enim

464 4439 565 4496 pro
613 4423 878 4479 universis
905 4419 1158 4476 membris
1177 4417 1419 4488 corporis
1439 4413 1636 4470 Christi
1677 4411 2078 4483 vigilantissima
2111 4409 2367 4467 industria
2395 4417 2518 4474 tua,
2559 4417 2614 4464 et
2661 4408 2917 4464 adversus
2965 4409 3334 4469 luereticarum
3382 4416 3748 4475 doctrinarum

463 4518 688 4574 insidias
734 4516 974 4572 veritatis
1012 4513 1207 4568 virtute
1257 4517 1556 4581 pugnante,
1614 4508 1762 4563 nullo
1809 4505 1968 4561 modo
2015 4504 2144 4559 mihi
2188 4502 2478 4558 verendum
2525 4502 2702 4572 putavi
2731 4517 2800 4558 ne
2827 4517 3090 4560 onerosus
3123 4506 3250 4571 tibi,
3279 4518 3370 4563 aut
3409 4510 3746 4581 importunus

459 4625 638 4666 essem
683 4611 734 4664 in
775 4625 842 4666 eo
892 4607 1034 4679 quod
1077 4605 1144 4660 ad
1187 4606 1474 4660 multorum
1513 4601 1766 4664 salutem.
1811 4615 1874 4654 ac
1917 4597 2138 4669 perinde
2176 4598 2242 4651 ad
2283 4597 2530 4666 pietatem
2581 4603 2723 4649 tuam
2761 4597 3034 4663 pertinet:
3080 4613 3200 4653 cum
3234 4587 3430 4670 potius.
3457 4619 3606 4658 reum
3657 4605 3746 4660 fu-

447 4713 642 4758 turum
685 4716 808 4757 esse
845 4716 932 4756 me
977 4699 1286 4764 crederem,
1323 4695 1368 4752 si
1403 4711 1500 4762 ea,
1534 4709 1652 4765 quae
1696 4692 1850 4748 valde
1899 4691 2196 4762 perniciosa
2239 4703 2358 4744 esse
2408 4687 2676 4757 intelligo,
2717 4686 2784 4740 ad
2828 4688 3112 4757 specialem
3159 4703 3439 4762 patronum
3485 4695 3608 4752 ﬁdei
3636 4715 3743 4753 non

459 4794 739 4849 referrem.

531 4888 588 4941 2.
616 4887 763 4941 Multi
785 4901 912 4956 ergo
943 4899 1216 4939 servorum
1243 4881 1440 4938 Christi
1466 4879 1546 4953 (ιι)
1567 4881 1658 4950 qui
1684 4879 1737 4934 in
1759 4875 2072 4932 Massiliensi
2100 4876 2229 4932 urbe
2253 4874 2583 4940 consistunt,
2615 4873 2666 4926 in
2693 4869 3004 4928 Sauctitatis
3026 4883 3128 4930 tua:
3155 4877 3386 4948 scriptis,
3406 4895 3524 4949 ane
3553 4882 3749 4936 adver-

443 4996 546 5037 sus
569 4978 882 5048 Pelagianos
899 4977 1178 5031 hereticos
1202 4973 1516 5038 condidisti,
1545 4971 1868 5026 contrarium
1895 4975 2082 5038 putant
2101 4978 2308 5036 patrum
2335 4967 2570 5035 opinioni
2595 4977 2649 5020 et
2673 4970 3033 5024 ecclesiastico
3071 4971 3274 5034 sensui,
3305 4973 3556 5042 quidquid
3585 4975 3636 5026 iu
3669 4973 3749 5027 eis

444 5070 518 5124 de
549 5071 826 5126 vocatione
847 5069 1138 5125 electorum
1161 5063 1453 5120 secundum
1482 5062 1575 5116 Dei
1607 5061 1934 5132 propositum
1955 5055 2256 5128 disputasti.
2285 5053 2490 5112 Etcum
2527 5059 2831 5128 aliquandiu
2859 5059 3164 5114 tarditatem
3193 5075 3344 5114 suam
3375 5063 3594 5132 culpare
3622 5079 3729 5116 ina-

522 5235 540 5266 ³
575 5237 782 5293 Quatuor
797 5235 925 5287 Mss,
951 5225 1220 5290 epistolam.
1865 5283 1877 5293 _

522 5295 591 5348 ta)
623 5291 848 5342 Hilarium
884 5291 1014 5340 hunc
1049 5288 1384 5340 Arelatensem
1426 5281 1672 5348 appellant
1711 5288 2056 5340 levamenses,
2090 5291 2158 5331 sei

2101 5277 2181 5331 sed
2223 5275 2360 5328 falso.
2401 5276 2520 5326 vide
2562 5277 2925 5327 annotationem
2965 5277 3024 5327 ad
3064 5277 3226 5330 Hilarii
3259 5281 3511 5343 epistolam
3529 5316 3544 5342 ,
3591 5283 3737 5343 intra.

517 5295 749 5370 .(“lJ‘J‘EE

936 5409 1213 5474 corrigendi
1233 5409 1572 5469 Lovanienses,
1594 5408 1678 5470 qui
1716 5405 2052 5455 Arausicannm
2091 5399 2217 5452 istud
2258 5398 2524 5450 secundum
2557 5392 2810 5450 conuilitun
2838 5401 2978 5464 jussu
3015 5402 3190 5452 Leonis
3211 5410 3349 5467 Papae
3385 5411 3404 5454 ι
3438 5404 3744 5458 celebratum

450 5478 728 5604 δ’ῗῖῗίίιεξςε
743 5535 949 5604 uastata
972 5535 1228 5604 mittit“!!!
1251 5539 1482 5604 νηοειιθνο
1500 5530 1559 5604 ad
1583 5526 2007 5604 Apamense.
2036 5519 2852 5604 εςὲἱίξξίίξ-ΕςξὲξὲἓηΞ-ιξὲςςξίῖρξ
2866 5525 2922 5604 in
2939 5522 3551 5604 saltissol-‘stescemibus
3579 5529 3742 5591 σοίιυο

451 5585 723 5664 ιιιιξῖῖιὲιῖιξῖιῖ
743 5585 992 5664 hbminum
1013 5594 1231 5650 (uterelis
1251 5585 1485 5664 adversus
1506 5585 1940 5664 Praedestinationis
1964 5595 2014 5637 et
2034 5585 2202 5635 Gratia:
2224 5585 2486 5633 doctrinam
2509 5585 2844 5647 superioribus
2866 5587 3017 5648 ipsius
3038 5589 3285 5649 augustiui
3313 5585 3580 5651 epuscttlis,
3617 5585 3744 5652 pra:-

450 5653 618 5712 seitim
649 5663 772 5710 libro
803 5661 866 5707 de
889 5666 1202 5720 Correptione
1227 5664 1278 5705 et
1299 5657 1452 5706 Gratia
1475 5653 1780 5720 explieitum.
1848 5719 1861 5720 ί
2075 5716 2097 5720 Α
2183 5709 2193 5718 θ

513 5703 786 5782 iiii'iti'é'si.
806 5703 1822 5780 iiitiiiaelrai-uni,quorumnominatissimus
1841 5719 2050 5761 Joanne:I
2070 5709 2320 5759 Cassianus
2339 5703 2648 5758 Collationum
2674 5707 2848 5768 editor,
2869 5711 3015 5772 ipsius
3035 5711 3252 5774 Prosperi
3273 5717 3441 5762 contra
3461 5709 3742 5763 Coilatorem

453 5781 573 5829 libro
599 5792 762 5840 postea
785 5786 1068 5831 contutatus.
1111 5799 1118 5806 α
