4102 6524
397 328 509 386 ωο
1352 328 1681 385 EPISTULA
1720 330 2050 390 PRUSPERI
2092 336 2184 391 AD
2223 335 2685 395 AUGUSTINUM.
3571 351 3672 408 950

398 442 619 514 iuerint,
654 455 810 511 quam
842 455 947 496 non
979 442 1243 498 intellecta
1267 433 1681 514 reprehendere,
1708 448 2026 520 quidamque
2051 467 2235 508 eorum
2286 454 2596 511 lucidiorem
2627 472 2788 526 super
2829 457 2927 513 hoc
2952 467 3111 530 atque
3138 460 3667 529 apertioremDeati-

394 537 597 591 tudinis
622 544 727 625 tuac
757 535 1144 603 expositionem
1173 537 1439 593 voluerint
1467 540 1768 609 postulare;
1797 544 1974 597 evenit
2010 558 2074 598 ex
2120 538 2472 613 diSpositione
2493 547 2871 604 misericordiae
2904 550 3029 617 Dei,
3048 563 3106 605 ut
3145 568 3265 606 eum
3309 552 3564 621 quosdam
3588 554 3667 625 (α)

396 631 535 682 intra
560 624 798 680 Africam
826 625 1017 679 similia
1050 626 1369 693 movissent,
1400 628 1595 684 librum
1626 630 1693 684 de
1720 631 2073 701 Correptione
2099 642 2154 688 et
2177 633 2359 689 Gratia
2388 636 2603 705 plenum
2632 639 2823 693 divina:
2851 643 3185 698 auctoritatis
3220 645 3521 699 emitteres.
3547 624 3664 712 Qun

394 718 452 772 in
481 715 726 769 notitiam
757 725 992 769 n05tram
1023 715 1286 785 insperata
1315 720 1706 788 Opportunitate
1730 721 1926 786 delato.
1960 725 2258 792 putavimus
2293 741 2481 781 omnes
2509 730 2753 797 querelas
2799 733 3160 788 resistentium
3191 735 3506 805 sopiendas;
3541 736 3666 805 quia

392 808 656 864 universis
682 808 1082 878 quaestionibus,
1116 809 1184 865 dc
1220 812 1411 881 quibus
1438 814 1764 868 consulenda
1804 826 1918 870 erat
1942 817 2208 872 Sanctitas
2234 826 2343 885 tua,
2372 828 2478 873 tam
2513 821 2666 889 plene
2693 822 2800 877 illic
2823 823 3168 897 absoluteque
3206 842 3519 897 responsum
3547 837 3630 881 est

391 900 543 969 quasi
573 898 676 954 hoe
706 899 1009 970 specialiter
1037 901 1328 965 studueris,
1362 913 1418 957 ut
1442 920 1559 973 quae
1587 905 1727 975 apud
1754 921 1852 960 nos
1872 916 2025 962 erant
2050 908 2257 963 turbata
2276 951 2291 977 ,
2324 924 2693 979 componeres.
2750 913 3043 971 Recensito-
3082 889 3257 972 autem
3290 889 3391 971 hoc
3420 889 3678 973 Beatitu:

390 1000 530 1055 diuis
555 1009 658 1055 ture
687 1000 854 1067 libro,
885 1000 1019 1056 sicut
1039 1001 1126 1071 qui
1153 1009 1390 1055 sanctam
1416 1010 1574 1072 atque
1602 1003 1944 1072 apostolicam
1972 1002 2231 1060 doctrina:
2258 1015 2361 1061 tua:
2389 1006 2756 1063 auctoritatem
2780 1018 2931 1063 antea
2951 1011 3335 1080 sequebantur,
3362 1011 3630 1082 intelligent
3653 1041 3680 1054 -

391 1093 557 1148 tiores
576 1092 1241 1162 multoinstruetioresque
1277 1101 1402 1148 sunt
1441 1090 1598 1159 lacti;
1626 1096 1696 1148 ita
1724 1094 1812 1162 qui
1846 1096 2201 1163 persuasionis
2224 1111 2335 1151 sua:
2382 1095 2806 1166 impediebantur
2847 1099 3114 1164 obscuro,
3164 1102 3462 1156 aversiores
3504 1116 3665 1171 quam

395 1187 641 1252 fuerant,
667 1193 1026 1240 recesserunt.
1057 1185 1297 1251 Quorum
1320 1192 1426 1239 tam
1467 1184 1691 1255 abrupta
1717 1185 1980 1241 dissensio
2000 1186 2230 1258 primum
2258 1197 2476 1258 propter
2503 1187 2648 1258 ipsos
2669 1190 2949 1244 metuenda
2977 1200 3079 1257 est,
3107 1207 3173 1246 ne
3202 1201 3309 1247 tam
3340 1193 3500 1248 claris
3525 1202 3667 1248 tam-

395 1293 501 1348 que
529 1277 751 1349 egregiis
780 1276 834 1331 in
864 1277 1100 1331 omnium
1128 1276 1380 1330 virtutum
1402 1275 1576 1332 studio
1595 1276 1721 1332 viris
1742 1277 1957 1348 spiritus
1975 1278 2274 1349 Pelagianae
2296 1279 2583 1350 impietatis
2609 1277 2794 1334 illudat
2817 1297 2831 1333 :
2853 1279 3046 1334 deinde
3069 1297 3134 1336 ue
3166 1282 3520 1353 simpliciores
3542 1284 3667 1352 qui-

394 1383 521 1436 que,
546 1366 682 1436 apud
709 1382 841 1436 quos
865 1366 1057 1421 borum
1075 1382 1260 1437 magna
1283 1369 1451 1424 estde
1481 1368 1756 1438 probitatis
1784 1369 2232 1439 contemplatione
2261 1371 2599 1438 reVerentia,.
2612 1370 2713 1425 hoc
2734 1371 3176 1427 tutissimumsibi
3202 1374 3489 1437 aestiment,
3516 1370 3664 1443 quod

393 1458 609 1511 audiant
634 1472 749 1524 eos,
776 1473 997 1528 quorum
1027 1459 1396 1514 auctoritatem
1419 1461 1533 1515 sine
1549 1460 1749 1530 judicio
1769 1470 2081 1530 sequuntur,
2110 1475 2373 1517 asserere.
3705 1448 3709 1451 ’

465 1548 516 1602 3.
551 1547 676 1601 llaec
695 1549 837 1601 enim
867 1550 1100 1618 ipsorum
1127 1548 1368 1604 definitio
1396 1566 1457 1604 ac
1485 1550 1743 1619 professio
1766 1562 1848 1605 est
1872 1567 1885 1603 :
1914 1549 2137 1605 Omnem
2167 1550 2380 1620 quidem
2411 1552 2678 1607 hominem
2706 1552 2875 1606 Adam
2907 1561 3160 1622 peccante
3184 1565 3466 1623 peccasse;
3490 1560 3544 1606 et
3570 1565 3669 1606 ne-
3699 1575 3705 1581 ί

391 1637 591 1692 minem
626 1653 719 1706 per
748 1653 908 1708 opera
939 1653 1053 1703 sua,
1087 1639 1179 1694 sed
1205 1655 1306 1711 per
1331 1640 1421 1695 Dei
1446 1641 1669 1711 gratiam
1698 1641 2101 1712 regeneratione
2127 1641 2319 1696 salvari
2349 1661 2365 1700 :
2393 1644 2654 1697 universis
2681 1653 2855 1698 tamen
2883 1643 3184 1698 hominibus
3215 1644 3666 1713 propitiationem,
3704 1634 3705 1647 ¹

389 1744 509 1797 qua:
528 1738 612 1782 est
639 1728 690 1781 in
719 1729 1068 1784 Sacramento
1090 1731 1362 1802 sanguinis
1388 1730 1619 1800 Christi,
1652 1734 1768 1788 sine
1795 1735 2106 1803 exceptione
2135 1749 2258 1790 esse
2289 1736 2635 1805 propositam,
2670 1744 2726 1791 ut
2753 1736 3072 1807 quicumque
3100 1737 3167 1791 ad
3214 1737 3370 1790 ﬁdem
3397 1745 3451 1790 et
3472 1735 3538 1790 ad
3564 1736 3669 1790 Ba-

390 1820 641 1889 ptismum
672 1822 928 1876 accedere
958 1824 1240 1887 voluerint,
1271 1824 1403 1879 salvi
1429 1839 1549 1880 esse
1577 1825 1798 1894 possint.
1830 1825 1931 1893 Qui
1954 1836 2133 1882 autem
2158 1826 2413 1882 credituri
2453 1835 2603 1895 sunt,
2639 1828 2795 1898 quive
2822 1827 2875 1882 in
2906 1844 2975 1883 ea
2999 1828 3124 1894 ﬁde,
3150 1844 3270 1899 quae
3293 1827 3544 1898 deinceps
3571 1843 3669 1898 per

389 1911 613 1981 gratiam
640 1912 710 1965 sit
730 1911 980 1981 juvanda,
1014 1913 1248 1968 mansuri
1278 1922 1422 1982 sunt,
1459 1917 1736 1985 pnescissc
1778 1924 1901 1972 ante
1928 1917 2111 1971 mundi
2153 1918 2588 1973 constitutionem
2630 1918 2818 1984 Deum,
2845 1928 2898 1973 et
2923 1933 3017 1974 eos
3042 1917 3457 1990 prazdestinasse
3496 1921 3549 1972 in
3579 1933 3670 1973 reo

389 2022 550 2075 gnum
582 2020 761 2071 suum,
790 2022 924 2077 quos
949 2007 1116 2078 gratis
1136 2017 1351 2063 vocatos
1370 2049 1386 2074 ,
1417 2008 1606 2079 dignos
1630 2008 1835 2064 futuros
1863 2008 2145 2074 electione,
2175 2018 2229 2064 et
2267 2009 2335 2064 de
2360 2008 2460 2066 hac
2485 2010 2591 2064 vita
2618 2009 2759 2064 bono
2787 2009 2893 2065 ﬁne
2920 2025 3239 2066 excessuros
3266 2024 3386 2064 esse
3412 2009 3670 2078 pratvide-

391 2100 479 2155 rit.
508 2100 737 2169 Ideoque
763 2116 977 2155 omnem
1006 2101 1275 2156 hominem
1304 2100 1371 2157 ad
1401 2101 1725 2157 credendum
1751 2112 1801 2157 et
1827 2103 1895 2157 ad
1939 2103 2270 2173 operandum
2301 2103 2494 2159 divinis
2522 2104 2941 2159 institutionibus
2964 2104 3261 2172 admoneri,
3297 2113 3355 2159 ut
3385 2105 3455 2160 de
3477 2120 3669 2175 appre-

392 2189 670 2245 hendenda
703 2190 808 2244 vita
830 2199 1027 2245 tnterna
1056 2207 1213 2247 nemo
1232 2192 1499 2262 desperet,
1524 2208 1642 2247 eum
1669 2194 1979 2249 voluntariae
2006 2194 2273 2250 devotioni
2299 2195 2656 2250 remuneratio
2680 2195 2749 2248 sit
2776 2205 2979 2264 parata.
3009 2195 3120 2250 Hoc
3138 2204 3314 2249 autem
3342 2197 3669 2265 propositum

394 2282 686 2338 vocationis
710 2283 825 2349 Dei,
858 2299 972 2353 quo.
992 2284 1075 2339 vel
1107 2295 1230 2340 ante
1257 2285 1441 2340 mundi
1469 2286 1696 2350 initimn,
1726 2286 1807 2340 vel
1830 2287 1881 2340 in
1908 2287 2020 2356 ipsa
2049 2286 2353 2341 conditione
2371 2286 2579 2357 generis
2603 2287 2839 2354 humani,
2870 2285 3235 2357 eligendorum
3260 2296 3318 2341 et
3346 2286 3667 2355 reﬁciendo-

394 2391 513 2430 rum
541 2375 737 2430 dicitur
777 2377 912 2432 facta
944 2376 1316 2444 discretio,ut
1360 2378 1653 2432 secundum
1687 2379 1827 2449 quod
1859 2378 2053 2449 placuit
2079 2379 2353 2444 Creatori,
2389 2379 2475 2432 alii
2503 2393 2625 2432 vasa
2658 2378 2894 2443 honoris,
2921 2377 3013 2433 alii
3036 2393 3163 2433 vasa
3199 2377 3535 2432 contumelire
3561 2377 3670 2432 sint

393 2468 592 2533 creati,
611 2480 663 2523 et
692 2469 852 2538 lapsis
881 2484 1063 2522 curam
1093 2470 1403 2540 resurgendi
1432 2471 1668 2525 adimere
1687 2511 1703 2536 ,
1745 2480 1798 2527 et
1842 2471 2040 2527 sanctis
2070 2464 2405 2526 occasionem
2445 2471 2644 2539 teporis
2667 2468 2895 2534 afferre;
2932 2484 2998 2525 eo
3024 2468 3166 2539 quod
3189 2470 3241 2524 in
3270 2479 3493 2540 utraque
3518 2479 3670 2540 parte

397 2560 698 2629 superﬂuus
727 2560 877 2615 labor
904 2561 995 2628 sit,
1025 2561 1071 2614 si
1099 2576 1271 2632 neque
1298 2562 1528 2632 rejectus
1558 2563 1660 2618 ulla
1687 2562 1941 2618 industria
1973 2564 2139 2633 possit
2166 2563 2386 2626 intrare,
2416 2577 2587 2631 neque
2614 2561 2817 2618 electus
2843 2562 2950 2616 ulla
2979 2560 3301 2632 negligentia
3326 2561 3497 2633 possit
3522 2562 3670 2617 exci-

401 2651 527 2706 dere
558 2670 571 2705 :
602 2667 812 2722 quoquo
839 2652 977 2706 enim
1003 2653 1164 2707 modo
1193 2668 1253 2708 se
1284 2654 1512 2724 egerint,
1541 2669 1647 2709 non
1689 2669 1845 2724 posse
1870 2655 2013 2709 aliud
2041 2669 2166 2726 erga
2192 2670 2287 2710 eos
2315 2670 2474 2724 quam
2507 2655 2645 2710 Deus
2668 2654 2928 2721 deﬁnivit,
2953 2654 3231 2719 accidere;
3260 2663 3317 2709 et
3339 2655 3440 2708 sub
3464 2652 3668 2710 incerta

400 2756 496 2811 spe
524 2757 740 2796 cursum
764 2756 865 2797 non
889 2758 1047 2812 posse
1073 2759 1192 2800 esse
1218 2756 1574 2813 constantem,
1602 2762 1743 2811 cum,
1767 2746 1811 2801 si
1839 2746 1981 2801 aliud
2005 2747 2197 2801 habeat
2223 2746 2652 2818 prtedestinantis
2679 2747 2888 2814 electio,
2918 2762 3068 2803 cassa
3090 2748 3160 2803 sit
3181 2748 3471 2803 adnitentis
3496 2748 3671 2803 inten-

400 2836 499 2889 tio.
530 2836 810 2891 ﬂemoveri
840 2837 1019 2906 itaque
1043 2843 1256 2892 omnem
1294 2839 1630 2906 industriam,
1661 2840 1880 2906 tollique
1906 2839 2147 2905 virtutes,
2177 2840 2220 2894 si
2251 2840 2343 2895 Dei
2372 2840 2683 2895 conStitutio
2706 2839 2968 2894 humanas
3002 2841 3301 2910 praeveniat
3321 2841 3621 2896 voluntates
3647 2856 3665 2894 :

393 2938 447 2982 et
475 2926 575 2983 sub
600 2927 705 2984 hoc
743 2929 1225 2998 pra-destinationis
1252 2931 1487 2994 nomine,
1521 2929 1731 2986 fatalem
1762 2932 2042 3001 quamdam
2081 2931 2257 2986 induci
2287 2933 2691 2996 necessitatem;
2733 2941 2826 2987 aut
2849 2931 3180 2987 diversarum
3221 2941 3530 2988 naturarum
3556 2930 3666 2987 diei

393 3018 676 3073 Dominum
706 3020 1059 3085 conditorem,
1084 3021 1127 3074 si
1160 3037 1337 3087 nemo,
1367 3021 1507 3075 aliud
1538 3022 1702 3089 possit
1726 3036 1846 3077 esse
1872 3022 2028 3091 qu.'lm
2054 3021 2221 3077 factus
2245 3031 2349 3078 est.
2373 3025 2543 3094 Atque
2568 3032 2626 3077 ut
2651 3023 2869 3078 brevius
2891 3037 2954 3077 ac
2985 3022 3192 3093 plenius
3219 3022 3362 3093 quod
3381 3021 3666 3091 opinantur

393 3125 682 3179 exponam,
712 3110 971 3181 quidquid
1001 3112 1053 3166 in
1081 3112 1217 3167 libro
1239 3112 1340 3166 hoc
1366 3129 1434 3167 ex
1458 3112 1934 3166 contradicentium
1959 3126 2118 3168 sensu
2143 3112 2406 3168 Sanctitas
2436 3122 2521 3168 tua
2547 3113 2657 3168 sibi
2677 3113 2942 3183 opposuit,
2969 3113 3224 3183 quidquid
3249 3114 3411 3169 etiam
3433 3096 3494 3169 ἷιι
3518 3114 3669 3169 libris

387 3211 573 3257 contra
603 3202 879 3259 Julianum
908 3204 976 3258 ab
1011 3204 1128 3273 ipso
1172 3205 1271 3260 sub
1301 3205 1401 3261 hac
1438 3204 1733 3275 quaestione
1762 3204 2052 3273 objectum,
2085 3206 2456 3274 potentissime
2483 3205 2800 3271 debellasti;
2843 3204 2946 3260 hoc
2982 3213 3153 3259 totum
3196 3205 3265 3260 ab
3308 3205 3423 3259 istis
3466 3204 3670 3260 sanctis

388 3292 832 3351 intentiosissime
860 3296 1240 3350 conclamatur.
1271 3296 1335 3350 Et
1368 3312 1489 3350 cum
1517 3304 1700 3350 contra
1730 3310 1824 3350 eos
1850 3295 2047 3366 scripta
2077 3296 2425 3351 Beatitudinis
2451 3305 2554 3352 tute
2580 3296 2921 3351 validissimis
2947 3306 3003 3352 et
3025 3297 3321 3352 innumeris
3351 3296 3671 3353 testimoniis

390 3386 691 3442 divinarum
720 3389 1116 3460 Scripturarum
1148 3389 1403 3443 instructa
1438 3387 1779 3458 proferimus,
1804 3403 1866 3443 ac
1892 3387 2185 3444 secundum
2212 3388 2436 3444 formam
2462 3388 2877 3458 disputationum
2901 3399 3139 3454 tuarum,
3159 3388 3356 3458 aliquid
3377 3387 3540 3443 etiam
3567 3387 3669 3456 ipsi

396 3495 509 3550 quo
537 3482 923 3537 concludantur
950 3482 1277 3547 astruimus;
1307 3481 1717 3536 obstinationem
1745 3496 1893 3534 suam
1924 3489 2185 3536 vetustate
2207 3480 2504 3536 defendunt
2534 3499 2547 3534 :
2587 3489 2643 3535 et
2668 3496 2731 3535 ea
2762 3496 2881 3550 quae.
2905 3480 2972 3535 de
3003 3480 3234 3549 Epistola
3261 3480 3484 3549 apostoli
3515 3479 3670 3535 Pauli

394 3573 650 3628 Romanis
675 3574 975 3639 scribentis,
1004 3573 1071 3629 ad
1101 3573 1583 3628 manifestationem
1616 3573 1810 3628 divinae
1838 3572 2021 3642 gratiae
2060 3572 2440 3641 przevenientis
2465 3572 2757 3626 electorum
2803 3573 2991 3626 merita
3030 3570 3409 3639 proferuntur,
3452 3585 3485 3625 a
3523 3571 3668 3625 nullo

394 3682 627 3737 unquam
653 3668 1133 3724 ecclesiastieorum
1164 3668 1234 3722 ita
1261 3682 1379 3723 esse
1408 3666 1699 3733 intellecta,
1721 3676 1780 3721 ut
1804 3682 1945 3722 nunc
1971 3666 2293 3729 sentiuntur,
2316 3666 2605 3720 afﬁrmant.
2630 3666 2869 3735 Cumque
2897 3676 2955 3720 ut
2979 3666 3076 3736 ipsi
3098 3680 3160 3719 ea
3175 3672 3446 3734 exponant
3471 3678 3669 3719 secun-

393 3760 519 3815 dum
550 3777 773 3831 quorum
801 3761 964 3815 velint
997 3776 1175 3826 sensa,
1208 3760 1546 3830 deposcimus
1566 3802 1581 3826 ,
1612 3760 1743 3814 nihil
1771 3775 1830 3815 se
1858 3759 2182 3831 proﬁtentur
2207 3758 2476 3813 invenisse
2501 3757 2643 3827 quod
2673 3758 2910 3826 placeat,
2948 3768 3003 3812 et
3026 3758 3096 3813 de
3123 3758 3205 3812 his
3232 3756 3398 3813 taceri
3425 3757 3666 3827 exigunt,

390 3867 616 3923 quorum
645 3853 979 3908 altitudinem
1028 3854 1202 3907 nullus
1231 3853 1484 3924 attigerit.
1532 3854 1610 3907 Eo
1643 3864 1913 3922 postremo
1954 3850 2253 3921 pervicacia
2291 3858 2402 3905 tota
2427 3850 2702 3905 descendit
2727 3891 2742 3916 ,
2772 3859 2830 3903 ut
2860 3848 3015 3905 ﬁdem
3046 3858 3283 3903 nostram
3323 3849 3669 3906 :ediﬁcationi

389 3946 719 4001 audientium
742 3947 1066 4001 contrariam
1098 3959 1220 4002 esse
1246 3945 1539 4017 deﬁniant;
1577 3959 1640 3999 ac
1666 3945 1742 3999 sic
1771 3944 1981 3999 etiamsi
2010 3958 2136 3998 vera
2164 3943 2254 4007 sit,
2284 3958 2391 3998 non
2418 3942 2766 4013 premendam
2798 3960 2812 3996 :
2838 3943 2960 4013 quia
2985 3949 3040 3998 et
3066 3942 3365 4012 perniciose
3389 3956 3496 3998 non
3521 3944 3664 3999 reci-

390 4035 583 4106 pienda
609 4035 914 4103 tradantur,
939 4046 992 4090 et
1021 4036 1164 4089 nullo
1194 4035 1430 4105 periculo
1456 4051 1575 4105 qua:
1600 4034 1817 4105 intelligi
1847 4041 2133 4105 nequeant,
2158 4033 2546 4088 conticeantur.

472 4126 526 4180 4.
557 4126 782 4195 Quidam
813 4140 943 4182 vero
969 4124 1160 4179 borum
1189 4125 1240 4179 in
1273 4132 1471 4179 tantum
1498 4139 1529 4179 a
1568 4124 1864 4195 Pelagianis
1893 4125 2096 4180 semitis
2124 4138 2230 4179 non
2271 4122 2543 4179 declinant
2564 4164 2580 4191 ,
2609 4131 2668 4178 ut
2691 4138 2812 4178 cum
2840 4122 2907 4178 ad
2943 4122 3300 4178 conﬁtendam
3328 4139 3454 4181 eam
3472 4123 3668 4181 Christi

392 4225 644 4295 gratiam,
672 4239 789 4293 qua:
818 4222 995 4277 omnia
1027 4221 1319 4291 prteveniat
1346 4221 1534 4276 merita
1561 4222 1811 4285 humana,
1834 4228 2110 4290 cogantur,
2142 4233 2217 4274 ne
2234 4218 2279 4274 si
2309 4218 2513 4273 meritis
2536 4216 2794 4282 redditur,
2822 4216 3016 4272 frustra
3037 4217 3203 4287 gratia
3232 4218 3572 4281 nominetur;
3597 4215 3667 4273 ad

397 4313 751 4370 conditionem
782 4312 922 4369 banc
950 4312 1121 4367 velint
1147 4312 1562 4382 uniuscujusque
1590 4310 1823 4365 hominis
1851 4310 2116 4380 pertinere
2139 4350 2154 4375 ,
2184 4310 2236 4363 in
2276 4324 2379 4380 qua
2408 4324 2531 4365 eum
2560 4308 2691 4364 nihil
2724 4308 2870 4378 prius
2897 4317 3192 4364 merentem
3217 4349 3233 4372 ,
3264 4309 3387 4378 quia
3422 4323 3525 4364 nec
3549 4308 3668 4363 eai-

406 4414 657 4470 stentem,
683 4404 837 4459 liberi
868 4403 1072 4459 arbitrii
1101 4412 1155 4459 et
1174 4403 1490 4458 rationalem
1520 4403 1687 4473 gratia
1717 4402 1985 4457 Creatoris
2007 4400 2268 4464 instituat,
2299 4408 2355 4454 ut
2380 4415 2475 4472 per
2497 4400 2871 4455 discretionem
2902 4400 3027 4455 boni
3055 4409 3110 4455 et
3138 4399 3287 4466 mali,
3318 4410 3371 4455 et
3396 4398 3463 4455 ad
3488 4402 3670 4470 cogni-

400 4500 597 4554 tionem
618 4498 735 4564 Dci,
757 4508 811 4554 et
839 4499 905 4554 ad
931 4499 1283 4555 obedientiam
1303 4497 1673 4552 mandatorum
1701 4496 1818 4566 ejus
1844 4497 2009 4567 possit
2032 4510 2183 4550 suam
2214 4494 2447 4563 dirigere
2466 4493 2817 4557 voluntatem,
2849 4502 3007 4563 atque
3032 4492 3099 4547 ad
3126 4492 3266 4547 hanc
3294 4494 3538 4562 gratiam.
3561 4507 3668 4561 qua

398 4592 453 4645 iu
485 4591 697 4646 Christo
730 4593 1087 4658 renascimur,
1114 4591 1393 4662 pervenire
1414 4632 1428 4657 ,
1469 4580 2116 4659 per‘naturalemseilicet
2140 4585 2465 4648 facultatem,
2498 4584 2746 4653 petendo,
2772 4583 3081 4653 quaerendo,
3118 4582 3382 4653 pulsando
3411 4599 3426 4635 :
3458 4589 3518 4636 ut
3548 4581 3671 4638 ideo

389 4683 640 4752 accipiat,
671 4682 792 4737 ideo
822 4683 1073 4748 inveniat,
1102 4683 1220 4737 ideo
1245 4681 1496 4746 introeat,
1525 4679 1646 4749 quia
1669 4678 1810 4733 bono
1836 4686 2049 4731 natura:
2077 4676 2215 4731 bene
2239 4688 2385 4736 usus,
2414 4673 2480 4728 ad
2521 4674 2676 4728 istam
2701 4672 2994 4727 salvantem
3023 4672 3273 4742 gratiam,
3307 4670 3524 4727 initialis
3548 4684 3650 4740 gra-

390 4778 478 4832 tia:
504 4791 607 4845 ope
633 4775 890 4831 meruerit
916 4776 1210 4844 pervenire.
1258 4770 1597 4842 Propositum
1626 4780 1804 4826 autem
1831 4771 2072 4825 vocantis
2097 4768 2282 4839 gratia:
2308 4768 2359 4821 in
2393 4767 2495 4821 hoc
2535 4764 2759 4820 omnino
2795 4764 3077 4830 deﬁniunt,
3122 4763 3262 4834 quod
3296 4764 3437 4819 Deus
3461 4763 3662 4819 consti-

391 4867 549 4920 tuerit
571 4864 776 4920 nullum
808 4866 859 4920 in
892 4879 1112 4934 regnum
1138 4878 1316 4926 suum,
1352 4864 1452 4917 nisi
1482 4878 1576 4932 per
1597 4862 2005 4918 Sacramentum
2030 4859 2448 4930 regenerationis
2486 4872 2786 4923 assumere,
2812 4865 2866 4910 et
2893 4856 2959 4910 ad
2991 4856 3091 4912 hoc
3110 4855 3297 4910 salutis
3320 4856 3521 4910 donum
3547 4870 3661 4910 om‘

390 4972 485 5011 nes
509 4950 753 5011 homines
771 4955 1161 5016 nniversaliter,
1195 4955 1307 5008 sive
1337 4970 1433 5024 per
1462 4946 1782 5018 naturalem,
1815 4953 1927 5008 sive
1953 4967 2046 5019 per
2075 4952 2327 5020 scriptam
2359 4949 2552 5019 legem,
2583 4949 2696 5003 sive
2724 4962 2820 5017 per
2845 4946 3203 5017 evangelicam
3232 4946 3665 5016 praedicationem

390 5048 566 5101 vocari
596 5087 608 5099 .
644 5057 701 5100 ut
729 5056 784 5102 et
807 5046 899 5118 qui
924 5045 1213 5109 voluerint,
1247 5046 1377 5099 ﬁant
1406 5046 1495 5099 tilii
1539 5046 1651 5110 Dei,
1681 5054 1736 5100 et
1761 5045 2150 5101 inexcusabiles
2175 5044 2282 5096 sint
2307 5043 2394 5113 qui
2425 5042 2609 5096 ﬁdeles
2633 5056 2755 5096 esse
2782 5040 3086 5104 noluerint;
3117 5040 3240 5110 quia
3261 5039 3462 5110 justilia
3490 5038 3581 5093 Dei
3606 5038 3665 5094 in

393 5152 460 5192 eo
488 5138 577 5204 sit,
609 5146 666 5192 ttt
690 5138 780 5208 qui
807 5154 912 5192 non
939 5124 1286 5203 crediderint,
1317 5147 1569 5206 pereant;
1612 5136 1823 5190 bonitas
1853 5136 1904 5188 in
1931 5149 1997 5188 eo
2027 5143 2302 5203 appareat,
2333 5134 2376 5187 si
2403 5130 2925 5200 nemiueufrepellat
2950 5145 2980 5183 a
3021 5129 3150 5196 vita,
3178 5129 3272 5184 sed
3302 5127 3662 5184 indiﬁ'erentcr

395 5230 665 5283 universos
699 5228 830 5283 velit
869 5229 1048 5284 salvos
1092 5229 1208 5284 ﬁeri
1255 5239 1310 5285 et
1372 5230 1427 5284 in
1469 5228 1791 5299 agnitionem
1819 5226 2055 5281 veritatis
2105 5228 2307 5278 venire.
2351 5223 2468 5278 1am
2519 5223 2605 5277 hic
2652 5223 2928 5291 proferunt
2982 5219 3284 5276 testimonia
3339 5220 3531 5287 quibus
3585 5218 3665 5271 di~

395 5320 634 5373 vinarum
661 5320 1056 5392 Scripturarum
1096 5321 1400 5376 cohortatio
1437 5320 1502 5374 ad
1548 5319 1907 5375 obediendum
1951 5317 2134 5372 incitat
2176 5315 2447 5369 ltotninum
2479 5314 2780 5369 voluntates
2806 5354 2822 5379 ,
2855 5312 2943 5382 qui
2989 5328 3054 5367 ex
3098 5312 3264 5366 libero
3292 5309 3509 5365 arbitrio
3534 5349 3548 5370 ,
3577 5318 3664 5360 aut

396 5409 592 5464 faciant
644 5426 760 5480 quae
801 5411 1098 5482 iubentur,
1152 5419 1244 5466 aut
1286 5412 1597 5480 negligant:
1647 5421 1703 5465 et
1749 5424 2083 5478 consequens
2132 5415 2354 5477 putant,
2407 5416 2465 5460 ut
2505 5406 2627 5477 qttia
2695 5405 3070 5473 praevaricator
3128 5403 3249 5459 ideo
3311 5402 3505 5455 dicitur
3559 5414 3660 5454 nun

390 5502 638 5559 obedisse
672 5544 687 5566 ,
741 5504 864 5574 quia
917 5504 1129 5567 noluit,
1183 5502 1356 5558 ﬁdelis
1409 5518 1619 5573 quoque
1670 5518 1775 5556 non
1834 5500 2105 5557 dubitctur
2150 5498 2222 5553 ob
2269 5498 2370 5552 hoc
2425 5496 2651 5553 devotus
2701 5496 2903 5562 fuisse,
2965 5494 3086 5563 quia
3126 5492 3348 5561 soluit;
3395 5500 3450 5545 et
3495 5505 3666 5558 quau-

390 5607 501 5653 tum
552 5597 778 5668 quisque
830 5597 898 5651 ad
955 5598 1194 5663 malum,
1250 5605 1454 5651 tantum
1514 5596 1705 5653 habeat
1759 5594 2021 5650 facultatis
2074 5592 2140 5647 ad
2190 5591 2431 5657 bonum;
2485 5591 2706 5662 parique
2757 5596 3027 5641 tttotneuto
3069 5584 3305 5643 animum
3360 5597 3418 5637 se
3472 5580 3554 5635 vel
3598 5578 3668 5655 ad

450 5728 524 5788 (α)
557 5729 895 5779 Adrumctinos
916 5725 1188 5776 monachos.
