4142 6472
507 305 602 361 ιιειι
1223 382 1226 386 ,
1467 289 1793 369 Ertsrom
1835 312 2143 370 PROSPER

2145 313 2170 368 ,l
2211 314 2300 371 AD
2342 316 2812 378 AUGUa‘Tl-NUM.
3675 333 3781 391 959

502 423 626 474 villa
653 463 668 487 ,
717 421 800 476 vel
837 421 902 477 ad
949 422 1169 479 virtutes
1217 439 1474 492 movere,
1522 443 1681 496 quem
1707 427 1846 484 bona
1873 437 2208 498 appetentem
2247 431 2413 503 gratia
2455 432 2550 486 Dei
2593 433 2804 500 foveat,
2850 435 2987 490 mala
3015 445 3314 495 sectantem
3343 439 3624 498 damnatio
3643 444 3788 515 justa

501 514 774 582 suscipiat.

574 605 628 658 5.
671 605 906 676 Cumque
951 605 1091 662 inter
1131 605 1246 662 hate
1291 609 1753 667 innumerabilium
1785 611 1892 668 illis
1933 613 2214 668 multitudo
2257 616 2504 684 obiicitur
2533 620 2878 686 parvulorum
2904 662 2922 686 ,
2952 623 3048 692 qui
3075 625 3256 695 utique
3291 636 3514 698 excepto
3541 628 3786 700 originali

497 706 738 767 peccato,
769 697 868 752 sub
897 715 1002 769 quo
1025 716 1213 756 omnes
1258 702 1501 757 homines
1549 705 1798 760 similiter
1841 705 1893 760 in
1941 707 2094 774 primi
2125 706 2356 762 hominis
2377 708 2720 766 damnatione
2762 723 3074 782 nascuntur,
3124 717 3301 771 nullas
3325 697 3500 773 adhuc
3525 697 3788 774 habentes

497 787 831 853 voluntates,
878 790 1053 845 nullas
1080 793 1321 862 preprias
1365 795 1625 861 actiones,
1675 811 1782 850 non
1815 799 1932 852 sine
1961 797 2050 852 Dei
2077 798 2280 866 judicio
2329 811 2716 867 secernuntur;
2750 814 2804 858 ut
2834 816 2958 860 ante
3003 806 3381 862 discretionem
3409 809 3534 864 boni
3563 825 3627 865 ac
3658 811 3782 865 mali

495 878 565 935 de
591 894 686 933 usu
721 880 843 936 vitae
887 881 1042 938 istius
1081 883 1378 952 auferendi,
1426 885 1513 940 alii
1560 903 1656 957 per
1703 889 2160 958 regenerationem
2207 889 2345 944 inter
2386 891 2628 946 caelestis
2677 893 2827 964 regni
2873 908 3214 952 assumantur
3249 899 3506 966 hacredes,
3539 899 3624 954 alii
3669 900 3788 955 sine

495 969 768 1040 Baptismo
797 972 936 1028 inter
963 975 1148 1030 mortis
1177 985 1446 1046 perpetua:
1480 987 1752 1034 transeant
1783 979 2050 1034 debitores
2077 997 2090 1034 :
2136 980 2268 1034 tales
2310 981 2458 1034 aiunt
2493 983 2662 1052 perdi,
2693 985 2930 1054 talesque
2956 987 3171 1054 snlvari,
3218 991 3404 1059 quales
3433 989 3635 1044 futuros
3663 990 3786 1046 illos

493 1063 550 1116 in
575 1065 731 1120 annis
755 1065 1046 1135 majoribus
1069 1107 1083 1132 ,
1115 1068 1160 1124 si
1186 1069 1250 1121 ad
1277 1072 1503 1124 activam
1531 1082 1874 1126 servarentur
1897 1082 2140 1140 aetatem,
2169 1073 2392 1128 scientia
2417 1074 2592 1128 divina
2625 1076 2945 1146 prmviderit.
2973 1077 3080 1132 Nec
3107 1080 3452 1134 considerant
3476 1096 3534 1136 se
3557 1081 3782 1151 gratiam

497 1154 613 1222 Dei,
659 1171 818 1226 quam
857 1159 1110 1213 comitem
1133 1197 1151 1224 ,
1183 1174 1290 1212 non
1323 1160 1569 1229 praevium
1603 1159 1956 1216 humanorum
1990 1161 2176 1216 volunt
2203 1177 2324 1218 esse
2368 1164 2675 1218 meritorum
2700 1207 2718 1230 ,
2751 1167 2911 1220 etiam
2963 1168 3067 1221 illis
3107 1169 3471 1224 voluntatibus
3512 1169 3740 1224 subdere
3763 1210 3782 1236 ,

491 1261 628 1318 quas
649 1249 718 1304 ab
747 1265 832 1316 ea,
860 1250 1152 1305 secundum
1179 1265 1328 1304 suam
1356 1253 1712 1322 phantasiam,
1742 1271 1846 1308 non
1889 1264 2084 1324 negant
2112 1268 2232 1310 esse
2262 1264 2576 1325 prazventas.
2601 1256 2707 1312 Sed
2739 1257 2791 1312 in
2825 1267 3030 1312 tantum
3054 1261 3476 1331 quibuscumque
3506 1277 3785 1318 commen-

493 1341 624 1396 titiis
653 1343 858 1398 meritis
887 1345 1200 1402 electionem
1241 1349 1336 1403 Dei
1377 1347 1663 1417 subjiciunt
1684 1388 1699 1414 ,
1735 1357 1792 1401 ut
1837 1345 1958 1416 quia
1989 1347 2254 1416 prmterita
2286 1363 2390 1402 non
2421 1357 2651 1414 exstant,
2685 1348 2878 1414 futura,
2909 1367 3026 1422 qua:
3057 1367 3162 1406 non
3190 1353 3296 1407 sint
3339 1353 3534 1420 futura,
3571 1356 3784 1411 contin-

492 1446 642 1505 gant,
675 1451 924 1508 novoque
947 1439 1085 1508 apud
1127 1440 1244 1494 illos
1268 1440 1610 1496 absurditatis
1632 1455 1850 1509 genere,
1880 1449 1935 1494 et
1983 1453 2086 1494 non
2115 1439 2316 1509 agenda
2349 1441 2592 1510 praescita
2636 1441 2763 1506 sint,
2791 1449 2847 1496 et
2878 1445 3119 1512 pra-scita
3165 1460 3270 1498 non
3315 1455 3430 1499 acta
3461 1447 3586 1500 sint.
3633 1446 3783 1502 llanc

489 1540 624 1581 sane
647 1525 716 1582 de
742 1528 988 1583 humanis
1013 1530 1218 1584 meritis
1242 1531 1629 1600 praescientiam
1660 1530 1774 1596 Dei,
1805 1530 2100 1585 secundum
2129 1547 2288 1600 quant
2309 1533 2476 1600 gratia
2510 1532 2748 1586 vocantis
2775 1544 3049 1602 operetur,
3083 1535 3252 1589 multo
3279 1536 3378 1590 sibi
3411 1538 3782 1593 rationabilins

492 1617 745 1688 videntur
769 1629 1032 1687 astruere,
1059 1638 1180 1678 cum
1211 1624 1276 1680 ad
1303 1639 1486 1680 earum
1517 1623 1790 1679 nationum
1817 1624 2322 1695 contemplationem
2371 1627 2600 1690 venitur,
2631 1639 2751 1696 qua:
2777 1625 2860 1678 vel
2903 1626 2954 1678 in
2987 1627 3269 1695 pra:teritis
3297 1629 3507 1682 s:I-culis
3535 1629 3777 1684 dimissae

489 1721 618 1766 sunt
646 1712 851 1783 ingredi
880 1715 992 1770 vias
1020 1731 1144 1772 suas
1176 1716 1326 1788 (Act.
1361 1733 1473 1784 xw,
1505 1717 1618 1782 15),
1661 1717 1744 1770 vel
1776 1731 1915 1771 nunc
1941 1731 2156 1786 quoque
2181 1715 2357 1771 adhuc
2386 1715 2438 1770 in
2466 1717 2664 1772 veteris
2694 1717 3005 1787 ignorantiae
3033 1719 3306 1788 impietate
3333 1720 3648 1790 depereunt,
3679 1739 3782 1778 nec

489 1806 597 1861 ulla
625 1809 706 1863 eis
729 1818 822 1864 aut
847 1808 1006 1881 Legis
1033 1821 1124 1866 aut
1149 1811 1426 1882 Evangelii
1469 1812 1787 1866 illuminatio
1831 1811 2168 1876 coruscavit;
2191 1825 2312 1866 cum
2345 1819 2545 1878 tamen,
2575 1811 2626 1865 in
2654 1821 2906 1882 quantum
2941 1813 3374 1882 przedicatoribus
3400 1815 3592 1870 ostium
3619 1831 3780 1884 aper-

489 1903 604 1950 tum
633 1907 718 1952 est
747 1908 802 1953 et
827 1900 910 1953 via
939 1899 1070 1956 facta
1095 1909 1198 1968 est,
1229 1901 1464 1973 gentium
1493 1901 1737 1971 pepulus,
1767 1899 1856 1970 qui
1882 1900 2102 1956 sedebat
2128 1900 2182 1954 in
2213 1899 2448 1956 tenebris
2483 1909 2536 1954 ct
2577 1899 2629 1954 in
2659 1901 2845 1955 umbra
2875 1903 3082 1966 mortis,
3113 1903 3286 1958 lucem
3315 1904 3504 1958 viderit
3531 1921 3778 1976 magnam

489 1984 658 2055 (Iaai.
689 2003 768 2054 ιι,
789 1987 846 2055 2,
869 1999 916 2044 et
942 1987 1130 2044 Matth.
1155 2007 1227 2057 tv,
1253 1990 1380 2062 l6);
1405 1999 1456 2044 et
1481 1991 1569 2060 qui
1595 1990 1864 2060 quondam
1891 2005 1996 2045 non
2027 1991 2272 2060 populus,
2301 2004 2442 2044 nunc
2463 1998 2640 2044 autem
2667 1991 2892 2060 populus
2921 1992 3011 2046 Dei
3033 1992 3132 2058 sit;
3162 2001 3216 2047 et
3241 2009 3462 2063 quormn
3493 1995 3783 2064 aliquando

485 2091 595 2132 non
617 2079 866 2136 misertus
890 2090 992 2146 est,
1019 2097 1159 2138 nunc
1177 2090 1354 2138 autem
1376 2083 1692 2138 misereatur
1714 2079 1868 2152 (Osee
1894 2098 1950 2148 ιι,
1979 2081 2070 2148 25,
2093 2081 2184 2148 24,
2210 2091 2256 2136 et
2283 2079 2434 2135 Rom.
2465 2097 2538 2146 rx,
2567 2081 2694 2153 25):
2729 2083 2982 2153 praevisos
3010 2083 3254 2154 inquiunt
3292 2101 3321 2138 a
3351 2086 3576 2141 Domino
3601 2088 3780 2144 credi-

487 2177 658 2237 turos,
689 2179 745 2226 et
771 2171 840 2227 ad
867 2187 1293 2245 unamquamque
1334 2183 1547 2244 gentem
1577 2175 1646 2228 ita
1669 2173 1972 2243 dispensata
1999 2184 2239 2244 tempora
2260 2189 2322 2228 ac
2349 2173 2641 2228 ministeria
2673 2175 3068 2244 magistrorum,
3101 2185 3158 2230 nt
3186 2187 3436 2232 exortura
3465 2186 3581 2232 erat
3607 2179 3778 2232 bona-

442 2307 446 2312 .
485 2278 606 2316 rum
655 2263 944 2321 credulitas
989 2267 1343 2322 voluntatum.
1395 2267 1505 2321 Nec
1554 2267 1809 2322 vacillare
1865 2265 2036 2333 illud,
2090 2266 2232 2336 quod
2281 2267 2422 2322 Deus
2469 2282 2658 2322 omnes
2703 2267 2948 2324 homines
2989 2269 3116 2324 velit
3161 2270 3337 2325 salvos
3403 2271 3557 2338 fieri,
3618 2281 3672 2326 et
3721 2273 3776 2326 in

482 2355 810 2425 agnitionem
857 2357 1102 2416 veritatis
1145 2358 1329 2414 venire
1372 2358 1434 2428 (l
1484 2357 1620 2412 Tim.
1671 2374 1748 2420 tt,
1794 2355 1912 2429 4);
1959 2355 2392 2428 quandoquidem
2435 2359 2824 2414 inexcusabiles
2869 2361 3007 2426 sint,
3037 2361 3127 2431 qui
3155 2369 3211 2416 et
3243 2360 3312 2414 ad
3337 2363 3495 2416 unius
3533 2362 3644 2416 veri
3679 2361 3778 2418 Dei

485 2445 688 2500 cultum
725 2450 995 2517 potuerint
1019 2449 1208 2504 instrui
1235 2449 1580 2520 intelligentia
1621 2449 1842 2503 naturali
1871 2491 1892 2516 ,
1914 2459 1967 2503 et.
1995 2450 2344 2520 Evangelium
2378 2450 2500 2506 ideo
2526 2467 2632 2506 non
2659 2451 2957 2517 audierint,
2989 2454 3110 2522 quia
3139 2469 3237 2508 nec
3263 2453 3457 2531 fuerint
3489 2455 3774 2526 recepturi.

557 2537 612 2592 6.
659 2537 766 2594 Pro
793 2540 1045 2597 universo
1085 2551 1262 2598 autem
1301 2543 1534 2596 humano
1559 2555 1756 2611 genere
1799 2550 2068 2595 mortuum
2099 2557 2220 2597 esse
2252 2541 2536 2597 Dominum
2569 2555 2810 2597 nostrum
2853 2542 3034 2599 Jesum
3065 2541 3334 2599 Christum
3361 2585 3376 2610 ,
3423 2552 3477 2599 et
3507 2546 3775 2602 neminem

483 2645 704 2700 prorsus
727 2647 757 2687 a
780 2632 1150 2704 redemptione
1176 2633 1450 2705 sanguinis
1474 2634 1590 2704 ejus
1613 2643 1918 2704 exceptum,
1940 2635 2147 2690 etiamsi
2171 2650 2383 2690 omnem
2409 2636 2545 2690 hanc
2568 2635 2730 2691 vitam
2750 2635 3073 2692 alienissima
3103 2637 3172 2693 ab
3199 2653 3268 2693 eo
3291 2648 3472 2694 mente
3501 2649 3776 2708 pertrans-

479 2738 608 2796 eat;
635 2731 758 2802 quia
799 2733 866 2788 ad
892 2746 1080 2790 omnes
1106 2733 1350 2790 homines
1377 2732 1643 2803 pertineat
1677 2731 1872 2788 divinae
1895 2733 2280 2789 misericordia:
2304 2731 2707 2788 Saeramentum
2735 2748 2748 2783 :
2779 2745 2888 2801 quo
2913 2731 3035 2790 ideo
3057 2731 3268 2801 plurimi
3297 2748 3402 2787 non
3426 2741 3771 2798 renoventur.

477 2825 601 2894 quia
627 2828 769 2896 quod
815 2843 915 2884 nec
953 2830 1198 2884 renovari
1225 2828 1364 2884 velle
1392 2827 1643 2892 habeant,
1675 2835 2100 2896 prmnoscantur.
2129 2825 2330 2894 itaque,
2373 2831 2630 2892 quantum
2670 2822 2736 2876 ad
2765 2823 2932 2878 Deum
2965 2824 3215 2892 pertinet,
3247 2825 3493 2882 omnibus
3534 2833 3771 2895 paratam

473 2919 640 2972 vitam
665 2929 920 2976 aeternam
947 2936 966 2988 ;
991 2931 1245 2993 quantum
1267 2931 1444 2976 autem
1466 2919 1534 2976 ad
1561 2919 1765 2976 arbitrii
1789 2918 2110 2983 libertatem,
2139 2917 2208 2971 ab
2238 2916 2320 2970 his
2341 2931 2459 2970 eam
2487 2913 2838 2986 apprehendi,
2863 2916 2955 2986 qui
2985 2915 3095 2972 Deo
3117 2927 3308 2986 sponte
3333 2919 3691 2986 crediderint,
3717 2926 3773 2977 et

475 3013 740 3067 auxilium
768 3015 954 3084 gratim
981 3014 1172 3070 merito
1197 3011 1526 3068 credulitatis
1553 3010 1878 3080 acceperint.
1925 3010 1980 3063 in
2025 3009 2180 3064 istam
2207 3023 2336 3062 vero
2365 3008 2483 3062 talis
2513 3007 2698 3076 gratia:
2739 3007 3173 3076 prmdicationem
3202 3009 3278 3076 hi,
3305 3025 3530 3079 quorum
3557 3021 3774 3066 contra-

474 3103 714 3158 dictione
741 3105 1083 3169 oll‘endimu-r,
1111 3118 1236 3158 cum
1281 3101 1429 3172 prius
1470 3101 1690 3156 meliora
1719 3099 2022 3163 sentirent,
2065 3097 2186 3152 ideo
2215 3113 2274 3153 se
2300 3098 2382 3151 vel
2417 3098 2650 3152 maxime
2677 3097 3040 3162 contulerunt,
3073 3099 3197 3167 quia
3223 3099 3269 3153 si
3295 3099 3675 3168 profiterentur
3699 3102 3772 3158 ab

473 3209 536 3248 ea
564 3195 741 3248 omnia
765 3195 901 3250 bona
927 3194 1117 3250 merita
1152 3193 1456 3264 praeveniri,
1485 3201 1540 3248 et
1561 3191 1632 3247 ab
1657 3191 1769 3262 ipsa
1797 3199 1857 3246 ut
1883 3190 2090 3260 possint
2115 3205 2256 3258 esse,
2288 3190 2475 3246 donari
2499 3231 2517 3258 ,
2544 3190 2865 3246 necessitate
2892 3191 3252 3246 concederent
3279 3191 3444 3246 Deum
3471 3193 3767 3248 secundum

473 3287 803 3357 propositum
847 3295 904 3343 et
943 3286 1226 3342 consilium
1253 3283 1540 3340 voluntatis
1567 3297 1700 3350 suat,
1731 3282 1945 3337 occulto
1960 3282 2186 3352 judicio,
2212 3293 2267 3338 et
2292 3297 2455 3351 opere
2485 3279 2769 3336 manifesto
2794 3322 2808 3346 ,
2835 3281 2979 3336 aliud
3019 3296 3113 3335 vas
3138 3282 3371 3338 condere
3397 3283 3449 3336 in
3478 3281 3766 3352 honorem,

471 3377 613 3431 aliud
646 3378 696 3432 in
719 3379 1096 3434 contumeliam
1131 3378 1315 3452 (Rom.
1345 3394 1426 3442 ιι,
1453 3375 1584 3449 21);
1616 3378 1736 3448 quia
1765 3391 1924 3431 nemo
1951 3375 2051 3430 nisi
2082 3391 2178 3446 per
2219 3375 2444 3445 gratiam
2467 3373 2810 3443 justilicetur,
2839 3381 2896 3428 et
2924 3388 3084 3428 nemo
3112 3373 3216 3428 nisi
3245 3374 3298 3429 in
3327 3375 3768 3444 prazvaricatione

471 3477 746 3525 nascatur.
773 3470 882 3525 Sed
911 3471 1182 3540 refugiunt
1206 3469 1344 3525 istud
1367 3469 1546 3536 fateri,
1573 3468 1861 3536 divinoque
1887 3467 2192 3522 adscribere
2221 3467 2367 3536 Operi
2395 3473 2702 3520 sanctorum
2729 3465 2919 3520 merita
2948 3463 3268 3530 formidant;
3300 3481 3399 3520 nec
3422 3466 3766 3535 acquiescunt

471 3560 910 3628 pruulestinatum
939 3560 1234 3615 electorum
1263 3576 1542 3616 numerum
1573 3576 1674 3616 nec
1703 3559 1884 3628 augeri
1916 3572 2073 3628 posse
2101 3571 2198 3610 nec
2229 3557 2419 3623 minui,
2452 3572 2521 3612 ne
2563 3555 2740 3610 locum
2783 3557 2921 3626 apud
2955 3556 3197 3611 infideles
3223 3571 3286 3610 ac
3316 3557 3642 3627 negligentes
3665 3575 3764 3614 eo-

473 3650 800 3706 hort-antium
830 3653 1172 3708 incitamenta
1202 3667 1310 3707 non
1339 3651 1605 3718 habeant,
1637 3667 1698 3706 ac
1727 3649 1995 3721 superﬂua
2039 3648 2110 3702 sit
2136 3647 2413 3702 industriae
2458 3662 2521 3702 ac
2566 3645 2764 3702 laboris
2793 3647 3012 3703 indictio
3031 3689 3044 3713 ,
3075 3648 3226 3718 cujus
3254 3649 3488 3704 studium
3517 3660 3764 3706 cessante

467 3743 736 3800 electione
767 3743 1126 3798 frustrandum
1157 3744 1226 3797 sit
1255 3761 1268 3797 :
1301 3744 1370 3797 ita
1396 3743 1610 3797 demum
1635 3742 1775 3797 enim
1807 3755 1962 3810 posse
1990 3753 2422 3809 unumquemque
2443 3739 2510 3793 ad
2535 3739 2926 3793 correctionem
2952 3747 3044 3792 aut
3071 3739 3136 3794 ad
3169 3741 3460 3810 profectum
3491 3741 3689 3806 vocari,
3714 3742 3760 3796 si

465 3851 529 3892 se
557 3837 692 3892 sciat
719 3851 814 3891 sua
839 3837 1112 3908 diligentia
1141 3835 1336 3907 bonum
1365 3850 1486 3891 esse
1516 3849 1693 3905 posse,
1723 3845 1777 3888 et
1804 3834 2104 3888 libertatem
2131 3847 2280 3887 suam
2309 3831 2376 3884 ab
2403 3833 2504 3886 hoc
2531 3831 2622 3886 Dei
2649 3829 2846 3886 auxilio
2866 3831 3180 3900 iuvandam,
3206 3832 3250 3885 si
3273 3832 3411 3899 quod
3443 3833 3581 3886 Deus
3610 3847 3760 3886 man-

465 3930 579 3997 dat,
608 3931 849 4002 elegerit.
879 3931 958 3985 Ac
983 3931 1080 3998 sic,
1107 3945 1229 3985 cum
1257 3929 1310 3984 in
1341 3928 1446 3992 his,
1473 3929 1562 3998 qui
1593 3937 1800 3996 tempus
1827 3933 2150 3994 acceperunt
2177 3923 2358 3978 liberte
2385 3922 2692 3986 voluntatis,
2725 3921 2834 3976 duo
2857 3922 2966 3976 sint
3009 3937 3127 3992 qua:
3155 3922 3441 3976 humanam
3471 3932 3759 3992 operentur

464 4023 712 4090 salutem,
744 4023 840 4079 Dei
864 4023 1070 4078 scilicet
1093 4023 1262 4094 gratia
1291 4031 1346 4077 et
1369 4021 1604 4076 hominis
1633 4020 1968 4084 obedientia;
2003 4019 2233 4086 priorem
2264 4016 2446 4070 volunt
2473 4013 2832 4069 obedientiam
2859 4028 2977 4068 esse
2997 4028 3155 4084 quam
3179 4015 3430 4083 gratiam,
3460 4023 3519 4068 ut
3543 4014 3752 4069 initium

463 4117 654 4171 salutis
683 4132 748 4172 ex
777 4131 846 4172 eo
867 4116 956 4187 qui
985 4115 1243 4181 salvatur,
1275 4127 1381 4170 non
1407 4129 1474 4169 ex
1505 4127 1572 4167 eo
1595 4111 1924 4166 credendum
1967 4110 2036 4164 sit
2062 4115 2208 4164 stare
2234 4106 2324 4178 qui
2353 4106 2546 4173 salvat,
2573 4113 2628 4160 et
2669 4105 2916 4160 voluntas
2945 4103 3185 4160 hominis
3209 4104 3404 4160 divina:
3430 4106 3614 4177 gratia:
3653 4105 3754 4162 sibi

464 4208 641 4278 pariat
661 4223 841 4278 opem,
871 4223 976 4262 non
997 4207 1167 4278 gratia
1195 4205 1281 4262 sib
1309 4207 1592 4260 humanam
1615 4203 1860 4273 subjiciat
1891 4203 2241 4255 voluntatem.

543 4300 596 4354 7.
629 4299 781 4368 Quod
807 4313 928 4354 cum
957 4299 1413 4369 perversissimum
1443 4311 1592 4358 esse,
1631 4295 1897 4349 revelante
1929 4294 2020 4348 Dei
2051 4291 2414 4348 misericordia
2435 4331 2454 4358 ,
2494 4299 2548 4346 et
2574 4291 2868 4347 instruente
2904 4305 3004 4346 nos
3041 4299 3128 4346 tua
3166 4290 3500 4347 Beatitudine
3540 4292 3752 4348 noveri-

464 4407 618 4458 mus;
653 4407 936 4463 possumus
963 4391 1178 4462 quidem
1203 4390 1268 4445 ad
1298 4405 1404 4444 non
1429 4387 1754 4444 credendum
1782 4401 1902 4441 esse
1925 4392 2258 4448 constantes,
2293 4383 2387 4438 sed
2415 4381 2481 4437 ad
2509 4383 2879 4447 auctoritatem
2909 4381 3036 4439 talia
3065 4384 3403 4438 sentientium
3431 4399 3538 4438 non
3569 4400 3754 4440 sumus

459 4499 620 4556 pares
643 4504 658 4540 :
690 4489 810 4557 quia
835 4487 1060 4541 multum
1089 4499 1186 4538 nos
1205 4493 1260 4538 et
1279 4484 1401 4538 vita:
1427 4481 1631 4537 meritis
1651 4479 1998 4545 antecellunt,
2027 4486 2080 4532 et
2101 4475 2262 4547 aliqui
2288 4490 2496 4541 eorum,
2519 4473 2713 4544 adepto
2735 4489 2904 4544 nuper
2927 4489 3140 4531 summo
3163 4475 3180 4506 ί
3208 4474 3490 4530 sacerdotii
3522 4476 3748 4543 honore,

460 4579 898 4646 supereminent;
933 4593 1031 4632 nec
1063 4575 1216 4632 facile
1240 4576 1554 4646 quisquam,
1585 4581 1782 4642 prazter
1814 4585 2016 4641 paucos
2050 4568 2303 4640 perfectae
2331 4568 2516 4638 gratia:
2555 4565 2848 4636 intrepidos
2886 4574 3150 4622 amatores
3173 4608 3188 4634 ,
3231 4575 3380 4621 tanto
3416 4569 3752 4638 snperiorum

457 4667 908 4738 disputationibus
937 4683 1098 4722 ausus
1125 4675 1206 4723 est
1231 4666 1520 4722 contraire.
1553 4665 1630 4719 Ex
1661 4677 1768 4733 quo
1793 4679 1899 4718 non
1929 4661 2101 4716 solum
2133 4660 2217 4714 his
2243 4660 2332 4730 qui
2361 4676 2454 4716 eos
2485 4660 2736 4726 audiunt,
2767 4674 2955 4713 verum
2984 4660 3144 4714 etiam
3172 4660 3300 4730 ipsis
3329 4660 3418 4730 qui
3439 4661 3748 4731 audiuntur,

455 4775 578 4814 cum
618 4761 964 4831 dignitatibus
1005 4762 1172 4817 crevit
1209 4761 1534 4832 perieultuu;
1583 4758 1709 4814 dum
1749 4766 1803 4812 et
1841 4757 2037 4812 multos
2061 4759 2360 4811 reverentia
2404 4771 2589 4810 eorum
2620 4764 2710 4808 aut
2749 4755 2920 4809 inutili
2952 4755 3170 4810 cohibet
3199 4756 3439 4820 silentio,
3471 4767 3562 4811 aut
3597 4758 3748 4811 incu-

457 4854 604 4907 rioso
634 4853 778 4908 ducit
804 4867 1057 4918 assensu;
1103 4864 1154 4907 et
1183 4853 1590 4906 saluberrimum
1635 4850 1762 4919 ipsis
1791 4849 2018 4913 videtur,
2050 4847 2192 4918 quod
2235 4863 2371 4918 pene
2411 4848 2604 4901 nullius
2634 4848 3056 4904 contradictione
3095 4851 3525 4920 reprehenditur.
3556 4851 3745 4920 Unde,

455 4945 578 5013 quia
633 4943 686 4999 in
748 4945 864 5000 istis
911 4944 1208 5014 Pelagiana:
1247 4943 1526 5013 pravitatis
1573 4941 1809 5010 reliquiis
1864 4956 1969 4995 non
2015 4939 2300 4998 ritediocris
2348 4939 2647 4994 virulentia:
2703 4938 2835 4994 fibra
2876 4941 3138 5004 nutritur,
3193 4942 3236 4994 si
3289 4941 3604 5011 principium
3655 4959 3745 4997 sa-
3793 4927 3806 4982 ί

455 5038 580 5093 lutis
609 5039 748 5094 male
801 5039 851 5092 in
903 5038 1118 5094 homine
1147 5037 1468 5100 collocatur;
1527 5035 1572 5090 si
1620 5035 1814 5090 divina:
1858 5033 2119 5088 voluntati
2170 5032 2333 5100 impie
2377 5031 2621 5086 voluntas
2652 5031 2878 5086 humana
2909 5031 3212 5102 prmfcrtttr,
3263 5045 3320 5087 ut
3353 5034 3472 5088 ideo
3501 5035 3621 5105 quis
3651 5034 3747 5088 ad-

447 5143 670 5202 juvetur
707 5131 826 5202 quia
867 5132 1064 5196 voluit,
1112 5147 1216 5185 non
1261 5130 1380 5184 ideo
1413 5130 1536 5200 quia
1567 5129 1867 5198 adjuvatur,
1909 5127 2070 5192 velit;
2121 5127 2164 5180 si
2206 5125 2532 5196 originaliter
2577 5125 2747 5180 malus
2781 5127 3138 5195 rcceptioncm
3169 5127 3293 5181 boni
3327 5143 3434 5181 non
3473 5143 3502 5181 a
3532 5143 3744 5182 summo

451 5225 616 5294 bono,
649 5225 744 5281 sed
773 5241 802 5280 a
835 5225 1122 5296 semetipso
1145 5222 1396 5278 inchoare
1419 5223 1556 5278 male
1584 5221 1844 5284 creditur;
1873 5220 1916 5272 si
1939 5218 2152 5272 aliunde
2179 5218 2289 5272 Deo
2315 5217 2571 5286 placetur,
2603 5217 2703 5270 nisi
2732 5233 2796 5270 ex
2823 5233 2888 5270 co
2909 5218 3048 5286 quod
3075 5218 3186 5286 ipse
3213 5219 3490 5274 donaverit
3519 5236 3531 5270 :
3567 5219 3742 5274 tribue

451 5320 608 5376 nobis
631 5319 684 5373 in
721 5319 818 5373 hac
844 5333 1028 5381 causa,
1063 5331 1195 5388 papa
1227 5315 1556 5379 beatissime,
1588 5325 1737 5386 pater
1764 5313 1995 5382 Optime,
2025 5321 2281 5378 quantum
2307 5309 2528 5378 juvante
2561 5309 2786 5363 Domino
2815 5319 2988 5378 potes,
3016 5310 3344 5378 diligentiam
3375 5309 3586 5379 pietatis
3615 5319 3739 5377 tum,

451 5419 506 5462 ut
535 5425 656 5479 qua:
679 5411 735 5467 in
766 5413 880 5466 istis
908 5408 1290 5482 quaestionibus
1315 5407 1626 5464 obscuriora
1655 5414 1711 5462 et
1733 5403 1798 5460 ad
1830 5400 2228 5474 percipiendum
2256 5399 2554 5455 difficiliora
2579 5409 2723 5466 sunt,
2753 5415 2911 5470 quam
2943 5399 3287 5456 lucidissimis
3314 5398 3741 5469 expositionibus

451 5503 688 5561 digneris
711 5506 940 5561 aoerire.

510 5521 741 5561 "nertsa
817 5520 940 5560 rure.

507 5545 576 5656 is.
620 5615 686 5656 ac
727 5519 984 5669 [ili-iturum,
1018 5597 1138 5668 quia
1183 5595 1420 5668 plerique
1447 5607 1553 5650 non
1586 5597 1770 5662 putant
1794 5587 2136 5647 christianum
2181 5584 2340 5642 fidem
2373 5583 2473 5641 hac
2500 5582 2836 5642 dissensione
2865 5583 3092 5654 violari,
3125 5591 3379 5652 quantum
3413 5578 3633 5652 periculi
3663 5579 3737 5636 sit

517 5710 532 5738 ¹
569 5713 617 5756 ιιι
640 5713 767 5766 Mss,
797 5720 986 5757 rumnn.
