4102 6466
363 317 474 376 953
1378 318 1702 376 EPISTOLA
1744 320 1994 378 lllLARll
2034 322 2125 377 AD
2165 323 2632 383 AUGUSTINUM.
3535 345 3643 404 95,

359 428 420 486 in
449 445 634 488 eorum
664 427 1026 523 persuasione
1043 426 1346 523 patefacias.
1384 431 1603 497 Deinde,
1636 433 1903 503 quomodo
1933 450 2025 503 per
2050 435 2202 489 istam
2235 453 2651 509 pra'operantem
2683 452 2736 500 et
2763 456 3135 517 cooperantem
3163 453 3383 523 gratiam
3411 455 3638 514 liberum

357 539 471 580 non
501 521 819 592 impediatur
847 520 1142 575 arbitrium.
1181 520 1346 618 Tum,
1387 531 1566 577 utrum
1610 525 1937 594 prmscientia
1970 527 2061 580 Dei
2104 528 2172 581 ita
2208 531 2499 586 secundmn
2541 539 2869 604 propositum
2908 553 3145 610 maneat,
3168 520 3241 600 ἰιι
3282 561 3342 602 ea
3373 547 3484 617 ipsa
3522 565 3645 618 qua:

357 627 487 674 sunt
514 619 806 688 proposita,
839 617 945 672 sint
970 616 1274 686 accipienda
1307 618 1591 688 praeseita:
1625 635 1692 673 an
1726 635 1819 688 per
1856 635 2050 688 genera
2094 635 2373 676 causarum
2417 634 2471 679 et
2498 630 2703 696 species
2733 645 3080 698 personarum
3112 636 3211 690 ista
3247 616 3556 706 varientur;
3589 650 3646 696 ut

365 713 492 782 quia
534 711 758 766 diversa:
802 720 926 764 sunt
960 710 1298 776 vocationes,
1341 711 1392 765 in
1438 711 1521 766 his
1559 711 1647 782 qui
1691 711 1820 765 nihil
1860 713 2130 781 operaturi
2172 714 2463 784 salvantur,
2495 721 2642 786 quasi
2674 723 2845 777 solum
2890 725 2984 780 Dei
3027 730 3358 798 prepositum
3398 732 3643 789 videatur

350 805 622 867 existere;
657 802 707 856 in
743 801 824 855 his
853 809 1030 854 autem
1062 802 1151 872 qui
1175 800 1372 871 aliquid
1407 801 1531 856 boni
1560 802 1726 855 acturi
1758 811 1914 865 sunt,
1949 817 2042 871 per
2068 803 2454 870 prrescieutiam
2487 809 2657 876 possit
2685 821 2829 867 stare
2873 819 3201 884 propositum
3229 836 3242 872 :
3270 833 3336 873 an
3364 835 3491 874 vero
3517 821 3643 876 uni-

365 899 634 960 formiter,
668 898 792 951 licet
820 896 982 951 dividi
1011 896 1341 966 praescientia
1384 912 1414 949 a
1459 897 1732 966 pronosito
1761 897 2035 964 temporali
2062 895 2402 954 distinctione
2441 915 2543 952 non
2585 904 2787 970 possit,
2835 908 3168 974 praescientia
3202 919 3375 964 tamen
3404 913 3636 981 quodam

362 989 554 1045 ordine
579 990 649 1043 sit
676 988 900 1042 subnixa
931 987 1238 1057 propOs‘ilo;
1270 995 1323 1042 et
1345 986 1484 1040 sicut
1512 985 1643 1038 nihil
1681 986 1750 1039 sit
1777 1001 2232 1057 quorumcumque
2261 989 2623 1058 negotiorum,
2659 993 2798 1062 quod
2830 1012 2933 1051 non
2975 999 3195 1052 scientia
3226 998 3400 1054 divina
3429 1019 3637 1071 praeve-

356 1081 528 1145 nerit;
559 1080 628 1134 ita
654 1079 785 1134 nihil
812 1079 883 1134 sit
909 1077 1058 1144 boni,
1089 1077 1229 1148 quod
1260 1078 1312 1132 in
1345 1085 1580 1132 nostram
1615 1077 2074 1147 participationem
2104 1094 2210 1132 non
2239 1079 2348 1135 Deo
2377 1091 2596 1137 auctore
2625 1082 2924 1140 deﬂuxerit.
2955 1087 3258 1153 Postremo,
3287 1094 3640 1160 quemadmo-

359 1173 490 1228 dum
520 1189 614 1243 per
643 1172 775 1226 hanc
807 1169 1240 1240 prmdicatiouem
1267 1169 1524 1238 pr0positi
1552 1167 1677 1234 Dei,
1710 1183 1816 1237 quo
1845 1168 2030 1224 ﬁdeles
2066 1168 2197 1223 fiunt
2223 1171 2313 1241 qui
2352 1174 2690 1242 praeordinati
2722 1185 2846 1230 sunt
2873 1176 2940 1231 ad
2967 1179 3126 1232 vitam
3157 1188 3442 1249 :eteruam,
3477 1200 3638 1240 nemo

357 1279 545 1320 eorum
575 1261 663 1331 qui
687 1259 1001 1315 cohortandi
1029 1268 1152 1314 sunt
1179 1258 1518 1328 impediatur,
1551 1273 1649 1312 nec
1686 1257 2022 1313 occasionem
2055 1261 2386 1329 negligentia:
2415 1261 2672 1330 habeant,
2705 1265 2749 1318 si
2779 1279 2837 1319 se
2864 1268 3266 1335 praedestinatos
3299 1287 3419 1327 esse
3445 1274 3637 1346 despe-

357 1363 500 1409 rent.
539 1351 667 1406 Illud
701 1353 860 1406 etiam
889 1349 1116 1420 qualiter
1145 1348 1398 1412 diluatur,
1437 1364 1742 1419 quaesumus
1767 1349 2028 1418 patienter
2056 1350 2415 1420 insipientiam
2444 1365 2680 1408 nostram
2719 1356 2937 1410 ferendo
2966 1359 3330 1430 demonstres,
3376 1367 3516 1433 quod
3546 1384 3635 1423 re-

360 1446 595 1500 tractatis
621 1445 857 1514 priorum
888 1443 956 1499 de
983 1443 1082 1497 hac
1105 1457 1164 1498 re
1191 1441 1555 1512 opinionibus,
1585 1456 1720 1511 pene
1747 1441 1982 1495 omnium
2012 1456 2109 1511 par
2131 1443 2393 1497 invenitur
2420 1452 2475 1497 et
2501 1461 2600 1498 una
2623 1449 2904 1512 sententia,
2936 1464 3039 1518 qua
3067 1453 3394 1520 prapositum
3420 1464 3475 1508 et
3499 1471 3637 1524 pra:-

353 1537 764 1592 destinalionem
798 1535 889 1590 Dei
920 1534 1210 1590 secundum
1238 1533 1630 1604 przescientiam
1671 1541 2019 1602 receperunt;
2054 1541 2110 1586 ut
2139 1535 2207 1588 ob
2234 1533 2334 1589 hoc
2365 1535 2504 1589 Deus
2531 1537 2663 1590 alios
2692 1552 2812 1591 vasa
2843 1539 3064 1594 honoris
3083 1583 3098 1606 ,
3130 1543 3267 1599 alios
3295 1548 3634 1601 contumelia:

345 1627 568 1694 fecerit,
599 1629 719 1698 quia
759 1627 917 1682 finem
950 1625 1361 1696 uniuscujusque
1399 1623 1708 1696 praeviderit
1727 1665 1744 1692 ,
1773 1633 1828 1680 et
1857 1623 1957 1679 sub
1987 1624 2102 1694 ipso
2127 1625 2312 1696 gratiae
2341 1625 2606 1695 adjutorio
2637 1627 2687 1681 in
2725 1644 2828 1698 qua
2867 1630 3074 1687 futurus
3099 1643 3244 1690 esset
3278 1635 3551 1692 voluntate
3576 1645 3632 1692 et

345 1718 558 1772 actione
587 1718 898 1786 prmscierit.

419 1810 474 1863 9.
507 1809 711 1876 Quibus
739 1807 986 1862 onmibus
1011 1805 1272 1871 enodatis,
1301 1813 1355 1860 et
1379 1804 1558 1860 multis
1589 1804 1824 1875 insuper,
1857 1821 1976 1876 qua:
2004 1806 2191 1862 altiore
2217 1807 2406 1861 intuitu
2435 1807 2501 1862 ad
2524 1824 2738 1865 causam
2769 1810 2907 1866 hanc
2930 1814 3248 1882 pertinentia
3280 1819 3450 1888 magis
3477 1828 3630 1889 potes

342 1902 558 1965 videre,
587 1900 874 1965 discussis;
906 1900 1171 1954 credimus
1197 1908 1250 1954 et
1279 1912 1576 1969 speramus,
1610 1913 1715 1952 non
1755 1899 1927 1952 solum
1955 1899 2264 1954 tenuitatem
2298 1911 2532 1955 nostram
2573 1903 2988 1973 disputationum
3021 1918 3230 1962 tuarum
3263 1912 3512 1980 praesidio
3539 1929 3630 1966 ro-

342 1991 670 2058 borandam,
703 1991 794 2046 sed
825 1991 984 2046 etiam
1017 1991 1160 2060 ipsos
1187 2004 1318 2060 quos
1345 1989 1550 2044 meritis
1575 1999 1734 2059 atque
1759 1988 2052 2044 honoribus
2091 1991 2265 2045 claros
2297 1994 2467 2064 caligo
2495 1997 2646 2050 istius
2673 1997 2936 2067 opinionis
2961 1999 3209 2054 obscurat
3229 2045 3243 2066 ,
3274 2002 3627 2060 defaecatissi-

341 2103 488 2142 mum
516 2086 696 2140 lumen
727 2085 913 2155 gratiae
952 2093 1280 2153 recepturos.
1323 2081 1456 2136 Nam
1487 2098 1653 2136 unum
1677 2097 1864 2136 eorum
1907 2083 2188 2152 praecipua:
2228 2087 2557 2141 auctoritatis
2595 2097 2648 2142 et
2683 2091 3033 2158 spiritualium
3073 2093 3366 2147 studiorum
3407 2096 3582 2148 virmn
3607 2137 3623 2161 ,

339 2187 581 2232 sanctum
611 2176 868 2232 Hilarium
899 2176 976 2245 (a)
1003 2175 1370 2230 Arelatensem
1409 2175 1742 2244 episc0pum,
1772 2174 1904 2228 sciat
1933 2175 2210 2230 Beatitudo
2239 2184 2324 2231 tua
2355 2179 2733 2235 admiratorem
2766 2191 3191 2253 sectatoremque
3223 2185 3272 2238 in
3301 2185 3419 2238 aliis
3446 2187 3624 2240 omni-

336 2268 439 2323 bus
468 2278 570 2322 tua:
597 2281 716 2322 esse
739 2266 1030 2331 doctrinae;
1061 2275 1114 2320 et
1139 2265 1207 2320 de
1233 2264 1335 2320 hoc
1359 2264 1500 2334 quod
1529 2265 1579 2317 in
1607 2265 1879 2334 querelam
1911 2264 2102 2326 trahit.
2133 2265 2241 2334 jam
2272 2267 2478 2336 pridem
2510 2270 2648 2338 apud
2679 2270 3024 2327 Sanctitatem
3052 2283 3193 2326 tuam
3225 2289 3439 2330 sensum
3467 2292 3623 2330 suum

339 2374 435 2428 per
466 2359 666 2413 litteras
693 2357 827 2413 velle
852 2356 1118 2412 conferre.
1163 2356 1268 2410 Sed
1295 2355 1417 2425 quia
1447 2363 1623 2410 utrum
1653 2357 1752 2410 hoc
1781 2355 2045 2421 facturus,
2077 2366 2168 2412 aut
2205 2373 2310 2428 quo
2338 2360 2441 2414 line
2482 2361 2551 2415 sit
2589 2361 2825 2418 facturus
2856 2366 3114 2419 incertum
3156 2375 3267 2432 est,
3299 2376 3354 2420 et
3379 2371 3619 2422 omnium

340 2461 581 2506 nostrum
627 2448 896 2519 fatigatio,
942 2447 1256 2518 providente
1297 2447 1397 2501 hoc
1437 2447 1683 2517 prmsenti
1711 2447 1908 2501 saeculo
1935 2447 2026 2501 Dei
2053 2449 2238 2517 gratia,
2275 2450 2327 2504 in
2361 2461 2461 2506 tuae
2491 2453 2765 2508 charitatis
2804 2464 2857 2509 et
2887 2457 3122 2510 scientiae
3153 2458 3332 2527 vigore
3360 2461 3620 2528 respirat;

343 2543 481 2597 adde
510 2540 859 2596 eruditionem
888 2539 1176 2594 humilibus
1197 2580 1212 2604 ,
1243 2539 1378 2593 adde
1415 2539 1831 2606 increpationem
1863 2539 2127 2609 superbis.
2156 2540 2523 2596 Necessarium
2555 2553 2610 2598 et
2652 2546 2779 2600 utile
2807 2557 2887 2601 est
2915 2549 3070 2601 etiam
3102 2565 3221 2618 qua:
3260 2551 3456 2618 scripta
3496 2561 3622 2605 sunt

342 2635 610 2698 scribere,
651 2647 719 2688 ne
756 2633 874 2687 leve
909 2631 1244 2686 existimetur
1278 2630 1419 2700 quod
1451 2646 1556 2684 non
1597 2629 1906 2698 frequenter
1929 2633 2185 2701 arguitur.
2216 2633 2413 2688 Sanum
2441 2637 2582 2688 enim
2615 2645 2800 2705 putant
2830 2654 2950 2693 esse
2975 2641 3115 2708 quod
3160 2657 3262 2694 non
3293 2643 3474 2708 dolet,
3519 2660 3620 2699 nec

338 2724 531 2777 vulmis
567 2721 880 2792 superducta
905 2729 1026 2776 cute
1048 2723 1063 2753 ³
1097 2721 1332 2775 sentiunt
1358 2739 1372 2774 :
1411 2720 1508 2776 sed
1549 2721 1848 2790 intelligant
1877 2731 2256 2790 perventurum
2287 2723 2353 2778 ad
2383 2727 2673 2779 sectionem
2696 2769 2711 2792 ,
2745 2728 2884 2797 quod
2919 2730 3163 2784 habuerit
3191 2743 3618 2800 perseverantem

337 2825 619 2871 tumorem.
651 2813 825 2870 Gratia
855 2814 944 2869 Dei
983 2823 1038 2869 et
1085 2829 1186 2883 pax
1219 2813 1427 2867 Domini
1457 2813 1625 2868 nostri
1655 2813 1785 2867 Jesu
1821 2812 2018 2867 Christi
2045 2823 2266 2869 coronet
2297 2825 2346 2871 te
2378 2817 2429 2870 in
2457 2817 2602 2872 omni
2635 2830 2874 2889 tempore
2898 2862 2912 2886 ,
2942 2831 2997 2876 et
3018 2823 3377 2878 ambulantem
3405 2825 3472 2878 de
3509 2827 3618 2878 vir-

333 2918 447 2964 tute
477 2911 529 2963 in
560 2910 810 2964 virtutem
832 2909 1094 2978 gloriﬁcet
1121 2909 1174 2962 in
1201 2917 1484 2974 aeternum,
1507 2907 1723 2962 domine
1748 2921 1882 2977 papa
1908 2906 2234 2974 beatissime,
2259 2909 2596 2965 iuell’abiliter
2626 2912 2906 2984 mirabilis,
2930 2913 3418 2986 incomparabiliter
3443 2917 3617 2972 Itono-

332 3003 519 3069 rande,
546 3001 988 3074 prastautissime
1014 3011 1256 3072 patrone.

1177 3112 1510 3169 EPISTOLA
1550 3112 1758 3168 INTER
1794 3112 2349 3172 AUGUSTINIANAS
2385 3117 2642 3174 CCXXV]
2681 3119 2774 3191 (b).

329 3207 556 3263 Domino
600 3205 946 3272 beatissimo,
992 3219 1057 3262 ac
1098 3213 1210 3262 toto
1258 3205 1450 3261 affectu
1497 3206 1881 3269 desiderando,
1933 3217 1988 3262 et
2043 3210 2266 3262 multum
2316 3209 2370 3263 in
2423 3209 2639 3267 Christo
2699 3213 3038 3285 suscipiendo
3092 3216 3230 3287 patri
3275 3217 3612 3288 Aucusruvo,

1773 3299 2028 3356 “ILARIUS
2055 3298 2150 3372 (ε).

404 3391 457 3445 1.
485 3391 540 3446 Si
569 3393 901 3447 cessantibus
929 3390 1407 3447 contradicentium
1438 3390 1825 3461 quzestionibus
1853 3401 2020 3460 graue
2050 3401 2174 3445 sunt
2203 3393 2518 3465 plerumque
2543 3396 2899 3452 studiosorum
2928 3397 3322 3468 inquisitiones,
3355 3409 3412 3454 ut
3451 3400 3613 3456 etiam

331 3481 458 3545 illa,
489 3497 607 3552 qua!
631 3482 831 3553 absque
857 3483 1096 3552 periculo
1122 3482 1512 3552 ignorarentur,
1545 3480 1818 3546 ediscant;
1850 3481 2082 3536 arbitror
2104 3484 2389 3552 gratiorem
2433 3487 2544 3540 fore
2572 3487 2904 3542 sedulitatem
2934 3498 3128 3544 nostra:
3160 3491 3460 3556 relationis,
3494 3508 3612 3561 quze

330 3573 459 3627 dum
491 3573 687 3628 indicat
715 3575 1002 3629 secundum
1031 3573 1387 3643 quorumdam
1419 3572 1818 3640 prosecutiones
1843 3571 2084 3642 qua-dam
2126 3573 2460 3628 adversantia
2502 3576 2742 3642 veritati,
2785 3593 2889 3631 non
2921 3587 3024 3632 tam
3061 3579 3158 3632 sibi
3189 3596 3346 3649 quam
3389 3582 3490 3635 illis
3521 3581 3611 3650 qui

332 3666 616 3720 turbantur
637 3673 692 3720 et
718 3665 949 3730 turbant,
981 3680 1076 3734 per
1103 3665 1385 3719 consilium
1415 3663 1725 3717 Sanctitatis
1753 3671 1856 3716 tua:
1886 3665 2078 3733 satagit
2105 3666 2390 3734 provideri,
2422 3665 2638 3722 domine
2659 3669 2983 3735 beatissime,
3014 3686 3074 3724 ac
3105 3680 3216 3725 toto
3244 3672 3434 3727 all‘ectu
3465 3673 3610 3728 desi-

327 3757 584 3823 derande,
613 3767 666 3811 et
696 3757 917 3811 multum
945 3757 996 3810 in
1027 3756 1238 3810 Christo
1266 3755 1601 3824 suscipiende
1629 3765 1795 3823 pater.

394 3846 450 3900 2.
486 3847 608 3902 Haec
636 3856 760 3902 sunt
786 3848 963 3918 itaque
993 3862 1112 3917 qua:
1138 3847 1403 3908 Massilia},
1431 3846 1512 3899 vel
1540 3845 1656 3899 aliis
1676 3848 1836 3901 etiam
1867 3845 2001 3900 locis
2027 3846 2077 3900 in
2105 3847 2272 3902 Gallia
2303 3851 2643 3904 ventilantur.
2675 3851 2880 3908 Novum
2912 3864 2964 3909 et
2995 3855 3176 3909 inutile
3203 3871 3322 3912 esse
3350 3859 3607 3928 praedica-

325 3941 458 3994 tioni
484 3939 624 4010 quod
664 3940 881 4010 quidam
919 3938 1210 3995 secundum
1243 3939 1568 4008 propositum
1602 3937 1832 4008 eligendi
1860 3939 2124 4006 dicantur,
2155 3951 2210 3993 ut
2253 3941 2301 3994 id
2347 3958 2446 3996 nec
2481 3944 2722 4012 arripere
2753 3947 2961 4000 valeant
2992 3963 3088 4001 nec
3120 3957 3332 4015 tenere,
3364 3950 3463 4004 nisi
3492 3967 3609 4006 cre-

322 4034 480 4091 dendi
511 4037 788 4092 voluntate
817 4035 1031 4090 donata.
1065 4034 1284 4089 Excludi
1313 4044 1498 4104 putant
1525 4049 1739 4089 omnem
1771 4033 2097 4104 prtedicandi
2129 4034 2396 4104 vigorem,
2437 4037 2480 4090 si
2513 4037 2640 4091 nihil
2673 4038 2811 4107 quod
2845 4055 2936 4109 per
2963 4055 3082 4094 eum
3113 4042 3390 4106 excitetur,
3422 4043 3471 4096 in
3506 4043 3609 4097 ho-

323 4129 559 4183 minibus
610 4129 934 4184 remansisse
976 4128 1200 4182 dicatur.
1246 4126 1602 4181 Consentiuut
1643 4141 1857 4182 omnem
1901 4125 2168 4180 hominem
2214 4126 2266 4180 in
2308 4127 2476 4182 Adam
2519 4129 2778 4200 periisse,
2824 4147 2923 4186 nec
2954 4132 3076 4186 inde
3101 4149 3419 4204 quemquam
3452 4151 3609 4204 posse

325 4223 546 4290 proprio
587 4223 808 4276 arbitrio
853 4222 1107 4276 liberari:
1141 4219 1234 4276 sed
1267 4220 1316 4275 id
1354 4221 1679 4275 conveniens
1717 4229 1964 4274 asserunt
1993 4220 2239 4286 veritati,
2285 4221 2365 4276 vel
2412 4237 2704 4292 congruum
2751 4225 3109 4293 praedicationi
3132 4267 3147 4290 ,
3193 4234 3276 4292 ut,
3329 4240 3447 4280 cum
3481 4242 3606 4296 pro-

329 4313 544 4378 stratis,
571 4323 622 4368 et
655 4329 922 4384 nunquam
957 4314 1067 4368 suis
1093 4313 1294 4367 viribus
1333 4313 1650 4367 surrecturis
1679 4314 2025 4367 annuntiatur
2054 4313 2358 4368 obtinenda:
2389 4315 2573 4370 salutis
2603 4316 2845 4383 occasio,
2887 4333 2951 4371 eo
2981 4319 3172 4372 merito
3206 4333 3312 4388 quo
3345 4319 3606 4374 voluerint

331 4415 387 4462 et
429 4406 773 4473 crediderint,
802 4424 830 4462 a
861 4424 957 4463 suo
984 4407 1170 4464 morbo
1196 4423 1255 4462 se
1280 4421 1438 4478 posse
1462 4407 1660 4469 sanari,
1692 4416 1746 4462 et
1772 4407 1936 4476 ipsius
1967 4407 2086 4462 fidei
2114 4417 2454 4477 augmentum
2477 4449 2491 4471 ,
2521 4417 2575 4463 et
2605 4409 2766 4463 totius
2795 4410 3036 4463 sanitatis
3073 4427 3184 4464 sua:
3213 4421 3607 4481 consequantur

325 4498 601 4556 effectum.
631 4499 893 4554 Caeterum
929 4501 994 4555 ad
1038 4501 1238 4555 nullum
1277 4515 1410 4570 opus
1442 4499 1528 4554 vel
1561 4499 1916 4568 incipiendum
1937 4540 1953 4565 ,
1988 4501 2180 4554 nedum
2227 4499 2604 4569 perliciendum
2625 4540 2640 4565 ,
2674 4516 2991 4570 quemquam
3021 4502 3118 4556 sibi
3165 4501 3410 4556 sufficere
3447 4517 3605 4572 posse

322 4591 706 4646 causentiunt:
739 4607 911 4658 neque
937 4592 1074 4645 enim
1102 4591 1256 4660 alicui
1283 4591 1430 4660 operi
1461 4590 1752 4645 curationis
1779 4605 1962 4644 eorum
1992 4589 2451 4644 annumerandum
2480 4599 2687 4660 putant,
2719 4591 2970 4644 exterrita
3001 4601 3054 4644 ct
3081 4591 3303 4660 supplici
3335 4593 3604 4649 voluntate

324 4697 760 4752 unumquemque
787 4693 1040 4753 a'grotum
1066 4683 1198 4736 velle
1223 4682 1422 4736 sanari.
1451 4681 1603 4749 Quod
1631 4681 1772 4735 enim
1801 4681 2015 4744 dicitur,
2058 4678 2244 4744 Crede,
2283 4690 2328 4733 et
2369 4678 2538 4734 salvus
2577 4680 2709 4742 eris;
2735 4696 2897 4733 unum
2937 4679 3125 4734 horum
3153 4682 3288 4751 exigi
3320 4691 3599 4749 asserunt,

319 4773 462 4828 aliud
488 4773 706 4837 oll'erri;
741 4781 798 4827 ut
827 4784 1041 4842 prepter
1066 4773 1116 4826 id
1143 4772 1284 4842 quod
1311 4772 1564 4841 exigitur,
1604 4771 1648 4825 si
1679 4771 1938 4826 redditum
1968 4771 2126 4825 fuerit
2146 4811 2161 4834 ,
2200 4770 2250 4824 id
2279 4770 2418 4840 quod
2447 4770 2672 4825 oll'ertur
2698 4769 2949 4840 deinceps
2978 4771 3255 4826 tribuatur.
3283 4771 3434 4828 Unde
3466 4789 3601 4828 con-

321 4877 554 4934 scquens
579 4872 772 4934 putant
799 4864 1151 4918 exhibendam
1178 4862 1246 4918 ab
1277 4880 1342 4916 eo
1371 4862 1528 4916 (idem
1553 4903 1566 4925 ,
1595 4861 1749 4930 cujus
1777 4870 1978 4916 natura:
2006 4862 2056 4915 id
2088 4862 2356 4915 voluntate
2383 4860 2686 4916 Conditoris
2711 4877 3024 4917 concessum
3069 4870 3187 4927 est;
3219 4871 3273 4917 et
3303 4864 3501 4918 nullam
3530 4864 3600 4920 ita

319 4953 666 5020 depravatam
697 4955 779 5009 vel
808 4954 1126 5010 exstinctam
1155 4963 1369 5025 putant,
1397 4963 1453 5008 ut
1479 4968 1586 5007 non
1616 4951 1809 5006 debeat
1836 4953 1918 5008 vel
1947 4954 2113 5021 possit
2143 4967 2201 5007 se
2231 4951 2367 5007 velle
2401 4952 2612 5019 sanari;
2647 4963 2863 5023 propter
2888 4953 3031 5024 quod
3061 4954 3144 5009 vel
3174 4964 3392 5010 sanetur
3421 4956 3540 5026 quis
3569 4972 3600 5010 a

386 5043 1789 5119 ξξομμεε-νιιμοιέησηάοιςηινηεουῖειξιιιερειρενέιυεειιιιιο
2037 5115 2075 5119 _
2229 5111 2241 5119 .
2460 5105 2514 5119 ..
2561 5118 2564 5119 ,
2671 5107 2702 5119 ..
2883 5108 2929 5119 ..
2993 5115 3029 5119 __
3293 5107 3305 5118 .

386 5109 458 5169 (a)
491 5117 594 5171 Pro,
619 5105 874 5168 hilarium,
902 5105 1134 5170 putabant
1158 5111 1335 5159 eruditi
1359 5105 1552 5171 quidam
1574 5106 1840 5171 legendum
1863 5119 2006 5171 esse,
2031 5111 2324 5171 Honoratum
2346 5119 2364 5157 :
2386 5105 2476 5171 sed
2502 5105 2704 5168 inspecti
2745 5119 2774 5155 a
2819 5108 2960 5157 nobis
2993 5115 3100 5156 Mss.
3147 5105 3388 5171 Hilarium
3427 5120 3600 5171 omnes

324 5166 504 5220 ferunt.
525 5170 729 5220 Hilarius
751 5166 894 5232 porro
904 5166 1014 5220 'iste
1038 5185 1102 5220 ex
1121 5166 1650 5232 Lerinensi'gmonacho'
1667 5176 1863 5232 creatus
1886 5167 1990 5232 ,l'uit
2011 5168 2306 5232 Arelatensis
2344 5166 2600 5232 episcopus
2625 5176 2756 5232 post
2781 5176 3092 5232 Honoratum,
3116 5183 3241 5218 anno
3271 5169 3362 5217 4‘28
3400 5177 3493 5232 _aut_
3509 5169 3601 5216 429

324 5232 526 5294 ineunte
548 5229 794 5281 denatum.
818 5233 1003 5294 quippe
1025 5240 1293 5282 Honoratus
1311 5230 1544 5281 suﬁ'ectus
1564 5229 1789 5294 Patroclo,
1814 5231 1902 5294 qui
1920 5230 2160 5294 annor426
2192 5231 2328 5292 juxta
2351 5229 2568 5294 Pifosperi
2592 5229 2873 5294 Clironicum
2897 5230 3183 5281 interfectus
3205 5237 3298 5292 est,
3322 5229 3601 5281 cathedram

321 5293 673 5355 Arelatensem,
697 5300 826 5343 teste
849 5290 1088 5355 “odorato
1109 5294 1389 5344 Massiliensi
1426 5294 1473 5341 in
1492 5293 1591 5355 vita
1613 5291 1771 5355 Hilarii
1796 5290 2106 5351 Arelatensis,
2131 5290 2219 5355 per
2242 5290 2493 5342 biennium
2515 5292 2779 5354 occupavit.

385 5353 456 5419 (b)
489 5353 698 5419 Epistula
711 5355 899 5419 scilicet
922 5353 1079 5419 Hilarii
1102 5355 1162 5404 ad
1187 5356 1515 5419 Augustinum,
1538 5354 1602 5402 de
1626 5353 2146 5419 eodemargumento.w
2191 5416 2200 5419 _
2538 5415 2548 5419 _
2638 5353 2646 5354 7
2701 5417 2709 5419 ξ
2799 5416 2809 5419 _
3059 5415 3069 5419 _
3278 5412 3290 5419 _
3463 5411 3472 5419 _

384 5409 886 5488 ('c-i‘tticjrofectqab
908 5415 1084 5488 uilario
1105 5409 1390 5488 Arelatensi,
1412 5409 1854 5488 qui'Augustininde
1878 5409 2302 5488 Iv’raéde‘stinatione
2326 5415 2649 5488 sententiam,
2672 5416 3035 5488 sicuti_Pros_per
3057 5415 3105 5488 in
3127 5412 3379 5488 superiore
3399 5409 3600 5488 epistola

320 5474 504 5540 scribit,
531 5495 552 5521 ι
576 5474 623 5524 in
645 5475 896 5540 querelam
920 5478 1204 5540 trahebat,»
1233 5474 1483 5539 distinguit
1501 5474 1686 5540 seipse
1711 5476 1921 5540 ἰοῦ-ξιιμ.
1951 5477 2026 5534 10,
2044 5477 2396 5540 hisceAverbis:
2433 5495 2454 5522 ιι
2477 5476 2589 5525 Nolo
2613 5485 2775 5540 autem
2809 5474 3155 5540 Sanctitastua
3183 5474 3368 5540 sichme
3397 5474 3601 5540 arbitre-

327 5556 349 5606 ε
373 5547 449 5588 tur
597 5531 987 5606 scribere,_quasi
1010 5540 1075 5588 de
1091 5531 1166 5606 his
1185 5552 1298 5606 qua!
1321 5531 1446 5587 nunc
1464 5531 1654 5606 edidisti
1669 5531 2021 5606 egodtibitetn.
2044 5537 2282 5606 signiﬁcat
2297 5547 2534 5601 praeterea
2553 5551 2608 5587 se
2623 5539 2823 5606 ipsius:
2842 5533 3314 5606 praesenti-.edeliciis
3331 5552 3352 5578 ι
3383 5531 3598 5606 aliquan-

321 5598 382 5646 do
406 5601 623 5662 potitum,
662 5617 684 5645 ι
707 5598 1043 5662 uberibusque
1078 5598 1351 5650 salubribus
1392 5600 1664 5650 nutritum»
1706 5598 1876 5662 fuisse.
1922 5598 2112 5662 Deinde
2140 5613 2195 5662 se
2221 5598 2392 5650 laicum
2417 5613 2549 5658 esse,
2573 5613 2622 5647 n.
2643 5598 2680 5648 '9
2713 5598 3262 5662 indicat;_ac‘postremo
3286 5598 3599 5657 Augustinum

318 5673 362 5722 a;
381 5658 531 5724 pellat
561 5669 768 5724 patrem,
813 5663 877 5709 ab
920 5658 1127 5724 ipsorpte
1169 5663 1373 5714 vicissim
1404 5663 1453 5710 in
1475 5662 1810 5724 subsequente
1833 5660 1958 5714 libro
1972 5661 2035 5712 de
2060 5661 2487 5714 Praedestinatione
2509 5669 2803 5722 sanctorum,
2840 5674 2888 5710 n.
2920 5659 2962 5717 ί.
2987 5658 3112 5709 ﬁlius
3132 5667 3464 5720 nuncupatur:
3489 5667 3600 5716 tnta

322 5721 439 5773 sane
464 5723 512 5772 in
547 5721 881 5773 Arelatensem
905 5721 1182 5786 episcopum
1205 5725 1400 5774 minime
1423 5721 1731 5779 conveniunt.
