4102 6514
519 314 625 370 955
1527 300 1853 356 EPISTULA
1896 299 2050 354 lllLA
2069 298 2159 352 Rll
2197 297 2285 353 AD
2325 296 2781 352 AUCUSTINUM.
3670 305 3777 365 95o

520 441 638 493 sua,
663 424 783 489 vel,
810 423 853 479 si
880 420 1128 485 noluerit,
1160 432 1280 473 cum
1309 431 1403 471 sua
1435 413 1747 484 aegritudine
1776 412 2043 482 puniatur.
2074 411 2183 467 Nec
2221 408 2401 480 negari
2427 410 2646 478 gratiam
2668 451 2681 471 ,
2714 409 2759 462 si
2799 409 3099 478 praecedere
3126 412 3331 466 dicatur
3356 412 3473 467 talis
3499 414 3783 484 voluntas,

523 533 642 589 qua:
671 525 869 570 tantum
919 511 1181 566 medicum
1220 514 1457 579 qnterat,
1502 520 1606 559 non
1650 514 1827 559 autem
1874 503 2159 573 quidquam
2208 502 2317 569 ipsa
2343 500 2452 568 jam
2485 500 2672 553 valeat.
2705 498 2837 553 Nam
2879 500 2963 554 illa
3009 501 3342 565 testimonia,
3384 511 3441 556 ut
3486 511 3569 557 est
3616 506 3782 573 illud,

525 611 666 666 Sicut
692 606 952 674 unicuique
978 602 1192 672 partitus
1220 609 1291 655 est
1322 614 1609 652 mensuram
1640 598 1758 663 ﬁdei
1787 597 1961 668 (Itom.
2002 612 2109 659 xu,
2140 593 2217 667 5),
2248 603 2301 649 et
2329 593 2519 647 similia
2540 634 2555 659 ,
2601 592 2665 646 ad
2694 593 2744 647 id
2771 594 2952 648 volunt
2982 595 3159 650 valere
3180 637 3194 661 ,
3242 605 3298 650 ut
3320 597 3533 666 juvetur
3557 598 3646 669 qui
3673 615 3789 655 co:-

525 701 664 767 perit
702 694 869 759 velle,
918 707 1022 745 non
1061 700 1120 746 ut
1162 692 1323 745 etiam
1361 688 1589 743 donetur
1616 697 1673 741 nt
1700 689 1851 753 velit;
1902 687 2114 756 rejectis
2138 684 2205 739 ab
2235 688 2334 738 hoc
2362 685 2503 739 dono
2532 684 2650 738 aliis
2690 684 2888 753 pariter
2914 684 3054 751 reis,
3094 694 3149 740 et
3173 688 3263 757 qui
3294 700 3508 757 possent
3544 690 3795 745 similiter

527 785 737 842 liberari
762 824 778 850 ,
804 783 849 837 si
880 798 942 837 ea
971 798 1087 851 qua:
1116 782 1310 851 pariter
1338 780 1565 848 indignis
1591 787 1870 850 prtestatur
1894 777 2143 832 credendi
2173 777 2449 840 voluntas,
2495 778 2655 832 etiam
2686 778 2813 848 ipsis
2842 779 3087 834 similiter
3113 789 3469 850 praestaretur.
3502 782 3557 838 Si
3585 796 3795 846 autent,

523 878 701 942 aiunt,
735 875 942 929 dicatur
964 873 1047 928 vel
1083 873 1240 927 talem
1266 872 1511 965 unt/gibus
1548 871 1869 926 remansisse
1893 910 1910 935 ,
1946 884 2049 939 qua
2082 868 2167 923 vel
2200 878 2541 924 contemnere
2582 870 2699 940 quis
2730 872 2928 936 valeat,
2956 872 3042 927 vel
3082 873 3298 929 obedire
3319 917 3334 941 ,
3366 874 3435 929 de
3470 877 3794 943 compendio

532 982 719 1049 putant
740 976 1000 1028 rationem
1022 971 1170 1028 reddi
1194 964 1482 1025 electorum
1507 968 1590 1025 vel
1614 968 1926 1037 rejectorum
1952 967 2001 1019 in
2023 981 2088 1020 eo
2117 964 2258 1034 quod
2295 965 2575 1035 unicuique
2605 966 2851 1020 meritum
2888 966 3117 1037 pr0prize
3146 969 3431 1023 voluntatis
3462 970 3790 1040 adjungitur.

602 1068 656 1121 5.
696 1065 829 1120 Cum
856 1074 1032 1119 autem
1062 1062 1254 1118 dicitur
1277 1063 1375 1125 eis,
1403 1076 1567 1131 quare
1590 1062 1709 1113 aliis
1739 1059 1818 1112 vel
1844 1056 2036 1111 alicubi
2063 1056 2403 1124 praedicetur,
2430 1056 2513 1108 vel
2544 1071 2647 1109 non
2672 1056 2987 1125 prtedicetnr
3025 1057 3109 1112 vel
3138 1074 3275 1114 nunc
3299 1058 3618 1128 praedicetur
3643 1060 3793 1131 quod

529 1156 816 1227 aliquando
842 1171 976 1224 pene
1000 1155 1266 1219 omnibus,
1297 1155 1432 1209 sicut
1461 1168 1603 1209 nunc
1629 1151 1891 1220 aliquibus
1916 1149 2162 1219 gentibus
2189 1163 2291 1201 non
2320 1147 2663 1217 przedicatum
2705 1149 2811 1213 sit;
2843 1148 3026 1204 dicunt
3061 1149 3110 1204 id
3141 1150 3485 1219 prtescientiie
3511 1165 3629 1206 esse
3656 1153 3792 1206 divi-

527 1267 644 1315 nae,
672 1259 729 1303 ut
748 1264 814 1304 eo
843 1259 1081 1315 tempore
1100 1288 1116 1311 ,
1147 1257 1203 1302 et
1232 1247 1336 1312 ibi,
1368 1257 1420 1300 et
1447 1247 1554 1301 illis
1582 1245 1776 1299 veritas
1801 1236 2206 1297 annuntiaretur
2225 1283 2239 1306 ,
2268 1242 2352 1296 vel
2377 1243 2742 1309 annuntietur,
2769 1240 2982 1312 quando
3005 1253 3058 1298 et
3091 1244 3188 1299 ubi.
3211 1244 3648 1313 praenoscebatur
3671 1260 3797 1300 esse

528 1343 817 1401 credenda.
849 1342 917 1397 Et
943 1342 1044 1396 hoc
1071 1357 1177 1395 non
1203 1341 1374 1393 solum
1416 1339 1638 1393 aliorum
1678 1337 2056 1392 catholicorum
2088 1336 2425 1403 testimoniis,
2465 1335 2558 1390 sed
2588 1334 2748 1390 etiam
2786 1335 3090 1390 Sanctitatis
3118 1346 3219 1389 tua:
3246 1336 3607 1405 disputatione
3650 1339 3791 1391 anti-

529 1438 717 1507 quiore
742 1451 801 1490 se
845 1433 1069 1504 probare
1098 1440 1392 1493 testantur;
1431 1430 1519 1484 tibi
1550 1437 1723 1483 tamen
1754 1429 1994 1484 eamdem
2028 1431 2250 1499 gratiam
2278 1444 2382 1483 non
2407 1428 2615 1482 minore
2642 1427 2878 1482 veritatis
2909 1427 3289 1497 perspicuitate
3309 1427 3553 1485 docueris
3582 1448 3596 1485 :
3627 1437 3688 1484 ut
3711 1439 3796 1484 est

529 1527 657 1583 illud
682 1526 819 1596 quod
847 1525 978 1579 dixit
1006 1524 1265 1579 Sanctitas
1302 1531 1387 1575 tua
1418 1521 1468 1573 in
1516 1521 1806 1590 quaestione
1848 1530 2029 1575 contra
2076 1520 2453 1591 Porphyrium,
2476 1520 2543 1574 de
2584 1528 2821 1589 tempore
2846 1518 3146 1573 christiana:
3167 1520 3459 1589 religionis,
3491 1539 3509 1572 ι
3546 1529 3670 1576 tunc
3696 1538 3780 1576 vo«

532 1619 697 1674 luisse
725 1616 1024 1671 hominibus
1050 1629 1309 1682 apparere
1349 1611 1638 1675 Christum,
1675 1612 1887 1680 etapud
1922 1627 2016 1664 eos
2052 1611 2326 1680 praedicari
2364 1611 2658 1664 doctrinam
2698 1624 2870 1674 suam,
2911 1610 3123 1680 quando
3159 1611 3359 1664 sciebat
3400 1620 3453 1665 et
3483 1612 3568 1666 ubi
3596 1612 3790 1668 sciebat

535 1723 674 1770 esse,
702 1708 791 1776 qui
822 1708 871 1760 in
914 1722 1034 1761 eum
1063 1705 1270 1760 fuerant
1294 1703 1545 1757 credituri
1580 1720 1599 1754 ι
1650 1701 1841 1773 (Epist.
1875 1702 1996 1763 102.
2028 1712 2204 1772 quwst.
2232 1704 2286 1765 2,
2324 1721 2376 1755 η.
2412 1700 2499 1772 Μ)
2531 1720 2543 1755 :
2574 1703 2657 1755 vel
2690 1702 2817 1756 illud
2845 1701 2911 1755 de
2943 1702 3077 1755 libro
3112 1705 3162 1755 in
3195 1703 3480 1771 Epistulam
3512 1704 3576 1756 ad
3606 1704 3791 1760 Roma¢

533 1814 656 1861 nos,
696 1818 714 1849 ι
751 1798 890 1851 Dicis
915 1800 1081 1866 itaque
1109 1796 1254 1858 mihi,
1298 1794 1433 1859 Quid
1471 1794 1638 1847 adhuc
1664 1794 2025 1863 conqueritur?
2048 1782 2438 1847 namivolnntati
2466 1794 2574 1864 ejus
2598 1794 2709 1862 quis
2736 1794 2916 1846 resistit
2942 1792 3114 1865 (Rom.
3148 1810 3220 1859 ix,
3247 1795 3331 1849 l9.
3371 1793 3434 1847 In
3470 1794 3798 1864 Expositione

532 1888 865 1958 quarumdam
890 1887 1285 1955 propositionum
1313 1882 1558 1955 eprist.
1590 1884 1658 1937 ad
1688 1884 1865 1945 Rom.,
1899 1900 2105 1952 propos.
2140 1884 2387 1956 (59.)?Cui
2418 1899 2545 1937 sane
2572 1883 2928 1951 inquisitioni,
2962 1902 2978 1935 ι
3017 1884 3213 1953 inquis,
3249 1904 3267 1936 ι
3301 1886 3377 1939 sic
3404 1886 3711 1954 respondet,
3744 1898 3801 1942 ιιι

538 1982 896 2048 intelligamus
925 1980 1283 2048 spiritualihus
1310 1978 1455 2039 viris,
1482 1978 1644 2031 etiam
1673 1992 1777 2031 non
1810 1977 2101 2030 secundum
2131 1989 2397 2033 terrenum
2430 1977 2697 2031 hominem
2739 1976 3055 2037 viventibus,
3094 1988 3273 2045 patere
3303 1994 3457 2045 poSsc
3489 1980 3653 2047 prima
3686 1995 3799 2035 tne-

535 2072 636 2124 rita
658 2070 777 2124 ﬁdei
805 2079 857 2124 et
879 2069 1180 2137 impietatis,
1200 2068 1465 2138 quomodo
1483 2069 1621 2122 Deus
1637 2068 1965 2137 praescientia
1988 2068 2146 2136 eligat
2173 2067 2492 2133 credituros,
2518 2078 2571 2122 et
2590 2068 2805 2121 damnet
2821 2067 3120 2121 incredulos
3149 2085 3161 2119 :
3192 2084 3290 2123 nec
3310 2069 3429 2123 illos
3459 2086 3521 2123 ex
3546 2071 3800 2139 operibus

540 2162 766 2231 eligens,
796 2176 891 2215 nec
922 2162 1053 2214 istos
1071 2177 1134 2214 ex
1166 2161 1413 2229 operibus
1436 2160 1729 2223 damnans;
1760 2159 1852 2214 sed
1880 2168 1932 2212 et
1960 2159 2168 2212 illorum
2199 2159 2317 2213 lidci
2345 2169 2623 2228 pra'stans,
2654 2170 2709 2212 ut
2734 2159 2869 2213 bene
2889 2168 3197 2229 operentur,
3230 2169 3281 2214 et
3310 2161 3528 2214 istorum
3559 2162 3803 2231 impieta-

536 2264 643 2307 tem
670 2251 966 2307 desercndo
986 2251 1272 2315 obdurans,
1301 2260 1357 2304 ut
1382 2252 1517 2305 male
1537 2260 1840 2318 operentur.
1869 2269 1886 2300 ι
1911 2250 1977 2303 Ει
2008 2251 2197 2304 iterum
2230 2251 2283 2304 in
2307 2250 2493 2304 eodem
2518 2250 2652 2304 libro
2668 2251 2911 2319 superius
2940 2271 2952 2305 :
2988 2270 3006 2302 ι
3036 2250 3289 2320 [Equales
3313 2268 3501 2306 omnes
3533 2263 3655 2306 sunt
3680 2264 3804 2308 ante

545 2346 814 2408 meritum,
844 2359 945 2399 nec
973 2353 1143 2413 potest
1172 2346 1223 2398 in
1263 2343 1423 2398 rebus
1456 2345 1599 2398 omni
1631 2342 1789 2397 modo
1828 2344 2118 2411 :equalihns
2148 2344 2339 2397 electio
2365 2344 2644 2397 nominari.
2674 2342 2778 2400 Sed
2808 2344 3057 2413 quoniam
3084 2344 3314 2415 Spiritus
3340 2354 3554 2399 sanctus
3577 2362 3679 2400 non
3711 2348 3804 2399 da—

541 2444 629 2489 tur
654 2435 751 2488 nisi
787 2434 1161 2499 credentibus;
1202 2449 1306 2487 non
1347 2433 1560 2502 quidem
1610 2432 1749 2486 Deus
1791 2434 1938 2502 eligit
1968 2448 2129 2501 opera
2172 2448 2289 2502 qnze
2323 2433 2434 2502 ipse
2468 2434 2706 2503 largitur,
2754 2449 2872 2488 cum
2916 2434 3005 2487 dat
3038 2434 3290 2502 Spiritum
3331 2444 3593 2496 sanctum,
3629 2444 3685 2489 ut
3712 2451 3805 2504 per

539 2527 853 2582 charitatem
882 2526 1017 2578 bona
1046 2540 1329 2592 operemur
1357 2542 1370 2577 :
1398 2524 1491 2578 sed
1535 2534 1713 2579 tamen
1739 2524 1883 2594 eligit
1914 2525 2093 2589 ﬁdem,
2134 2525 2255 2592 quia
2286 2525 2383 2578 nisi
2412 2525 2633 2595 quisque
2670 2526 2873 2587 credat,
2905 2535 2957 2578 et
2980 2526 3029 2578 in
3058 2525 3350 2595 accipiendi
3382 2526 3652 2581 voluntate
3678 2546 3802 2599 pcr-

541 2624 772 2679 maneat,
803 2631 908 2670 non
935 2616 1128 2684 accipit
1167 2615 1362 2670 donum
1392 2617 1509 2681 Dei,
1541 2616 1593 2670 id
1623 2625 1722 2682 est,
1771 2615 2024 2687 Spiritum
2055 2626 2315 2681 sanctum,
2346 2634 2440 2687 per
2484 2633 2639 2687 quem
2668 2619 2838 2673 infusa
2867 2618 3127 2673 charitate
3157 2619 3353 2673 bonum
3379 2620 3546 2689 possit
3572 2627 3803 2689 Operari.

542 2707 659 2763 Non
686 2724 814 2778 ergo
842 2708 984 2777 eligit
1016 2723 1180 2778 opera
1207 2708 1515 2779 cujusquam
1547 2709 1601 2762 in
1634 2710 1984 2777 prmscientia,
2026 2726 2143 2778 qua;
2170 2715 2282 2777 ipse
2308 2709 2597 2764 donaturus
2624 2720 2706 2765 est
2734 2727 2748 2764 :
2778 2710 2872 2765 sed
2918 2709 3075 2764 ﬁdem
3102 2711 3251 2781 eligit
3273 2712 3321 2765 in
3346 2714 3706 2782 praescientia;
3749 2723 3805 2766 ut

542 2816 700 2868 quem
726 2800 1045 2855 crediturum
1065 2816 1185 2856 esse
1213 2802 1491 2870 prmscivit,
1520 2802 1687 2871 ipsum
1717 2802 1956 2869 eligeret,
1981 2802 2062 2854 cui
2088 2801 2338 2870 Spiritum
2363 2811 2601 2855 sanctum
2624 2801 2792 2867 daret,
2819 2810 2876 2855 nt
2901 2801 3037 2855 bona
3063 2803 3334 2872 operando
3362 2803 3523 2859 etiam
3550 2813 3804 2858 :eternam

542 2891 704 2945 vitam
730 2902 1163 2961 consequeretur.
1192 2893 1328 2947 Dicit
1353 2894 1493 2947 enim
1525 2894 1807 2963 Apostolus
1837 2910 1850 2947 :
1884 2893 2030 2947 Idem
2049 2893 2185 2948 Deus
2216 2895 2301 2962 qui
2335 2903 2575 2962 operatur
2606 2894 2775 2947 omnia
2799 2895 2850 2947 in
2873 2894 3101 2949 omnibus
3125 2895 3165 2967 (l
3184 2894 3300 2949 Cor.
3329 2912 3421 2961 xu,
3441 2894 3516 2968 6).
3534 2896 3805 2966 Nusquam

545 2989 723 3035 autem
752 2981 950 3034 dictum
981 2991 1081 3045 est,
1118 2983 1253 3037 Deus
1277 2984 1447 3039 credit
1470 2985 1648 3039 omnia
1691 2986 1744 3038 in
1772 2985 2019 3040 omnibus
2050 3004 2065 3039 :
2097 2987 2239 3055 quod
2267 2986 2408 3039 enim
2450 2985 2736 3050 credimus,
2770 2997 3013 3041 nostrum
3053 2997 3174 3053 est;
3207 2987 3348 3058 quod
3394 2998 3571 3043 autem
3616 3003 3805 3058 opera-

542 3085 663 3123 mur
686 3070 853 3124 illius»
880 3069 1172 3141 (Expositio
1193 3074 1523 3143 quarumdam
1547 3075 1918 3144 popositionum
1945 3092 2007 3128 ex
2034 3075 2197 3145 Epist.
2222 3076 2289 3129 ad
2315 3074 2502 3152 Rom.,~
2522 3093 2703 3147 propp.
2732 3078 2826 3143 12,
2851 3077 2964 3147 60).
2995 3079 3059 3132 Et
3083 3086 3276 3134 cmtera
3302 3080 3355 3133 in
3387 3079 3574 3134 eodem
3605 3094 3800 3149 Opere;

542 3176 661 3233 quae
688 3174 748 3215 se
771 3173 1049 3232 acceptare
1078 3174 1132 3218 et
1160 3164 1387 3233 probare
1414 3173 1691 3231 testantur,
1724 3174 1969 3235 tanquam
1998 3167 2367 3222 convenientia
2396 3170 2711 3237 evangelicae
2738 3166 2970 3223 veritati.

528 3252 533 3257 ’
580 3244 581 3251 “
611 3250 667 3305 4.
696 3248 958 3306 Caeterum
985 3254 1390 3321 przescientiam,
1436 3265 1490 3311 ct
1519 3256 2058 3326 przedestinationem,
2095 3259 2175 3312 vel
2221 3259 2572 3329 propositum,
2603 3259 2669 3314 ad
2690 3260 2740 3314 id
2772 3262 2949 3316 valere
2977 3260 3320 3326 contendunt,
3355 3270 3407 3316 ut
3434 3275 3527 3317 eos
3555 3264 3807 3331 prtescie-

544 3343 636 3409 rit,
664 3344 749 3400 vel
781 3347 1257 3416 praadestinaverit,
1290 3349 1374 3404 vel
1402 3351 1743 3421 pr0posuerit
1774 3351 1971 3421 eligere
1996 3352 2083 3421 qui
2121 3351 2331 3407 fuerant
2355 3352 2627 3407 credituri.
2658 3352 2767 3407 Nec
2792 3353 2859 3408 de
2887 3353 2988 3409 hac
3030 3353 3133 3409 ﬁde
3159 3369 3314 3423 posse
3333 3354 3459 3419 diei,
3492 3353 3627 3421 Quid
3652 3354 3812 3409 habes

541 3433 677 3505 quod
700 3453 801 3491 non
838 3440 1071 3510 accepisti
1107 3440 1148 3511 (l
1180 3433 1297 3494 cor.
1345 3458 1418 3508 tv,
1448 3442 1544 3513 7)?
1573 3458 1694 3498 cum
1734 3444 1785 3497 in
1827 3443 2013 3497 eadem
2061 3453 2245 3498 natura
2273 3445 2607 3511 remanserit,
2636 3446 2759 3501 licet
2786 3446 2987 3509 vitiata.
3014 3463 3132 3517 quae
3169 3446 3314 3516 prius
3339 3461 3465 3500 sana
3487 3463 3549 3501 ac
3572 3446 3811 3516 perfecta

542 3525 736 3582 donata
757 3528 845 3582 sit.
872 3528 1022 3597 Quod
1051 3540 1227 3587 autem
1252 3532 1381 3587 dicit
1406 3533 1670 3589 Sanctitas
1701 3544 1805 3600 tua,
1840 3536 2105 3590 neminem
2134 3550 2497 3611 perseverare,
2530 3536 2630 3591 nisi
2671 3539 3043 3607 perseverandi
3071 3537 3266 3593 virtute
3296 3548 3539 3609 percepta
3565 3554 3580 3602 ;
3626 3537 3808 3593 hacte-

544 3634 649 3673 nus
672 3620 959 3691 accipiunt,
992 3631 1049 3677 ut
1070 3624 1262 3694 quibus
1285 3624 1459 3691 datur,
1489 3626 1643 3681 inerti
1666 3626 1807 3692 licet,
1835 3629 2153 3696 prtecedenti
2184 3641 2358 3683 tamen
2388 3632 2602 3700 proprio
2630 3632 2852 3687 arbitrio
2878 3633 3140 3687 tribuatur
3169 3650 3186 3688 :
3214 3633 3355 3703 quod
3380 3633 3447 3687 ad
3476 3632 3578 3688 hoc
3604 3642 3810 3689 tantum

548 3709 772 3766 liberum
798 3724 1063 3783 asserunt,
1093 3725 1148 3769 ut
1176 3717 1303 3771 velit
1328 3718 1412 3772 vel
1440 3719 1571 3772 nolit
1594 3718 1875 3774 admittere
1905 3720 2241 3775 medicinam.
2272 3722 2531 3777 Craterum
2556 3733 2608 3778 et
2635 3725 2731 3793 ipsi
2758 3724 3052 3780 abominari
3079 3741 3138 3782 se
3165 3735 3222 3782 et
3245 3726 3501 3782 damnare
3529 3735 3810 3791 testantur,

554 3803 599 3856 si
625 3804 745 3872 quis
771 3805 1054 3875 quidquam
1082 3808 1272 3862 virium
1304 3810 1355 3861 in
1378 3809 1557 3879 aliquo
1578 3812 1921 3878 remansisse,
1950 3826 2055 3881 quo
2083 3811 2148 3865 ad
2175 3813 2453 3867 sanitatem
2484 3814 2726 3884 progredi
2754 3816 2940 3883 possit,
2986 3816 3270 3870 existimet.
3298 3814 3494 3870 Nolunt
3533 3822 3709 3870 autem
3739 3815 3808 3868 ita

544 3893 682 3951 hanc
710 3901 1156 3965 perseverantiam
1185 3901 1482 3969 praedicari,
1524 3911 1581 3956 ut
1605 3918 1710 3957 non
1751 3904 1833 3957 vel
1864 3904 2171 3972 suppliciter
2201 3905 2450 3970 emereri,
2474 3905 2556 3960 vel
2595 3906 2764 3960 amitti
2793 3907 3176 3962 contumaciter
3195 3907 3383 3975 possit.
3408 3905 3519 3961 Nec
3543 3906 3611 3960 ad
3642 3908 3811 3961 incer-

545 3991 655 4037 tum
682 3986 970 4043 voluntatis
1006 3989 1098 4043 Dei
1126 3990 1313 4045 deduci
1344 4006 1404 4045 se
1444 3991 1659 4056 volunt;
1703 3992 1789 4046 ubi
1815 3993 1913 4059 eis,
1962 4004 2218 4062 quantum
2248 4003 2437 4062 putant
2481 3995 2546 4049 ad
2576 3995 2922 4050 obtinendum
2966 3997 3048 4050 vel
3078 3994 3449 4060 amittendum,
3483 3995 3711 4049 evidens
3730 4004 3810 4050 est

546 4077 931 4150 qualecumque
961 4082 1164 4136 initium
1192 4084 1497 4138 voluntatis.
1528 4084 1660 4139 Illud
1688 4087 1846 4139 etiam
1876 4085 2240 4140 testimonium
2270 4085 2412 4155 quod
2453 4087 2694 4156 posuisti,
2738 4085 2938 4157 Raptus
2968 4097 3042 4141 est
3083 4103 3146 4141 ne
3176 4087 3370 4141 malitia
3399 4097 3613 4139 mutaret
3659 4088 3810 4141 intel-

546 4169 729 4223 lectum
758 4173 867 4243 ejus
896 4171 1054 4244 (Sap.
1083 4190 1154 4237 IV,
1187 4176 1305 4245 ll);
1336 4182 1585 4246 tanquam
1613 4192 1718 4230 non
1762 4178 2075 4231 canonicum
2120 4175 2380 4232 deﬁniunt
2403 4177 2773 4232 omittendum.
2805 4176 2957 4233 Unde
2988 4179 3129 4232 illam
3153 4178 3541 4248 prmscientiam
3570 4180 3647 4233 sic
3674 4180 3811 4234 accio

544 4260 716 4328 piunt,
744 4270 802 4314 ut
831 4268 1048 4331 propter
1074 4264 1232 4320 ﬁdem
1258 4264 1489 4320 futuram
1520 4266 1843 4336 intelligendi
1869 4268 1975 4321 sint
1999 4266 2227 4336 prtesciti
2258 4285 2272 4319 :
2297 4282 2396 4322 nec
2428 4268 2673 4337 cuiquam
2698 4268 2854 4322 talem
2881 4268 2996 4322 dari
3023 4270 3498 4339 perseverantiam,
3526 4284 3556 4323 a
3574 4284 3679 4341 qua
3705 4285 3811 4324 non

545 4349 883 4418 permittatur
908 4354 1281 4421 praevaricari;
1305 4355 1399 4409 sed
1428 4371 1457 4409 a
1487 4370 1590 4425 qua
1618 4358 1787 4426 possit
1815 4372 1908 4411 sua
1943 4359 2212 4411 voluntate
2238 4357 2468 4413 deﬁcere
2492 4367 2546 4413 et
2572 4358 2827 4412 inﬁrmari
2858 4356 2955 4430 (α).

620 4442 675 4497 5.
713 4443 976 4500 Asserunt
999 4457 1108 4501 tum
1132 4447 1369 4502 inutilem
1393 4448 1705 4503 exhortandi
1727 4449 2185 4513 consuetudinem,
2216 4449 2262 4503 si
2298 4449 2429 4503 nihil
2462 4450 2514 4503 in
2547 4449 2763 4504 homine
2788 4452 3114 4506 remansisse
3134 4451 3361 4518 dicatur,
3384 4450 3526 4521 quod
3546 4454 3811 4519 correptio

544 4534 719 4591 valeat
747 4538 979 4593 excitare
1008 4557 1021 4592 :
1051 4540 1190 4610 quod
1213 4540 1425 4611 quidem
1457 4542 1631 4596 inesse
1661 4550 1863 4595 natura:
1889 4543 1967 4596 sic
1992 4558 2051 4597 se
2075 4542 2256 4596 dicere
2284 4542 2620 4606 conﬁtentur,
2653 4554 2710 4596 ut
2739 4543 2838 4598 hoc
2865 4543 2980 4612 ipso
3002 4544 3143 4614 quod
3168 4545 3432 4615 ignoranti
3460 4545 3654 4598 veritas
3677 4559 3811 4613 prte-

543 4628 771 4696 dicatur,
802 4630 869 4684 ad
896 4630 1207 4687 beneﬁcium
1232 4634 1509 4704 praesentis
1532 4634 1715 4703 gratia:
1742 4632 2077 4689 referendum
2108 4634 2195 4688 sit.
2224 4633 2356 4688 Nam
2400 4634 2545 4689 sisic
2581 4634 2940 4704 prmdestinati
2970 4645 3114 4702 sunt,
3145 4638 3405 4705 inquiunt,
3437 4635 3502 4689 ad
3530 4643 3816 4705 utramque

550 4729 777 4789 partem.
806 4730 863 4776 ut
882 4721 947 4776 de
967 4722 1089 4777 aliis
1110 4722 1174 4777 ad
1192 4724 1329 4778 alios
1349 4724 1522 4778 nullus
1544 4724 1709 4794 possit
1727 4725 1983 4779 accedere
2004 4742 2018 4790 ;
2048 4739 2155 4795 quo
2176 4726 2403 4795 pertinet
2427 4734 2570 4781 tanta
2593 4727 2925 4782 extrinsecus
2945 4728 3297 4796 correptionis
3323 4727 3608 4782 instantia?
3628 4726 3682 4781 Si
3706 4742 3812 4780 non

544 4815 613 4871 ab
639 4815 877 4883 homine,
908 4818 1005 4871 etsi
1030 4834 1133 4871 non
1157 4819 1287 4873 ﬁdes
1307 4817 1530 4889 integra,
1553 4819 1738 4873 saltem
1761 4819 1840 4873 vel
1861 4819 2016 4873 dolor
2033 4828 2363 4888 compunctus
2384 4819 2706 4873 inﬁrmitatis
2726 4819 2983 4882 exoritur,
3004 4828 3096 4873 aut
3122 4820 3413 4888 periculum
3436 4818 3813 4873 demonstratae

544 4905 734 4960 mortis
746 4905 1027 4961 horretur?
1048 4907 1180 4962 Nam
1203 4908 1245 4961 si
1264 4924 1368 4963 non
1395 4910 1767 4978 potesttimere
1793 4911 1929 4979 quis,
1951 4910 2090 4964 unde
2107 4919 2355 4973 terretur,
2379 4909 2480 4963 nisi
2500 4925 2563 4965 ea
2579 4911 2851 4965 voluntate
2866 4926 2985 4981 qua:
3005 4912 3270 4974 sumitur;
3298 4927 3404 4965 non
3422 4926 3489 4966 ex
3511 4926 3576 4966 eo
3591 4911 3814 4978 culpan-

546 4993 649 5048 dus
675 4994 816 5065 quod
849 5012 989 5051 nunc
1009 5013 1115 5051 non
1148 4998 1259 5052 vult
1285 5016 1298 5054 :
1326 4999 1420 5055 sed
1450 4999 1502 5054 in
1523 5015 1589 5054 eo
1611 5009 1659 5055 et
1691 5015 1812 5056 cum
1835 5016 1899 5054 eo
1924 5000 2013 5069 qui
2037 5000 2115 5054 sic
2132 5000 2417 5070 aliquando
2437 5001 2625 5065 noluit,
2650 5009 2709 5054 ut
2732 5017 2848 5056 eam
2878 5002 3274 5056 damnationem
3299 5017 3419 5057 cum
3442 5002 3554 5058 suis
3584 5004 3813 5071 posteris

548 5096 844 5141 mereretur
870 5088 1162 5155 incurrere,
1190 5098 1249 5145 ut
1272 5106 1540 5161 nunquam
1582 5101 1747 5158 recta,
1775 5106 1989 5162 semper
2007 5102 2182 5146 autem
2206 5107 2364 5161 prava
2387 5092 2544 5148 vellet
2561 5103 2831 5162 appetere.
2854 5094 2910 5149 Si
2934 5104 3112 5149 autem
3133 5104 3215 5150 est
3236 5094 3635 5165 qualiscumque
3660 5094 3814 5149 dolor

548 5178 636 5245 qui
662 5178 729 5233 ad
754 5180 1171 5236 exhortationem
1196 5184 1531 5253 corripientis
1560 5185 1764 5238 oriatur
1789 5201 1802 5236 :
1834 5184 1971 5239 hanc
1999 5184 2166 5251 ipsam
2196 5184 2381 5238 dicunt
2413 5198 2627 5238 causam
2648 5225 2664 5250 ,
2706 5195 2921 5254 propter
2951 5202 3110 5255 quam
3132 5186 3216 5241 vel
3238 5186 3509 5255 rejiciatur
3527 5187 3695 5255 alius,
3727 5186 3812 5240 vel

546 5272 685 5327 alius
703 5282 1005 5329 assumatur
1028 5291 1041 5327 :
1063 5284 1222 5344 atque
1242 5275 1313 5329 ita
1332 5291 1437 5330 non
1461 5292 1595 5345 Opus
1617 5291 1739 5330 esse
1762 5285 1935 5344 partes
1957 5277 2228 5340 constitui,
2251 5275 2441 5345 quibus
2462 5290 2561 5330 uec
2579 5274 2935 5346 adjiciendum
2955 5279 3024 5332 sit
3045 5278 3264 5347 aliquid,
3288 5292 3387 5333 nec
3402 5278 3812 5333 detrahendum.

620 5364 671 5418 6.
713 5363 913 5421 Deinde
941 5367 1165 5422 moleste
1190 5366 1366 5422 ferunt
1396 5368 1465 5421 ita
1493 5368 1653 5422 dividi
1681 5369 1941 5439 gratiam,
1966 5384 2084 5438 qua:
2109 5368 2192 5422 vel
2220 5376 2345 5423 tunc
2369 5368 2545 5438 primo
2572 5368 2770 5423 homini
2797 5368 2920 5424 data
2948 5379 3052 5437 est,
3082 5370 3166 5426 vel
3190 5386 3332 5430 nunc
3359 5372 3607 5427 omnibus
3634 5371 3812 5439 datur,

553 5472 575 5507 ι
607 5461 667 5511 ιιι
688 5454 778 5512 ille
799 5458 1066 5528 acceperit
1105 5457 1574 5528 perseverantiam,
1604 5474 1709 5513 non
1739 5475 1843 5530 qua
1871 5458 2019 5514 ﬁeret
2049 5466 2108 5513 ut
2136 5470 2519 5529 perseveraret,
2549 5459 2643 5515 sed
2665 5461 2782 5515 sine
2810 5477 2912 5532 qua
2939 5477 3035 5533 per
3063 5463 3289 5517 liberum
3318 5463 3594 5518 arbitrium
3625 5478 3813 5534 perse-

548 5587 761 5700 “(gzutd
784 5598 927 5642 vetus
941 5591 1095 5642 codex
1114 5592 1251 5642 Corb.
1276 5591 1337 5642 ad
1359 5598 1653 5656 sequentem
1676 5592 1968 5644 sententiam
1992 5593 2061 5645 sic
2078 5601 2272 5646 revocat
2296 5607 2308 5644 :
2337 5600 2390 5645 Et
2411 5592 2652 5659 inﬁrmari
2674 5602 2889 5650 asserunt
2911 5602 3010 5652 tant
3030 5597 3193 5650 utilem
3228 5598 3522 5654 exhortandi
3563 5606 3815 5653 cmmem-
