4102 6526
314 351 426 414 957
1336 344 1666 401 EPISTOLA
1706 338 1956 397 lliLAllll
1996 333 2091 389 AD
2124 331 2592 390 AUGUSTINUM.
3487 346 3590 404 οδε

314 484 507 525 verare
533 482 640 523 non
667 471 849 537 posset
875 481 888 518 :
913 472 1054 524 nunc
1075 473 1201 515 vero
1222 460 1422 515 sanctis
1447 459 1502 513 in‘
1522 474 1746 529 regnum
1775 473 1872 527 per
1890 457 2114 528 gratiam
2144 458 2533 531 prmdestinatis
2558 474 2666 517 non
2692 453 2798 514 tale
2824 458 3147 530 adjutorium
3176 463 3591 529 perseverantia:

313 559 493 623 detur,
524 556 621 612 sed
648 556 752 611 tale
780 562 837 609 ut
861 554 940 608 eis
964 552 1359 623 perseverantia
1384 550 1497 621 ipsa
1526 551 1787 615 donetur;
1816 564 1923 603 non
1951 549 2123 604 solum
2163 559 2220 604 ut
2254 550 2372 606 sine
2396 551 2498 605 isto
2522 551 2665 607 dono
2692 560 3097 621 perseverantes
3117 565 3238 607 esse
3260 553 3596 620 nonpossint

308 666 505 705 verum
533 648 695 703 etiam
726 654 786 701 ut
815 661 909 715 per
935 647 1035 700 hoc
1061 644 1257 700 donum
1288 643 1498 698 nonnisi
1520 652 1926 713 perseverantes
1954 638 2062 695 sint
2096 658 2116 692 ι
2166 641 2390 712 (Supra,
2416 642 2479 696 de
2504 641 2832 713 Correptione
2849 652 2894 696 et
2916 642 3117 710 Gratia,
3148 660 3204 697 π.
3243 643 3452 714 29-58).
3499 644 3595 700 llis

312 738 500 793 verbis
523 736 832 793 Sanctitatis
859 745 961 791 tua:
989 735 1060 789 ita
1107 743 1407 800 moventur,
1440 742 1498 789 ut
1537 733 1718 790 dicant
1744 732 2035 803 quamdam
2054 733 2479 801 desperationem
2522 734 2826 789 hominibus
2853 733 3114 793 exhiberi.
3139 740 3194 795 Si
3218 742 3384 809 enim,
3412 741 3591 807 aiunt,

312 827 388 884 ita
416 827 584 880 Adam
612 825 825 894 adjutus
854 833 956 886 est.
989 834 1048 879 ut
1073 832 1128 879 et
1154 834 1297 880 stare
1325 831 1506 896 posset
1532 823 1584 878 in
1602 823 1832 893 justitia,
1865 832 1919 877 et
1943 838 1971 875 a
2013 822 2217 892 justitia
2243 823 2533 891 declinare,
2556 834 2611 880 et
2635 841 2776 880 nunc
2795 827 2866 880 ita
2896 831 3066 884 sancti
3090 831 3364 899 juvantur,
3398 841 3456 887 ut
3484 832 3585 887 de-

310 918 524 974 clinare
552 932 662 972 non
692 916 917 986 possint,
950 915 996 970 si
1032 915 1243 986 quidem
1275 931 1396 970 eam
1439 923 1762 1004 acceperunt
1799 912 2013 969 volendi
2052 916 2525 984 perseverantiam,
2555 925 2614 970 ut
2649 917 2792 972 aliud
2830 919 2969 973 velle
2998 934 3103 974 non
3130 924 3372 989 possint;
3401 924 3482 977 vel
3508 924 3587 979 sic

313 1008 532 1067 Quidam
563 1008 904 1073 deseruntur,
935 1016 994 1062 ut
1017 1016 1109 1061 aut
1132 1022 1231 1061 nec
1258 1006 1536 1070 accedant,
1569 1015 1663 1061 aut
1685 1006 1731 1061 si
1760 1006 2087 1062 accesserint
2111 1017 2165 1063 et
2189 1006 2445 1062 recedant
2469 1025 2484 1062 :
2507 1009 2574 1062 ad
2603 1009 2747 1063 illam
2790 1014 3126 1068 voluntatem
3157 1014 3474 1081 pertinuisse
3499 1014 3588 1068 di-

314 1108 452 1156 cunt
473 1098 858 1154 exhortationis
891 1098 978 1153 vel
1014 1097 1446 1153 comminationis
1474 1096 1779 1165 utilitatem,
1811 1113 1931 1169 qua:
1959 1108 2014 1153 et
2044 1098 2363 1168 persistendi
2389 1108 2443 1154 et
2467 1099 2761 1156 desistendi
2789 1103 3069 1161 obtinebat
3097 1104 3316 1158 liberam
3346 1115 3587 1175 potesta-

316 1200 465 1258 tem;
491 1207 594 1246 non
616 1191 682 1246 ad
710 1190 867 1257 hanc,
896 1190 983 1245 cui
1013 1191 1152 1246 nolle
1178 1190 1440 1261 justitiam
1480 1190 1776 1244 iuevitabili
1804 1192 2123 1246 necessitate
2147 1191 2490 1261 eonjuuctum
2514 1201 2619 1260 est,
2658 1202 2854 1262 praeter
2885 1195 3026 1261 illos,
3058 1197 3147 1265 qui
3186 1196 3264 1252 sic
3301 1198 3582 1253 eoncreati

323 1293 455 1338 sunt
477 1284 560 1338 his
588 1283 675 1352 qui
705 1296 827 1336 cum
855 1282 1103 1337 universa
1132 1298 1305 1336 massa
1330 1280 1567 1336 damnati
1603 1290 1748 1346 sunt,
1777 1289 1834 1335 ut
1859 1281 2234 1351 exciperentur
2260 1297 2356 1352 per
2373 1284 2597 1352 gratiam
2628 1283 2911 1339 liberandi.
2944 1285 3092 1341 Unde
3122 1286 3173 1340 in
3201 1287 3302 1342 hoc
3327 1287 3443 1342 solo
3479 1303 3580 1342 vo-

321 1372 441 1427 lunt
468 1388 499 1427 a
538 1371 707 1441 primo
735 1370 951 1427 homine
972 1372 1212 1426 omnium
1242 1370 1443 1426 distare
1472 1380 1736 1437 naturam,
1784 1380 1844 1426 ut
1869 1372 2018 1426 illum
2054 1373 2272 1443 integris
2299 1374 2501 1429 viribus
2531 1375 2820 1430 voluntatis
2839 1376 3051 1446 juvaret
3077 1379 3243 1447 gratia
3286 1378 3582 1441 volentem,

319 1465 437 1519 sine
459 1479 561 1534 qua
586 1477 933 1533 perseverare
963 1478 1067 1517 non
1098 1472 1340 1533 poterat:
1366 1464 1463 1518 hos
1489 1472 1667 1519 autem
1691 1464 1905 1519 amissis
1935 1471 1989 1519 ct
2035 1463 2255 1533 perditis
2284 1464 2485 1519 viribus
2510 1465 2797 1521 credentes
2821 1475 3048 1529 tantum,
3074 1483 3180 1521 non
3203 1467 3379 1521 solum
3410 1468 3590 1536 erigat

318 1564 639 1625 prostratos,
668 1570 853 1610 verum
882 1555 1043 1610 etiam
1086 1554 1353 1609 suffulciat
1377 1554 1728 1609 ambulantes.
1760 1554 2023 1610 Caeterum
2049 1556 2436 1625 quidquidlibet
2459 1557 2714 1611 donatum
2737 1560 2806 1611 sit
2832 1557 3245 1626 prmdestiuatis,
3270 1557 3324 1612 id
3347 1571 3503 1625 posse
3529 1566 3590 1613 et

315 1643 490 1699 amitti
521 1654 576 1701 et
613 1645 831 1701 retineri
878 1645 1090 1714 propria
1136 1646 1408 1700 voluntate
1449 1645 1780 1700 contendunt
1809 1643 1990 1716 :quod
2036 1654 2160 1701 tunc
2181 1644 2368 1700 falsum
2388 1656 2552 1714 esset,
2591 1648 2639 1702 si
2686 1662 2869 1702 verum
2899 1656 3148 1718 putarent
3175 1662 3295 1704 eam
3319 1646 3588 1717 quosdam

316 1736 769 1805 perseverantiam
800 1735 1123 1806 percepisse,
1155 1745 1216 1788 ut
1244 1735 1340 1789 nisi
1364 1745 1767 1805 perseverantes
1796 1750 1917 1791 esse
1939 1752 2045 1790 non
2075 1738 2301 1805 possint.

387 1827 439 1880 7.
474 1825 601 1880 Inde
628 1834 712 1880 est
739 1825 881 1896 quod
908 1834 962 1879 et
991 1826 1118 1880 illud
1146 1827 1344 1894 pariter
1371 1842 1474 1880 non
1500 1825 1765 1895 accipiunt
1783 1868 1799 1893 ,
1833 1835 1889 1880 ut
1915 1826 2275 1896 eligendorum
2306 1827 2820 1898 rejieiendorutnque
2848 1842 2967 1884 esse
2995 1827 3272 1884 deﬁnitum
3300 1842 3582 1883 numerum

314 1917 512 1972 velint‘
543 1934 557 1970 :
599 1928 759 1987 atque
787 1919 926 1971 illius
945 1918 1224 1973 sententia:
1249 1917 1659 1987 expositionem,
1688 1934 1797 1973 non
1821 1934 1938 1974 eam
1963 1934 2081 1990 qua:
2110 1935 2137 1973 a
2169 1928 2220 1974 te
2244 1929 2327 1986 est
2369 1921 2681 1992 deprompta
2711 1922 2999 1990 suscipiant
3026 1962 3039 1985 ,
3067 1922 3119 1975 id
3145 1930 3227 1975 est
3249 1962 3265 1987 ,
3297 1930 3355 1975 ut
3378 1919 3591 1975 nonnisi

314 2024 502 2065 omnes
540 2008 786 2064 homines
814 2010 989 2065 salvos
1018 2009 1130 2064 fieri
1152 2010 1278 2063 velit
1310 2025 1325 2074 ;
1354 2019 1403 2063 et
1436 2025 1542 2064 non
1582 2025 1675 2064 eos
1714 2018 1916 2064 tantum
1954 2012 2055 2080 qui
2088 2009 2155 2064 ad
2201 2020 2503 2064 sanctorum
2546 2026 2824 2065 numerum
2862 2011 3239 2081 pertinebunt,
3271 2011 3363 2066 sed
3404 2000 3591 2067 omnes

314 2102 532 2159 omnino
552 2141 570 2165 ,
600 2108 660 2155 ut
687 2100 864 2155 nullus
897 2100 1155 2156 habeatur
1182 2109 1456 2170 exceptus.
1489 2099 1599 2158 Nec
1626 2100 1728 2154 hoc
1759 2100 2047 2155 timendum
2067 2142 2082 2167 ,
2109 2101 2249 2171 quod
2279 2100 2491 2171 quidam
2520 2116 2585 2155 eo
2610 2102 2779 2155 invito
2804 2103 2979 2172 perire
3010 2102 3258 2156 dicantur
3286 2119 3300 2155 :
3329 2102 3425 2157 sed
3454 2117 3560 2171 quo
3579 2128 3592 2141 -

313 2192 507 2260 modo,
549 2194 733 2261 aiunt,
772 2209 876 2248 non
916 2184 1029 2248 vult
1060 2208 1092 2248 a
1121 2208 1387 2264 quoquam
1416 2192 1624 2262 peccari
1656 2191 1735 2247 vel
1766 2191 1944 2247 deseri
1980 2192 2237 2261 justitiam
2257 2235 2272 2259 ,
2322 2201 2376 2248 et
2407 2202 2580 2247 tamen
2617 2194 2813 2263 jugiter
2842 2193 2929 2247 illa
2956 2192 3220 2247 deseritur
3246 2201 3430 2246 contra
3474 2193 3592 2260 ejus

312 2283 679 2349 Voluntatem,
721 2283 1229 2352 committunturque
1268 2293 1527 2353 peccata;
1556 2284 1623 2337 ita
1667 2297 1789 2337 eum
1820 2283 2009 2338 salvari
2055 2283 2191 2337 velle
2234 2298 2421 2338 omnes
2452 2284 2728 2351 homines,
2755 2299 2876 2339 .nee
2903 2293 3075 2337 tamen
3117 2299 3302 2337 omnes
3350 2283 3595 2337 homines

314 2375 507 2431 salvari
526 2375 571 2429 '.
601 2374 928 2431 Testitnonia
965 2375 1126 2430 etiam
1154 2374 1444 2445 Scriptura:
1470 2390 1588 2444 qua:
1613 2374 1681 2428 de
1706 2373 1866 2428 Saule
1903 2374 1987 2427 vel
2013 2372 2080 2427 de
2109 2373 2270 2427 David
2313 2374 2569 2443 posuisti,
2607 2389 2712 2428 non
2743 2375 3010 2443 pertinere
3044 2383 3228 2442 putant
3251 2373 3317 2426 ad
3339 2373 3592 2442 qumstio-

318 2478 440 2523 nem
464 2509 481 2535 ,
516 2482 637 2538 qua:
667 2465 736 2521 de
764 2465 1135 2523 exhortatione
1172 2474 1416 2520 versatur
1443 2481 1458 2519 :
1489 2464 1589 2518 alia
1636 2477 1813 2519 autem
1848 2464 1914 2519 ad
1943 2464 1995 2519 id
2021 2462 2257 2519 referunt
2282 2505 2298 2532 ,
2330 2470 2389 2518 ut
2413 2480 2476 2519 ex
2519 2464 2603 2520 his
2631 2479 2749 2519 eam
2777 2467 2999 2535 gratiam
3028 2465 3288 2533 accipiant
3315 2478 3594 2518 commen-

318 2559 433 2615 dari
457 2600 474 2626 ,
517 2575 621 2629 qua
664 2558 1026 2629 unusquisque
1068 2568 1186 2629 post
1216 2558 1539 2612 voluntatem
1578 2557 1834 2627 juvatur;
1865 2557 1947 2613 vel
1974 2557 2041 2611 ad
2081 2557 2250 2626 ipsam
2289 2558 2618 2612 vocationem
2647 2598 2667 2624 ,
2696 2573 2814 2627 qua:
2860 2564 3142 2626 praestatur
3179 2555 3429 2626 indignis.
3478 2556 3590 2610 lloc

323 2650 468 2704 enim
521 2658 576 2704 et
632 2650 736 2705 illis
784 2649 914 2705 locis
962 2658 1173 2705 tuorum
1221 2648 1598 2720 opusculorum
1649 2657 1705 2704 et
1753 2649 1977 2704 aliorum
2005 2690 2020 2717 ,
2071 2664 2190 2720 quae
2256 2649 2502 2719 persequi
2561 2649 2778 2719 longum
2824 2657 2945 2714 est,
2993 2662 3052 2705 se
3098 2647 3463 2702 demonstrare
3509 2657 3597 2701 te-

321 2750 549 2796 stantur.
2086 2734 2095 2743 ’

389 2831 443 2886 8.
484 2831 826 2886 Parvulorum
863 2838 1039 2888 autem
1079 2847 1291 2888 causam
1316 2831 1383 2888 ad
1409 2832 1711 2903 exemplum
1748 2837 2013 2903 majorum
2055 2848 2161 2888 non
2192 2832 2461 2904 patiuntur
2491 2830 2668 2887 all‘erri
2712 2848 2727 2885 :
2766 2845 2926 2901 quam
2968 2838 3026 2884 et
3064 2836 3204 2883 tuam
3244 2827 3595 2883 Sanctitatem

314 2922 499 2977 dicunt
539 2934 758 2978 eatenus
789 2924 1028 2994 attigisse
1048 2965 1062 2988 ,
1108 2934 1162 2978 ut
1201 2913 1459 2980 incertum
1500 2939 1620 2979 esse
1648 2924 1882 2978 volueris
1903 2965 1920 2990 ,
1961 2940 2029 2980 ac
2069 2924 2247 2995 potius
2270 2923 2339 2978 de
2365 2939 2550 2978 eorum
2582 2922 2752 2992 poenis
2778 2922 3028 2976 malueris
3054 2920 3305 2975 dubitari.
3343 2920 3494 2986 Quod
3540 2921 3594 2976 in

312 3015 453 3071 libro
482 3018 637 3070 tertio
666 3016 734 3071 de
776 3015 969 3071 Libero
995 3016 1227 3071 Arbitrio
1256 3016 1325 3069 ita
1362 3016 1588 3085 positum
1617 3015 1931 3082 meministi,
1963 3026 2021 3072 ut
2059 3017 2196 3072 hanc
2229 3017 2309 3071 eis
2331 3016 2667 3072 occasionem
2698 3013 2931 3084 potuerit
2971 3014 3244 3069 exhibere.
3271 3012 3385 3067 Hoc
3428 3015 3588 3069 etiam

310 3108 380 3162 de
402 3110 632 3162 aliorum
664 3108 850 3174 libris,
902 3124 1127 3179 quorum
1166 3118 1250 3162 est
1279 3108 1330 3162 in
1362 3107 1599 3163 Ecclesia
1643 3111 1931 3164 auctoritas
1957 3150 1973 3173 ,
2012 3108 2210 3163 faciunt
2231 3108 2371 3176 quod
2396 3108 2650 3178 perspicit
2670 3107 2934 3161 Sanctitas
2965 3114 3051 3159 tua
3086 3120 3191 3159 non
3221 3121 3410 3174 parum
3441 3121 3601 3175 posse

310 3198 499 3271 juvare
527 3199 981 3266 contradictores,
1011 3199 1112 3254 nisi
1142 3199 1342 3269 majora
1363 3240 1377 3262 ,
1407 3207 1497 3253 aut
1528 3208 1674 3255 certe
1710 3201 1793 3255 vel
1818 3201 1962 3271 paria
1999 3199 2338 3272 proferantur
2364 3215 2395 3257 a
2420 3199 2593 3255 nobis.
2620 3197 2737 3253 Non
2770 3198 2911 3263 enim
2937 3204 3144 3267 ignorat
3183 3198 3595 3266 prudentissima

313 3294 483 3363 pietas
523 3304 645 3359 tua,
676 3302 881 3364 quanto
923 3294 1100 3363 plures
1126 3293 1234 3347 sint
1258 3293 1310 3345 in
1331 3291 1599 3358 Ecclesia,
1629 3293 1719 3363 qui
1752 3295 2068 3349 auctoritate
2097 3293 2369 3351 nominum
2412 3291 2466 3345 in
2511 3291 2772 3347 sententia
2802 3299 3112 3356 teneantur,
3144 3298 3237 3343 aut
3261 3304 3291 3342 a
3324 3291 3588 3345 sententia

313 3385 727 3440 transferantur.
760 3385 842 3439 Ad
864 3401 1126 3440 summam
1150 3425 1168 3452 ,
1199 3384 1429 3458 fatigatis
1453 3384 1700 3439 omnibus
1725 3384 1879 3439 nobis
1903 3426 1917 3449 ,
1946 3384 2012 3440 ad
2043 3385 2092 3438 id
2126 3385 2427 3455 prosecutio
2449 3398 2634 3438 eorum
2659 3424 2674 3449 ,
2706 3383 2790 3439 vel
2819 3382 2994 3452 potius
3018 3381 3235 3451 querela
3258 3383 3594 3437 convertitur

314 3477 770 3531 consentientibus
794 3477 954 3532 etiam
997 3475 1121 3543 his,
1150 3476 1243 3548 qui
1271 3478 1406 3532 hanc
1432 3475 1796 3531 definitionem
1824 3475 2128 3546 improbare
2155 3490 2260 3529 non
2305 3474 2536 3538 audent,
2577 3482 2630 3528 ut
2671 3473 2890 3529 dicant:
2918 3473 3056 3540 Quid
3098 3489 3232 3542 epos
3270 3473 3369 3528 fuit
3397 3473 3586 3543 hujus-

318 3568 527 3623 cemodi
556 3568 925 3638 disputationis
967 3569 1172 3626 incerto
1218 3576 1298 3625 tot
1343 3569 1516 3624 minus
1548 3567 1952 3638 intelligentium
1981 3566 2142 3621 corda
2173 3566 2373 3621 turbari
2408 3564 2433 3618 ἲ
2478 3566 2660 3635 Neque
2691 3566 2833 3620 enim
2873 3566 3049 3619 minus
3090 3567 3291 3620 utiliter
3332 3567 3449 3620 sine
3497 3566 3597 3620 hac

319 3660 657 3726 definitione,
681 3662 860 3728 aiunt,
887 3669 964 3716 tot
992 3662 1149 3716 annis
1167 3676 1198 3716 a
1228 3669 1306 3716 tot
1328 3660 1730 3734 tractatoribus,
1761 3667 1839 3712 tot
1863 3657 2286 3726 przecedentibus
2311 3656 2459 3711 libris
2478 3664 2532 3711 et
2559 3656 2661 3711 tuis
2685 3663 2740 3710 et
2759 3655 2985 3710 aliorum
3009 3696 3024 3723 ,
3053 3671 3174 3710 cum
3199 3663 3386 3710 contra
3408 3655 3543 3708 alios
3563 3692 3583 3721 ,

319 3761 432 3807 tum
463 3754 694 3808 maxime
725 3761 906 3807 contra
936 3753 1248 3823 Pelagianos
1267 3793 1284 3818 ,
1320 3752 1637 3807 catholicam
1669 3748 1826 3804 fidem
1853 3747 2015 3804 fuisse
2043 3747 2340 3803 defensam.

395 3842 451 3898 9.
484 3842 611 3897 Haec
633 3883 648 3907 ,
679 3842 751 3897 mi
781 3851 963 3912 pater,
992 3850 1046 3898 et
1069 3842 1173 3897 alia
1201 3839 1664 3896 interminabiliter
1691 3838 1843 3908 plura
1862 3879 1879 3905 ,
1916 3846 1977 3893 ut
2002 3852 2209 3893 summa
2247 3852 2364 3891 mea
2391 3844 2511 3891 vota
2537 3834 2796 3891 confitear
2818 3874 2835 3901 ,
2884 3850 2981 3905 per
3009 3851 3094 3891 me
3124 3836 3334 3890 deferre
3377 3837 3598 3890 maluis-

317 3948 430 3990 sem
459 3950 475 4002 ;
504 3934 590 3990 vel
616 3974 632 3999 ,
663 3936 785 4005 quia
816 3933 919 3989 hoc
946 3948 1054 3989 non
1097 3931 1301 4001 merui,
1345 3933 1533 3987 saltem
1565 3930 1854 4001 prolixiore
1897 3937 2138 3998 tempore
2175 3928 2352 3981 omnia
2389 3928 2582 3997 quibus
2612 3937 2898 3982 moventur
2921 3966 2937 3992 ,
2974 3928 3199 3981 collecta
3227 3927 3458 3997 dirigere
3488 3943 3504 3993 ;
3538 3937 3599 3981 ut

317 4025 572 4096 quidquid
603 4026 670 4081 de
699 4026 800 4080 hac
824 4040 884 4080 re
903 4023 1287 4080 contradicitur
1310 4034 1573 4094 quatenus
1598 4022 1768 4077 refelli
1787 4062 1802 4084 ,
1830 4022 1946 4088 vel,
1980 4020 2024 4075 si
2054 4018 2105 4074 id
2132 4035 2238 4074 non
2269 4029 2474 4089 potest,
2505 4018 2716 4073 tolerari
2744 4018 2996 4083 deberet,
3036 4018 3273 4073 audirem
3308 4038 3322 4074 :
3355 4018 3448 4075 sed
3475 4020 3600 4089 quia

319 4130 567 4177 neutrum
597 4133 663 4172 ex
688 4126 816 4174 voto
846 4118 1125 4188 provenit,
1155 4115 1317 4171 malui
1344 4114 1613 4187 quomodo
1640 4114 1784 4184 potui
1808 4112 1923 4168 haec
1948 4111 2335 4182 comprehensa
2360 4110 2619 4181 dirigere,
2647 4125 2804 4180 quam
2836 4111 3043 4178 penitus
3067 4111 3134 4165 de
3166 4119 3309 4165 tanta
3340 4126 3599 4181 querunt-

319 4211 445 4266 dam
484 4209 905 4266 contradictione
931 4209 1177 4265 reticere.
1217 4207 1352 4264 Sunt
1390 4223 1457 4263 ex
1500 4215 1650 4277 parte
1674 4205 1806 4261 tales
1842 4219 2083 4274 persona:
2107 4245 2122 4268 ,
2148 4212 2207 4258 ut
2230 4201 2315 4259 his
2339 4202 2723 4258 consuetudine
2751 4202 3106 4258 ecclesiastica
3136 4202 3299 4258 laicos
3329 4218 3595 4258 summam

322 4294 678 4356 reverentiam
708 4314 930 4356 necesse
953 4300 1022 4354 sit
1049 4298 1322 4355 exhibere.
1351 4296 1504 4366 Quod
1534 4297 1750 4367 quidem
1799 4297 1870 4350 ita
1910 4295 2212 4350 curavimus
2257 4295 2365 4349 Deo
2383 4294 2603 4364 juvante
2630 4307 2866 4360 servare,
2901 4302 2978 4356 ut,
3010 4309 3130 4348 cum
3160 4308 3297 4363 opus
3325 4293 3443 4359 fuit,
3489 4310 3597 4349 non

328 4400 627 4446 taceremus
651 4406 768 4461 qua:
791 4391 856 4446 ad
876 4391 1181 4461 quaestionis
1206 4389 1363 4460 hujus
1382 4389 1732 4445 assertionem
1757 4387 2016 4457 exiguitas
2042 4395 2344 4441 nostrarum
2382 4384 2571 4440 virium
2600 4386 2935 4456 suggerebat.
2962 4386 3066 4441 Sed
3099 4401 3240 4442 nunc
3268 4390 3596 4452 summatim,

329 4491 586 4551 quantum
616 4480 882 4536 festinatio
911 4480 1187 4551 perlatoris
1215 4480 1461 4544 admisit,
1488 4479 1602 4534 haec
1626 4480 1772 4533 velut
1799 4476 2190 4535 commonendo
2228 4477 2491 4547 suggessi.
2520 4476 2649 4532 Tute
2677 4487 2878 4532 sancta:
2905 4477 3198 4546 prudentia:
3232 4486 3316 4534 est
3341 4478 3604 4549 diSpicere

329 4573 458 4643 quid
502 4572 644 4628 facto
668 4587 802 4642 opus
829 4572 932 4639 sit,
956 4582 1014 4627 ut
1041 4573 1227 4628 talium
1256 4581 1311 4629 et
1340 4581 1609 4628 tantorum
1635 4578 1915 4640 superetur
1940 4569 2022 4624 vel
2069 4578 2397 4638 temperetur
2439 4569 2683 4623 intentio.
2724 4569 2819 4623 Cui
2854 4584 2954 4638 ego
2976 4569 3086 4639 jam
3116 4586 3302 4639 parum
3353 4573 3608 4641 prodesse

327 4665 583 4721 existimo
615 4675 666 4719 te
692 4664 918 4720 reddere
943 4665 1197 4720 rationem
1221 4705 1239 4733 ,
1285 4665 1387 4720 nisi
1421 4674 1472 4720 et
1502 4664 1728 4719 addatur
1766 4664 2056 4718 auctoritas
2102 4677 2258 4731 quam
2300 4661 2596 4730 transgredi
2638 4662 3031 4733 infatigabiliter
3077 4666 3405 4719 contentiosa
3446 4667 3606 4722 corda

325 4771 436 4813 non
476 4756 708 4825 possint.
734 4754 839 4811 Sed
867 4755 1025 4826 plane
1063 4756 1192 4811 illud
1220 4767 1396 4813 tacere
1421 4772 1528 4810 non
1557 4756 1756 4823 debeo,
1785 4753 1925 4823 quod
1970 4769 2030 4809 se
2055 4753 2234 4808 dicant
2260 4760 2402 4807 tuam
2443 4753 2789 4809 Sanctitatem
2810 4794 2826 4821 ,
2858 4754 2957 4809 hoc
2986 4765 3239 4826 excepto,
3270 4758 3321 4810 in
3364 4756 3516 4813 factis
3555 4769 3611 4816 et

325 4843 485 4899 dictis
509 4844 758 4899 omnibus
785 4844 1055 4899 admirari.
1090 4846 1261 4901 Tuum
1284 4848 1384 4902 erit
1418 4846 1710 4902 decernere
1739 4844 2008 4914 quomodo
2033 4845 2104 4899 sit
2132 4846 2182 4898 itt
2206 4844 2307 4898 hoc
2338 4858 2524 4899 eorum
2552 4845 2906 4901 contradictio
2935 4848 3233 4903 toleranda.
3260 4849 3369 4904 Nec
3389 4840 3610 4907 mireris

327 4936 469 5006 quod
495 4936 654 4992 aliter
680 4936 766 4992 vel
791 4937 966 5007 aliqua
994 4939 1047 4993 in
1076 4937 1178 4993 hac
1200 4938 1424 5008 epistola
1449 4936 1629 4992 addidi
1654 4977 1670 5004 ,
1710 4945 1963 5006 quantum
1989 4944 2145 5005 puto,
2175 4950 2297 5005 quae
2325 4935 2377 4990 in
2408 4935 2682 5005 superiore
2725 4951 2830 4990 non
2880 4937 3119 4993 dixeram
3149 4955 3162 5005 ;
3195 4941 3315 4995 talis
3343 4951 3426 4997 est
3459 4941 3604 4997 enim

304 5086 307 5089 λ
329 5043 472 5085 nunc
495 5043 682 5084 eorum
706 5028 946 5085 deﬁnitio
964 5071 981 5097 ,
1012 5038 1209 5100 prmter
1234 5031 1322 5086 illa
1348 5045 1467 5102 qua:
1497 5045 1593 5099 per
1621 5028 2014 5084 festinationem
2040 5038 2132 5081 aut
2154 5026 2476 5082 oblivionem
2506 5026 2734 5081 fortasse
2761 5029 3013 5099 praeterii.

408 5119 493 5174 lt).
533 5120 721 5175 Libros
742 5162 758 5186 ,
790 5135 911 5175 cum
941 5121 1069 5176 editi
1098 5120 1327 5187 fuerint,
1349 5135 1484 5191 quos
1509 5120 1578 5176 de
1603 5121 1851 5174 universo
1880 5134 2047 5190 Opere
2071 5131 2162 5172 tuo
2192 5119 2401 5173 moliris
2431 5119 2532 5191 (a),
2563 5134 2746 5188 qu:l:so
2777 5118 2972 5175 habere
2995 5136 3297 5178 mereamur
3322 5141 3337 5188 ;
3377 5126 3612 5180 maxime

332 5218 395 5263 ut
421 5224 519 5280 per
541 5225 725 5265 eorum
755 5213 1125 5273 auctoritatem
1144 5253 1162 5279 ,
1191 5214 1235 5267 si
1265 5228 1371 5282 qua
1400 5212 1494 5267 tibi
1523 5213 1576 5266 in
1604 5211 1707 5266 tuis
1730 5210 2013 5280 displicent
2032 5253 2047 5274 ,
2087 5225 2117 5265 a
2145 5210 2402 5279 dignitate
2442 5212 2513 5265 tui
2549 5212 2786 5268 nominis
2811 5218 2921 5282 jam
2955 5229 3058 5268 non
3089 5215 3277 5285 trepidi
3304 5228 3613 5287 sequestre-

333 5315 475 5356 Inus.
502 5300 717 5356 Librum
743 5303 904 5359 etiam
928 5304 996 5359 de
1017 5304 1199 5360 Gratia
1228 5311 1286 5359 et
1304 5303 1500 5359 Libero
1523 5303 1760 5357 Arbitrio
1799 5318 1903 5356 non
1933 5303 2190 5358 habemus
2223 5318 2238 5367 ;
2266 5312 2511 5372 superest
2538 5312 2596 5358 ut
2625 5320 2775 5371 eum,
2809 5305 2932 5375 quia
2965 5306 3147 5360 utilem
3178 5309 3456 5376 (IllmSllOlll
3486 5324 3617 5362 con-

331 5391 581 5460 ﬁdimus,
612 5404 912 5452 mereamur
939 5397 1203 5467 accipere.
1230 5394 1366 5453 Nolo
1394 5406 1573 5453 autem
1600 5395 1867 5453 Sanctitas
1891 5404 1977 5451 tua
1998 5396 2076 5452 sic
2105 5410 2192 5450 me
2220 5395 2508 5450 arbitretur
2536 5395 2650 5478 hare
2669 5397 2933 5464 scribere,
2963 5400 3113 5468 quasi
3135 5398 3207 5478 de.
3231 5400 3295 5454 iis
3317 5416 3434 5470 qua:
3465 5414 3608 5455 nunc

329 5483 569 5554 edidisti,
600 5502 700 5558 ego
718 5489 973 5546 dubitem.
1000 5490 1241 5547 Sufficiat
1263 5490 1390 5546 mihi
1422 5504 1579 5562 poena
1616 5504 1755 5560 mea,
1783 5489 1924 5561 quod
1952 5504 1981 5544 a
2008 5488 2308 5562 prtesentiae
2337 5498 2442 5545 tua:
2474 5489 2680 5547 deliciis
2707 5493 3005 5558 exsulatns,
3039 5493 3124 5548 ubi
3168 5493 3467 5549 salubribus
3505 5494 3617 5551 tuis

396 5622 415 5685 ξ
447 5621 619 5673 Plures
638 5630 768 5685 Mss,
791 5624 960 5677 nolint.

392 5674 413 5748 ξ
453 5686 641 5748 s'nquot
662 5674 797 5746 uss;
814 5674 937 5738 aut;
952 5674 1152 5739 sum.

394 5745 470 5807 (rt)
502 5745 907 5801 Retractationum
931 5749 1075 5799 libros
1095 5749 1342 5814 intelligit.
