4102 6536
1696 320 1697 325 γ
1800 374 1856 428 S.
1896 369 2031 426 AUC
2043 367 2149 425 U81

2255 367 2259 422 ἱ
2300 364 2597 421 EPISCOPI
3720 409 3731 415 -
3757 371 3889 431 90‘

2255 483 2371 552 ipso
2394 482 2495 539 sibi
2517 497 2638 538 esse
2658 483 2800 554 quod
2820 485 3010 550 credit,
3042 485 3193 557 quasi
3219 487 3495 557 componit
3523 486 3697 545 homo
3728 501 3887 548 cum

2253 573 2387 638 Deo,
2418 582 2475 628 ut
2514 582 2717 643 partem
2759 576 2882 632 lidei
2907 577 3006 632 sibi
3038 577 3303 644 vindicet,
3333 592 3498 649 atque
3526 579 3599 636 illi
3625 588 3878 652 partem

2251 665 2514 734 relinquat
2539 683 2554 719 :
2584 675 2638 720 et
2669 667 2809 735 quod
2849 677 2931 723 est
2955 669 3183 734 elatius,
3216 672 3439 740 primam
3481 673 3616 728 tollit
3640 674 3789 742 ipse
3826 674 3880 733 ’ν

2251 764 2561 824 sequentem
2584 754 2676 809 dat
2696 756 2769 810 illi
2791 771 2806 822 ;
2828 765 2884 812 et
2902 758 2955 813 in
2977 774 3042 814 eo
3062 760 3202 828 quod
3232 761 3361 816 dicit
3384 777 3504 818 esse
3527 763 3874 829 amborum,

2250 844 2483 914 priorem
2512 859 2569 899 se
2590 843 2735 911 facit,
2767 847 3117 916 posteriorem
3146 850 3335 905 Deum.

2324 934 2546 990 CAPUT
2567 935 2654 990 lll.
2679 964 2751 975 —
2774 937 2826 990 7.
2852 936 2967 991 Non
2990 938 3068 993 sic
3090 939 3204 1008 pius
3225 948 3385 1010 atque
3412 939 3629 997 humilis
3646 940 3881 998 doctor

2253 1023 2343 1079 ille
2378 1026 2616 1095 sapiebat
2657 1044 2670 1080 :
2710 1027 3036 1099 Cyprianum
3078 1031 3443 1088 beatissimum
3484 1035 3716 1104 loquor,
3767 1034 3876 1103 qui

2252 1113 2417 1180 dixit,
2451 1131 2471 1165 ι
2508 1113 2565 1168 ln
2595 1117 2743 1171 nullo
2779 1117 3153 1186 gloriandum,
3186 1121 3401 1191 quando
3427 1132 3672 1178 nostrum
3714 1123 3875 1177 nihil

2253 1207 2324 1261 sit
2353 1224 2374 1258 ι
2412 1206 2516 1276 (Ad
2548 1207 2838 1273 Quirinum,
2871 1210 2959 1264 lib.
2988 1212 3043 1277 5,
3069 1229 3185 1283 cap.
3214 1210 3293 1286 4).
3323 1213 3476 1280 Quod
3502 1223 3557 1269 ut
3579 1214 3873 1270 ostende-

2253 1304 2356 1362 ret,
2379 1297 2618 1353 adhibuit
2640 1300 2952 1368 Apostolum
2981 1309 3169 1358 testem
3194 1303 3485 1372 dicentem,
3511 1304 3649 1373 Quid
3666 1315 3872 1359 autern

564 505 817 562 dendum.
848 495 1102 570 Quamvis
1124 495 1268 552 enim
1316 492 1508 564 raptim
1528 533 1544 560 ,
1572 487 1815 563 quamvis
1861 487 2141 542 celerrime

560 595 815 653 credendi
856 593 1182 647 voluntatem
1231 588 1473 659 quasdam
1503 584 1890 656 cogitationes‘
1924 589 2147 636 antevo-

564 689 707 752 lent,
733 700 969 754 moxque
1007 684 1093 738 illa
1130 685 1201 736 ita
1228 688 1511 750 sequatur,
1546 684 1603 733 ut
1637 674 1788 746 quasi
1820 673 2146 776 conjunctis-

564 778 698 833 sima
735 777 1056 839 comitetur;
1102 786 1321 827 necesse
1361 778 1651 825 esttamen
1692 774 1752 820 ut
1795 774 1974 819 omnia
2025 778 2146 834 quas

564 865 886 933 creduntur,
916 862 1271 933 praeveniente
1297 859 1616 930 cogitatione
1634 847 1938 911 credantur.
1967 853 2145 920 Quan-

566 970 724 1026 quam
747 963 802 1010 et
826 954 998 1023 ipsum
1040 953 1293 1017 credere,
1323 949 1452 1004 nihil
1479 946 1622 1002 aliud
1673 955 1790 1009 est,
1839 960 1996 1014 quam
2022 960 2144 998 enm

565 1047 874 1103 assensione
898 1045 1151 1114 cogitare.
1176 1043 1292 1097 Non
1307 1042 1449 1097 enim
1470 1039 1645 1096 omnis
1668 1038 1757 1108 qui
1783 1037 1997 1106 cogitat,
2026 1051 2148 1090 cre-

566 1140 678 1203 dit;
731 1153 851 1192 eum
893 1135 1015 1190 ideo
1044 1135 1280 1204 cogitent
1331 1132 1601 1202 plerique,
1636 1144 1703 1183 ne
1751 1127 1973 1182 credant
2004 1143 2018 1178 :
2050 1125 2144 1180 sed

566 1229 765 1298 cogitat
790 1225 962 1281 omnis
981 1223 1073 1293 qui
1096 1223 1299 1288 credit,
1323 1231 1378 1277 et
1396 1220 1665 1277 credendo
1701 1219 1936 1288 cogitat,
1973 1224 2028 1271 et
2055 1232 2147 1273 co-

564 1318 782 1388 gitando
832 1314 1018 1370 credit.
1065 1312 1218 1379 Quod
1255 1328 1384 1382 ergo
1432 1311 1661 1381 pertinet
1712 1308 1780 1362 ad
1835 1308 2145 1378 religionem

566 1415 724 1475 atque
752 1405 1000 1474 pietatem
1019 1402 1109 1475 (de
1133 1418 1235 1471 qua
1262 1402 1576 1471 loquebatur
1602 1398 1945 1469 Apostolus),
1970 1398 2015 1452 si
2041 1413 2148 1453 non

565 1510 749 1550 sumus
765 1494 939 1548 idonei
954 1492 1188 1562 cogitare
1224 1489 1421 1560 aliquid
1446 1490 1595 1559 quasi
1624 1503 1690 1542 ex
1717 1486 2143 1556 nobismetipsis,

565 1585 659 1640 sed
688 1583 1002 1638 sufficientia
1021 1592 1198 1636 nostra
1225 1596 1290 1635 ex
1309 1581 1419 1634 Deo
1438 1589 1551 1644 est;
1574 1578 1811 1648 profecto
1834 1592 1942 1631 non
1964 1592 2148 1631 smnus

567 1673 743 1729 idonei
782 1672 1004 1728 credere
1031 1670 1230 1741 aliquid
1259 1669 1411 1739 quasi
1431 1684 1497 1724 ex
1536 1667 1966 1736 nobismetipsis,
2007 1666 2147 1737 quod

566 1766 683 1821 sine
701 1766 1019 1835 cogitatione
1046 1778 1148 1818 non
1168 1775 1451 1832 possumus
1465 1801 1481 1827 ,
1515 1759 1609 1815 sed
1628 1758 1945 1814 sufﬁcientia
1967 1768 2148 1814 nostra

477 1858 483 1919 ε
566 1872 669 1926 qua
699 1856 922 1911 credere
960 1854 1273 1925 incipiamus
1292 1892 1308 1915 ,
1337 1867 1404 1906 ex
1441 1851 1551 1905 Deo
1575 1858 1678 1905 est.
1709 1848 1987 1916 Quocirca,
2010 1848 2148 1904 sicut

566 1962 728 2003 nemo
769 1947 870 2001 sibi
899 1944 1094 2000 suflieit
1145 1944 1213 1999 ad
1246 1941 1604 2012 incipiendum
1647 1941 1733 1995 vel
1764 1940 2143 2010 perliciendum

567 2035 938 2106 quodcumque
956 2049 1090 2104 opus
1114 2034 1346 2098 bonum;
1377 2032 1518 2102 quod
1534 2032 1644 2100 jam
1674 2031 1761 2086 isti
1786 2030 1997 2097 fratres,
2012 2031 2150 2086 sicut

566 2135 744 2181 vestra
784 2126 983 2194 scripta
1020 2123 1256 2178 indicant
1300 2121 1392 2195 (In
1415 2121 1652 2192 Epistola
1702 2119 1923 2185 Hilarii,
1977 2137 2031 2174 η.
2069 2121 2105 2175 2
2133 2162 2148 2186 ,

566 2232 746 2287 supra,
774 2215 875 2269 col.
899 2211 1157 2285 953-954)
1177 2254 1191 2276 ,
1238 2227 1420 2267 verum
1447 2226 1569 2267 esse
1607 2212 1980 2276 consentiunt;
2010 2211 2152 2267 unde

568 2308 623 2365 in
661 2310 805 2362 omni
835 2322 1003 2378 opere
1029 2307 1170 2361 bono
1195 2314 1250 2360 et
1278 2302 1580 2374 incipiendo
1607 2314 1662 2358 et
1684 2303 2008 2373 perﬁciendo
2037 2303 2149 2357 suf-

567 2399 800 2454 ﬁcientia
828 2407 1007 2453 nostra
1037 2412 1101 2452 ex
1133 2397 1243 2450 Deo
1267 2404 1349 2449 est
1374 2413 1388 2448 :
1418 2396 1489 2449 ita
1530 2410 1690 2450 nemo
1714 2394 1817 2448 sibi
1845 2393 2042 2449 sufﬁcit
2067 2394 2153 2448 vel

567 2489 636 2544 ad
676 2488 1028 2558 incipiendam
1054 2487 1139 2541 vel
1158 2486 1225 2540 ad
1249 2483 1623 2555 perficiendam
1649 2483 1836 2549 fidem,
1877 2485 1975 2539 sed
2002 2483 2152 2538 sufli-

566 2582 762 2636 cientia
786 2591 972 2635 nostra
1019 2596 1086 2634 ex
1116 2580 1226 2633 Deo
1248 2587 1368 2633 est:
1397 2577 1647 2646 quoniam
1675 2576 1811 2631 ﬁdes
1839 2576 1883 2630 si
1913 2592 2018 2631 non
2057 2590 2153 2630 co-

566 2671 764 2741 gitetur
783 2711 799 2736 ,
825 2671 968 2724 nulla
985 2680 1096 2731 est;
1116 2677 1170 2722 et
1190 2683 1294 2721 non
1312 2683 1495 2721 sumus
1517 2667 1693 2721 idonei
1708 2667 1941 2736 cogitare
1952 2665 2153 2735 aliquid

568 2760 722 2830 quasi
746 2774 815 2814 ex
842 2757 1272 2826 nobismetipsis,
1296 2757 1390 2812 sed
1410 2756 1727 2812 suflicientia
1751 2764 1932 2811 nostra
1956 2772 2022 2811 ex
2046 2757 2155 2811 Deo

569 2859 674 2907 est.

642 2940 696 2995 6.
726 2938 1035 2995 Cavendum
1059 2947 1161 3005 est,
1185 2939 1379 2994 fratres
1402 2937 1579 2993 dilecti
1602 2952 1633 2991 a
1662 2938 1788 2999 Deo,
1818 2952 1889 2992 ne
1914 2937 2075 2992 homo
2094 2952 2154 2992 se

571 3030 794 3086 extollat
831 3029 1088 3085 adversus
1115 3029 1304 3093 Deum,
1346 3043 1469 3082 eum
1511 3042 1572 3081 se
1617 3026 1747 3081 dicit
1786 3026 1977 3081 facere
2009 3027 2155 3097 quod

568 3121 817 3194 promisit
863 3122 1024 3176 Deus.
1067 3119 1255 3174 Nonne
1298 3118 1433 3173 fides
1472 3118 1710 3187 gentium
1756 3119 2019 3186 promissa
2069 3126 2156 3174 est

568 3213 822 3281 Abrahae,
851 3220 908 3268 et
933 3212 1023 3267 ille
1046 3210 1181 3266 dans
1205 3211 1428 3280 gloriam
1453 3210 1582 3275 Deo,
1604 3209 1912 3279 plenissime
1931 3210 2156 3265 credidit

565 3305 817 3375 quoniam
848 3303 991 3372 quod
1016 3304 1037 3334 ³
1067 3303 1343 3372 promisit,
1372 3312 1561 3372 p0tens
1584 3311 1664 3355 est
1690 3311 1745 3357 et
1769 3301 1944 3358 facere
1973 3301 2151 3372 (Rom.

567 3409 652 3459 Iv,
673 3393 774 3459 9,0,
804 3392 934 3463 21)?
962 3392 1078 3462 Ipse
1106 3393 1264 3461 igitur
1290 3391 1447 3445 ﬁdem
1474 3392 1713 3462 gentium
1744 3391 1901 3457 facit,
1933 3393 2022 3461 qui
2056 3408 2153 3461 po-

569 3492 690 3538 tens
708 3494 789 3538 est
810 3482 986 3537 facere
1006 3483 1145 3550 quod
1176 3482 1436 3552 promisit.
1462 3482 1650 3549 Porro,
1674 3482 1719 3536 si
1743 3492 1992 3552 operatur
2013 3484 2153 3538 Deus

567 3571 728 3627 ﬁdem
754 3580 1025 3638 nostram,
1054 3573 1190 3626 miro
1218 3573 1378 3627 modo
1403 3587 1566 3642 agens
1599 3576 1652 3626 in
1681 3574 1932 3629 cordibus
1957 3576 2153 3631 nostris

567 3669 630 3716 ut
653 3660 936 3716 credamus
960 3678 975 3725 ;
1007 3662 1262 3731 numquid
1286 3662 1631 3717 metuendum
1659 3673 1744 3719 est
1771 3680 1841 3719 ne
1869 3675 2036 3720 totum
2075 3667 2155 3722 fa-

567 3766 694 3808 cere
720 3766 825 3806 non
852 3753 1043 3821 possit,
1071 3761 1128 3807 et
1148 3752 1268 3807 ideo
1294 3753 1456 3808 homo
1479 3754 1580 3808 sibi
1609 3755 1810 3824 primas
1837 3757 1952 3826 ejus
1971 3759 2148 3813 vindi-

569 3854 657 3899 cat
684 3853 863 3913 partes
880 3884 895 3907 ,
927 3852 982 3897 ut
1010 3844 1328 3900 novissimas
1353 3846 1422 3899 ab
1451 3846 1543 3901 illo
1569 3848 1813 3917 accipere
1841 3853 2149 3907 mereatur?

566 3934 762 3991 Videte
787 3936 831 3989 si
859 3935 1002 3990 aliud
1040 3936 1217 4006 agitur
1251 3936 1356 3990 isto
1391 3938 1569 4002 modo,
1613 3939 1717 3993 nisi
1754 3950 1813 3995 ut
1848 3944 2015 4009 gratia
2056 3944 2150 3999 Dei

566 4025 863 4081 secundum
888 4026 1080 4081 merita
1108 4036 1290 4080 nostra
1319 4025 1474 4081 detur
1502 4029 1744 4098 quolibet
1768 4031 1949 4096 modo,
1982 4048 2048 4089 ac
2072 4034 2152 4090 sic

566 4116 735 4188 gratia
750 4116 862 4186 jam
893 4133 999 4171 non
1023 4117 1093 4171 sit
1115 4116 1303 4187 gratia.
1334 4117 1596 4174 Redditur
1616 4135 1847 4192 namque
1873 4123 1975 4179 hoc
1997 4134 2150 4194 pacto

565 4205 766 4272 debita,
789 4222 896 4261 non
917 4206 1144 4261 donatur
1161 4207 1327 4277 gratis
1356 4225 1370 4261 :
1398 4207 1623 4264 debetur
1641 4212 1786 4266 enim
1806 4214 2064 4280 credenti,
2091 4229 2150 4272 ut

566 4314 599 4353 a
625 4299 851 4354 Domino
876 4300 987 4369 ipsa
1019 4298 1152 4354 fides
1174 4302 1292 4368 ejus
1321 4309 1595 4369 augeatur,
1621 4312 1676 4357 et
1696 4304 1768 4357 sit
1795 4319 2002 4361 merces
2027 4307 2150 4363 lidei

566 4397 760 4460 emptae
784 4388 919 4444 ﬁdes
944 4398 1134 4453 aucta;
1164 4404 1267 4444 nec
1292 4390 1605 4457 attenditur,
1632 4407 1754 4448 cum
1794 4394 1896 4450 hoc
1931 4396 2145 4466 dicitur,

567 4489 676 4529 non
701 4471 994 4529 secundum
1015 4474 1262 4542 gratiam,
1285 4473 1382 4528 sed
1406 4476 1698 4531 secundum
1727 4477 1963 4535 debitum
1993 4482 2148 4538 istam

565 4563 871 4620 mercedem
898 4564 1234 4620 credentibus
1261 4564 1531 4635 imputari.
1559 4570 1668 4623 Cur
1702 4580 1879 4625 autem
1921 4587 2025 4627 non
2065 4584 2151 4629 to-

567 4662 681 4708 tum
722 4652 983 4708 tribuatur
1025 4653 1265 4720 homini,
1305 4664 1364 4709 ut
1400 4656 1491 4725 qui
1527 4657 1627 4712 sibi
1667 4660 1835 4727 potuit
1871 4661 2150 4719 instituere

570 4742 715 4815 quod
740 4759 847 4798 non
873 4742 1121 4809 habebat,
1148 4745 1261 4815 ipse
1282 4746 1424 4816 quod
1446 4747 1674 4803 instituit
1699 4759 1910 4818 augeat,
1932 4756 2151 4809 omnino

571 4850 682 4890 non
707 4834 864 4890 video
893 4852 907 4889 :
935 4836 1037 4889 nisi
1066 4836 1186 4906 quia
1208 4840 1380 4893 resisti
1412 4856 1516 4894 non
1549 4852 1726 4910 potest
1752 4843 1946 4900 divinis
1974 4848 2149 4902 mani-

568 4925 871 4981 festissimis
900 4926 1237 4993 testimoniis,
1268 4928 1460 4998 quibus
1498 4941 1552 4986 et
1589 4933 1741 5001 fides,
1771 4937 1914 4992 unde
1940 4939 2153 5008 pietatis

570 5017 848 5074 exordium
890 5020 1120 5075 sumitur
1164 5019 1207 5085 ³,
1253 5021 1448 5076 donum
1499 5024 1589 5079 Dei
1628 5042 1749 5083 esse
1791 5040 2148 5098 monstratur;

569 5109 729 5178 quale
751 5118 830 5164 est
861 5110 1012 5176 illud,
1039 5111 1180 5181 quod
1208 5112 1476 5184 unicuique
1506 5116 1641 5171 Deus
1671 5122 1884 5190 partitus
1908 5133 1982 5176 est
2007 5140 2151 5178 men-

568 5215 742 5254 suram
760 5199 882 5270 ﬁdei
915 5199 1023 5270 (Id.
1056 5217 1147 5268 χιι,
1176 5200 1264 5275 5);
1294 5213 1348 5258 et
1377 5205 1522 5274 illud,
1555 5207 1672 5263 Pax
1696 5213 2008 5281 [γαπ-ὥνια
2029 5218 2152 5270 clta-

567 5290 695 5345 ritas
733 5306 849 5345 cum
888 5290 990 5360 ﬁde
1026 5307 1059 5344 a
1096 5290 1204 5346 Deo
1247 5291 1404 5349 Patre
1440 5307 1487 5351 et
1523 5296 1743 5354 Domino
1784 5300 1910 5358 Iesu
1947 5304 2150 5363 Christo

569 5379 785 5452 (Ephes.
815 5377 1060 5453 vr,-23);
1089 5391 1143 5437 et
1166 5392 1361 5441 caetera
1384 5386 1528 5441 talia.
1558 5387 1757 5446 Nolcns
1782 5407 1910 5462 ergo
1931 5393 2014 5448 his
2042 5406 2148 5451 tam

568 5472 727 5529 claris
764 5473 1081 5529 testimoniis
1119 5490 1448 5548 repugnare,
1489 5488 1544 5535 et
1581 5488 1759 5537 tamen
1798 5485 1988 5541 volens
2021 5503 2053 5542 a
2091 5504 2152 5545 se

532 5680 535 5683 .
630 5647 654 5728 ξ
674 5646 976 5728 plin-[quiim-
999 5652 1214 5728 pntiorcs
1230 5654 1606 5728 assecutum
1624 5666 1805 5711 sancta:
1826 5662 2147 5728 cogitationes.

630 5710 776 5775 fam.
804 5710 854 5761 et
878 5717 974 5769 Er.,
998 5710 1097 5775 qui.
1119 5719 1245 5775 Mss,
1270 5710 1396 5775 quin;

631 5769 654 5804 ⁸
674 5778 776 5819 Am.
801 5778 854 5822 et
873 5778 969 5833 ita,
992 5769 1120 5823 unde
1135 5769 1292 5837 pietas
1307 5775 1563 5828 exordimn
1581 5779 1741 5831 sumit.

2252 1387 2404 1443 habes
2425 1389 2561 1460 quod
2601 1407 2703 1444 non
2739 1392 3017 1463 accepisti?
3056 1393 3116 1449 Si
3155 1405 3324 1449 autem
3358 1405 3403 1450 et
3431 1396 3693 1463 accepisti,
3726 1397 3871 1468 quid

2251 1476 2486 1546 gloriaris
2506 1479 2649 1546 quasi
2670 1495 2770 1533 non
2790 1483 3045 1551 acceperis
3072 1484 3090 1554 (
3111 1483 3133 1538 l
3154 1482 3272 1538 Cor.
3295 1501 3370 1552 tv,
3395 1486 3487 1558 7)?
3507 1486 3626 1555 Quo
3647 1486 3872 1558 praeei-

2253 1581 2355 1636 pue
2380 1567 2685 1623 testimonio
2708 1570 2868 1626 etiam
2893 1572 3007 1642 ipse
3030 1575 3304 1630 convictus
3325 1591 3465 1645 sum,
3496 1593 3618 1634 cum
3648 1578 3869 1635 simili-

2252 1665 2336 1711 ter
2360 1672 2625 1723 errarem,
2666 1669 2857 1729 putans
2893 1662 3052 1719 fidem
3089 1680 3191 1734 qua
3230 1666 3284 1720 in
3324 1667 3492 1722 Deum
3531 1669 3866 1735 credimus,

2253 1764 2359 1804 non
2382 1765 2503 1805 esse
2519 1750 2716 1806 donum
2751 1754 2863 1821 Dei,
2887 1754 2980 1809 sed
3000 1770 3031 1809 a
3051 1757 3207 1813 nobis
3228 1773 3349 1814 esse
3375 1760 3429 1814 in
3455 1760 3633 1827 nobis,
3662 1769 3729 1816 et
3760 1776 3870 1831 per

2254 1839 2400 1893 illam
2439 1855 2539 1895 nos
2568 1842 2840 1910 impetrari
2879 1844 2976 1901 Dei
3002 1843 3142 1902 dona
3169 1848 3362 1918 quibus
3389 1859 3768 1921 temperanter
3799 1861 3867 1908 et

2251 1931 2394 2001 juste
2420 1941 2473 1988 et
2500 1933 2584 2003 pie
2603 1935 2842 1991 vivamus
2861 1935 2916 1992 in
2939 1937 3040 1993 hoc
3063 1940 3279 2017 steculo.
3303 1939 3487 2012 Neque
3514 1944 3658 1999 enim
3682 1943 3866 2000 [idem

2255 2023 2503 2092 putabam
2527 2024 2621 2078 Dei
2643 2023 2812 2095 gratia
2842 2028 3146 2097 praeveniri,
3167 2039 3229 2087 ut
3258 2046 3355 2102 per
3384 2033 3531 2089 illam
3560 2034 3727 2091 nobis
3760 2034 3868 2095 da-

2254 2122 2404 2168 retur
2448 2114 2588 2184 quod
2639 2129 2982 2184 posceremus
3029 2119 3264 2187 utiliter;
3313 2122 3417 2178 nisi
3454 2124 3576 2195 quia
3615 2125 3867 2182 credere

2255 2217 2359 2257 non
2387 2218 2685 2273 possemus,
2718 2206 2762 2261 si
2788 2223 2897 2263 non
2937 2211 3265 2279 pmcederet
3287 2215 3613 2283 praeconium
3643 2217 3865 2272 verita-

2258 2295 2326 2351 tis
2354 2312 2368 2348 :
2400 2305 2457 2349 ut
2481 2304 2662 2352 autem
2692 2299 2982 2368 praedicato
3006 2303 3163 2359 nobis
3189 2305 3476 2375 Evangelia
3500 2310 3863 2366 consentire-

2256 2402 2397 2451 mus,
2423 2397 2667 2444 nostrum
2697 2406 2818 2447 esse
2840 2395 3137 2464 proprium,
3164 2409 3219 2452 et
3246 2399 3400 2454 nobis
3436 2415 3504 2456 ex
3543 2403 3699 2458 nobis
3726 2417 3863 2458 esse

2257 2479 2577 2535 arbitrabar.
2617 2481 2789 2550 Quem
2819 2499 2999 2540 meum
3026 2502 3265 2544 errorem
3303 2491 3559 2549 nonnulla
3585 2494 3863 2563 opuscula

2226 2606 2233 2611 .
2259 2584 2379 2625 mea
2409 2572 2540 2625 satis
2568 2571 2825 2639 indicant,
2855 2583 2983 2631 ante
3008 2578 3373 2649 episcopatum
3411 2596 3590 2658 meum
3620 2584 3858 2654 scripta.

2260 2661 2318 2716 ln
2346 2663 2538 2731 quibus
2556 2673 2639 2719 est
2657 2664 2787 2720 illud
2807 2668 2949 2736 quod
2972 2674 3432 2728 commemorastis
3453 2675 3505 2729 in
3528 2674 3723 2731 litteris
3753 2691 3863 2732 ve-

2252 2754 2383 2818 stris
2401 2752 2491 2826 (In
2503 2753 2669 2824 Epist.
2687 2755 2901 2825 Hilarii,
2915 2775 2968 2812 η.
2982 2759 3042 2827 5,
3053 2777 3228 2831 supra,
3247 2763 3347 2817 col.
3361 2763 3644 2835 955—956),
3658 2767 3750 2822 ubi
3770 2775 3862 2821 est

2259 2844 2524 2913 expositio
2543 2847 2892 2916 quarumdam
2920 2851 3342 2920 propositionum
3367 2869 3431 2909 ex
3462 2855 3702 2927 Epistola
3725 2871 3861 2927 quas

2258 2933 2430 2989 estad
2451 2935 2743 2993 Romanos.
2776 2936 3039 3008 Denique,
3064 2955 3185 2994 cum
3215 2958 3336 2997 mea
3369 2955 3562 2999 cuncta
3588 2946 3858 3015 epuscula

2259 3035 2604 3083 retractarem
2623 3068 2639 3093 ,
2667 3043 2892 3099 eamque
2916 3032 3344 3089 retractationem
3383 3036 3507 3090 stilo
3545 3051 3857 3108 proseque-

2258 3134 2350 3174 rer
2370 3161 2386 3186 ,
2411 3119 2566 3190 cujus
2593 3121 2773 3190 aperis
2791 3122 2904 3192 jam
2931 3122 3069 3178 duos
3097 3124 3431 3182 absolveram
3459 3128 3625 3183 libros
3644 3170 3660 3195 ,
3686 3141 3857 3186 ante-

2258 3223 2417 3278 quam
2445 3210 2641 3279 scripta
2668 3222 2845 3266 vestra
2875 3212 3163 3282 prolixiora
3198 3216 3542 3285 sumpsissem
3565 3259 3582 3284 ,
3613 3234 3735 3273 curn
3778 3219 3858 3273 ad

2260 3286 2402 3351 hunc
2427 3297 2619 3353 librum
2646 3300 3045 3356 retractandum
3074 3304 3127 3358 in
3159 3305 3328 3373 primo
3356 3306 3625 3362 volumine
3653 3324 3856 3378 perve—

2258 3387 2457 3444 nissem
2482 3428 2499 3455 ,
2530 3390 2609 3445 sic
2646 3390 2771 3445 inde
2808 3391 3018 3448 locutus
3046 3409 3164 3449 sum
3198 3413 3212 3452 :
3250 3414 3270 3448 ‹
3309 3396 3436 3453 Item
3465 3397 3744 3467 disputans
3770 3439 3789 3463 ,
3825 3418 3848 3452 ι

2259 3478 2473 3548 inquam
2500 3522 2515 3543 ,
2547 3498 2566 3532 α
2602 3482 2730 3551 quid
2758 3481 2985 3554 elegerit
3023 3486 3160 3541 Deus
3197 3487 3252 3542 in
3290 3488 3526 3544 nondum
3558 3500 3681 3545 nato
3709 3532 3727 3556 ,
3757 3492 3852 3546 cui

2256 3567 2390 3623 dixit
2427 3571 2747 3626 serviturum
2791 3588 2913 3629 esse
2967 3575 3264 3646 majorem;
3305 3587 3361 3634 et
3396 3580 3524 3650 quid
3561 3580 3611 3635 in
3650 3581 3852 3636 eodem

2254 3658 2458 3727 majore
2496 3660 2741 3716 similiter
2776 3664 3012 3719 nondum
3040 3676 3164 3721 nato
3189 3670 3560 3738 reprobaverit
3587 3689 3600 3725 :
3628 3671 3695 3726 de
3720 3673 3853 3742 qni-
3922 3732 3931 3747 μ

2261 3748 2361 3803 bus
2408 3760 2630 3819 prepter
2683 3753 2787 3808 hoc
2836 3768 3289 3815 commemoratur
3315 3801 3332 3826 ,
3386 3762 3632 3832 quamvis
3682 3764 3852 3834 longe

2258 3850 2444 3907 postea
2486 3842 2754 3909 prolatum
2778 3885 2793 3909 ,
2840 3847 3205 3916 propheticum
3244 3852 3604 3906 testimonium
3627 3895 3641 3916 ,
3679 3852 3852 3909 Jacob

2257 3927 2440 3994 dilexi,
2471 3928 2612 3984 Esau
2634 3942 2803 3986 autem
2833 3934 2950 3988 odio
2977 3937 3129 3991 habui
3157 3936 3333 4009 (Rom.
3359 3955 3434 4007 lx,
3475 3942 3575 4007 l3;
3608 3941 3848 3998 Halaclt.

2257 4034 2293 4084 ι,
2326 4018 2419 4092 5);
2456 4021 2525 4077 ad
2560 4022 2661 4078 hoc
2689 4025 2909 4092 perduxi
2935 4028 3432 4098 ratiocinationem,
3461 4043 3523 4087 ut
3553 4033 3799 4090 dicerem
3832 4052 3847 4089 :

2254 4109 2373 4167 Non
2393 4127 2520 4182 ergo
2539 4113 2703 4183 elegit
2726 4114 2864 4170 Dens
2884 4129 3046 4184 opera
3066 4118 3379 4189 cujusquam
3401 4123 3452 4176 in
3475 4125 3758 4192 praeseient
3771 4127 3849 4191 ia,

2255 4215 2376 4269 qua:
2411 4202 2526 4271 ipse
2554 4202 2774 4256 daturus
2802 4213 2914 4269 est;
2947 4206 3041 4260 sed
3068 4207 3227 4262 (idem
3263 4211 3425 4281 elegit
3464 4212 3517 4265 in
3543 4215 3852 4281 praescion—

2257 4291 2349 4357 tia,
2373 4301 2598 4360 utquem
2612 4291 2712 4346 sibi
2725 4293 3047 4348 crediturum
3067 4310 3188 4352 esse
3213 4302 3495 4368 pratscivit,
3526 4302 3697 4371 ipsum
3728 4305 3853 4360 cle-

2253 4380 2392 4450 gerit
2410 4382 2453 4447 ’,
2475 4382 2559 4435 eni
2577 4380 2835 4450 Spiritum
2853 4395 3095 4440 sanctum
3114 4378 3293 4455 daret:
3309 4400 3366 4443 ut
3385 4390 3523 4446 bona
3541 4395 3845 4463 operando,

2255 4471 2416 4527 etiam
2437 4481 2691 4527 astet-nam
2713 4474 2874 4528 vitam
2895 4489 3335 4549 consequeretur.
3348 4481 3595 4539 Nondum
3612 4486 3848 4556 diligen-

2257 4561 2361 4617 tius
2386 4562 2735 4631 quaesiveram
2758 4605 2775 4630 ,
2816 4580 2919 4621 nec
2958 4567 3134 4624 adhuc
3170 4569 3515 4640 inveneram,
3557 4576 3731 4645 qualis
3768 4580 3846 4632 sit

2255 4652 2444 4708 electio
2471 4655 2685 4724 gratiae;
2710 4655 2780 4712 de
2808 4672 2908 4727 qua
2935 4658 3077 4716 idem
3101 4660 3226 4716 dicit
3248 4665 3526 4732 apostolus
3543 4708 3559 4732 ,
3588 4666 3847 4738 Reliquit:

2255 4761 2345 4815 per
2367 4744 2656 4801 electionem
2687 4749 2869 4819 gratia:
2898 4752 3053 4805 salvae
3075 4752 3226 4822 facta
3257 4766 3375 4811 sunt
3410 4755 3586 4829 (Rom.
3617 4774 3705 4824 xl,
3735 4760 3794 4829 5)
3825 4777 3839 4815 :

2254 4849 2375 4903 quae
2404 4835 2586 4904 utique
2609 4852 2716 4892 non
2746 4847 2830 4893 est
2853 4841 3045 4909 gratia,
3074 4843 3121 4897 si
3148 4858 3268 4899 eam
3293 4849 3483 4903 merita
3504 4848 3612 4905 ulla
3639 4865 3842 4919 pmice-

2254 4921 2383 4976 dant
2410 4940 2423 4974 :
2464 4939 2531 4979 ne
2561 4924 2671 4993 jam
2700 4928 2842 4997 quod
2871 4928 3064 4997 datur,
3097 4948 3200 4987 non
3244 4937 3538 4993 secundum
3574 4940 3837 5009 gratiam,

2255 5010 2352 5068 sed
2371 5014 2661 5069 secundum
2678 5016 2938 5085 debitum,
2958 5021 3213 5078 reddatur
3230 5025 3407 5093 potius
3428 5028 3656 5095 meritis,
3676 5046 3836 5100 quam

2255 5104 2504 5161 donetur.
2528 5107 2758 5164 Proinde
2776 5111 2920 5180 quod
2940 5114 3193 5169 continuo
3212 5115 3343 5183 dixi,
3369 5118 3506 5174 Dicit
3528 5121 3673 5177 enim
3697 5122 3834 5179 idem

2255 5198 2549 5265 apostolus,
2591 5197 2739 5254 Idem
2766 5200 2904 5256 Deus
2927 5204 3014 5273 qui
3049 5215 3289 5275 operatur
3318 5210 3494 5264 omnia
3530 5211 3586 5267 in
3609 5213 3839 5268 calicibus

2258 5286 2315 5358 (ι
2331 5285 2449 5341 ϐω.
2474 5303 2575 5352 xu,
2597 5290 2688 5361 6);
2715 5306 2974 5361 nusquam
2997 5306 3176 5350 autem
3201 5295 3403 5353 dictum
3425 5309 3530 5367 est,
3560 5301 3701 5358 Deus
3719 5318 3837 5359 cre-

2256 5378 2331 5431 dit
2351 5377 2603 5452 omniajn
2624 5382 2871 5437 omnibus
2892 5401 2904 5436 :
2923 5399 2987 5439 ac
3001 5386 3194 5442 deinde
3214 5389 3484 5459 subjunxi,
3501 5391 3653 5460 Quod
3670 5409 3796 5464 ergo
3813 5395 3835 5427 ⁸

2255 5468 2523 5524 credimus
2546 5511 2562 5538 ,
2591 5480 2828 5527 nostrum
2870 5484 2989 5542 est;
3029 5478 3168 5548 quod
3197 5491 3375 5537 autem
3420 5482 3618 5539 bonum
3647 5499 3837 5557 opera-

2240 5574 2397 5640 ntur,
2412 5560 2554 5615 illius
2579 5574 2660 5616 est
2685 5564 2775 5632 qui
2801 5566 3142 5627 credentibus
3165 5571 3255 5629 dat
3277 5571 3534 5645 Spiritum
3556 5587 3828 5646 sanctum;

2319 5670 2337 5735 ξ
2364 5668 2707 5735 Ebrulphensis
2727 5681 2830 5735 ne,
2857 5676 2969 5730 sibi.

2319 5731 2340 5795 ξ
2366 5736 2415 5778 In
2441 5731 2567 5793 Mss,
2584 5732 2799 5795 eligeret.

2323 5790 2342 5823 ⁸
2365 5799 2464 5839 Am.
2491 5790 2564 5842 Er.
2593 5790 2764 5845 et'ttss.
2809 5797 2952 5849 enim.

2611 6506 3041 6516 -φ-Δ--δ-οᾉ
