4102 6466
309 441 555 516 profecto
593 453 700 494 non
740 437 972 493 dicerem
997 476 1013 502 ,
1057 435 1102 490 si
1137 434 1249 505 jam
1287 434 1478 488 scirem
1523 431 1684 486 ctiam
1730 429 1898 498 ipsam

311 534 475 590 ﬁdem
505 533 646 587 inter
671 531 764 585 Dei
794 544 1014 584 munera
1053 527 1308 597 reperiri,
1336 542 1454 596 quas
1481 526 1677 580 dantur
1716 524 1767 576 in
1805 537 1900 577 eo—

300 627 436 683 dem
462 624 685 695 Spiritu.
712 622 1009 690 Utrumque
1032 635 1160 691 ergo
1188 627 1428 674 nostrum
1456 627 1541 674 est
1572 623 1788 686 propter
1810 629 1901 668 ar-

311 717 530 770 bitrium
559 715 870 774 voluntatis,
899 722 954 765 et
979 721 1265 780 utrumque
1291 719 1468 764 tamen
1496 711 1675 763 datum
1706 714 1789 760 est
1808 720 1902 774 per

281 791 570 878 Spiritum
605 805 728 860 lidei
777 813 834 859 et
876 803 1173 858 charitatis.
1205 802 1385 872 Neque
1413 802 1557 855 enim
1583 799 1697 854 sola
1727 797 1905 853 chari-

309 910 426 963 tas,
457 899 549 954 sed
571 941 585 962 ,
614 899 754 953 sicut
779 897 1034 966 scriptum
1063 902 1146 949 est
1165 937 1179 960 ,
1213 894 1446 948 Charitas
1467 909 1578 946 cum
1601 891 1703 960 ﬁde
1731 907 1762 942 a
1793 888 1898 942 Deo

312 990 475 1045 Patre
494 999 540 1044 et
561 989 783 1044 Domino
801 987 928 1040 Jesu
951 986 1150 1039 Christo
1176 984 1386 1055 (Ep/tes.
1420 998 1494 1044 vi,
1522 980 1637 1052 25).
1668 981 1733 1034 Et
1757 977 1899 1048 quod

311 1082 480 1152 paulo
508 1088 627 1151 post
665 1079 795 1142 dixi,
836 1077 1086 1132 Nostrum
1115 1087 1198 1130 est
1223 1076 1364 1129 enim
1390 1073 1611 1127 credere
1645 1081 1698 1125 et
1727 1071 1897 1131 velle;

315 1171 465 1226 illius
493 1180 668 1225 autem
686 1211 702 1236 ,
728 1169 858 1222 dare
885 1166 1224 1222 credentibus
1265 1173 1321 1219 et
1350 1163 1648 1217 volentibus
1677 1162 1900 1215 faculta-

320 1269 431 1315 tem
458 1261 595 1314 bene
622 1257 875 1328 Operandi
901 1272 996 1326 per
1025 1254 1279 1324 Spiritum
1307 1262 1546 1307 sanctum
1568 1292 1584 1318 ,
1615 1266 1709 1319 per
1745 1265 1900 1319 quem

317 1351 551 1405 charitas
593 1346 903 1401 diffunditur
944 1346 996 1399 in
1035 1344 1288 1400 cordibus
1334 1342 1562 1406 nostris,
1592 1355 1777 1394 verum
1820 1347 1904 1394 est

314 1441 532 1511 quidem
553 1479 570 1504 ,
603 1437 696 1492 sed
723 1437 911 1492 eadem
942 1435 1123 1504 regula
1150 1450 1165 1499 ;
1197 1443 1251 1488 et
1281 1443 1564 1502 utrumque
1594 1431 1758 1500 ipsius
1788 1438 1900 1495 est,

312 1531 443 1599 quia
466 1529 580 1597 ipse
605 1536 868 1597 praeparat
889 1525 1246 1588 voluntatem;
1266 1533 1320 1578 et
1341 1533 1619 1591 utrumque
1637 1530 1898 1583 nostrum,

307 1619 440 1688 quia
483 1635 587 1672 non
634 1617 692 1670 ﬁt
729 1616 828 1671 nisi
870 1615 1170 1670 volentibus
1204 1615 1376 1668 nobis.
1408 1614 1486 1668 Ac
1513 1628 1608 1682 per
1633 1611 1734 1665 hoc
1760 1611 1900 1680 quod

312 1712 478 1766 etiam
519 1719 705 1781 postea
745 1709 888 1774 dixi,
932 1707 1064 1776 Quia
1092 1722 1262 1776 neque
1290 1706 1424 1761 velle
1451 1720 1734 1774 possumus
1754 1743 1770 1768 ,
1801 1702 1902 1757 nisi

318 1817 574 1856 vocemur
606 1817 619 1853 :
659 1809 715 1855 et
741 1815 860 1854 cum
893 1809 1012 1868 post
1041 1798 1372 1852 vocationem
1403 1796 1764 1858 voluerimus,
1797 1809 1902 1848 non

316 1894 516 1949 sufﬁcit
537 1893 788 1948 voluntas
810 1901 1010 1957 nostra,
1041 1901 1096 1946 et
1120 1906 1309 1944 cursus
1335 1898 1533 1950 noster,
1561 1889 1662 1941 nisi
1693 1889 1833 1941 Deus
1850 1894 1905 1942 et

318 1985 464 2038 vires
484 1981 824 2038 currentibus
851 1981 1104 2051 prazbcat,
1134 1990 1187 2033 et
1217 1979 1469 2049 perducat
1492 1993 1600 2048 quo
1629 1987 1816 2042 vocat;
1842 1991 1904 2030 ac

314 2075 513 2132 deinde
538 2075 788 2145 subjunxi
809 2115 825 2141 ,
857 2072 1192 2128 Manifestum
1221 2080 1302 2125 est
1338 2085 1468 2140 ergo
1488 2110 1502 2131 .
1533 2084 1638 2124 non
1679 2067 1905 2122 volentis

321 2181 494 2237 neque
529 2165 827 2232 currentis,
855 2163 950 2219 sed
987 2162 1291 2217 miserentis
1322 2161 1412 2215 Dei
1451 2175 1570 2216 esse
1612 2157 1787 2231 (Rom.
1828 2174 1904 2221 ιιι,

323 2258 412 2327 16)
451 2257 592 2328 quod
635 2257 771 2311 bene
812 2269 1096 2324 operantur
1127 2270 1140 2307 :
1172 2253 1391 2306 omnino
1427 2251 1767 2306 verissimum
1801 2259 1904 2306 est.

325 2348 431 2403 Sed
462 2363 645 2418 parum
675 2347 742 2401 de
767 2347 879 2416 ipsa
908 2344 1182 2399 vocatione
1212 2343 1458 2406 disserui,
1486 2357 1604 2411 quae
1629 2340 1688 2395 ﬁt
1715 2355 1911 2397 secun-

325 2438 450 2493 dum
480 2439 808 2508 propositum
842 2436 934 2491 Dei
969 2453 980 2488 :
1012 2452 1117 2490 non
1152 2436 1295 2490 enim
1324 2435 1561 2500 omnium
1589 2434 1678 2503 qui
1709 2448 1908 2489 vocan-

330 2538 414 2582 tur
435 2529 553 2582 talis
575 2537 678 2592 est,
696 2527 789 2583 scd
809 2536 1012 2582 tantum
1035 2527 1349 2580 electorum.
1378 2525 1560 2593 itaque
1583 2525 1723 2594 quod
1752 2523 1910 2592 paulo

332 2629 456 2690 post
479 2619 618 2684 dixi,
646 2619 795 2674 Sicut
821 2618 959 2674 enim
1001 2617 1051 2670 in
1095 2616 1176 2670 bis
1217 2630 1350 2684 quos
1389 2615 1552 2684 elegit
1595 2615 1770 2670 Deus.
1803 2629 1910 2667 non

334 2727 521 2783 opera,
555 2711 649 2765 sed
675 2711 804 2765 ﬁdes
833 2709 1042 2764 inchoat
1068 2709 1348 2772 meritum,
1388 2715 1442 2760 ut
1473 2722 1566 2775 per
1595 2720 1790 2759 munus
1818 2705 1910 2759 Dei

330 2803 470 2858 bene
503 2803 517 2832 ¹
545 2808 864 2872 operentur;
894 2800 970 2853 sic
999 2800 1049 2852 in
1079 2799 1163 2852 bis
1187 2813 1321 2867 quos
1346 2795 1597 2861 damnat,
1628 2794 1913 2848 inﬁdelitas

328 2903 385 2946 et
411 2892 655 2960 impietas
677 2889 891 2945 inchoat
912 2904 1082 2959 poenae
1104 2889 1377 2950 meritum,
1403 2894 1461 2940 ut
1485 2900 1578 2955 per
1602 2886 1770 2954 ipsam
1797 2899 1913 2952 pos-

328 2996 452 3035 nam
476 2981 634 3035 etiam
671 2979 810 3034 male
839 2987 1159 3050 operentur;
1191 2977 1469 3031 verissime
1493 2975 1640 3040 dixi,
1669 2974 1765 3029 sed
1793 2973 1914 3028 ﬁdei

329 3071 579 3125 meritum
621 3069 783 3124 etiam
827 3069 1000 3138 ipsum
1041 3083 1160 3122 esse
1204 3068 1404 3120 donum
1437 3065 1570 3132 Dei,
1599 3080 1699 3119 nec
1739 3062 1916 3133 putavi

327 3160 670 3232 quaerendum
698 3175 842 3224 esse,
873 3175 973 3213 nec
1001 3157 1130 3212 disi.
1165 3157 1232 3211 Et
1261 3157 1368 3210 alio
1399 3157 1515 3210 loco
1544 3173 1557 3208 :
1587 3154 1752 3224 Cujus
1772 3153 1916 3208 enim

329 3251 636 3314 miseretur,
661 3249 899 3318 inquam,
932 3248 1058 3302 facit
1082 3264 1202 3302 eum
1229 3247 1367 3301 bene
1396 3246 1642 3316 Operari;
1672 3253 1726 3299 et
1758 3259 1918 3314 quem

330 3340 557 3394 obdurat
578 3338 768 3408 (Ibid,
794 3339 904 3409 I8),
928 3339 1181 3408 relinquit
1200 3353 1321 3393 eum
1345 3346 1402 3390 ut
1423 3337 1558 3390 male
1582 3338 1600 3366 ‘
1629 3345 1918 3405 operetur:

338 3433 436 3486 sed
461 3441 517 3486 et
554 3433 641 3486 illa
682 3431 1044 3486 misericordia
1075 3430 1396 3501 prmcedenti
1435 3433 1625 3483 merito
1663 3428 1784 3482 ﬁdei
1828 3429 1922 3482 tri-

342 3521 525 3576 buitur
549 3563 563 3586 ,
593 3532 648 3576 et
677 3522 775 3576 ista
801 3520 1082 3576 obduratio
1111 3518 1429 3588 praecedenti
1459 3517 1742 3588 iniquitati.
1769 3517 1922 3584 Quod

339 3613 553 3681 quidem
578 3627 760 3666 verum
782 3620 890 3675 est;
913 3611 1005 3665 sed
1027 3610 1201 3664 adhuc
1222 3608 1566 3679 qumrendum
1589 3616 1722 3670 erat,
1746 3617 1923 3660 utrum

339 3713 393 3758 et
421 3704 670 3757 meritum
703 3701 824 3755 ﬁdei
854 3703 920 3756 de
947 3700 1314 3754 misericordia
1342 3700 1435 3754 Dei
1463 3700 1640 3752 veniat
1667 3698 1718 3759 ³;
1746 3697 1796 3751 id
1819 3709 1921 3759 est,

340 3804 517 3846 utrum
551 3794 646 3846 ista
677 3792 1040 3846 misericordia
1071 3791 1190 3845 ideo
1222 3790 1589 3844 tantummodo
1630 3790 1718 3842 ﬁat
1749 3789 1800 3842 in
1832 3789 1927 3841 lio-

339 3885 482 3938 mine
500 3926 516 3951 ,
539 3885 660 3954 quia
689 3884 856 3938 ﬁdelis
875 3891 957 3938 est
975 3924 990 3946 ,
1014 3899 1080 3936 an
1111 3883 1271 3936 etiam
1304 3882 1437 3936 facta
1464 3880 1643 3945 fuerit,
1670 3890 1726 3933 ut
1755 3879 1928 3933 ﬁdelis

339 3983 500 4028 esset.
525 3974 776 4042 Legimus
802 3975 947 4028 enim
974 3974 1183 4028 dicente
1213 3973 1493 4042 Apostolo,
1525 3971 1928 4025 Misericordiam

339 4076 632 4120 consecutus
657 4083 769 4119 sum
789 4107 803 4130 ,
832 4075 887 4119 ut
910 4064 1078 4134 ﬁdelis
1109 4081 1266 4118 essem
1293 4063 1343 4136 (l
1372 4064 1488 4118 Cor.
1518 4080 1622 4126 vn,
1647 4063 1747 4133 25)
1780 4081 1791 4116 :
1821 4079 1926 4118 non

343 4157 413 4210 ait
438 4199 452 4223 ,
479 4158 600 4226 quia
630 4157 802 4212 ﬁdelis
831 4172 1000 4212 cram.
1032 4155 1199 4210 Fidcli
1231 4171 1358 4224 ergo
1385 4155 1540 4208 datur
1566 4153 1803 4224 quidem,
1836 4153 1929 4207 sed

346 4249 466 4300 data
496 4257 579 4302 est
605 4249 767 4302 etiam
795 4257 852 4302 ut
889 4255 1033 4302 esset
1061 4246 1252 4301 ﬁdelis.
1284 4245 1602 4299 Rectissime
1625 4245 1800 4314 itaque
1824 4244 1932 4298 alio

349 4340 470 4394 loco
497 4341 549 4393 in
576 4341 764 4395 eodem
806 4341 942 4395 libro
979 4338 1121 4404 disi,
1153 4337 1414 4406 Quoniam
1452 4339 1495 4390 si
1530 4351 1634 4390 non
1663 4352 1729 4390 ex
1758 4336 1934 4405 operi-

352 4431 488 4497 bus,
513 4431 604 4485 sed
635 4432 994 4486 misericordia
1035 4432 1127 4486 Dei
1157 4439 1210 4484 et
1238 4445 1492 4484 vocamur
1530 4438 1588 4482 ut
1611 4428 1897 4482 credamus
1916 4469 1931 4493 ,

353 4531 409 4576 et
437 4522 778 4577 credentibus
806 4531 1085 4591 przestatur
1109 4531 1166 4576 ut
1194 4521 1330 4576 bene
1361 4535 1668 4589 operemur,
1710 4535 1814 4572 non
1853 4526 1937 4572 est

320 4673 324 4681 ,
352 4615 603 4684 gentibus
625 4614 726 4668 ista
762 4613 1038 4667 invidenda
1075 4612 1459 4677 misericordia,
1489 4609 1733 4680 quamvis
1763 4609 1938 4662 minus

354 4706 425 4760 ibi
456 4705 743 4776 diligenter
777 4705 845 4760 de
888 4705 976 4759 illa
1000 4745 1015 4769 ,
1047 4720 1163 4774 quae
1203 4719 1297 4773 per
1333 4703 1426 4757 Dei
1466 4701 1798 4772 pr0positum
1841 4700 1936 4764 ﬁt,

353 4800 634 4854 vocatione
652 4797 990 4852 tractaverim
1005 4815 1023 4847 ι
1043 4795 1291 4858 (Retract.
1309 4794 1399 4848 lib.
1416 4795 1436 4847 i
1452 4835 1465 4858 ,
1479 4811 1592 4864 cap.
1607 4793 1698 4858 25,
1717 4809 1770 4846 η.
1790 4793 1843 4854 3,
1856 4791 1911 4860 4)
1924 4830 1937 4843 .

424 4889 649 4946 CAPUT
686 4889 774 4944 iV.
803 4919 874 4928 —
901 4890 955 4943 8.
995 4887 1200 4941 Videtis
1228 4893 1375 4940 certe
1418 4883 1544 4954 quid
1593 4892 1716 4937 tunc
1743 4882 1811 4936 de
1840 4881 1942 4936 ﬁde

359 4989 515 5050 atque
537 4981 788 5050 operibus
814 4977 1132 5041 sentiebam,
1156 4975 1400 5046 quamvis
1427 4974 1494 5029 de
1519 4971 1940 5027 commendanda

361 5073 526 5140 gratia
559 5071 650 5124 Dei
680 5070 978 5124 laborarem
1011 5087 1025 5123 :
1058 5068 1111 5122 in
1147 5082 1249 5136 qua
1285 5065 1549 5120 sententia
1581 5065 1712 5118 istos
1753 5061 1944 5116 fratres

366 5171 575 5216 nostros
594 5177 711 5216 esse
737 5175 879 5216 nunc
908 5159 1098 5223 video;
1131 5158 1253 5228 quia
1283 5172 1388 5211 non
1415 5155 1554 5210 sicut
1579 5154 1755 5224 legere
1778 5153 1945 5206 libros

366 5267 514 5308 meos
534 5287 550 5317 ,
578 5253 648 5307 ita
677 5253 838 5309 etiam
865 5251 919 5306 in
949 5251 1028 5307 eis
1055 5258 1378 5305 curaverunt
1418 5247 1681 5317 proﬁcere
1709 5260 1942 5301 mecum.

431 5431 447 5462 ³
476 5430 558 5478 Hic
582 5437 679 5475 Am.
703 5433 776 5474 Er.
791 5432 841 5488 et
865 5426 1090 5488 plerique
1113 5431 1223 5472 Mss.
1245 5423 1488 5488 omittunt,
1514 5421 1646 5470 bene.

428 5493 450 5523 ¹
477 5500 574 5538 Am.
594 5495 668 5537 Er.
695 5497 745 5536 et
763 5483 985 5550 plerique
1006 5483 1137 5550 8155.,
1162 5492 1212 5534 ut
1236 5483 1383 5550 mala.

429 5553 450 5585 ³
473 5553 544 5601 sic
567 5539 776 5601 Vaticani
818 5556 870 5598 et
890 5539 1133 5598 éallicani'
1159 5554 1265 5596 Mss.
1312 5547 1402 5594 hoc
1432 5544 1570 5602 loco,
1614 5549 1666 5592 et
1698 5539 1952 5602 librine-

365 5600 654 5673 tract.,cap.
787 5619 841 5673 st
864 5610 1110 5673 editiones
1141 5618 1240 5656 Αιιι.
1283 5616 1333 5657 et
1364 5613 1458 5673 t-1r.,
1483 5600 1706 5673 maritimi
1729 5600 1956 5673 mi-

365 5664 684 5726 scricordiam
709 5671 800 5722 Dei
830 5671 1108 5735 praeveniat.
1133 5678 1266 5732 Lov.,
1299 5667 1518 5720 meritwn
1550 5664 1667 5730 ﬁdei
1691 5664 1956 5716 miseriter-

369 5736 453 5788 diu
478 5736 563 5786 Dei
577 5742 858 5798 prwucmat.

1177 319 1378 376 LIBER
1416 317 1504 373 DE
1542 313 2204 372 PREDESTINATIONE
2239 315 2642 393 SANCTORU]

3461 333 3568 389 966

2007 428 2140 482 Nam
2168 431 2212 484 si
2245 443 2541 497 curassent,
2570 435 2894 492 invenissent
2932 438 3085 494 istam
3113 443 3460 510 qumstionem
3498 463 3581 501 se.

2005 519 2234 572 cundum
2272 522 2548 577 veritatem
2579 525 2880 582 divinarum
2921 529 3313 599 Scripturarum
3353 535 3580 590 solutam

2006 609 2057 662 in
2098 612 2270 680 primo
2312 613 2446 668 libro
2491 615 2717 670 duorum
2748 659 2763 684 ,
2808 635 2942 688 quos
2983 621 3048 675 ad
3093 623 3259 678 beata:
3303 628 3578 681 memorias

2004 702 2401 772 Simplicianum
2443 707 2631 772 scripsi
2671 709 2978 780 episcopum
3017 713 3426 772 Mediolancusis
3468 719 3579 771 Ec-

2005 792 2201 857 clesiae,
2230 795 2398 848 sancti
2425 797 2687 851 Ambrosii
2716 814 3080 858 successorem
3105 845 3118 868 ,
3144 805 3196 858 in
3224 805 3340 874 ipso
3361 788 3582 862 exordio

2005 883 2337 951 episcopatus
2363 886 2487 938 mei.
2512 885 2622 940 Nisi
2665 887 2801 943 forte
2834 907 2941 945 non
2972 907 3064 946 eos
3096 904 3360 949 noverunt
3389 915 3402 950 :
3433 899 3583 965 quod

2007 975 2048 1028 si
2078 976 2145 1029 ita
2174 986 2256 1030 est
2276 1017 2290 1041 ,
2319 977 2472 1031 facite
2501 989 2556 1032 ut
2598 983 2858 1035 noverint.
2904 984 2981 1037 De
3019 983 3120 1038 hoc
3154 986 3325 1052 primo
3351 988 3576 1044 duorum

2007 1066 2217 1118 illorum
2254 1067 2391 1121 libro
2417 1067 2468 1121 in
2497 1071 2731 1124 secundo
2758 1071 3212 1128 Retractationum
3241 1077 3470 1146 primum
3500 1081 3584 1134 lo-

2006 1163 2160 1210 cutus
2186 1171 2303 1210 sum
2327 1174 2341 1222 ;
2368 1159 2456 1226 qui
2484 1173 2662 1212 sermo
2701 1177 2850 1214 meus
2888 1163 2958 1215 ita
2991 1179 3048 1216 se
3086 1165 3244 1220 habet
3285 1185 3296 1220 :
3337 1187 3354 1219 ι
3392 1169 3580 1224 Libru-

2006 1263 2122 1301 rum
2147 1289 2162 1314 ,
2199 1266 2216 1299 ι
2253 1248 2466 1318 inquam
2491 1291 2506 1314 ,
2536 1268 2554 1301 ι
2589 1265 2722 1319 quos
2759 1253 3024 1307 elaboravi
3063 1257 3343 1325 episc0pus
3369 1299 3384 1323 ,
3419 1260 3579 1326 primi

2005 1337 2112 1392 duo
2159 1351 2281 1392 sunt
2323 1339 2390 1393 ad
2433 1338 2834 1409 Simplicianum
2883 1342 3136 1398 Ecclesia:
3173 1345 3583 1401 Mediolancnsis

2005 1430 2297 1485 antistitem
2325 1471 2340 1498 ,
2386 1432 2474 1501 qui
2523 1431 2829 1486 beatissimo
2868 1436 3124 1489 successit
3153 1435 3475 1503 Ambrosio,
3517 1438 3586 1493 de

2007 1521 2231 1575 diversis
2259 1524 2664 1592 qutestionibus,
2692 1541 2913 1594 quarum
2937 1525 3069 1580 duas
3091 1543 3154 1582 ex
3177 1528 3411 1596 Epistola
3434 1529 3584 1583 Pauli

2005 1613 2234 1683 apostoli
2261 1614 2326 1668 ad
2365 1614 2636 1670 Romanos
2665 1617 2715 1672 in
2747 1619 2977 1688 primum
3009 1620 3200 1674 librum
3231 1622 3450 1675 contuli.
3483 1621 3589 1676 lla-

2008 1720 2126 1776 rum
2170 1706 2317 1776 prior
2355 1716 2436 1763 est
2471 1707 2538 1762 de
2581 1724 2645 1762 co
2686 1710 2828 1778 quod
2867 1711 3122 1780 scriptum
3153 1722 3234 1767 est
3257 1754 3272 1778 ,
3311 1713 3445 1781 Quid
3469 1730 3588 1785 ergo

2009 1795 2270 1849 dicemus?
2289 1795 2398 1851 Lex
2421 1809 2675 1868 peccatum
2705 1800 2815 1853 est?
2842 1801 3016 1866 Absit;
3052 1817 3219 1872 usque
3247 1802 3313 1857 ad
3344 1803 3472 1856 illud
3498 1804 3589 1858 ubi

2009 1891 2083 1944 ait
2105 1932 2120 1956 ,
2152 1890 2276 1954 Quis
2305 1908 2384 1944 me
2422 1892 2648 1945 liberabit
2674 1893 2738 1946 de
2760 1909 2970 1960 corpore
2997 1896 3170 1950 mortis
3193 1897 3386 1965 hujus?
3413 1894 3592 1950 Gratia

2014 1978 2105 2032 Dei
2130 1997 2219 2049 per
2243 1980 2420 2034 Jesum
2448 1979 2702 2035 Christum
2733 1981 3008 2036 Dominum
3031 1995 3254 2037 nostrum
3283 1983 3456 2054 (Rom.
3481 2001 3550 2039 vn
3570 2026 3586 2049 ,

2010 2071 2191 2140 7-25).
2223 2071 2279 2125 ln
2309 2087 2410 2142 qua
2441 2073 2526 2125 illa
2563 2074 2802 2142 Apostoli
2831 2075 3022 2139 verba,
3055 2074 3164 2128 Lex
3187 2077 3466 2146 spiritualis
3491 2085 3587 2143 est,

2011 2177 2101 2231 ego
2131 2171 2298 2216 autem
2334 2163 2555 2216 carnalis
2579 2179 2690 2217 sum
2722 2163 2886 2235 (Ibid.
2908 2205 2924 2229 ,
2958 2163 3046 2234 14)
3081 2183 3093 2217 :
3126 2174 3179 2219 et
3206 2176 3396 2220 cetera
3419 2207 3436 2231 ,
3467 2166 3590 2234 qui-

2012 2252 2112 2307 bus
2153 2267 2279 2307 caro
2319 2265 2504 2308 contra
2544 2254 2788 2323 spiritum
2831 2257 3119 2326 confligere
3159 2257 3496 2322 ostenditur,
3524 2272 3592 2312 eo

2012 2343 2172 2398 modo
2200 2345 2444 2412 exposui,
2475 2353 2726 2414 tanquam
2751 2345 2914 2398 homo
2942 2347 3270 2401 describatur
3291 2348 3464 2401 adhuc
3492 2348 3593 2401 sub

2013 2433 2166 2503 lege,
2197 2434 2433 2488 nondum
2479 2434 2578 2487 sub
2624 2435 2792 2504 gratia
2836 2437 3172 2489 constitutus.
3222 2437 3402 2506 Longe
3447 2437 3593 2492 enim

2015 2536 2219 2596 postea,
2250 2527 2410 2580 etiam
2437 2525 2726 2595 spiritualis
2754 2526 2982 2580 hominis
3017 2527 3092 2598 (et
3120 2527 3221 2582 hoc
3248 2529 3594 2599 probabilius)

2015 2633 2134 2674 esse
2159 2633 2317 2687 posse
2352 2618 2439 2671 illa
2467 2618 2626 2672 verba
2658 2618 2897 2687 cognovi.
2925 2618 3195 2673 Posterior
3221 2619 3270 2672 in
3300 2619 3400 2674 hoc
3429 2619 3598 2674 libero

2016 2709 2238 2780 qumstio
2257 2717 2338 2762 est
2361 2707 2428 2762 ab
2450 2723 2514 2761 eo
2539 2709 2658 2762 loco
2688 2708 2774 2760 ubi
2798 2708 2902 2770 ait,
2934 2707 3057 2761 Non
3085 2707 3249 2760 solum
3273 2718 3478 2773 autem,
3511 2709 3598 2762 sed

2017 2810 2062 2855 et
2087 2801 2306 2855 Rebecca
2331 2817 2392 2854 ea:
2413 2816 2512 2852 uno
2533 2799 2794 2852 concubitu
2819 2800 3004 2854 habens
3030 2798 3180 2853 Isaac
3209 2801 3368 2870 patris
3398 2800 3557 2853 nostri
3579 2815 3600 2853 :

2022 2905 2188 2960 usque
2213 2889 2280 2944 ad
2307 2888 2435 2943 illud
2466 2889 2556 2943 ubi
2582 2889 2676 2954 ait,
2698 2888 2820 2942 'Nisi
2842 2889 3092 2943 Dominus
3118 2889 3345 2944 Sabaoth
3373 2891 3603 2960 reliquis-

2019 2993 2091 3035 set
2131 2982 2274 3034 nobis
2312 2997 2512 3044 semen,
2544 2981 2672 3034 sicut
2713 2980 2939 3033 Sedoma
2969 2981 3091 3050 [acti
3115 2997 3334 3034 essemus
3355 3021 3370 3045 ,
3397 2989 3444 3033 et
3473 2981 3603 3033 sicut

2023 3071 2306 3124 Comorrha
2331 3069 2520 3123 similes
2549 3070 2820 3139 fuissemus
2861 3061 2996 3142 '(ldq
3019 3086 3093 3135 lx,
3125 3069 3333 3140 10-29).
3367 3070 3424 3123 In
3451 3070 3604 3138 cujus

2022 3160 2331 3232 quaastionis
2352 3160 2617 3214 solutione
2637 3159 2932 3212 laboratum
2964 3167 3045 3213 est
3074 3160 3089 3190 ¹
3117 3159 3328 3228 quidem
3353 3173 3448 3228 pro
3471 3159 3606 3212 libro

2024 3251 2245 3305 arbitrio
2265 3249 2556 3304 voluntatis
2579 3249 2856 3313 humanas;
2885 3248 2977 3303 sed
3001 3240 3131 3303 vicit
3150 3249 3243 3303 Dei
3269 3248 3437 3318 gratia
3466 3267 3480 3301 :
3508 3263 3608 3304 nec

2027 3343 2127 3396 nisi
2151 3341 2217 3395 ad
2249 3339 2375 3395 illud
2406 3341 2576 3409 potuit
2606 3339 2890 3410 perveniri,
2925 3349 2981 3394 ut
3010 3340 3359 3409 liquidissima
3385 3342 3608 3394 veritate

2027 3433 2227 3487 dixisse
2256 3432 2582 3500 intelligatur
2607 3429 2922 3499 Apostolus,
2956 3429 3080 3496 Quis
3107 3431 3236 3482 enim
3262 3441 3307 3482 te
3332 3431 3565 3484 discernit
3585 3432 3611 3484 7

2031 3523 2164 3589 Quid
2191 3531 2357 3575 autent
2385 3521 2535 3574 habes
2574 3522 2710 3590 quod
2739 3538 2839 3573 non
2879 3521 3114 3588 accepisti
3135 3520 3160 3572 ?
3188 3521 3248 3574 Si
3274 3530 3442 3574 autem
3467 3537 3610 3573 acce-

2030 3614 2166 3683 pisti,
2191 3612 2312 3681 quid
2331 3611 2567 3682 gloriaris
2591 3612 2734 3680 quasi
2761 3627 2860 3663 non
2890 3611 3142 3679 acceperis
3169 3610 3225 3682 (l
3254 3609 3370 3664 Cor.
3404 3627 3477 3677 IV,
3514 3609 3612 3681 7)?

2031 3701 2185 3770 Quod
2211 3703 2395 3756 volens
2423 3702 2581 3754 etiam
2613 3709 2812 3770 martyr
2842 3701 3139 3770 Cyprianus
3164 3701 3444 3756 ostendere
3465 3743 3480 3764 ,
3513 3701 3616 3756 hoc

2033 3801 2201 3847 totum
2240 3793 2354 3861 ipso
2383 3793 2534 3846 titulo
2564 3791 2834 3857 deﬁnivit,
2865 3791 3051 3846 dicens
3079 3809 3092 3845 :
3128 3792 3182 3845 ln
3213 3792 3358 3846 nullo
3383 3793 3617 3862 glorian-

2032 3884 2180 3949 dum,
2209 3883 2421 3955 quando
2443 3891 2676 3936 nostrum
2701 3882 2830 3936 nihil
2857 3883 2956 3937 sits
2978 3881 3225 3955 (Retract.
3246 3882 3333 3936 lib.
3351 3883 3405 3946 2,
3425 3899 3540 3952 cap.
3564 3885 3615 3946 Ι,

2035 3991 2086 4027 n.
2131 3975 2208 4043 1).
2273 3973 2412 4027 Ecce
2457 3988 2624 4041 quare
2691 3973 2798 4026 dixi
2853 3973 3126 4041 superius,
3174 3971 3277 4026 hoc
3319 3974 3614 4041 apostolico

2036 4066 2300 4135 prtccipue
2331 4065 2632 4118 testimonio
2671 4065 2828 4118 etiam
2881 4079 2966 4118 me
3015 4065 3186 4133 ipsum
3236 4064 3397 4118 fuisse
3432 4065 3616 4118 convi-

2036 4166 2178 4210 ctum
2219 4172 2232 4208 :
2270 4170 2389 4210 cum
2430 4154 2496 4209 de
2538 4154 2638 4208 hac
2677 4169 2736 4210 rc
2779 4154 2932 4208 aliter
2969 4169 3242 4224 saperem;
3284 4171 3441 4224 quam
3488 4156 3616 4209 milii

2039 4249 2178 4302 Deus
2205 4247 2256 4300 in
2294 4247 2393 4301 hac
2416 4246 2712 4316 quaestione
2745 4245 2999 4300 solvenda
3020 4287 3034 4310 ,
3067 4260 3188 4299 cum
3217 4245 3283 4298 ad
3309 4246 3619 4316 episcopum

2039 4339 2440 4409 Simplicianum
2464 4379 2478 4403 ,
2512 4339 2649 4392 sicut
2684 4337 2790 4392 dixi
2814 4377 2829 4402 ,
2877 4337 3207 4401 scriberem,
3237 4338 3493 4392 revelavit
3520 4340 3620 4407 (α).

2043 4432 2154 4485 lloc
2175 4431 2334 4500 igitur
2354 4430 2592 4498 Apostoli
2618 4429 3000 4494 testimonium,
3024 4429 3113 4482 ubi
3137 4429 3203 4483 ad
3230 4429 3622 4498 reprimendam

2042 4520 2276 4574 hominis
2312 4518 2636 4572 inﬂationem
2662 4518 2828 4582 dixit,
2861 4517 2997 4583 Quid
3024 4518 3154 4570 enim
3181 4517 3330 4571 habes
3359 4518 3494 4589 quod
3523 4535 3624 4571 non

2044 4610 2311 4680 accepisti?
2335 4624 2441 4662 non
2468 4609 2595 4662 sinit
2619 4623 2936 4677 quemquam
2966 4607 3196 4661 ﬁdelium
3219 4608 3416 4673 dicere,
3445 4608 3625 4663 Habeo

2048 4702 2206 4757 ﬁdem
2254 4716 2410 4770 quam
2455 4716 2562 4753 non
2607 4698 2807 4768 accepi.
2861 4697 3186 4769 Reprimitur
3226 4701 3247 4731 ¹
3278 4700 3497 4754 omnino
3545 4701 3627 4754 his

2047 4793 2354 4865 apostolicis
2382 4790 2562 4845 verbis
2601 4799 2708 4843 tota
2737 4790 2894 4857 hujus
2924 4789 3288 4858 responsionis
3313 4790 3492 4846 elatio.
3523 4790 3626 4847 Sed

2050 4903 2117 4942 ne
2159 4887 2261 4941 hoc
2295 4883 2510 4954 quidem
2557 4892 2730 4953 potest
2773 4881 2876 4937 dici
2922 4900 2935 4936 :
2974 4883 3228 4950 Quamvis
3261 4899 3368 4937 non
3407 4883 3630 4938 habeam

2053 4980 2343 5052 perfectam
2374 4977 2530 5031 ﬁdem
2553 5019 2568 5042 ,
2597 4975 2769 5029 habeo
2804 4985 2979 5028 tamen
3019 4975 3133 5044 eius
3165 4975 3371 5029 initium
3398 5015 3412 5040 ,
3446 4991 3551 5044 quo
3581 4977 3633 5029 in

2050 5071 2323 5126 Christum
2356 5068 2600 5138 primitus
2627 5064 2850 5120 credidi.
2881 5065 3012 5132 Quia
3041 5076 3094 5119 et
3125 5065 3210 5120 hic
3239 5066 3587 5136 respondetur
3618 5083 3631 5118 :

2059 5161 2196 5229 Quid
2229 5171 2398 5213 autem
2422 5159 2572 5211 habes
2598 5155 2732 5227 quod
2761 5172 2859 5209 non
2887 5155 3162 5226 accepisti?
3191 5155 3249 5210 Si
3279 5167 3444 5209 autem
3479 5165 3522 5208 et
3547 5172 3635 5207 ac-

2056 5255 2252 5325 cepisti,
2275 5252 2398 5322 quid
2416 5250 2652 5322 gloriaris
2671 5248 2815 5320 quasi
2839 5266 2939 5301 non
2962 5249 3210 5319 acceperis
3233 5247 3286 5318 (l
3306 5247 3423 5301 Cor.
3449 5262 3519 5312 Iv,
3542 5245 3637 5314 7)?

2123 5413 2138 5444 ί
2167 5412 2239 5460 sic
2255 5416 2362 5459 Mss.
2380 5407 2516 5463 Editi,
2541 5405 2836 5457 elaboratum
2853 5412 2938 5455 est.

2122 5473 2142 5504 ¹
2167 5473 2303 5528 Editi,
2322 5468 2709 5531 reprimiturque.
2735 5470 2900 5526 Abest,
2915 5480 3020 5531 que,
3045 5479 3072 5514 a
3088 5473 3192 5531 Mss.

2125 5525 2509 5598 (a)_t‘.e'_velatum
2533 5530 2578 5579 id
2600 5525 2698 5598 sibi
2738 5542 2764 5598 _a
2803 5537 2898 5577 Deo
2927 5525 3076 5598 dicit;
3113 5527 3222 5598 quia
3248 5525 3560 5598 non-ingenio
3585 5531 3647 5598 et

2060 5585 2304 5659 sagacitati
2350 5606 2482 5659 sine,
2523 5592 2610 5659 sed
2655 5592 2828 5659 divinae
2863 5592 3030 5659 gratize
3064 5585 3306 5659 adiutorio
3339 5585 3647 5659 tribuendum

2062 5647 2230 5712 Sci/itit.
2255 5655 2381 5716 quod
2418 5647 2519 5716 huc,
2538 5655 2692 5716 ipsum
2715 5647 2898 5716 dequo
2921 5647 3649 5716 alitersapiebat,_cousidcrato

2067 5708 2298 5769 aii-«otius
2324 5725 2400 5774 Ap’
2417 5715 2526 5765 stoli
2551 5708 3039 5764 testiimnin'tandem
3065 5708 3380 5759 intellexerit.
