4102 6526
555 380 667 437 Sb"?

620 511 846 572 CAPUT
874 509 938 564 γ.
964 504 1106 562 -—-9.
1137 501 1272 560 Illud
1300 513 1428 556 vero
1453 495 1594 567 quod
1627 503 1832 566 putant,
1872 510 1890 543 ι
1930 490 1996 544 de
2026 487 2125 541 hac

552 608 658 662 ﬁde
683 605 800 658 ideo
830 614 933 655 non
975 610 1135 667 posse
1162 593 1265 648 dici
1291 634 1306 658 ,
1340 589 1476 655 Quid
1511 587 1650 641 enim
1684 584 1832 638 habes
1867 579 2000 649 quod
2027 594 2126 631 non

550 691 828 764 accepisti?
871 688 994 758 quia
1035 687 1089 740 in
1119 684 1304 739 eadem
1335 692 1520 736 natura
1549 677 1839 738 remansit,
1889 671 2122 768 licetﬂviI-

551 759 679 838 tiata
701 823 717 848 ,
744 795 861 849 qua:
891 777 1038 847 prius
1072 790 1198 828 sana
1225 789 1288 828 ac
1315 771 1542 840 perlecta
1573 768 1760 822 donata
1784 765 1851 818 sit
1889 762 1976 832 (In
2004 759 2130 849 Epi-

549 874 680 929 stola
701 847 907 932 Hilarii,
921 886 976 922 n.
993 868 1045 929 4,
1059 881 1230 934 supra,
1249 863 1348 916 col.
1365 860 1621 926 955-956)
1643 876 1659 912 :
1682 857 1807 910 nihil
1826 854 1889 906 ad
1915 851 1963 905 id
1980 847 2121 919 quod

549 965 735 1020 volunt
757 961 935 1014 valere
963 955 1286 1025 intelligitur,
1318 952 1364 1006 si
1384 967 1479 1006 cur
1501 951 1603 1004 hoc
1626 946 1909 1024 Apostolus
1938 939 2134 994 dixerit

549 1054 834 1124 cogitetur.
888 1049 1090 1118 Agebat
1127 1045 1268 1100 enim
1287 1085 1301 1107 ,
1332 1058 1398 1096 ne
1427 1039 1704 1110 quisquam
1733 1033 2052 1124 gloriaretur
2077 1028 2130 1081 in

549 1122 797 1204 homine;
846 1139 1095 1209 quoniam
1136 1133 1496 1189 dissensiones
1521 1136 1719 1182 exorta:
1759 1123 1968 1178 fuerant
1995 1122 2134 1174 inter

548 1230 855 1287 Corinthios
894 1227 1244 1288 christianos,
1292 1225 1363 1276 ita
1409 1229 1470 1276 ut
1510 1215 1872 1286 unusquisque
1907 1211 2130 1276 diceret,

551 1321 663 1392 Ego
692 1319 892 1390 quidem
938 1333 1050 1369 sum
1097 1313 1292 1375 Pauli;
1335 1312 1466 1364 alius
1506 1318 1710 1371 autem,
1755 1304 1863 1374 Ego
1907 1301 2132 1373 Apollo;

550 1413 682 1465 alius
721 1426 870 1470 vero,
921 1406 1031 1477 Ego
1060 1405 1243 1476 (Iephte
1269 1418 1287 1456 :
1317 1410 1371 1455 et
1399 1399 1522 1454 inde
1557 1407 1776 1452 ventum
1808 1403 1890 1449 est
1913 1435 1928 1459 ,
1968 1401 2024 1446 ut
2047 1392 2131 1445 di-

545 1507 699 1556 ‘ccrct
716 1542 730 1564 ,
761 1499 932 1554 Stulta
959 1495 1130 1549 mundi
1155 1493 1302 1562 elegit
1331 1490 1467 1543 Deus
1487 1530 1504 1554 ,
1546 1495 1601 1541 ut
1626 1483 1904 1557 confundat
1933 1483 2134 1550 sapien-

554 1601 662 1655 tes;
688 1600 734 1642 et
758 1589 963 1654 inﬁrma
995 1584 1173 1638 mundi
1197 1580 1344 1652 elegit
1370 1579 1510 1633 Deus
1528 1619 1542 1640 ,
1570 1587 1624 1630 ut
1645 1574 1921 1644 confundat
1947 1572 2132 1642 fortia;

553 1691 601 1734 et
639 1679 880 1751 ignobilia
915 1675 1091 1729 mundi
1119 1682 1169 1727 et
1200 1669 1592 1741 contetnptibilia
1628 1666 1777 1737 elegit
1806 1665 1964 1727 Deus,
1996 1672 2042 1718 et
2077 1679 2136 1716 ea

551 1787 668 1839 qua:
707 1785 808 1823 non
839 1777 954 1823 sunt
995 1778 1231 1833 tanquam
1262 1762 1362 1816 sint
1383 1803 1396 1824 ,
1434 1769 1486 1813 ut
1512 1773 1624 1829 quae
1659 1765 1774 1810 sunt
1799 1762 2039 1817 evacuet;
2081 1763 2136 1806 ut

555 1877 658 1915 non
695 1861 932 1931 glorietur
962 1872 1133 1911 coram
1163 1853 1270 1908 Deo
1296 1853 1456 1907 omnis
1483 1866 1620 1904 caro.
1659 1849 1757 1903 Hic
1781 1856 1924 1902 certe
1951 1853 2134 1900 contra

559 1953 843 2009 humanam
869 1951 1168 2020 superbiam
1191 1947 1320 2002 satis
1347 1945 1488 2000 clara
1515 1951 1598 1998 est
1625 1941 1862 2012 Apostoli
1889 1938 2134 2004 intentio,

553 2063 622 2102 ne
650 2048 699 2100 in
727 2043 944 2097 homine
983 2041 1267 2110 quisquam
1298 2036 1588 2105 glorietur,
1621 2048 1683 2086 ac
1714 2046 1808 2100 per
1833 2032 1934 2084 hoc
1955 2044 2052 2084 nee
2081 2029 2136 2083 in

555 2153 616 2192 se
646 2137 782 2206 ipso.
821 2132 1058 2200 Denique
1087 2145 1206 2184 cum
1239 2127 1480 2192 dixisset,
1507 2135 1564 2178 ut
1590 2139 1690 2177 non
1711 2124 1950 2195 glorietur
1968 2137 2138 2174 coram

553 2228 662 2282 Deo
688 2225 850 2280 omnis
889 2240 1006 2276 caro
1031 2238 1049 2285 ;
1096 2232 1155 2274 ut
1193 2217 1498 2272 ostenderet
1527 2217 1584 2270 in
1610 2231 1716 2286 quo
1740 2215 1936 2270 debeat
1975 2214 2136 2267 homo

552 2319 810 2392 gloriari,
859 2333 980 2372 mox
1012 2315 1252 2380 addidit,
1304 2310 1386 2365 Ea:
1429 2312 1538 2382 ipso
1575 2320 1772 2376 autem,
1821 2324 1907 2362 vos
1931 2305 2046 2361 estis
2083 2306 2136 2359 in

551 2411 752 2466 Christo
793 2409 950 2475 Jesu,
993 2407 1079 2475 qui
1119 2408 1284 2476 factus
1331 2413 1404 2459 est
1445 2403 1587 2457 nobis
1624 2401 1869 2472 sapientia
1895 2417 1927 2453 a
1956 2398 2062 2452 Deo
2087 2408 2134 2454 et

547 2504 748 2576 iustitia
767 2543 781 2566 ,
813 2509 861 2554 et
887 2499 1247 2568 sanctiﬁcatio,
1278 2507 1324 2550 et
1353 2495 1628 2563 redemptio
1661 2508 1680 2546 :
1705 2501 1782 2558 ut,
1811 2490 2138 2562 quemadmo-

553 2595 676 2651 dum
701 2595 941 2662 scriptum
967 2601 1074 2656 est,
1117 2590 1218 2657 Qui
1251 2589 1532 2660 gloriatur,
1560 2587 1614 2640 in
1651 2584 1870 2639 Domino
1897 2585 2138 2654 glorietur

557 2683 602 2755 (Ι
632 2682 748 2739 Cor.
778 2699 794 2736 ι
819 2723 833 2746 ,
866 2682 961 2746 12,
988 2680 1180 2750 27-51)
1212 2697 1225 2734 :
1258 2678 1381 2732 inde
1405 2677 1641 2748 pervenit
1672 2676 1770 2730 ista
1815 2675 1929 2746 ejus
1961 2675 2136 2727 inten—

554 2773 630 2828 tio
650 2814 665 2839 ,
711 2783 769 2826 ut
805 2779 989 2842 postea
1017 2771 1297 2837 increpans
1322 2767 1498 2832 dicat,
1537 2765 1715 2818 Adhuc
1740 2765 1870 2819 enim
1908 2767 2136 2818 carnales

554 2865 672 2918 estis
703 2878 722 2916 :
746 2879 858 2916 cum
892 2862 1022 2914 enim
1061 2861 1160 2914 sint
1197 2860 1326 2913 inter
1363 2874 1448 2912 vos
1487 2857 1740 2911 annulatio
1781 2865 1826 2909 et
1865 2855 2132 2916 contentio,

553 2971 720 3010 nonne
746 2955 974 3008 carnales
994 2954 1110 3007 estis
1128 2993 1143 3016 ,
1187 2961 1232 3005 et
1256 2950 1530 3004 secundum
1551 2949 1802 3001 hominem
1830 2947 2137 3000 ambulatis?

554 3047 682 3100 Cum
709 3046 842 3102 enim
862 3045 972 3114 quis
993 3043 1158 3104 dicat.
1192 3040 1303 3112 Ego
1323 3039 1522 3108 quidem
1546 3055 1657 3092 sum
1685 3036 1859 3102 Pauli,
1887 3035 2016 3090 alius
2044 3054 2136 3088 an.

554 3145 654 3190 tem
673 3177 687 3200 ,
715 3133 828 3206 Ego
857 3133 1041 3202 Apollo
1069 3151 1087 3198 ;
1115 3148 1281 3186 nonne
1306 3131 1530 3184 homines
1560 3128 1720 3182 estis?
1753 3129 1889 3195 Quid
1919 3146 2036 3199 ergo
2064 3137 2136 3181 est

554 3228 786 3297 Apollo?
824 3226 948 3297 quid
989 3233 1157 3278 autem
1199 3223 1441 3277 Paulus?
1488 3220 1711 3275 Ministri
1745 3237 1835 3290 per
1872 3237 1994 3290 quos
2029 3237 2136 3273 cre-

555 3318 754 3371 didistis
781 3332 799 3370 :
833 3327 880 3371 et
909 3315 1176 3384 unicuique
1209 3315 1338 3368 sicut
1363 3313 1608 3367 Dontinus
1637 3313 1793 3366 dedit.
1839 3311 1952 3382 Ego
1990 3313 2138 3381 plan-

555 3409 656 3463 tavi
681 3450 697 3476 ,
747 3407 932 3477 Apollo
976 3407 1201 3476 rigavit;
1248 3404 1336 3459 sed
1386 3403 1525 3458 Deus
1567 3405 1928 3459 incrementum
1977 3405 2132 3456 dedit.

555 3499 738 3569 Itaque
765 3515 923 3570 neque
950 3498 1038 3567 qui
1063 3497 1260 3566 plantat
1284 3506 1355 3550 est
1383 3495 1606 3566 aliquid,
1648 3512 1804 3566 neque
1839 3497 1925 3565 qui
1962 3497 2136 3566 rigat;

553 3590 644 3645 sed
677 3591 763 3660 qui
800 3589 1162 3642 incrementum
1191 3587 1278 3639 dat
1314 3585 1473 3639 Deus.
1517 3585 1794 3641 Videtisne
1820 3585 1950 3641 nihil
1978 3602 2136 3656 agere

553 3679 866 3750 Apostolum
889 3718 903 3741 ,
949 3677 1051 3731 nisi
1079 3686 1138 3730 ut
1175 3675 1482 3731 humilietur
1523 3675 1721 3743 homo,
1772 3684 1827 3730 et
1870 3677 2137 3730 exaltetur

555 3772 697 3826 Deus
725 3768 908 3825 solus?
951 3769 1386 3838 Quandoquidem
1421 3767 1476 3822 in
1513 3769 1592 3823 eis
1626 3769 1715 3839 qui
1752 3767 2052 3838 planlautnr
2083 3778 2137 3822 et

551 3862 794 3932 rigantur
816 3903 832 3926 ,
877 3875 976 3916 nec
1017 3861 1187 3930 ipsum
1221 3860 1567 3929 plantatorem
1593 3868 1648 3914 et
1685 3859 1968 3930 rigatorcm
2009 3859 2136 3914 dicit

556 3967 678 4007 esse
726 3949 962 4019 aliquid,
1011 3949 1105 4004 sed
1152 3950 1244 4020 qui
1284 3949 1668 4004 incrementum
1695 3951 1823 4016 dat,
1871 3953 2034 4005 Deum
2068 3954 2084 3983 ί
2119 3969 2131 4004 :

553 4040 796 4112 quamvis
826 4048 880 4095 et
919 4039 1021 4094 hoc
1062 4041 1232 4110 ipsum
1260 4039 1402 4109 quod
1436 4039 1526 4094 ille
1569 4039 1806 4109 plantat,
1853 4041 1941 4096 hic
1979 4044 2131 4111 rigat,

553 4149 661 4189 non
711 4133 870 4203 ipsis,
916 4131 1009 4186 sed
1057 4131 1281 4185 Domino
1321 4131 1550 4196 tribuat,
1592 4132 1820 4188 dicens:
1858 4135 2136 4205 Unicuique

552 4226 680 4280 sicut
753 4222 1000 4277 Dominus
1042 4223 1197 4276 dedit.
1241 4222 1352 4294 Ego
1397 4224 1661 4294 plantavi,
1709 4225 1894 4294 Apollo
1932 4230 2130 4298 rigavit.

497 4325 506 4332 '
553 4315 690 4369 Hinc
715 4328 843 4383 ergo
869 4313 921 4366 in
945 4311 1131 4367 eadem
1159 4313 1452 4368 intentione
1477 4316 1787 4383 persistens,
1828 4319 1892 4372 ad
1925 4319 2026 4374 huc
2055 4337 2135 4375 ve-

555 4405 636 4460 nit
661 4411 718 4456 ut
743 4403 964 4468 diceret,
995 4401 1175 4472 Itaque
1203 4419 1346 4457 nemo
1386 4403 1632 4475 glorietur
1672 4406 1725 4459 in
1774 4408 1972 4462 homine
2023 4409 2131 4480 (ld.

556 4511 636 4561 nt,
663 4494 780 4561 2-7,
805 4493 919 4566 2|).
948 4493 1064 4549 Jam
1092 4494 1232 4548 enim
1260 4494 1493 4560 dixerat,
1526 4496 1626 4563 Qui
1650 4497 1918 4567 gloriatur.
1950 4501 2002 4554 in
2026 4501 2134 4556 Do-

554 4589 691 4648 mino
729 4586 992 4657 glorietur.
1037 4587 1166 4640 Post
1211 4587 1325 4641 hmc
1363 4595 1418 4642 et
1452 4588 1554 4643 alia
1598 4589 1849 4645 nonnulla
1889 4607 2007 4661 quae
2055 4593 2136 4648 his

553 4687 970 4742 connectuntur,
1000 4677 1065 4732 ad
1095 4679 1194 4732 hoc
1226 4678 1528 4748 perducitur
1555 4681 1740 4734 eadem
1770 4682 1880 4752 ipsa
1913 4684 2028 4753 ejus
2052 4685 2136 4739 in-

556 4771 747 4832 tentio,
777 4779 836 4824 ut
861 4769 1002 4824 dicat
1031 4788 1044 4823 :
1080 4768 1204 4823 Haec
1224 4777 1422 4836 autem,
1452 4771 1632 4841 fratres
1651 4813 1666 4838 ,
1699 4774 2056 4844 transﬁguravi
2083 4777 2134 4830 in

555 4877 636 4915 me
659 4869 706 4914 et
733 4860 918 4929 Apollo
943 4869 1147 4932 propter
1179 4847 1300 4926 nos;
1325 4871 1379 4915 ut
1399 4863 1452 4916 in
1483 4863 1623 4917 nobis
1643 4865 1870 4922 discatis.
1895 4883 1956 4920 ne
1979 4883 2138 4937 supra

556 4967 710 5020 quam
735 4952 978 5022 scriptum
1003 4945 1229 5005 estanus
1258 4969 1348 5021 pro
1373 4953 1530 5007 altero
1555 4955 1761 5023 inﬂetur
1791 4956 2029 5010 adversus
2058 4959 2136 5010 al-

555 5051 737 5096 terum.
781 5041 903 5106 Quis
931 5042 1062 5096 enim
1088 5051 1134 5096 te
1157 5042 1430 5097 discernit?
1471 5043 1609 5110 Quid
1641 5054 1806 5100 autem
1828 5047 1978 5100 habes
2001 5049 2138 5118 quod

557 5149 658 5186 non
709 5134 985 5203 accepisti?
1025 5135 1086 5190 Si
1128 5146 1295 5188 autetn
1335 5143 1381 5188 et
1419 5135 1687 5204 accepisti,
1739 5137 1861 5208 quid
1902 5139 2136 5210 gloriaris

555 5224 701 5292 quasi
727 5239 826 5277 non
855 5226 1103 5296 acceperis
1131 5223 1240 5297 (Id.
1265 5241 1337 5288 1v,
1366 5225 1420 5290 6,
1450 5224 1542 5295 7)?

632 5315 716 5370 10.
761 5315 816 5369 1η
850 5316 950 5372 hac
977 5317 1214 5385 Apostoli
1243 5315 1639 5371 evidentissima
1671 5318 1994 5389 intentione,
2035 5338 2138 5393 qua

557 5415 740 5460 contra
765 5405 1050 5461 humanam
1072 5406 1374 5476 superbiam
1404 5407 1634 5478 loquitur
1650 5451 1664 5472 ,
1693 5425 1762 5464 ne
1784 5413 2058 5482 quisquam
2084 5414 2136 5468 in

559 5497 776 5551 homine
793 5539 808 5562 ,
833 5499 928 5552 sed
955 5500 1008 5552 in
1038 5499 1260 5554 Domino
1284 5501 1568 5569 glorietur,
1595 5502 1731 5557 dona
1756 5505 1845 5559 Dei
1878 5507 2139 5563 naturalia

561 5589 858 5661 suspicari,
905 5591 1017 5646 sive
1062 5592 1230 5661 ipsam
1256 5601 1417 5650 totam
1446 5592 1844 5667 perfectamque
1871 5606 2136 5668 naturam,

561 5681 736 5749 qualis
781 5682 829 5735 in
861 5683 1030 5752 prima
1069 5683 1374 5740 conditione
1402 5675 1594 5741 donata
1625 5695 1707 5744 est
1732 5731 1745 5756 ,
1800 5690 1912 5746 sive
1940 5691 2138 5748 vitiatae

625 5795 642 5825 ¹
668 5795 740 5843 sic
765 5802 868 5844 Mss.
889 5795 1022 5854 Editi,
1053 5803 1192 5848 nens.

1779 357 1836 416 S.
1878 351 2240 413 AUGUSTlNl
2281 351 2581 408 EPISCOPI

3713 355 3822 413 968

2236 475 2440 520 natura:
2467 465 2882 535 qualescumque
2909 464 3179 536 reliquias,
3209 464 3389 534 nimis,
3417 474 3674 537 quantum
3704 469 3826 522 exi-
3877 464 3914 539 ';

2232 555 2420 620 stimo,
2468 555 2756 610 absurdum
2787 563 2889 610 est.
2929 554 3198 626 Numquid
3227 557 3370 611 enim
3399 571 3497 627 per
3531 556 3646 612 haec
3679 557 3826 612 dona

2233 661 2351 713 qua:
2379 646 2625 701 omnibus
2644 646 2946 701 communia
2970 655 3094 700 sunt
3133 646 3437 702 hominibus
3461 689 3476 714 ,
3506 647 3828 704 discernun-

2238 742 2322 788 tur
2366 735 2609 791 homines
2638 737 2706 790 ab
2755 735 3096 791 hominibus?
3138 737 3235 792 Hic
3269 747 3448 791 autem
3481 739 3628 808 prius
3653 739 3826 806 dixit,

2238 822 2362 886 Quis
2387 825 2516 877 enim
2540 833 2586 878 te
2613 824 2895 879 discernit?
2929 833 2985 880 et
3007 825 3201 882 deinde
3225 827 3462 894 addidit,
3495 828 3632 895 Quid
3658 840 3832 883 autem

2234 912 2384 967 habes
2416 914 2552 985 quod
2576 932 2675 969 non
2701 916 2988 985 accepisti?
3015 916 3204 972 Posset
3237 917 3434 987 quippe
3457 917 3638 973 dicere
3663 920 3835 976 homo

2235 1002 2447 1058 inﬂatus
2487 1004 2742 1059 adversus
2780 1005 3010 1060 alterum
3035 1047 3050 1071 ,
3103 1005 3370 1062 Discernit
3393 1023 3480 1062 me
3519 1007 3652 1062 lides
3679 1025 3830 1077 mea,

2228 1094 2435 1164 justitia
2469 1109 2588 1148 mea
2614 1135 2628 1161 ,
2660 1096 2743 1150 vel
2781 1096 2828 1150 si
2865 1096 2992 1166 quid
3023 1096 3191 1151 aliud.
3239 1097 3458 1151 Talibus
3487 1097 3505 1128 ι
3535 1112 3833 1156 occurrens

2235 1184 2642 1254 cogitationibus
2679 1185 2852 1241 bonus
2879 1187 3068 1242 doctor
3087 1228 3103 1253 ,
3155 1187 3290 1252 Quid
3313 1197 3482 1242 autem
3509 1187 3663 1244 habes
3685 1231 3702 1258 ,
3741 1189 3832 1246 in-

2233 1275 2380 1346 quit,
2407 1273 2543 1340 quod
2581 1291 2679 1329 non
2709 1277 2991 1346 accepisti?
3031 1278 3076 1332 A
3105 1292 3211 1346 quo
3235 1317 3250 1340 ,
3295 1277 3396 1332 nisi
3434 1277 3504 1332 ab
3543 1277 3633 1333 illo
3657 1280 3748 1349 qni
3773 1289 3832 1336 te

2239 1365 2495 1420 discernit
2519 1365 2586 1418 ab
2615 1365 2721 1419 alio
2745 1407 2760 1429 ,
2789 1366 2878 1420 cui
2903 1381 3008 1421 non
3039 1366 3256 1421 donavit
3282 1366 3426 1437 quod
3450 1367 3668 1422 donavit
3695 1369 3830 1424 tibi?

2238 1454 2299 1510 Si
2328 1464 2497 1509 autent
2517 1464 2562 1510 et
2581 1456 2816 1525 accepisti
2835 1497 2850 1522 ,
2879 1458 2986 1523 ait,
3032 1457 3155 1526 quid
3181 1458 3418 1528 gloriaris
3443 1459 3592 1527 quasi
3614 1474 3714 1512 non
3741 1475 3834 1514 ac-

2235 1546 2472 1616 ceperis?
2518 1545 2654 1600 Num
2675 1587 2691 1611 ,
2716 1561 2900 1616 quaeso
2919 1588 2934 1614 ,
2965 1547 3076 1617 agit
3105 1547 3279 1614 aliud,
3311 1547 3413 1602 nisi
3445 1549 3612 1619 utqui
3638 1550 3832 1620 gloria-

2239 1647 2360 1704 tur,
2405 1638 2456 1692 in
2492 1638 2716 1692 Domino
2744 1638 3042 1709 glorietur?
3082 1639 3224 1693 Nihil
3263 1647 3441 1695 autem
3481 1639 3606 1696 huic
3639 1641 3827 1698 sensui

2238 1741 2344 1786 tam
2372 1731 2699 1785 contrarium
2722 1740 2804 1786 est
2827 1772 2842 1798 ,
2873 1746 3033 1800 quam
3061 1731 3129 1786 de
3157 1732 3269 1786 suis
3294 1732 3500 1788 meritis
3537 1732 3616 1788 sic
3641 1748 3832 1804 quem-

2237 1835 2396 1890 quam
2445 1821 2697 1891 gloriari,
2746 1829 2995 1892 tanquam
3048 1822 3164 1891 ipse
3202 1821 3302 1876 sibi
3347 1838 3410 1877 ea
3450 1822 3673 1890 fecerit,
3714 1839 3826 1880 non

2238 1912 2409 1981 gratia
2455 1911 2550 1966 Dei
2582 1928 2596 1964 :
2623 1911 2721 1966 sed
2759 1912 2929 1981 gratia
2959 1928 3076 1982 quas
3107 1912 3277 1968 bonos
3306 1912 3564 1969 discernit
3588 1929 3620 1968 a
3647 1916 3822 1982 malis,

2239 2017 2346 2056 non
2376 2017 2494 2071 quae
2523 2003 2822 2057 communis
2861 2012 2943 2058 est
2979 2003 3136 2058 bonis
3161 2013 3218 2058 et
3241 2003 3413 2060 malis.
3445 2004 3527 2060 Sit
3553 2019 3682 2076 ergo
3705 2021 3830 2076 gra-

2242 2093 2313 2146 tia
2337 2102 2538 2147 natura:
2559 2093 2834 2160 attributa,
2857 2109 2959 2164 qua
2987 2109 3172 2150 sumus
3198 2096 3490 2150 animantia
3521 2099 3824 2168 rationalia,

2238 2183 2698 2254 discernimurque
2725 2200 2756 2238 a
2787 2185 3102 2256 pecoribus;
3133 2187 3202 2242 sit
3232 2189 3394 2244 etiam
3419 2189 3587 2259 gratia
3611 2201 3816 2248 natura:

2238 2274 2491 2328 attributa
2514 2314 2530 2340 ,
2573 2289 2675 2343 qua
2706 2275 2760 2330 in
2803 2275 2935 2344 ipsis
2975 2275 3278 2333 hominibus
3299 2293 3330 2332 a
3351 2277 3684 2336 deformibus
3705 2281 3828 2350 pulo

2237 2364 2355 2420 chri
2379 2404 2395 2430 ,
2439 2365 2524 2420 vel
2561 2365 2822 2436 ingeniosi
2849 2367 3227 2424 discernuntur
3249 2386 3280 2426 a
3308 2370 3473 2427 tardis
3492 2415 3508 2439 ,
3535 2387 3600 2429 ac
3626 2375 3673 2428 si
3695 2375 3822 2445 quid

2238 2455 2500 2526 ejusmodi
2525 2465 2610 2512 est
2640 2475 2654 2512 :
2684 2459 2778 2514 sed
2803 2475 2908 2515 non
2945 2475 3004 2516 se
3033 2461 3150 2527 ille,
3185 2479 3345 2534 quem
3373 2467 3655 2522 coercebat
3681 2471 3824 2538 Apo-

2237 2549 2437 2616 stolus,
2468 2549 2726 2606 adversus
2755 2567 2916 2620 pecus
2943 2553 3194 2622 inflabat,
3231 2570 3332 2612 nec
3359 2556 3615 2614 adversus
3650 2559 3824 2616 homi-

2239 2651 2363 2691 nem
2406 2638 2632 2694 alterum
2662 2639 2730 2695 de
2756 2641 2936 2711 aliquo
2963 2644 3191 2699 naturali
3221 2659 3448 2702 munere
3475 2647 3616 2718 quod
3644 2650 3820 2706 inesse

2241 2737 2422 2794 posset
2441 2737 2502 2783 ct
2527 2730 2796 2798 pessimo;
2837 2731 2931 2786 sed
2954 2733 3165 2803 aliquod
3196 2735 3394 2791 bonum
3415 2738 3557 2808 quod
3587 2740 3821 2808 pertine-

2239 2825 2322 2870 ret
2345 2817 2412 2870 ad
2439 2818 2598 2872 vitam
2625 2820 2844 2888 bonam,
2873 2823 2974 2877 sibi
2999 2839 3106 2878 non
3125 2825 3238 2880 Deo
3261 2826 3500 2882 tribuens
3521 2828 3818 2896 inllabatur,

2237 2908 2450 2976 quando
2479 2910 2663 2964 audire
2691 2913 2916 2977 meruit,
2960 2914 3084 2979 Quis
3119 2916 3254 2969 enim
3291 2927 3338 2971 te
3369 2918 3644 2974 discernit?
3687 2922 3822 2989 Quid

2238 3007 2406 3053 autem
2431 3000 2581 3055 habes
2610 3003 2746 3072 quod
2780 3020 2882 3058 non
2907 3007 3185 3076 accepisti?
3231 3007 3298 3064 Ut
3325 3010 3468 3064 enim
3497 3013 3567 3066 sit
3595 3023 3818 3083 naturae,

2239 3089 2400 3144 ﬁdem
2431 3106 2588 3160 posse
2628 3092 2860 3160 habere;
2899 3098 3155 3168 numquid
3188 3107 3242 3154 et
3273 3100 3504 3157 habere?
3539 3101 3662 3158 Non
3687 3107 3822 3160 enim

2237 3183 2462 3235 omnium
2488 3193 2558 3236 est
2586 3184 2713 3252 ﬁdes
2751 3185 2816 3255 (ll
2845 3185 3024 3242 Thess.
3055 3205 3144 3255 ιιι,
3175 3189 3231 3259 2)
3256 3207 3271 3256 ;
3313 3205 3434 3246 cum
3473 3192 3636 3249 ﬁdem
3663 3210 3822 3266 posse

2243 3271 2441 3327 habere
2461 3274 2811 3329 sitomnium.
2853 3276 2970 3332 Non
3009 3289 3186 3334 autem
3224 3281 3298 3335 ait
3323 3282 3644 3352 Apostolus,
3684 3285 3820 3354 Quid

2237 3374 2413 3417 autem
2445 3375 2596 3434 potes
2638 3367 2870 3437 habere,
2901 3371 3042 3440 quod
3083 3387 3190 3428 non
3227 3377 3511 3447 acccepisti
3538 3386 3598 3433 ut
3635 3394 3820 3448 posses

2237 3451 2434 3509 habere
2457 3471 2472 3521 ;
2505 3455 2601 3510 sed
2633 3458 2727 3522 ait,
2755 3457 2890 3521 Quid
2912 3471 3080 3516 autem
3097 3464 3248 3518 habes
3269 3467 3404 3535 quod
3432 3485 3533 3522 non
3551 3471 3820 3540 accepisti?

2237 3544 2469 3602 Proinde
2497 3562 2658 3617 posse
2680 3549 2878 3605 habere
2901 3551 3059 3606 fidem
3085 3593 3102 3619 ,
3129 3555 3270 3609 sicut
3294 3571 3451 3625 posse
3470 3557 3666 3615 habere
3689 3560 3820 3615 cha-

2235 3639 2480 3706 ritatem,
2522 3651 2726 3696 natura:
2751 3653 2834 3698 est
2875 3644 3146 3700 hominum
3177 3663 3191 3701 :
3219 3647 3422 3706 habere
3449 3661 3626 3706 autem
3659 3651 3816 3708 ﬁdem

2235 3731 2682 3799 quemadmodum
2731 3735 2928 3790 habere
2956 3735 3306 3802 charitatem,
3356 3741 3540 3810 gratia:
3577 3751 3660 3796 est
3693 3742 3822 3798 fide.

2236 3819 2362 3874 lium
2399 3820 2496 3892 (a).
2547 3821 2641 3876 Illa
2688 3823 2866 3893 itaque
2903 3835 3124 3890 natura,
3168 3829 3220 3880 in
3263 3843 3365 3896 qua
3411 3829 3564 3884 nobis
3591 3830 3710 3884 data
3739 3841 3822 3888 est

2237 3911 2561 3979 possibilitas
2601 3912 2829 3968 habendi
2877 3914 3031 3969 ﬁdem
3051 3955 3068 3981 ,
3101 3931 3205 3970 non
3235 3917 3487 3972 discernit
3509 3919 3576 3974 ab
3605 3919 3820 3978 homine

2238 4000 2506 4056 hominem
2543 4021 2556 4057 :
2591 4004 2702 4073 ipsa
2730 4019 2857 4060 vero
2905 4006 3034 4061 ﬁdes
3061 4006 3318 4063 discernit
3351 4010 3420 4064 ab
3461 4011 3666 4067 inﬁdeli
3692 4015 3812 4070 tide-

2237 4093 2363 4162 lem.
2391 4095 2468 4148 Ac
2505 4110 2600 4164 per
2635 4095 2754 4161 hoc,
2791 4095 2878 4150 ubi
2905 4097 3126 4161 dicitur,
3159 4098 3284 4165 Qui;
3312 4101 3446 4154 enim
3475 4111 3522 4155 te
3545 4103 3820 4158 discernit?

2241 4182 2377 4248 Quid
2402 4191 2569 4235 autem
2607 4183 2760 4237 habes
2785 4184 2919 4254 quod
2946 4201 3046 4240 non
3071 4189 3350 4258 accepisti?
3393 4191 3632 4261 quisquis
3659 4194 3822 4250 audet

2236 4272 2415 4327 dicere
2436 4313 2450 4339 ,
2483 4273 2664 4328 Habeo
2693 4289 2758 4327 ex
2797 4290 2884 4330 me
2910 4275 3026 4344 ipso
3064 4275 3222 4332 fidem
3244 4319 3260 4342 ,
3310 4295 3417 4335 non
3448 4296 3574 4353 ergo
3599 4287 3816 4356 accepi;

2235 4364 2478 4434 proiecto
2519 4364 2834 4419 contradicit
2871 4365 2996 4421 huic
3035 4369 3386 4437 apertissima:
3429 4374 3637 4428 veritati
3669 4392 3682 4428 :
3715 4393 3818 4432 non

2236 4454 2357 4524 quia
2401 4453 2624 4509 credere
2671 4455 2756 4510 vel
2801 4470 2907 4510 non
2957 4458 3177 4514 credere
3221 4475 3328 4514 non
3373 4470 3457 4526 est
3503 4463 3554 4518 in
3600 4465 3820 4521 arbitrio

2236 4547 2521 4601 voluntatis
2549 4547 2824 4613 humanm,
2867 4548 2961 4603 sed
2991 4551 3042 4603 in
3068 4551 3254 4607 electis
3277 4565 3605 4624 praeparatur
3634 4559 3820 4612 volun-

2239 4648 2320 4692 tas
2346 4652 2374 4690 a
2399 4637 2624 4692 Domino
2655 4637 2835 4709 (Prov.
2871 4655 3000 4710 vut,
3033 4657 3134 4696 sec.
3162 4642 3348 4716 LXX).
3401 4645 3524 4702 Ideo
3556 4647 3621 4701 ad
3655 4649 3819 4719 ipsam

2237 4743 2449 4798 quoque
2475 4728 2632 4784 [idem
2659 4771 2674 4794 ,
2714 4745 2832 4799 qua:
2863 4730 2914 4784 in
2943 4732 3216 4789 voluntate
3243 4744 3356 4802 est,
3389 4737 3655 4805 pertinet,
3699 4737 3823 4800 Quis

2238 4821 2371 4873 enim
2408 4829 2455 4874 te
2501 4820 2787 4874 discernit?
2833 4820 2968 4887 Quid
3013 4833 3181 4878 autem
3231 4823 3382 4880 habes
3420 4827 3556 4898 quod
3597 4845 3696 4882 non
3733 4846 3824 4882 ac-

2239 4909 2414 4980 cepisti
2431 4909 2458 4962 ?

2310 4999 2537 5055 CAPUT
2567 4999 2653 5055 VI.
2681 5030 2754 5040 —
2793 5002 2882 5056 Η.
2916 5020 2936 5055 ι
2971 5001 3116 5058 Multi
3155 5005 3378 5062 audiunt
3423 5009 3644 5064 verbum
3683 5010 3824 5064 veri-

2241 5091 2364 5145 tatis
2396 5107 2412 5146 :
2443 5091 2536 5146 sed
2559 5092 2646 5145 alii
2672 5091 2916 5158 credunt,
2948 5094 3036 5148 alii
3057 5097 3445 5154 contradicunt.
3482 5099 3676 5156 Volunt
3700 5117 3830 5170 ergo

2241 5182 2328 5236 isti
2365 5181 2622 5248 credere,
2673 5183 2856 5236 nolunt
2885 5191 3059 5238 autem
3089 5185 3184 5240 illi.
3224 5205 3244 5239 ι
3267 5187 3396 5254 Quis
3439 5189 3539 5246 hoc
3585 5191 3827 5261 ignoret?

2241 5273 2361 5343 quis
2389 5272 2490 5326 hoc
2513 5273 2709 5342 neget?
2739 5272 2843 5328 Sed
2874 5289 2994 5328 cum
3025 5277 3144 5330 aliis
3171 5289 3530 5348 prmparetur,
3575 5283 3693 5337 aliis
3720 5297 3824 5336 non

2241 5374 2571 5436 prmparetur
2617 5365 2861 5446 voluntas
2896 5381 2926 5420 a
2963 5365 3227 5436 Domino;
3281 5370 3692 5428 discernendum
3745 5381 3830 5432 cs'.

2308 5499 2326 5531 ι
2351 5505 2529 5560 Omnes
2547 5505 2676 5558 Mss.,
2696 5497 2941 5560 Qualibus.

2305 5560 2392 5630 (a)_
2411 5559 2523 5630 Inde
2557 5559 2824 5610 Bernardus
2845 5563 2896 5610 in
2917 5561 3042 5630 libro
3057 5563 3126 5630 de
3137 5565 3304 5630 gratia
3327 5572 3379 5616 et
3412 5568 3582 5630 Libero
3604 5570 3824 5630 Arbitrio,

2241 5633 2345 5684 cap.
2361 5623 2395 5670 ’l
2417 5638 2429 5670 :
2455 5629 2621 5672 «Deus
2641 5630 2804 5686 auctor
2829 5632 2906 5686 est
2927 5623 3113 5686 salutis,
3137 5625 3344 5676 liberum
3367 5629 3615 5678 arbitrium
3643 5623 3827 5680 tantum

2249 5683 2462 5752 fear-ax.
2487 5701 2508 5727 ι
2537 5685 2725 5752 οοῃίξθτ.
2755 5683 2846 5752 lib.
2872 5685 2903 5734 2
2923 5685 2988 5736 de
3013 5683 3263 5752 vocatione
3294 5691 3532 5746 Gentium,
3557 5705 3660 5752 cap.
3687 5692 3736 5748 2,
3779 5701 3831 5742 et

2242 5742 2572 5815 fulgentium,
2611 5745 2694 5794 lib.
2719 5747 3162 5815 Atte_l_ncaruationc
3188 5758 3238 5801 et
3265 5752 3420 5801 Gratia
3457 5742 3637 5804 Domitii
3679 5742 3831 5804 nostri

2251 5807 2359 5850 una:
2378 5807 2564 5866 (Jtrisli,
2589 5819 2689 5866 cap.
2717 5807 2828 5856 22-2
2838 5807 2874 5858 ί.

3877 423 3906 476 8
