4102 6496
273 366 379 424 939

270 480 457 547 utique
501 471 628 545 quid
676 470 852 528 veniat
884 471 897 500 ³
926 467 995 522 de
1036 465 1400 521 misericordia
1436 462 1584 532 ejus,
1637 461 1761 532 quid
1793 460 1860 516 de

265 570 488 642 judicio.
521 564 674 632 Quod
698 561 950 632 quaerebat
979 557 1160 622 Israel,
1189 557 1262 611 ait
1290 556 1595 625 Apostolus,
1643 553 1734 606 hoc
1760 567 1860 605 non

269 672 344 716 est
369 667 663 715 consecutus
690 672 709 709 :
734 655 908 709 electio
923 661 1094 706 autem
1124 659 1391 704 consecuta
1419 657 1491 703 est
1517 664 1533 700 :
1558 646 1724 701 atteri
1743 661 1859 699 vero

269 751 508 807 emeriti
527 756 644 804 sunt
665 791 680 815 ,
723 746 852 801 sicut
875 744 1119 813 scriptum
1141 749 1242 807 est,
1277 739 1426 794 Dedit
1451 739 1554 792 illis
1585 737 1723 791 Deus
1756 737 1864 806 spi-

270 845 425 897 ritum
454 837 889 910 compunctionis,
934 835 1108 889 oculos
1139 843 1194 886 ut
1231 848 1331 886 non
1356 831 1589 894 videant,
1630 837 1675 882 et
1713 843 1862 880 aures

270 943 329 988 ut
354 949 456 988 non
491 931 724 994 audiant,
764 943 922 998 usque
957 927 1012 979 in
1053 924 1351 978 hodiernum
1389 921 1540 974 diem.
1592 917 1661 972 Et
1693 916 1862 970 David

275 1030 432 1092 dicit,
463 1025 586 1094 Fiat
607 1039 780 1078 mensa
800 1037 971 1076 eorum
991 1021 1045 1072 in
1071 1019 1303 1088 laqueum
1327 1024 1374 1071 et
1400 1018 1454 1067 in
1489 1011 1864 1066 retributionem

273 1128 325 1174 et
348 1121 404 1174 in
440 1116 737 1173 scandalum
777 1113 880 1167 illis
907 1128 926 1165 :
953 1111 1283 1164 obscurentur
1327 1106 1460 1160 oculi
1501 1119 1674 1158 eorum
1702 1117 1764 1156 ne
1791 1101 1866 1155 vi-

275 1211 431 1266 deant
451 1253 466 1276 ,
506 1219 554 1264 et
592 1210 792 1262 dorsum
819 1221 990 1259 eorum
1015 1218 1212 1272 semper
1235 1201 1461 1254 incurva.
1485 1197 1626 1251 Ecce
1654 1195 1863 1249 miseri-

276 1301 466 1358 cordia
491 1313 544 1356 et
564 1297 817 1369 judicium
856 1314 869 1351 :
900 1290 1266 1349 misericordia
1293 1291 1344 1344 in
1371 1288 1685 1344 electionem
1707 1287 1865 1356 'qua:

279 1399 566 1449 consecuta
593 1396 674 1443 est
711 1387 970 1458 justitiam
1013 1384 1143 1449 Dei;
1189 1379 1443 1452 judicium
1491 1394 1620 1434 vero
1659 1378 1712 1432 in
1753 1391 1864 1431 cte-

279 1493 426 1542 teros
466 1483 554 1554 qui
591 1479 847 1538 exczecati
894 1486 1061 1534 sunt:
1092 1486 1148 1531 et
1188 1485 1370 1530 tamen
1399 1473 1473 1528 illi
1514 1471 1636 1542 quia
1684 1469 1865 1524 volue-

274 1583 404 1630 runt
430 1573 485 1639 ³,
517 1572 890 1636 crediderunt;
925 1568 1000 1623 illi
1052 1567 1175 1638 quia
1207 1566 1487 1621 noluerunt
1509 1605 1523 1627 ,
1555 1577 1660 1616 non
1689 1559 1864 1616 credi-

275 1665 490 1720 derunt.
537 1661 896 1718 Misericordia
937 1659 1098 1729 igitur
1139 1665 1195 1713 et
1222 1656 1479 1727 judicium
1523 1654 1574 1708 in
1617 1653 1748 1723 ipsis
1772 1666 1868 1707 vo-

274 1756 570 1813 luntatibus
610 1755 746 1809 facta
775 1760 917 1807 sunt.
949 1750 1158 1806 Electio
1185 1749 1383 1819 quippe
1412 1747 1513 1802 ista
1540 1745 1729 1816 gratia:
1758 1753 1864 1808 est,

275 1864 385 1903 non
429 1847 612 1918 utique
648 1845 980 1900 meritorum.
1025 1840 1285 1912 Superius
1318 1839 1461 1895 enim
1499 1836 1741 1901 dixerat,
1775 1835 1867 1891 Sic

275 1956 396 2011 ergo
421 1950 468 1994 et
505 1940 560 1992 in
595 1939 691 1992 hoc
717 1945 940 2007 tempore
957 1977 971 2002 ,
999 1932 1229 2002 reliquiae
1255 1947 1346 2002 per
1370 1930 1664 1993 electionem
1689 1928 1868 2000 gratiae

276 2032 434 2086 salva:
463 2033 612 2101 facta
639 2037 777 2083 sunt.
811 2027 873 2082 Si
901 2035 1068 2080 autem
1092 2023 1256 2096 gratia
1281 2064 1295 2088 ,
1343 2023 1456 2092 jam
1482 2036 1583 2074 non
1611 2020 1673 2074 ea:
1702 2019 1870 2089 aperi-

277 2123 369 2177 bus
389 2140 407 2188 ;
426 2121 654 2192 alioquin
674 2121 839 2192 gratia
859 2121 976 2190 jam
993 2134 1092 2172 non
1117 2125 1190 2171 est
1204 2115 1370 2186 gratia
1395 2115 1572 2187 (Rom.
1595 2129 1670 2179 χι,
1699 2111 1864 2179 5-10).

277 2212 459 2268 Gratis
483 2228 610 2282 ergo
637 2218 926 2266 consecuta
948 2217 1049 2272 est,
1069 2208 1210 2278 quod
1227 2215 1512 2262 consecuta
1534 2213 1616 2260 est
1635 2203 1828 2259 electio
1851 2221 1864 2257 :

278 2317 388 2360 non
415 2303 687 2374 praecessit
727 2317 912 2357 eorum
945 2298 1141 2370 aliquid
1166 2339 1182 2364 ,
1222 2296 1364 2369 quod
1414 2294 1865 2366 priores'darent,

281 2404 336 2450 et
353 2396 732 2450 retribueretur
752 2393 856 2448 illis
887 2411 900 2447 :
931 2407 1028 2462 pro
1044 2391 1208 2446 nihilo
1233 2390 1410 2444 salvos
1427 2388 1548 2445 fecit
1565 2403 1659 2444 eos
1673 2386 1715 2442 ⁸.
1747 2388 1868 2443 Cae-

285 2487 414 2540 teris
442 2494 615 2540 autem
646 2486 735 2554 qui
765 2484 1020 2539 excmcati
1048 2489 1206 2548 sunt,
1250 2480 1388 2537 sicut
1416 2480 1488 2535 ibi
1515 2494 1619 2535 non
1649 2479 1866 2534 tacitum

285 2586 391 2642 est,
419 2576 475 2630 in
500 2575 846 2630 retributione
875 2575 896 2607 ⁵
923 2573 1120 2628 factum
1148 2583 1248 2628 est.
1280 2571 1536 2627 Universte
1559 2572 1650 2626 vim
1667 2569 1870 2625 Domini

285 2669 632 2724 misericordia
659 2679 703 2723 et
740 2668 919 2723 veritas
947 2666 1118 2736 (Psal.
1155 2681 1310 2729 xxiv,
1339 2662 1448 2736 10).
1489 2662 1870 2735 Investigabiles

283 2771 409 2818 sunt
427 2771 604 2816 autem
631 2765 722 2816 vim
744 2761 851 2829 ejus
882 2759 1056 2833 (Rom.
1084 2774 1138 2812 xi
1159 2798 1173 2821 ,
1203 2755 1319 2828 55).
1347 2754 1750 2825 investigabiles
1773 2754 1870 2825 igi-

284 2867 373 2911 tur
397 2863 541 2920 sunt,
570 2863 623 2909 et
645 2851 1008 2909 misericordia
1034 2866 1135 2922 qua
1164 2849 1329 2922 gratis
1351 2848 1562 2915 liberat,
1590 2855 1645 2903 et
1674 2847 1870 2902 veritas

279 2963 385 3019 qua
406 2948 548 3019 juste
567 2947 791 3017 judicat.

368 3039 594 3096 CAPUT
625 3039 732 3094 VII.
776 3068 849 3079 —
893 3036 980 3092 12.
1021 3035 1128 3093 Sed
1175 3035 1396 3092 forsitan
1437 3034 1619 3091 dicant
1644 3034 1688 3102 °,
1732 3051 1751 3086 α
1788 3032 1870 3088 Ab

277 3132 530 3204 operibus
572 3131 735 3186 ﬁdem
777 3130 1054 3200 distinguit
1099 3128 1390 3199 Apostolus
1424 3145 1437 3181 :
1468 3126 1693 3197 gratiam
1736 3139 1866 3181 vero

279 3238 384 3278 non
415 3239 480 3278 ex
521 3223 774 3294 operibus
819 3234 941 3276 esse
980 3221 1142 3282 dicit;
1185 3235 1291 3275 non
1330 3226 1509 3274 autem
1554 3217 1683 3272 dicit
1725 3216 1869 3288 quod

282 3330 388 3371 non
413 3315 482 3370 sit
509 3329 574 3370 ex
599 3313 722 3369 ﬁde.
762 3333 781 3366 ι
815 3311 890 3367 ita
917 3326 1043 3367 vero
1083 3319 1167 3366 est
1194 3329 1209 3365 :
1239 3310 1334 3366 sed
1371 3310 1540 3382 ipsam
1564 3325 1776 3380 quoque
1803 3308 1868 3363 ﬁ-

229 3463 240 3474 ,
282 3408 403 3463 dem
439 3422 571 3477 opus
603 3406 696 3461 Dei
727 3406 857 3462 dicit
893 3419 1013 3460 esse
1041 3404 1214 3468 Jesus,
1245 3411 1300 3459 ct
1329 3402 1464 3458 hanc
1488 3412 1546 3457 ut
1582 3416 1871 3472 operemur

277 3496 448 3568 jubet.
473 3498 728 3552 Dixerunt
750 3496 891 3552 enim
916 3497 981 3550 ad
999 3511 1118 3550 eum
1139 3495 1305 3550 Judaii
1331 3513 1344 3548 :
1369 3494 1505 3562 Quid
1529 3495 1790 3565 faciemus,
1814 3503 1871 3548 ut

283 3602 548 3660 aperemur
573 3604 697 3658 Opus
720 3587 811 3642 Dei
827 3589 884 3642 7?
903 3586 1180 3658 Respondit
1200 3585 1355 3642 Iesus
1375 3595 1421 3640 et
1440 3585 1567 3639 dixit
1589 3584 1692 3639 illis
1719 3603 1730 3640 :
1758 3584 1870 3640 Hoc

281 3695 356 3740 est
376 3702 502 3755 opus
531 3684 646 3750 Dei,
675 3693 728 3737 ut
757 3684 970 3738 credatis
994 3685 1046 3737 in
1071 3700 1185 3738 eum
1221 3697 1369 3753 quem
1395 3683 1530 3735 misit
1571 3681 1657 3735 ille
1688 3679 1865 3753 (Joau.

278 3788 356 3844 vt,
383 3776 476 3841 28,
503 3776 617 3846 29).
650 3774 738 3830 Sic
765 3791 890 3846 ergo
918 3775 1192 3845 distinguit
1217 3774 1504 3844 Apostolus
1532 3773 1599 3827 ab
1620 3773 1870 3842 operibus

279 3867 465 3934 ﬁdem,
493 3867 939 3938 quemadmodum
977 3868 1028 3920 in
1058 3866 1265 3921 duobus
1304 3863 1481 3936 regnis
1523 3864 1867 3920 Hebraeorum

278 3957 623 4028 distinguitur
659 3955 824 4012 Judas
861 3957 927 4012 ab
975 3954 1160 4021 Israel,
1203 3969 1324 4010 cum
1356 3965 1412 4009 et
1456 3955 1568 4024 ipse
1608 3954 1776 4010 Judas
1801 3956 1870 4010 sit

279 4049 462 4104 Israel.
506 4049 584 4104 Ex
617 4049 720 4105 ﬁde
749 4058 927 4105 autem
957 4049 1077 4104 ideo
1105 4047 1232 4104 dicit
1259 4048 1541 4118 justiﬁcari
1573 4048 1864 4114 hominem,

278 4156 388 4196 non
427 4156 494 4198 ex
525 4142 776 4211 operibus
807 4139 1007 4213 (Galat.
1040 4156 1098 4208 ll,
1132 4140 1246 4211 16),
1282 4139 1405 4210 quia
1434 4140 1543 4209 ipsa
1576 4143 1741 4210 prima
1768 4141 1866 4195 da-

280 4242 394 4298 tur,
426 4249 490 4287 ex
518 4249 618 4303 qua
648 4235 999 4304 impetrentur
1039 4240 1258 4299 cratera,
1305 4246 1424 4301 quae
1456 4232 1670 4301 proprie
1707 4247 1868 4302 opera

285 4334 674 4393 nuncupantur,
698 4325 751 4379 in
777 4326 966 4395 quibus
983 4325 1128 4395 juste
1153 4324 1370 4378 vivitur.
1403 4323 1534 4378 Nam
1557 4323 1686 4378 dicit
1706 4325 1866 4378 etiam

286 4415 432 4483 ipse,
476 4411 650 4468 Gratia
685 4415 811 4468 salvi
847 4416 962 4471 estis
989 4417 1110 4485 {acti
1139 4431 1230 4486 per
1257 4415 1428 4485 fidem,
1475 4424 1522 4468 et
1563 4417 1657 4467 hoc
1681 4431 1782 4468 non
1807 4432 1870 4468 ea:

281 4507 423 4561 vobis
445 4548 460 4575 ,
486 4506 575 4561 sed
601 4505 700 4561 Dei
724 4508 910 4561 donum
939 4518 1009 4562 est
1032 4525 1051 4562 :
1080 4509 1129 4563 id
1156 4516 1257 4576 est,
1286 4517 1341 4564 et
1374 4507 1516 4580 quod
1543 4509 1652 4563 dixi
1689 4525 1780 4580 per
1805 4511 1867 4577 ﬁ-

282 4598 418 4664 dem,
452 4613 559 4652 non
597 4614 663 4653 ex
703 4598 873 4663 vobis,
913 4600 1006 4654 sed
1048 4600 1141 4655 Dei
1177 4599 1377 4655 donum
1406 4609 1488 4656 est
1517 4601 1677 4655 etiam
1712 4600 1863 4656 ﬁdes.

283 4685 406 4744 Non
425 4704 490 4742 ea:
509 4687 762 4759 operibus,
781 4689 971 4758 inquit,
991 4705 1053 4744 ne
1069 4692 1197 4761 forte
1218 4692 1330 4761 quis
1351 4690 1624 4744 extollatur
1647 4689 1863 4762 (Ephes.

281 4795 339 4845 ιι,
367 4779 422 4844 8,
453 4778 534 4852 9).
566 4779 714 4835 Solet
739 4780 884 4834 enim
926 4779 1053 4848 dici,
1090 4781 1214 4838 Ideo
1247 4782 1469 4837 credere
1500 4784 1712 4849 meruit,
1743 4784 1864 4853 quia

281 4871 362 4927 vir
385 4871 556 4928 bonus
581 4880 701 4928 erat
718 4881 773 4928 et
792 4880 1077 4945 antequam
1099 4874 1365 4931 crederet.
1388 4874 1542 4941 Quod
1571 4874 1639 4931 de
1667 4875 1866 4932 Corne-

347 5025 363 5087 f
390 5030 494 5087 Mss.
516 5022 672 5087 Gallici
697 5032 749 5076 et
764 5027 997 5087 _Vatieani,
1021 5026 1220 5078 eveniat.

285 5145 325 5160 μ
345 5085 366 5115 ¹
385 5086 523 5160 ψη),
546 5085 877 5160 ἱηίὶςιεειὶοῃε.
900 5085 1086 5160 melius
1121 5099 1248 5160 Μεετ,
1283 5088 1335 5141 in
1365 5087 1673 5160 electionem;
1698 5090 1742 5139 id
1769 5098 1864 5151 est,

281 5145 573 5256 electos.
609 5150 682 5197 sic
708 5155 875 5211 postea
899 5153 947 5199 in
970 5145 1372 5202 accusandi'casu
1411 5151 1625 5214 legitur,
1647 5145 1698 5202 in
1726 5145 1864 5203 cwtel

347 5268 594 5346 fvaticaui
616 5278 758 5346 Iussa
797 5271 880 5346 qui
907 5269 1199 5346 soluerunt,-
1237 5281 1288 5346 et
1327 5272 1466 5346 infra,
1490 5273 1575 5345 qui
1593 5274 1861 5346 noluerunt.

279 5335 580 5452 ὲηῶρὲιᾳῇ.
616 5332 706 5382 hoc
739 5335 1011 5395 posteriore
1033 5333 1140 5385 loco
1179 5332 1391 5397 habent,
1424 5332 1539 5400 quia
1550 5349 1569 5398 ;
1591 5337 1679 5386 sed
1702 5339 1864 5400 priore

349 5451 353 5452 ν
450 5424 465 5449 8
573 5429 583 5440 '
704 5451 708 5452 ,

343 5424 638 5516 Ero
659 5451 804 5522 nihilo
820 5454 948 5506 enim
980 5455 1135 5522 salvos
1173 5457 1286 5522 fecit
1331 5471 1426 5510 eos.
1460 5466 1516 5522 at
1554 5461 1861 5522 manuscripti

276 5515 599 5584 prtetereunt,
617 5515 741 5566 enim
761 5530 779 5567 :
805 5527 857 5569 et
880 5531 946 5568 ex
991 5519 1067 5568 his
1086 5515 1214 5571 unus
1237 5520 1359 5582 loco,
1383 5519 1526 5584 fecit;
1577 5522 1757 5581 habet,
1792 5515 1865 5584 Ῑα-
1961 5515 1966 5518 ’

276 5581 361 5671 cui;
386 5635 667 5688 Noalliensis
682 5645 786 5697 Ms,
809 5639 1261 5694 ituretributt'onem.

340 5698 361 5728 ⁸
383 5697 549 5750 Plures
567 5707 695 5758 Mss,
721 5701 907 5751 dicunt.

273 5759 366 5875 In;
393 5763 466 5810 sic
518 5775 690 5810 omnes
745 5776 943 5824 promis
997 5768 1323 5829 manuscripti.
1384 5776 1437 5816 At
1497 5767 1655 5829 editi,
1717 5780 1864 5831 opera

516 5907 745 5975 Bauer.
794 5910 1071 5970 Auansr.
1121 5910 1200 5970 Χ.

1160 350 1362 406 LIBER
1403 349 1490 406 DE
1533 346 2192 404 PRAEDESTINATIONE
2228 349 2666 410 SANCTORUM.

3451 360 3556 416 97b

1979 461 2047 516 liO
2072 458 2177 518 dici
2222 469 2416 532 potest,
2461 466 2614 536 cujus
2650 476 2882 538 acceptae
2925 477 3048 524 sunt
3097 471 3452 543 eleemosynae
3494 484 3549 528 et

1972 554 2232 608 exauditae
2264 557 2534 613 orationes
2559 568 2843 630 antequam
2873 561 3185 618 credidisset
3205 564 3256 618 in
3281 563 3552 620 Christum

1973 645 2106 713 (Act.
2130 661 2188 711 x,
2213 647 2302 716 4):
2329 663 2428 703 nec
2453 657 2631 704 tamen
2657 652 2774 705 sine
2793 652 2967 722 aliqua
2992 653 3093 708 ﬁde
3111 654 3344 710 donabat
3362 665 3418 711 et
3439 669 3554 712 Ora-

1974 737 2080 790 bat.
2110 737 2240 792 Nam
2269 742 2537 809 quomodo
2559 743 2861 813 invocabat,
2894 747 2947 801 in
2986 763 3143 818 quem
3171 766 3274 804 non
3303 749 3553 804 credide-

1972 837 2054 883 rat
2083 827 2255 898 (Rom.
2283 847 2336 895 χ,
2367 831 2496 903 l4)?
2523 833 2629 889 Sed
2656 836 2698 890 si
2730 848 2908 905 possm
2932 839 3048 894 sine
3085 839 3188 894 ﬁde
3211 840 3406 895 Christi
3432 857 3554 896 esse

1973 919 2170 989 salvus,
2214 937 2320 976 non
2360 923 2427 977 ad
2467 939 2589 979 cum
2629 927 2999 984 aediﬁcandum
3039 932 3341 987 mitteretur
3381 935 3555 988 archi-

1974 1018 2140 1065 tectus
2167 1014 2443 1081 apostolus
2472 1015 2659 1071 Petrus
2688 1035 2700 1070 :
2727 1021 2968 1086 quamvis
2991 1020 3086 1074 nisi
3112 1019 3362 1076 Dominus
3388 1024 3555 1090 (edi/i-

1972 1105 2154 1156 cuverit
2175 1105 2402 1174 domum,
2431 1107 2484 1160 in
2510 1124 2696 1180 vanum
2730 1110 3084 1165 laboraverunt
3109 1112 3420 1181 tedi/icantes
3445 1131 3556 1168 eam

1977 1193 2146 1262 (Psal.
2169 1211 2346 1263 cxxvr,
2379 1197 2456 1267 l).
2482 1198 2550 1252 Et
2572 1199 2768 1254 dicitur
2792 1201 2966 1268 nobis,
3005 1221 3024 1254 ι
3052 1202 3208 1259 Fides
3228 1214 3310 1260 est
3329 1221 3358 1259 a
3380 1206 3554 1267 nobis,

1971 1292 2164 1338 caetera
2214 1299 2244 1338 a
2289 1285 2518 1342 Domino
2562 1288 2629 1343 ad
2673 1303 2835 1358 opera
2875 1289 3098 1358 justitim
3136 1295 3492 1364 pertinentia-
3532 1315 3550 1345 ο

1972 1377 2122 1444 quasi
2169 1377 2236 1432 ad
2282 1377 2562 1434 aediﬁcium
2607 1396 2711 1435 non
2761 1382 3024 1451 pertineat
3071 1383 3238 1450 ﬁdes;
3285 1386 3439 1454 quasi
3489 1386 3555 1439 ad

1972 1467 2275 1536 aediﬁcium,
2296 1469 2530 1540 inquam,
2556 1486 2664 1526 non
2680 1473 2941 1543 pertineat
2960 1472 3382 1528 fundamentum.
3405 1474 3564 1542 Quod

1971 1559 2017 1612 si
2046 1559 2098 1614 in
2145 1560 2331 1629 primis
2359 1571 2415 1617 et
2455 1563 2684 1618 maxime
2725 1565 2978 1634 pertinet,
3025 1565 3078 1619 in
3119 1581 3313 1620 vanum
3354 1565 3563 1621 laborat

1974 1651 2311 1722 prmdicaudo
2330 1653 2596 1709 :ediﬁcans
2626 1655 2810 1719 ﬁdem,
2834 1656 2934 1710 nisi
2965 1671 3084 1712 eam
3112 1657 3369 1712 Dominus
3390 1658 3554 1712 mise-

1974 1741 2141 1796 rando
2167 1743 2308 1798 intus
2334 1744 2579 1800 aediﬁcet.
2624 1745 2891 1816 Quidquid
2921 1747 3080 1817 igitur
3113 1757 3167 1802 et
3190 1757 3475 1818 antequam
3505 1749 3558 1802 in

1973 1829 2242 1886 Christum
2267 1833 2527 1900 crederet,
2554 1844 2609 1890 et
2647 1850 2768 1890 cum
2798 1835 3046 1892 crederet
3072 1837 3113 1902 ί,
3146 1847 3199 1891 ει
3229 1852 3348 1891 cum
3381 1837 3558 1892 credi-

1973 1923 2163 1987 disset,
2197 1925 2333 1980 bene
2358 1937 2611 1996 operatus
2643 1936 2726 1982 est
2749 1926 3051 1994 Cornelius,
3079 1936 3249 1983 totum
3291 1928 3401 1984 Deo
3425 1928 3558 1983 dan-

1972 2015 2098 2070 dum
2129 2025 2234 2083 est,
2265 2031 2333 2072 ne
2356 2017 2492 2073 forte
2515 2019 2633 2088 quis
2658 2019 2962 2074 extollatur.

2044 2108 2270 2164 CAPUT
2311 2109 2440 2164 Vlll.
2470 2140 2541 2150 —
2585 2112 2672 2166 l3.
2725 2111 2955 2166 Proinde
2990 2112 3104 2182 ipse
3128 2126 3266 2167 unus
3309 2112 3559 2184 Magister

1975 2209 2029 2255 et
2053 2203 2328 2268 Dominus,
2360 2219 2481 2259 eum
2510 2203 2735 2259 dixisset
2760 2219 2878 2274 quae
2908 2219 3065 2274 supra
3095 2207 3410 2271 memoravi,
3445 2204 3558 2259 [Ioc

1975 2301 2046 2348 est
2069 2309 2195 2362 opus
2223 2292 2340 2360 Dei,
2363 2303 2416 2348 ut
2439 2294 2654 2350 credatis
2682 2295 2735 2348 in
2759 2311 2874 2350 eum
2897 2312 3043 2366 quem
3067 2297 3200 2349 misit
3224 2296 3314 2351 ille
3331 2313 3352 2352 :
3377 2298 3430 2352 in
3458 2313 3556 2351 co-

1975 2384 2096 2439 dem
2121 2385 2236 2455 ipso
2260 2399 2510 2442 sermone
2537 2401 2634 2441 suo
2665 2386 2822 2455 paulo
2847 2397 2968 2455 post
2995 2387 3088 2453 ait,
3116 2385 3238 2441 Dixi
3260 2388 3416 2454 vobis,
3439 2392 3559 2458 quia

1975 2487 2022 2532 et
2051 2479 2244 2533 vidistis
2273 2495 2352 2533 me
2374 2521 2388 2544 ,
2421 2490 2469 2533 et
2499 2495 2599 2534 non
2625 2479 2925 2533 credidistis.
2961 2478 3124 2534 Omne
3148 2481 3283 2550 quod
3312 2481 3402 2533 dat
3437 2481 3561 2534 mihi

1976 2567 2152 2636 Pater,
2180 2570 2249 2623 ad
2274 2587 2354 2624 me
2380 2571 2557 2624 veniet.
2585 2570 2722 2638 Quid
2751 2579 2853 2636 est,
2879 2571 2946 2623 ad
2972 2587 3052 2625 me
3075 2572 3254 2636 veniet,
3284 2572 3406 2638 nisi,
3432 2570 3564 2626 Cre~

1974 2660 2064 2716 det
2091 2662 2141 2715 in
2172 2663 2296 2716 me?
2336 2662 2440 2718 Sed
2479 2671 2536 2716 ut
2562 2662 2672 2730 ﬁat,
2715 2663 2873 2718 Pater
2896 2662 3007 2717 dat.
3039 2662 3170 2719 Item
3204 2664 3360 2733 paulo
3387 2673 3509 2733 post
3542 2683 3557 2718 :

1978 2750 2168 2818 Nolite,
2184 2752 2371 2822 inquit,
2391 2768 2705 2806 murmurare
2720 2753 2931 2808 invicem
2944 2769 2962 2806 :
2980 2770 3126 2808 nemo
3142 2763 3304 2825 potest
3317 2756 3484 2809 venire
3493 2755 3561 2808 ad

1976 2859 2074 2910 me,
2105 2843 2202 2897 nisi
2230 2841 2388 2898 Pater
2411 2844 2498 2915 qui
2526 2843 2660 2898 misit
2685 2859 2784 2909 me,
2815 2847 3026 2898 traxerit
3050 2860 3166 2898 eum
3201 2859 3220 2899 :
3247 2853 3294 2900 et
3319 2860 3410 2916 ego
3443 2861 3562 2902 eum

1973 2934 2278 2990 resuscitabo
2305 2935 2359 2989 in
2383 2935 2651 2990 novissimo
2671 2935 2771 2989 die.
2803 2932 2896 2988 Est
2915 2935 3163 3005 scriptum
3184 2935 3237 2989 in
3268 2934 3560 3006 Propltetis.

1978 3027 2043 3081 Et
2069 3038 2215 3082 erunt
2237 3043 2406 3082 omnes
2432 3027 2668 3082 docibiles
2696 3026 2812 3080 Dei.
2843 3025 3020 3080 Omnis
3039 3027 3124 3098 qui
3140 3028 3331 3081 audivit
3350 3043 3380 3081 a
3402 3026 3561 3081 Patre

1975 3129 2022 3174 et
2036 3120 2230 3187 didicit,
2249 3120 2380 3174 venit
2395 3119 2463 3173 ad
2482 3134 2561 3173 me
2581 3117 2757 3190 (Joan.
2778 3117 2958 3184 vr,29,
2973 3117 3061 3184 56,
3077 3117 3167 3186 57,
3181 3117 3395 3189 43-45).
3421 3117 3562 3187 Quid

1975 3221 2078 3279 est,
2113 3211 2290 3266 Omnis
2315 3211 2402 3281 qui
2425 3210 2617 3264 audivit
2642 3226 2674 3263 a
2700 3208 2857 3264 Patre
2884 3219 2931 3264 et
2953 3209 3150 3276 didicit,
3191 3211 3323 3264 venit
3347 3210 3416 3264 ad
3442 3226 3562 3275 me;

1977 3303 2098 3369 nisi,
2128 3301 2314 3357 Nullus
2342 3311 2424 3357 est
2465 3302 2553 3372 qui
2588 3300 2768 3358 audiat
2795 3316 2825 3355 a
2854 3301 3012 3356 Patre
3041 3309 3096 3356 et
3121 3300 3312 3368 discat,
3360 3310 3416 3357 et
3441 3316 3560 3358 'non

1975 3394 2150 3450 veniat
2178 3393 2246 3448 ad
2273 3393 2396 3448 me?
2421 3391 2478 3448 Si
2517 3392 2661 3448 enim
2687 3393 2862 3448 omnis
2899 3391 2991 3462 qui
3020 3392 3224 3447 audivit
3261 3407 3290 3447 a
3317 3393 3476 3450 Patre
3505 3404 3562 3450 et

1975 3483 2178 3550 didicit,
2211 3485 2385 3548 venit;
2412 3482 2652 3553 profecto
2681 3482 2855 3538 omnis
2875 3483 2964 3553 qui
2995 3498 3101 3538 non
3129 3482 3294 3547 venit,
3327 3499 3432 3538 non
3463 3499 3563 3538 au-

1975 3574 2106 3630 divit
2133 3589 2163 3629 a
2193 3574 2370 3638 Patre,
2417 3563 2741 3630 nec‘didicit
2771 3592 2784 3628 :
2815 3589 2939 3628 nam
2985 3573 3030 3628 si
3074 3573 3309 3630 audisset
3337 3584 3390 3629 et
3417 3575 3560 3630 didi-

1975 3666 2155 3732 cisset,
2182 3665 2405 3720 veniret.
2430 3663 2612 3734 Neque
2636 3664 2778 3719 enim
2807 3663 2946 3718 ullus
2962 3663 3168 3718 audivit
3194 3673 3248 3719 et
3272 3663 3478 3732 didicit,
3501 3675 3560 3721 et

1977 3771 2084 3810 non
2111 3755 2259 3811 venit
2298 3773 2310 3810 :
2351 3755 2445 3810 sed
2483 3755 2682 3821 omnis,'
2705 3763 2762 3808 ut
2797 3754 2872 3809 ait
2917 3753 3144 3819 Veritas,
3192 3755 3276 3825 qui
3310 3755 3499 3810 audivit
3527 3773 3562 3810 a

1977 3845 2136 3901 Patre
2163 3857 2210 3901 et
2249 3846 2462 3912 didicit,
2497 3846 2650 3900 venit.
2681 3844 2848 3900 Valde
2893 3853 3097 3900 remota
3141 3854 3222 3900 est
3250 3839 3287 3900 a
3310 3847 3558 3903 sensibus

1975 3939 2153 3994 carnis
2183 3938 2297 3993 huic
2325 3937 2531 4004 schola,
2573 3937 2626 3991 in
2651 3950 2755 4007 qua
2786 3936 2943 3990 Pater
2971 3935 3186 3990 auditur
3211 3945 3266 3991 et
3293 3936 3470 4002 docet,
3501 3950 3562 3994 ut

1977 4031 2219 4088 veniatur
2246 4029 2313 4084 ad
2342 4029 2558 4084 Filium.
2581 4027 2656 4082 lbi
2678 4037 2760 4082 est
2789 4035 2842 4082 et
2863 4027 2975 4096 ipse
3001 4026 3182 4093 Filius,
3211 4029 3332 4097 quia
3350 4029 3464 4098 ipse
3479 4037 3563 4084 est

1975 4125 2209 4180 Verbum
2231 4123 2366 4193 ejus,
2387 4135 2482 4192 per
2497 4119 2636 4190 quod
2654 4119 2731 4174 sic
2749 4118 2926 4184 docet;
2953 4133 3050 4174 nec
3063 4119 3171 4188 agit
3192 4117 3293 4174 hoc
3313 4133 3431 4174 cum
3449 4134 3561 4174 car-

1977 4214 2059 4268 nis
2084 4229 2228 4278 aure,
2255 4211 2350 4267 sed
2377 4211 2570 4267 cordis.
2601 4208 2769 4265 Simul
2797 4209 2866 4262 ibi
2889 4216 2971 4263 est
2989 4217 3043 4263 et
3058 4207 3286 4277 Spiritus
3309 4210 3480 4264 Patris
3505 4221 3560 4266 et

1977 4303 2091 4358 Filii
2112 4322 2126 4370 ;
2150 4318 2322 4372 neque
2338 4301 2478 4356 enim
2498 4301 2610 4371 ipse
2631 4314 2734 4353 non
2752 4297 2928 4366 docet,
2951 4307 3041 4352 aut
3062 4299 3346 4368 separatim
3367 4299 3560 4356 docet:

1977 4394 2341 4465 inseparabilia
2353 4393 2548 4463 quippe
2559 4391 2834 4447 didicimus
2849 4392 2870 4422 ¹
2883 4405 3002 4446 εεεε
3013 4405 3174 4461 opera
3186 4390 3476 4446 Trinitatis.
3493 4394 3562 4448 Et

1977 4489 2088 4558 ipse
2103 4497 2186 4542 est
2201 4486 2380 4556 utique
2397 4485 2627 4554 Spiritus
2643 4492 2875 4546 sanctus,
2894 4483 2960 4537 de
2978 4498 3084 4553 quo
3103 4483 3389 4553 Apostolus
3403 4484 3554 4550 dicit,

1981 4578 2230 4632 [labentes
2254 4586 2418 4630 autem
2443 4579 2666 4630 eumdem
2696 4574 2945 4646 Spiritum
2966 4575 3086 4642 ﬁdei
3107 4574 3175 4644 (ll
3197 4573 3314 4629 Cor.
3347 4591 3420 4643 tv,
3447 4577 3555 4647 15).

1973 4670 2079 4726 Sed
2111 4669 2230 4724 ideo
2259 4668 2404 4723 Patri
2435 4667 2537 4722 hoc
2568 4666 2902 4735 potissimum
2935 4675 3019 4720 est
3053 4667 3390 4734 attributum,
3428 4670 3552 4738 quia

1974 4761 2042 4816 de
2072 4761 2188 4831 ipso
2227 4769 2310 4814 est
2348 4757 2561 4828 genitus
2591 4755 2930 4825 Unigenitus,
2977 4765 3032 4811 et
3075 4756 3143 4812 de
3173 4757 3291 4827 ipso
3323 4759 3563 4827 procedit

1973 4852 2200 4922 Spiritus
2226 4859 2440 4905 sanctus
2467 4867 2480 4903 :
2510 4847 2648 4903 unde
2675 4849 2890 4918 longum
2917 4857 2998 4903 est
3024 4849 3357 4905 enucleatius
3376 4851 3560 4922 dispu-

1975 4953 2121 5009 tare;
2149 4952 2203 4998 et
2231 4941 2300 4996 de
2319 4940 2598 5003 Trinitatc,
2621 4955 2739 5010 quae
2763 4940 2899 4995 Deus
2925 4949 3026 5006 est,
3050 4940 3286 4996 laborem
3314 4953 3553 4999 nostrum
3592 5009 3594 5012 ν

1974 5039 2025 5094 in
2054 5035 2356 5107 quindecim
2395 5033 2547 5088 libris
2576 5033 2640 5087 ad
2672 5048 2768 5087 vos
2794 5033 2902 5102 jam
2945 5033 3194 5089 existimo
3218 5036 3550 5105 pervenisse.
3585 5029 3598 5111 ε

1973 5128 2161 5194 Valde,
2208 5128 2444 5197 inquam,
2478 5132 2680 5180 remota
2723 5133 2805 5178 est
2848 5139 2879 5177 a
2920 5125 3166 5180 sensibus
3209 5127 3387 5182 carnis
3443 5128 3556 5184 lucc
3596 5119 3602 5144 ³

1972 5223 2176 5288 schola,
2206 5221 2258 5275 in
2299 5235 2401 5290 qua
2439 5219 2578 5274 Deus
2607 5218 2819 5273 auditur
2853 5227 2908 5273 et
2937 5219 3113 5275 docet.
3151 5220 3345 5277 Multos
3373 5225 3554 5280 venire

1973 5314 2212 5369 videmus
2246 5311 2311 5366 ad
2343 5311 2558 5375 Filium,
2598 5310 2720 5381 quia
2753 5310 2948 5364 multos
2974 5311 3197 5366 credere
3225 5313 3468 5369 videmus
3497 5315 3551 5370 in

1970 5405 2241 5460 Christum
2277 5421 2289 5456 :
2322 5402 2414 5457 sed
2446 5402 2532 5457 ubi
2560 5411 2614 5456 et
2633 5401 2901 5471 quomodo
2921 5416 2950 5455 a
2981 5401 3138 5457 Patre
3162 5401 3428 5459 audierint
3451 5405 3552 5461 hoc

2037 5581 2053 5613 ι
2080 5580 2402 5644 tovanienses
2425 5585 2788 5644 expunxerunt,
2813 5584 2989 5644 etcum
3016 5576 3360 5644 _crederet,__t_rt
3381 5592 3557 5644 super-

1973 5643 2140 5692 ﬁuum.
2168 5641 2378 5689 ttabetur
2402 5640 2502 5688 non
2521 5647 2705 5689 tantum
2749 5643 2798 5688 in
2842 5640 3194 5702 antiquioribus
3217 5641 3360 5691 editis
3381 5640 3482 5692 Am.
3507 5653 3558 5696 et

1974 5712 2066 5812 ἷξε..
2093 5703 2182 5775 sed
2209 5703 2418 5750 etiamin
2441 5704 2673 5751 Vaticanis
2695 5701 3029 5762 manuscriptis
3047 5709 3097 5750 et
3120 5701 3339 5763 pluribus
3363 5717 3425 5754 ex
3451 5706 3554 5756 θεία

1995 5777 2155 5812 manis.

2010 5783 2155 5813 (SBHE.

1995 5783 2005 5814 l
2043 5829 2062 5857 ⁸
2088 5835 2185 5873 Am.
2213 5831 2282 5872 Er.
2314 5835 2364 5875 et
2388 5825 2565 5888 aliquot
2593 5834 2717 5885 3:55.,
2746 5824 2967 5876 (licinius.

2843 5907 3297 5988 {Trente-une.)
