4102 6486
605 331 703 388 971

614 483 666 527 ct
702 471 995 536 didicerint,
1048 484 1154 526 non
1183 467 1443 524 videmus.
1487 465 1717 520 Nimium
1756 467 1921 535 gratia
1957 465 2055 518 ista
2079 477 2168 518 se-

603 576 752 624 ureta
782 575 864 620 est
902 580 918 618 :
951 560 1169 631 gratiam
1197 573 1324 614 vero
1347 571 1468 613 esse
1489 555 1606 626 quis
1626 555 1892 624 ambigat?
1920 555 2042 609 ﬂa‘c
2066 554 2170 608 ita-

607 669 712 724 que
736 652 925 722 gratia,
955 664 1072 719 qua:
1099 650 1307 704 occulte
1328 647 1572 702 humanis
1597 646 1846 701 cordibus
1865 645 2041 699 divina
2063 644 2170 698 lar-

603 746 764 814 gitate
793 741 1056 806 tribuitur,
1098 753 1127 793 a
1170 740 1320 794 nullo
1347 739 1482 793 duro
1509 737 1671 793 corde
1707 737 1997 806 respuitur.
2045 735 2168 789 Ideo

601 832 790 902 quippe
819 831 1080 890 tribuitur,
1115 837 1170 882 ut
1195 828 1372 882 cordis
1395 827 1586 881 duritia
1614 827 1858 896 primitus
1877 826 2167 880 auferatur.

601 920 822 988 Quando
865 935 992 990 ergo
1023 919 1180 974 Pater
1207 919 1350 972 intus
1375 915 1588 970 auditur
1615 924 1669 971 et
1697 916 1869 978 docet,
1903 924 1958 968 ut
1986 914 2168 968 venia-

604 1021 682 1067 tur
711 1011 776 1066 ad
805 1011 1020 1078 Filium,
1059 1009 1233 1068 aufert
1260 1023 1354 1064 cor
1385 1007 1652 1076 lapideum
1675 1047 1688 1072 ,
1719 1014 1774 1060 et
1800 1005 1893 1059 dat
1919 1019 2015 1058 cor
2044 1018 2166 1058 car-

597 1117 778 1168 neum,
829 1101 966 1156 sicut
1010 1101 1267 1172 propheta
1310 1097 1634 1168 praidicante
1670 1094 1914 1164 promisit
1952 1091 2167 1162 (Ezech.

591 1209 667 1254 ll,
699 1193 814 1262 19).
862 1192 949 1246 Sic
974 1193 1171 1260 quippe
1205 1189 1334 1245 facit
1363 1189 1502 1254 filios
1522 1185 1926 1257 promissionis,
1967 1193 2022 1240 et
2045 1197 2168 1238 vasa

595 1280 976 1337 misericordia:
1001 1295 1120 1348 qua:
1149 1277 1462 1348 praeparavit
1486 1277 1540 1330 in
1570 1276 1816 1346 gloriam.

665 1373 754 1428 14.
793 1369 901 1426 Cur
951 1384 1080 1440 ergo
1131 1384 1238 1423 non
1285 1381 1472 1423 omnes
1517 1367 1693 1433 docet,
1743 1373 1801 1420 ut
1841 1365 2059 1421 veniant
2103 1363 2168 1418 ad

599 1463 905 1528 Christum;
955 1462 1056 1516 nisi
1115 1460 1238 1531 quia
1283 1473 1470 1514 omnes
1522 1473 1655 1528 quos
1712 1457 1906 1522 docet,
1963 1455 2174 1510 miseri-

594 1552 774 1608 cordia
837 1551 1038 1613 docet;
1103 1562 1238 1619 quos
1297 1556 1473 1602 autem
1541 1562 1648 1602 non
1716 1545 1911 1612 docet,
1973 1544 2174 1613 judicio

595 1659 699 1698 non
743 1641 942 1698 docet?
982 1641 1239 1709 Quoniam
1282 1640 1428 1711 cujus
1469 1638 1574 1692 vult
1616 1637 1897 1702 miseretur,
1941 1643 1986 1690 et
2024 1651 2174 1705 quem

585 1731 699 1788 uult
739 1732 954 1786 obdurat
997 1745 1016 1784 :
1063 1728 1156 1784 sed
1196 1729 1480 1784 miseretur
1505 1768 1521 1794 ,
1579 1727 1717 1782 bona
1758 1726 2030 1790 tribuens;
2079 1725 2174 1778 ob-

599 1823 790 1887 durat,
825 1820 984 1892 digua
1025 1817 1347 1874 rctribucns.
1395 1816 1502 1872 Aut
1529 1817 1574 1871 si
1603 1824 1658 1872 et
1685 1820 1820 1882 ista,
1857 1824 1915 1869 ut
1955 1812 2168 1884 quidam

585 1913 920 1982 distinguere
945 1910 1264 1973 maluerunt,
1292 1908 1456 1964 verba
1481 1916 1604 1962 sunt
1627 1907 1742 1976 ejus
1763 1906 1851 1960 cui
1877 1904 2168 1974 Apostolus

596 2004 691 2068 ait,
737 2001 879 2056 Dicis
923 1999 1093 2070 itaque
1136 1999 1260 2051 milii
1301 2014 1320 2051 :
1359 2005 1417 2052 ut
1461 1995 1576 2067 ipse
1614 1995 1812 2050 dixisse
1864 1995 2172 2064 accipiatur,

595 2093 734 2164 Ergo
781 2093 928 2163 cujus
963 2090 1068 2144 vult
1107 2089 1390 2154 miseretur,
1431 2096 1478 2141 et
1517 2102 1666 2157 quem
1699 2085 1806 2139 uult
1843 2083 2095 2148 obdurat;
2124 2091 2176 2138 et

595 2197 713 2253 qua':
738 2189 1051 2251 sequuntur,
1084 2178 1134 2233 id
1165 2187 1268 2243 est,
1305 2177 1442 2245 Quid
1469 2176 1638 2230 adhuc
1669 2173 2028 2244 conqueritur?
2057 2189 2178 2228 nam

591 2273 834 2328 uoluntati
857 2273 966 2343 ejus
987 2270 1098 2342 quis
1125 2268 1346 2324 resistit?
1373 2266 1627 2337 numquid
1663 2279 1976 2334 responsum
2003 2271 2086 2318 est
2108 2264 2177 2319 ab

594 2362 852 2433 Apostolo
869 2401 888 2428 ,
914 2359 960 2416 Ο
984 2360 1146 2414 homo
1168 2396 1184 2424 ,
1221 2357 1410 2412 falsum
1440 2366 1524 2413 est
1550 2355 1691 2426 quod
1718 2354 1930 2409 dixisti?
1959 2351 2076 2407 Non
2101 2355 2116 2384 ί
2152 2371 2164 2406 :

594 2455 690 2511 sed
717 2467 1032 2524 responsum
1057 2460 1158 2516 est,
1191 2448 1235 2505 0
1259 2451 1430 2516 homo,
1459 2459 1514 2502 tu
1551 2449 1663 2520 quis
1683 2465 1734 2502 es
1756 2449 1842 2518 qui
1869 2448 2176 2519 respondeas

594 2546 743 2601 Deo?
788 2543 1052 2614 Numquid
1079 2542 1201 2596 dicit
1232 2544 1522 2613 ﬁgmentum
1552 2541 1597 2594 ei
1619 2541 1705 2611 qui
1731 2557 1785 2594 se
1809 2540 1978 2610 ﬁnxit,
2009 2540 2178 2606 Quare

595 2640 668 2693 sic
705 2653 786 2692 me
813 2637 1016 2710 fecisti?
1047 2634 1231 2688 Annon
1259 2634 1406 2688 habet
1443 2641 1740 2704 potestatem
1779 2633 1968 2703 ﬁgulus
1995 2632 2088 2685 luti
2114 2647 2176 2686 ex

595 2727 772 2782 eadem
798 2741 984 2790 massa,
1012 2733 1066 2780 et
1091 2723 1386 2794 sequentia,
1407 2737 1526 2792 quae
1546 2721 1746 2791 optime
1769 2722 1962 2777 nostis.
1995 2722 2064 2776 Et
2092 2731 2172 2776 la-

595 2836 719 2879 mcu
746 2819 1036 2876 secundum
1074 2816 1356 2888 quemdam
1387 2814 1602 2870 modum
1621 2855 1637 2883 ,
1670 2829 1859 2870 omnes
1898 2814 2056 2868 Pater
2081 2813 2178 2868 do-

587 2920 680 2968 cet
719 2910 902 2966 venire
944 2908 1012 2964 ad
1047 2921 1202 2964 suum
1230 2908 1443 2964 Filium.
1483 2906 1600 2962 Non
1628 2906 1770 2962 enim
1813 2906 2004 2960 frustra
2033 2921 2174 2962 εει-ι-

593 3011 748 3074 ιιιιιηι
775 3011 858 3058 est
888 3001 939 3055 in
967 2999 1252 3070 Prophetis
1271 3039 1287 3067 ,
1327 2996 1398 3058 Et
1421 3007 1570 3052 erunt
1595 3013 1766 3052 omnes
1793 2995 2032 3052 docibiles
2057 2996 2175 3054 Dei.

601 3093 754 3163 Quod
785 3091 1150 3149 testimonium
1189 3105 1310 3146 cum
1351 3089 1718 3160 praemisisset,
1757 3097 1882 3144 tunc
1923 3087 2175 3154 subdidit,

595 3186 776 3242 Omnis
798 3186 884 3256 qui
912 3184 1102 3238 audiuit
1123 3199 1156 3236 a
1185 3181 1348 3236 Patre
1363 3190 1410 3236 et
1433 3181 1628 3248 didicit,
1655 3181 1785 3235 venit
1808 3181 1878 3234 ad
1904 3196 2002 3235 me.
2030 3181 2177 3236 Sicut

598 3291 728 3348 ergo
775 3276 982 3344 integre
1026 3271 1330 3342 loquimur,
1373 3286 1495 3326 cum
1540 3270 1610 3326 de
1653 3270 1832 3339 aliquo
1879 3269 2176 3324 litterarum

591 3368 872 3439 magistro,
927 3381 1016 3435 qut
1046 3365 1100 3420 in
1143 3363 1356 3418 civitate
1384 3363 1532 3417 solus
1553 3369 1660 3426 est,
1706 3361 1956 3428 dicimus,
1983 3360 2180 3416 Omnes

597 3460 700 3517 iste
735 3458 822 3512 hic
859 3457 1064 3512 litteras
1102 3453 1288 3518 docet;
1321 3465 1428 3507 non
1453 3451 1574 3520 quia
1601 3463 1790 3505 omnes
1817 3449 2048 3516 discunt,
2084 3450 2178 3530 sed

603 3550 716 3621 quia
745 3561 902 3603 nemo
939 3545 1038 3601 nisi
1095 3545 1164 3600 ab
1190 3544 1284 3599 illo
1317 3542 1504 3606 discit,
1532 3542 1852 3612 quicumque
1877 3541 1950 3596 ibi
1978 3541 2181 3596 litteras

597 3640 754 3696 discit
785 3656 798 3692 :
827 3639 898 3693 ita
925 3644 1068 3692 recte
1083 3627 1326 3698 dicimus,
1343 3631 1542 3688 Omnes
1565 3633 1706 3688 Deus
1724 3631 1883 3688 docet
1907 3632 2090 3688 venire
2113 3632 2180 3686 ad

593 3730 889 3795 Christum,
935 3742 1042 3782 non
1085 3726 1210 3797 quia
1253 3739 1442 3780 omnes
1465 3724 1706 3789 veniunt,
1737 3722 1832 3780 sed
1858 3723 1984 3792 quia
2021 3738 2181 3778 nemo

603 3822 763 3876 aliter
790 3819 956 3874 venit.
999 3815 1106 3872 Cur
1135 3825 1312 3872 autem
1351 3831 1458 3870 non
1488 3827 1676 3869 omnes
1719 3812 1930 3879 doceat,
1975 3813 2182 3882 aperuit

605 3912 914 3982 Apostolus,
939 3918 1196 3980 quantum
1229 3906 1573 3976 aperiendum
1602 3905 1902 3976 judicavit:
1939 3905 2063 3976 quia
2092 3922 2179 3960 vo-

599 4003 710 4056 lens
747 4000 1004 4054 ostendere
1035 3999 1186 4062 iram,
1235 4006 1282 4050 et
1319 3996 1660 4052 demonstrare
1706 3996 1980 4066 potentiam
2013 4013 2178 4058 suam,

589 4093 768 4148 attulit
793 4093 845 4145 in
873 4091 1034 4144 multa
1059 4087 1298 4160 patientia
1321 4103 1440 4142 vasa
1475 4088 1566 4142 ira:
1595 4103 1709 4159 qua:
1733 4092 1954 4158 perfecta
1978 4097 2096 4142 sunt
2125 4089 2178 4142 in

617 4185 958 4260 perditionem,
1001 4189 1046 4236 et
1082 4189 1138 4234 ut
1175 4187 1318 4234 notas
1357 4179 1508 4250 faciat
1550 4179 1750 4234 diuitias
1788 4178 1966 4250 gloria:
1998 4195 2102 4234 sua:
2129 4180 2182 4232 in

604 4291 721 4328 rasa
763 4270 1140 4335 misericordite,
1175 4285 1285 4339 qua:
1313 4269 1614 4339 prazparavit
1653 4269 1708 4322 in
1745 4268 1962 4340 gloriam
2001 4270 2176 4342 (Rom.

599 4381 682 4431 ix,
732 4363 940 4434 48-23).
973 4361 1108 4416 Hinc
1144 4369 1226 4416 est
1257 4359 1402 4430 quod
1431 4359 1634 4414 verbum
1663 4361 1824 4415 crucis
1853 4361 2178 4430 pereuntibus

599 4457 814 4512 stultitia
847 4463 957 4520 est;
993 4453 1070 4506 Itis
1101 4461 1269 4506 autem
1307 4451 1392 4520 qui
1437 4452 1566 4506 salvi
1603 4452 1755 4521 ﬁunt,
1786 4454 1944 4506 virtus
1983 4452 2077 4506 Dei
2104 4462 2175 4507 est

602 4550 645 4620 (ι
669 4549 784 4604 Cor.
815 4563 853 4612 ι,
898 4544 1009 4616 18).
1049 4543 1157 4598 Hos
1182 4557 1368 4598 omnes
1391 4542 1548 4598 docet
1582 4542 1764 4597 venire
1799 4557 1867 4597 au
1911 4539 2180 4598 Christum

607 4643 776 4706 Deus;
805 4641 904 4696 hos
927 4638 1068 4694 enim
1094 4640 1115 4669 ’
1139 4651 1325 4713 omnes
1349 4637 1458 4692 vult
1481 4637 1658 4692 salvos
1687 4637 1824 4702 ﬁeri,
1853 4645 1908 4690 ct
1935 4636 1990 4690 in
2027 4636 2181 4706 agni-

607 4733 803 4786 tionem
829 4729 1068 4785 veritatis
1094 4729 1274 4784 venirc
1299 4727 1344 4797 (l
1377 4725 1506 4781 Tim.
1540 4742 1599 4792 ιι,
1630 4725 1710 4797 4).
1741 4725 1874 4782 Nam
1905 4725 1950 4780 si
1975 4734 2030 4780 et
2060 4725 2184 4781 illos

607 4821 802 4890 quibus
827 4819 1050 4875 stultitia
1076 4827 1159 4874 est
1183 4817 1402 4872 verbum
1427 4817 1619 4881 crucis,
1653 4825 1712 4869 ut
1737 4815 1802 4869 ad
1816 4815 2083 4871 Christum
2094 4830 2186 4870 ve-

612 4913 810 4977 nirent,
857 4909 1050 4964 docere
1083 4908 1358 4974 voluisset,
1407 4905 1588 4976 procul
1636 4905 1800 4962 dubio
1845 4906 2089 4962 venirent
2131 4915 2186 4960 et

605 5004 728 5074 ipsi.
757 5001 874 5060 Non
913 5001 1056 5057 enim
1093 4999 1226 5054 fallit
1261 5009 1352 5055 aut
1391 4998 1590 5054 fallitur
1629 5000 1720 5070 qui
1763 4999 1853 5062 ait,
1893 4999 2070 5054 Omnis
2101 4997 2186 5067 qui

611 5096 802 5152 audiuit
840 5113 872 5150 a
906 5092 1060 5150 Patre
1095 5101 1142 5147 et
1167 5091 1364 5159 didicit,
1405 5093 1538 5146 venit
1565 5092 1633 5145 ad
1657 5107 1755 5146 me.
1783 5091 1936 5152 Absit
1961 5105 2088 5161 ergo
2127 5100 2186 5146 ut

613 5187 890 5258 quisquam
921 5199 1026 5242 non
1052 5182 1248 5249 veniat,
1271 5181 1362 5252 qui
1389 5197 1420 5237 a
1446 5181 1604 5237 Patre
1631 5180 1832 5236 audivit
1857 5189 1912 5236 et
1935 5181 2142 5238 didicit.

686 5275 776 5330 15.
821 5292 841 5328 ι
875 5273 1070 5343 Quare,
1101 5289 1122 5324 ι
1155 5269 1418 5342 inquiunt,
1455 5289 1476 5322 ι
1508 5285 1614 5326 non
1640 5284 1828 5326 omnes
1851 5269 2046 5325 docet?
2077 5289 2098 5322 ι
2121 5269 2176 5326 Si

610 5367 901 5426 dixerimus
925 5364 1048 5437 quia
1086 5363 1274 5419 nolunt
1311 5363 1517 5420 discere
1545 5378 1679 5434 quos
1724 5378 1828 5418 nou
1867 5361 2060 5428 docet;
2094 5379 2184 5417 re-

609 5456 957 5528 spondebitur
995 5455 1168 5520 nobis,
1209 5454 1277 5508 Et
1305 5454 1392 5510 ubi
1421 5462 1503 5508 est
1526 5453 1666 5524 quod
1695 5455 1743 5510 ei
1771 5454 1994 5520 dicitur,
2025 5451 2182 5522 Deus,

611 5559 668 5602 tu
693 5557 978 5602 conuertens
999 5545 1270 5614 uiciﬁeabis
1293 5561 1384 5599 nos
1409 5543 1578 5616 (Psal.
1617 5561 1842 5612 uxxrv,
1881 5545 1978 5616 7)?
2015 5547 2119 5600 Aut
2140 5547 2182 5600 si

673 5677 688 5708 ι
713 5685 892 5726 omnes
908 5683 1014 5726 Mss.
1037 5675 1280 5734 omittunt,
1301 5687 1414 5726 non.

613 5807 644 5843 ὓ
673 5739 802 5846 llic
829 5737 1072 5799 addimu,
1101 5735 1260 5799 enim;
1296 5741 1410 5800 quia
1451 5737 1758 5800 manuscripti
1802 5750 1972 5788 omnes
2011 5736 2058 5786 id
2099 5735 2184 5784 ha-

645 5811 692 5844 ct

645 5811 692 5844 ct

1827 351 1882 404 S.
1927 345 2294 406 AUGUSTINI
2333 345 2628 404 EPISCOPI

3751 351 3866 408 972

2282 477 2388 515 non
2432 462 2555 516 facit
2596 463 2836 518 volentes
2865 479 2931 518 ex
2974 463 3273 518 nolentibus
3304 462 3467 528 Deus,
3511 464 3694 535 utquid
3725 477 3854 524 orat

2278 551 2510 607 Ecclesia
2547 553 2835 608 secundum
2867 563 3190 623 praeceptum
3218 553 3423 610 Domini
3455 569 3552 622 pro
3584 571 3846 624 persecu-

2279 643 2481 698 toribus
2505 644 2615 698 suis
2642 643 2854 715 (Mattli.
2884 660 2934 707 v,
2969 643 3100 712 44)?
3127 642 3256 697 Nam
3287 643 3364 699 sic
3392 645 3554 698 etiam
3577 647 3742 702 voluit
3769 649 3854 702 in-

2278 733 2440 804 telligi
2501 743 2718 788 sanctus
2761 734 3054 804 Cyprianus
3097 732 3200 804 (De
3247 733 3489 788 Oratione
3557 733 3856 804 Dominica)

2277 825 2416 895 quod
2459 825 2705 890 dicimus,
2737 823 2859 878 Fiat
2901 826 3132 879 uoluntas
3159 834 3244 878 tua
3279 825 3406 880 sicut
3447 826 3498 880 in
3543 827 3670 880 coelo
3711 839 3763 881 et
3801 829 3856 884 in

2278 925 2410 970 terra
2435 916 2645 986 (Matth.
2677 933 2750 984 v1,
2787 916 2876 988 10)
2922 933 2936 970 :
2969 916 3067 970 hoc
3095 925 3198 982 est,
3235 915 3374 971 sicut
3415 916 3468 970 in
3503 918 3580 972 eis
3613 917 3704 987 qui
3739 918 3858 987 jam

2276 1009 2634 1076 crediderunt,
2663 1017 2718 1064 et
2743 1018 2992 1078 tauquam
3017 1009 3211 1064 coelum
3233 1017 3386 1074 sunt;
3411 1009 3482 1063 ita
3503 1019 3558 1064 et
3583 1009 3636 1064 in
3660 1011 3739 1064 eis
3761 1011 3856 1080 qui

2276 1115 2382 1155 non
2409 1099 2652 1166 credunt,
2695 1111 2750 1155 et
2777 1101 2845 1155 ob
2876 1100 2978 1154 hoc
3007 1099 3182 1155 adhuc
3209 1108 3347 1154 terra
3378 1109 3520 1154 sunt.
3553 1099 3692 1168 Quid
3713 1115 3852 1170 ergo

2277 1205 2494 1246 oramus
2521 1205 2618 1260 pro
2644 1190 2944 1246 nolentibus
2969 1190 3210 1254 credere,
3243 1191 3346 1244 nisi
3375 1198 3432 1244 ut
3467 1190 3610 1246 Deus
3649 1192 3702 1244 in
3751 1190 3860 1246 illis

2277 1289 2526 1352 operetur
2550 1289 2604 1336 et
2627 1282 2764 1336 velle
2803 1281 3062 1350 (Philipp.
3107 1297 3165 1346 ιι,
3205 1280 3339 1350 15)?
3381 1281 3456 1336 De
3487 1280 3682 1336 Judzeis
3709 1291 3862 1336 certe

2279 1372 2567 1442 Apostolus
2609 1371 2684 1426 ait
2723 1390 2736 1426 :
2781 1371 3013 1436 Fratres,
3054 1371 3184 1426 bona
3208 1372 3438 1424 voluntas
3461 1371 3664 1440 quidem
3689 1372 3863 1426 cordis

2277 1464 2395 1529 mei,
2436 1472 2486 1517 et
2521 1463 2804 1533 deprecatio
2840 1463 2908 1515 ad
2935 1460 3098 1514 Deum
3129 1477 3220 1530 pro
3263 1460 3368 1515 illis
3406 1461 3464 1529 ﬁt
3505 1461 3522 1492 ¹
3563 1462 3618 1514 in
3641 1461 3864 1516 salutem
3897 1471 3904 1512 ἐ

2280 1553 2452 1627 (Rom.
2475 1571 2531 1619 x,
2561 1554 2634 1623 1).
2672 1553 2800 1608 Orat
2826 1567 2920 1622 pro
2945 1568 3054 1608 non
3075 1552 3435 1616 credentibus,
3475 1552 3624 1622 quid,
3653 1553 3756 1607 nisi
3805 1562 3868 1608 ut

2279 1644 2538 1698 credant?
2579 1643 2694 1699 Non
2729 1645 2870 1699 enim
2899 1643 3052 1698 aliter
3079 1651 3476 1713 consequuntur
3501 1645 3758 1700 salutem.
3801 1645 3860 1700 Si

2279 1749 2408 1802 ergo
2441 1733 2572 1788 lides
2597 1734 2860 1788 orantium
2890 1733 2980 1788 Dei
3013 1734 3270 1803 praivenit
3297 1734 3556 1800 gratiam;
3599 1737 3864 1807 numquid

2279 1837 2462 1878 eorum
2493 1823 2626 1879 ﬁdes
2647 1863 2662 1889 ,
2705 1839 2802 1893 pro
2825 1823 3016 1893 quibus
3044 1833 3227 1878 oratur
3253 1832 3308 1878 ut
3335 1825 3578 1890 credant,
3605 1826 3698 1881 Dei
3727 1844 3866 1896 ιιι-ω·
3935 1848 3944 1858 ·

2279 1916 2422 1970 venit
2445 1915 2710 1987 gratiam?
2735 1915 3172 1984 Quandoquidem
3217 1914 3316 1970 hoc
3340 1930 3438 1984 pro
3461 1917 3540 1970 eis
3559 1927 3769 1982 oratur,
3805 1928 3863 1974 ut

2283 2021 2388 2060 nou
2416 2005 2774 2066 credentibus,
2809 2005 2858 2060 id
2902 2014 2984 2061 est
3011 2005 3166 2060 [idem
3199 2021 3304 2060 non
3347 2006 3686 2071 habentibus,
3723 2008 3860 2065 ﬁdes

2281 2095 2394 2164 ipsa
2443 2094 2688 2150 donetur.
2734 2093 2868 2150 Cum
2915 2095 3074 2165 igitur
3127 2096 3472 2166 Evangelium
3523 2099 3864 2167 prmdicatur,

2281 2185 2496 2254 quidam
2523 2184 2746 2240 credunt
2766 2225 2784 2247 ,
2811 2184 3026 2254 quidam
3067 2199 3176 2240 non
3199 2187 3424 2240 credunt
3453 2203 3466 2240 :
3501 2187 3596 2242 sed
3620 2189 3710 2257 qui
3741 2205 3865 2246 cre-

2284 2275 2415 2330 dunt
2439 2275 2787 2346 praedicatore
2821 2276 3116 2331 forinsecus
3152 2263 3452 2341 insonante,
3476 2277 3619 2332 intus
3645 2294 3676 2332 a
3703 2279 3865 2336 Patre

2281 2369 2499 2424 audiunt
2523 2377 2681 2439 atque
2704 2368 2954 2432 discunt;
2983 2368 3071 2438 qui
3099 2375 3276 2422 autem
3305 2385 3411 2423 non
3435 2369 3680 2438 credunt,
3731 2371 3865 2428 foris

2281 2459 2520 2523 audiunt,
2557 2460 2696 2514 intus
2721 2473 2830 2514 nou
2855 2457 3076 2513 audiunt
3103 2473 3276 2528 neque
3314 2458 3528 2514 discunt
3564 2477 3580 2516 :
3613 2460 3714 2516 hoc
3759 2471 3863 2526 est,

2283 2547 2390 2604 illis
2413 2547 2570 2602 datur
2591 2557 2650 2603 ut
2677 2547 2925 2614 credant,
2953 2547 3056 2602 illis
3085 2562 3190 2602 non
3219 2547 3394 2602 datur.
3424 2548 3554 2614 Quia
3577 2565 3744 2617 nemo,
3781 2550 3866 2606 in-

2281 2641 2416 2712 quit,
2441 2641 2572 2696 uenit
2595 2641 2662 2693 ad
2688 2657 2785 2706 me,
2817 2639 2914 2694 nisi
2941 2638 3096 2692 Pater
3115 2639 3202 2710 qui
3227 2639 3360 2693 misit
3375 2655 3472 2706 me,
3497 2641 3705 2696 traxerit
3725 2658 3862 2696 eum.

2282 2730 2436 2796 Quod
2461 2731 2700 2800 apertius
2725 2738 2906 2800 postea
2949 2728 3162 2784 dicitur.
3201 2728 3338 2784 Nam
3366 2739 3490 2800 post
3533 2730 3864 2801 aliquantum

2286 2838 2408 2878 cum
2433 2822 2500 2876 de
2523 2838 2686 2878 carne
2719 2836 2812 2876 sua
2856 2819 3223 2876 manducanda
3260 2829 3318 2876 et
3346 2821 3575 2876 bibendo
3603 2824 3866 2894 sanguine

2281 2928 2380 2969 suo
2409 2913 2734 2983 loqueretur,
2763 2921 2816 2968 et
2849 2912 3088 2968 dicerent
3113 2912 3326 2983 quidam
3363 2913 3524 2968 etiam
3565 2913 3864 2985 discipulo-

2283 3021 2400 3062 rum
2428 3007 2562 3076 ejus,
2587 3006 2762 3062 Durus
2779 3016 2852 3062 est
2877 3007 2960 3060 hic
2983 3023 3166 3072 sermo,
3191 3007 3304 3078 quis
3321 3015 3482 3078 potest
3507 3023 3620 3062 eum
3643 3007 3866 3064 audire?

2284 3095 2462 3151 Sciens
2496 3096 2647 3152 Jesus
2683 3097 2824 3168 apud
2848 3098 3188 3168 semetipsum,
3231 3098 3352 3169 quia
3387 3111 3762 3154 murmurarent
3804 3101 3868 3156 de

2283 3186 2377 3240 hoc
2403 3187 2636 3258 discipuli
2663 3189 2802 3258 ejus,
2831 3187 2960 3241 dixit
3005 3189 3076 3242 eis
3104 3204 3122 3243 :
3163 3185 3277 3242 Hoc
3307 3204 3392 3244 vos
3417 3190 3772 3246 scandalizat?
3799 3191 3870 3247 Et

2283 3279 2441 3347 paulo
2471 3289 2592 3348 post
2621 3295 2639 3333 :
2675 3279 2860 3348 Verba,
2893 3281 3082 3350 Inquit,
3112 3296 3225 3351 qua:
3245 3297 3334 3352 ego
3356 3281 3550 3335 locutus
3569 3299 3679 3336 sum
3701 3285 3864 3348 vobis,

2282 3370 2491 3438 spiritus
2511 3379 2557 3424 et
2586 3371 2690 3423 vita
2717 3381 2834 3424 sunt
2861 3388 2881 3424 :
2905 3371 2995 3424 sed
3023 3380 3140 3425 sunt
3164 3371 3366 3442 quidam
3391 3387 3454 3425 ea:
3485 3371 3620 3426 vobis
3647 3375 3733 3444 qui
3759 3391 3870 3428 non

2283 3460 2512 3514 credunt.
2543 3461 2610 3514 Et
2636 3475 2757 3516 mox
2783 3461 3139 3531 Evangelista,
3173 3461 3376 3517 Sciebat
3397 3461 3552 3527 enim,
3583 3463 3776 3532 inquit,
3805 3465 3869 3516 ab

2281 3550 2426 3616 initio
2445 3549 2594 3604 Jesus
2621 3552 2707 3621 qui
2731 3560 2892 3606 essent
2915 3551 3189 3616 credentes,
3221 3562 3268 3606 et
3293 3553 3405 3622 quis
3435 3553 3709 3608 traditurus
3739 3563 3868 3608 esset

2283 3656 2416 3708 eum,
2447 3650 2494 3694 et
2525 3641 2720 3696 dicebat
2771 3657 2792 3696 :
2825 3639 3110 3712 Propterea
3131 3643 3241 3697 dixi
3269 3645 3422 3708 vobis,
3451 3643 3584 3708 Quia
3609 3661 3754 3699 nemo
3779 3663 3870 3716 po-

2285 3740 2377 3786 test
2422 3733 2588 3786 uenire
2627 3733 2695 3786 ad
2736 3749 2835 3800 me,
2875 3735 2971 3788 nisi
3005 3734 3152 3803 fuerit
3190 3734 3234 3788 ei
3279 3735 3453 3788 datam
3487 3751 3518 3788 a
3555 3733 3712 3789 Patre
3753 3753 3868 3790 meo

2285 3820 2462 3892 (Joan.
2495 3838 2570 3887 vr,
2600 3822 2816 3894 ιιι-66).
2845 3823 2984 3894 Ergo
3007 3823 3140 3878 trahi
3167 3839 3198 3877 a
3223 3824 3380 3878 Patre
3399 3825 3464 3878 ad
3491 3824 3790 3892 Christum,
3819 3835 3870 3880 ct

2283 3912 2469 3968 audire
2493 3927 2555 3967 ac
2583 3911 2790 3968 discere
2810 3928 2838 3966 a
2870 3913 3027 3969 Patre
3052 3922 3110 3966 ιιι
3129 3913 3306 3967 veniat
3325 3913 3390 3966 ad
3415 3911 3710 3977 Christum,
3734 3915 3866 3970 nihil

2285 4003 2430 4059 aliud
2460 4013 2562 4070 est,
2590 4020 2748 4076 quam
2785 4005 2982 4060 donum
3011 4005 3257 4074 accipere
3290 4020 3319 4058 a
3349 4005 3524 4070 Patre,
3551 4021 3659 4076 quo
3682 4007 3870 4064 credat

2285 4095 2341 4150 in
2386 4095 2678 4150 Christum.
2728 4096 2910 4166 Neque
2947 4095 3090 4150 enim
3135 4095 3410 4150 audientes
3446 4097 3800 4169 Evangelium
3839 4116 3868 4152 τι

2285 4201 2394 4241 non
2412 4187 2762 4254 audientibus,
2786 4187 2878 4241 sed
2900 4186 3178 4242 credentes
3197 4203 3228 4242 a
3250 4203 3356 4242 non
3385 4189 3726 4246 credentibus
3749 4193 3868 4246 dis-

2285 4269 2535 4333 cernebat
2581 4278 2670 4346 qui
2699 4277 2926 4342 dicebat,
2952 4277 3120 4335 Nemo
3139 4279 3272 4336 venit
3289 4279 3358 4333 ad
3377 4297 3472 4347 me,
3515 4281 3614 4336 nisi
3643 4285 3802 4354 fuerit
3827 4283 3868 4338 ei

2286 4369 2458 4422 datum
2478 4385 2510 4422 a
2539 4367 2696 4422 Patre
2723 4385 2854 4424 meo.

2359 4482 2446 4538 16.
2487 4483 2558 4553 (a)
2581 4483 2737 4537 Fides
2758 4483 2935 4553 igitur,
2953 4494 3007 4539 et
3026 4482 3290 4552 inchoata,
3317 4494 3370 4541 et
3383 4487 3632 4555 perfecta,
3651 4487 3858 4544 donum

2290 4575 2385 4630 Dei
2422 4581 2506 4628 est
2533 4592 2546 4628 :
2574 4583 2627 4629 et
2663 4575 2764 4630 hoc
2791 4574 2988 4630 donum
3021 4576 3336 4646 quibusdam
3371 4577 3520 4644 dari,
3546 4580 3868 4650 quibusdam

2287 4682 2392 4721 non
2431 4666 2562 4732 dari,
2599 4668 2816 4721 omnino
2853 4683 2959 4722 non
3001 4666 3237 4734 dubitet,
3273 4671 3362 4740 qui
3403 4686 3508 4726 non
3546 4673 3659 4728 vult
3695 4675 3864 4730 mani-

2287 4759 2590 4815 festissimis
2615 4759 2784 4816 sacris
2811 4759 3024 4816 Litteris
3061 4776 3380 4833 repugnare.
3419 4764 3528 4819 Cur
3549 4775 3724 4821 autem
3757 4783 3866 4824 non

2288 4851 2535 4906 omnibus
2567 4851 2744 4917 detur,
2769 4851 2977 4908 fidelem
2999 4867 3216 4909 movere
3249 4869 3357 4910 non
3378 4855 3558 4924 debet,
3581 4858 3670 4928 qui
3693 4859 3869 4916 credit

2288 4957 2354 4996 ex
2379 4957 2486 4996 uno
2522 4957 2710 4996 omnes
2736 4943 2842 4998 isse
2876 4943 2929 4996 in
2955 4943 3472 5013 condemnationem,
3503 4949 3619 5003 siue
3651 4948 3867 5003 dubita-

2290 5034 2432 5089 tione
2453 5034 2801 5104 justissimam
2831 5053 2846 5089 :
2874 5035 2944 5089 ita
2973 5041 3030 5090 ut
3067 5035 3207 5089 nulla
3237 5035 3328 5091 Dei
3357 5017 3658 5108 essetjusta
3685 5055 3867 5110 repre-

2289 5125 2501 5192 hensio,
2542 5125 2751 5180 ctiamsi
2793 5125 2966 5182 nullus
3007 5125 3130 5182 inde
3167 5125 3503 5183 liberaretur.
3549 5129 3698 5186 Unde
3734 5146 3864 5186 con-

2289 5225 2394 5271 stat
2432 5231 2674 5287 magnam
2702 5231 2821 5272 esse
2845 5218 3092 5288 gratiam,
3119 5217 3264 5288 quod
3295 5219 3512 5290 plurimi
3549 5220 3862 5288 liberantur,

2289 5301 2500 5377 etquid
2551 5307 2650 5363 sibi
2703 5307 3018 5376 deberetur,
3061 5309 3114 5363 in
3158 5308 3238 5365 eis
3275 5312 3366 5381 qui
3415 5325 3522 5368 non
3573 5313 3864 5368 liberantur

2289 5409 2583 5471 agnoscunt
2622 5417 2636 5454 :
2677 5410 2734 5454 ut
2773 5401 2862 5472 qui
2900 5400 3186 5471 gloriatur,
3227 5416 3333 5456 non
3381 5402 3434 5458 in
3489 5405 3598 5458 suis
3640 5406 3860 5470 meritis,

2289 5507 2407 5562 quae
2448 5492 2593 5561 paria
2635 5491 2778 5547 videt
2819 5507 2940 5548 esse
2976 5491 3256 5558 damnatis,
3286 5493 3380 5549 sed
3419 5493 3472 5550 in
3497 5495 3720 5552 Domino
3751 5497 3863 5568 gloc

2291 5583 2456 5636 rietur
2477 5583 2518 5636 '.
2561 5582 2667 5636 Cur
2703 5591 2878 5636 autem
2912 5583 3067 5636 istum
3097 5584 3268 5652 potius
3289 5599 3443 5654 quam
3482 5586 3628 5640 illum
3653 5586 3860 5648 liberet,

2353 5674 2374 5738 ξ
2395 5681 2571 5738 omnes
2591 5685 2740 5738 prope
2765 5681 2868 5738 Mss.
2889 5674 3130 5732 omittunt,
3150 5671 3222 5738 fit.

2350 5734 2371 5804 ξ
2395 5733 2530 5804 editi,
2557 5733 2606 5782 ut
2731 5733 3021 5804 gloriantur,
3037 5733 3215 5804 nonin
3237 5733 3338 5804 suis
3353 5733 3557 5804 petitis
3578 5747 3691 5800 qua
3725 5747 3860 5802 parta

2351 5793 2424 5856 (a)
2457 5795 2539 5844 Hie
2561 5793 2686 5858 apud
2711 5793 2810 5844 Ain.
2838 5803 2889 5844 et
2911 5801 2984 5844 Er.
3010 5797 3175 5858 incipit
3194 5803 3337 5860 caput
3351 5795 3400 5846 9.
