4102 6470
346 356 451 412 973

345 465 703 526 inscrutabilia
745 473 868 520 sunt
903 463 1100 534 judicia
1135 462 1252 532 ejus
1290 470 1344 517 et
1391 460 1786 530 investigahilcs
1823 458 1920 513 vite

342 563 461 631 ejus
486 558 663 632 (Rom.
687 573 763 622 ιι,
789 557 902 628 '55).
945 555 1132 611 Melius
1154 554 1295 610 enim
1335 563 1391 609 et
1429 553 1516 610 hic
1552 552 1795 608 audimus
1831 560 1918 606 aut

349 653 596 713 dicimus,
624 648 670 703 Ο
690 651 859 712 homo,
878 658 929 701 tu
956 647 1068 718 quis
1095 662 1146 700 es
1170 646 1256 717 qui
1283 645 1584 717 respondeas
1609 641 1720 698 Deo
1743 642 1918 716 (Rom.

343 758 430 806 Ix,
465 741 621 809 ξονι
659 753 818 808 quam
861 737 1044 792 dicere
1080 735 1367 798 audemus,
1408 734 1558 804 quasi
1594 735 1916 797 noverimus,

343 830 485 901 quod
525 829 791 883 occultum
827 841 946 882 esse
972 826 1155 890 voluit,
1194 825 1286 896 qui
1331 835 1504 880 tamen
1543 822 1739 894 aliquid
1777 823 1920 892 inju-

343 934 484 977 stum
527 920 664 975 velle
702 933 806 972 non
847 918 1038 988 potuit.

414 1011 642 1068 CAPUT
682 1010 772 1066 IX.
804 1039 879 1051 —
908 1011 995 1064 l7.
1034 1008 1164 1064 Illud
1201 1017 1375 1064 autem
1410 1006 1551 1079 quod
1588 1006 1640 1061 in
1664 1003 1920 1076 opusculo

343 1120 464 1161 meo
498 1103 727 1176 quodam
754 1110 939 1156 contra
960 1099 1311 1172 Porphyrium
1336 1098 1435 1153 sub
1461 1097 1636 1162 titulo,
1669 1096 1738 1151 de
1764 1096 1919 1150 Tem-

344 1211 474 1265 pore
498 1193 805 1250 Christiana:
835 1191 1135 1261 religionis,
1167 1204 1251 1244 me
1303 1188 1501 1242 dixisse
1536 1187 1806 1251 recolitis;
1845 1185 1917 1240 ita

346 1285 486 1351 dixi,
511 1295 568 1340 ιιι
609 1284 742 1341 hanc
769 1282 1155 1352 diligentiorem
1194 1289 1249 1335 et
1283 1279 1645 1348 Operosiorem
1680 1277 1917 1345 disputa-

347 1380 542 1432 tionem
571 1375 637 1430 dc
665 1373 844 1430 Gratia
871 1372 1221 1442 praeterirem,
1245 1386 1351 1424 non
1384 1383 1515 1424 sane
1536 1369 1731 1423 omissa
1756 1367 1918 1437 signi-

345 1469 620 1529 ficatione,
663 1466 804 1536 quod
843 1480 962 1520 eam
1002 1465 1121 1520 loco
1165 1463 1254 1517 illo
1295 1463 1561 1532 explicare
1604 1460 1914 1527 noluissem,

339 1573 458 1628 qua:
485 1565 666 1627 posset
688 1557 817 1610 alias
839 1554 920 1610 vel
945 1554 1012 1608 ab
1031 1553 1152 1608 aliis
1177 1552 1432 1623 explicari
1455 1553 1497 1606 ⁸.
1520 1551 1648 1606 Nam
1677 1551 1746 1604 ita
1767 1550 1918 1604 locu-

339 1658 428 1702 tus
463 1661 583 1703 sum
630 1647 770 1702 inter
802 1654 1023 1708 cratera,
1068 1643 1397 1714 respondens
1442 1641 1728 1712 proposita:
1767 1654 1914 1710 quae-

337 1736 522 1802 stioni,
549 1735 658 1791 Cur
677 1735 918 1790 Christus
939 1744 1058 1803 post
1090 1741 1195 1788 tam
1231 1733 1383 1802 longa
1416 1740 1654 1801 tempora
1674 1731 1912 1786 venerit:

343 1849 363 1882 ι
390 1828 656 1894 Proinde,
688 1847 707 1880 ι
739 1828 980 1898 inquam,
1008 1845 1028 1878 ι
1073 1841 1192 1880 cum
1234 1824 1449 1880 Christo
1492 1837 1596 1879 non
1641 1822 1913 1891 objiciunt,

334 1921 478 1992 quod
503 1921 618 1990 ejus
645 1919 944 1974 doctrinam
969 1933 1078 1974 non
1101 1932 1288 1973 omnes
1325 1924 1618 1986 sequuntur
1639 1917 1656 1988 (
1683 1916 1918 1970 sentiunt

334 2013 477 2068 enim
504 2019 558 2065 et
593 2011 692 2081 ipsi
731 2025 1061 2080 nequaquam
1102 2009 1203 2064 hoc
1239 2017 1382 2064 recte
1417 2007 1574 2078 objici
1617 2020 1792 2076 posse,
1832 2006 1914 2062 vel

335 2104 609 2174 sapientia:
649 2103 1106 2174 philosophorum,
1141 2101 1225 2156 vel
1261 2100 1424 2156 etiam
1451 2099 1655 2154 numini
1693 2098 1913 2154 deorum

335 2196 576 2266 suorum)
599 2210 615 2259 ;
647 2195 772 2264 quid
795 2193 1196 2262 respondebunt
1218 2192 1263 2247 si
1291 2199 1511 2261 excepta
1533 2191 1618 2246 illa
1640 2189 1916 2245 altitudine

335 2286 609 2356 sapientiae
643 2293 701 2340 et
720 2284 957 2341 scientia:
987 2283 1106 2350 Dei,
1130 2283 1218 2339 ubi
1248 2283 1490 2338 fortassis
1518 2281 1661 2337 aliud
1680 2281 1914 2336 divinum

336 2377 613 2432 consilium
641 2376 797 2446 longe
829 2375 1085 2432 secretius
1119 2376 1265 2440 latet,
1288 2375 1404 2430 sine
1430 2373 1736 2444 priejudicio
1754 2373 1914 2428 etiam

338 2469 559 2524 aliarum
583 2469 715 2524 forte
737 2482 1040 2532 causarum,
1063 2483 1182 2536 quae
1203 2482 1232 2520 a
1256 2465 1604 2536 prudentibus
1624 2464 1870 2535 vestigari
1891 2464 1914 2496 ³

343 2567 563 2628 queunt,
594 2557 697 2612 hoc
722 2558 889 2612 solum
915 2557 995 2612 eis
1015 2555 1291 2611 brevitatis
1323 2555 1490 2625 gratia
1514 2554 1566 2608 in
1593 2553 1748 2624 hujus
1769 2569 1918 2623 qua:-

347 2649 540 2702 stionis
563 2648 910 2717 disputatione
932 2645 1194 2713 dicamus,
1215 2654 1338 2700 tunc
1358 2645 1590 2701 voluisse
1615 2645 1916 2700 hominibus

343 2753 606 2809 apparere
627 2738 911 2804 Christum,
934 2744 988 2792 et
1007 2736 1147 2806 apud
1181 2751 1274 2791 eos
1309 2735 1585 2805 praedicari
1615 2734 1913 2790 doctrinam

337 2843 511 2894 suam,
536 2827 746 2898 quando
777 2827 992 2892 sciebat,
1019 2834 1080 2882 et
1107 2824 1196 2880 ubi
1225 2825 1426 2880 sciebat
1448 2839 1569 2880 esse
1595 2825 1684 2894 qui
1717 2825 1768 2878 in
1793 2839 1914 2878 cum

340 2918 548 2974 fuerant
581 2916 875 2972 credituri?
916 2916 1012 2972 llis
1047 2917 1190 2972 enim
1219 2916 1543 2986 temporibus
1566 2924 1620 2970 et
1647 2915 1732 2969 his
1761 2915 1912 2982 locis,

337 3009 531 3079 quibus
567 3009 917 3078 Evangelium
958 3007 1074 3077 ejus
1111 3022 1216 3061 non
1260 3015 1344 3061 est
1381 3005 1742 3076 prtedicatum,
1782 3005 1916 3062 tales

335 3116 524 3159 omnes
551 3103 604 3156 in
632 3102 751 3169 ejus
790 3099 1163 3171 praedicatione
1196 3097 1403 3154 futuros
1436 3113 1557 3154 esse
1585 3098 1912 3168 prmsciebat,

335 3193 540 3262 quales,
570 3207 675 3246 non
699 3190 914 3260 quidem
948 3205 1158 3257 omnes,
1185 3189 1278 3244 sed
1315 3199 1492 3244 tamen
1527 3189 1678 3243 multi
1711 3189 1762 3243 in
1801 3188 1916 3257 ejus

335 3283 596 3352 corporali
625 3281 908 3352 prirsentia
937 3281 1166 3347 fuerunt,
1190 3280 1278 3350 qui
1306 3280 1359 3333 in
1383 3295 1503 3334 eum
1527 3293 1626 3334 nec
1645 3278 1916 3334 suscitatis

336 3374 406 3429 ab
431 3387 498 3429 eo
514 3373 760 3438 mortuis,
787 3370 1008 3426 credere
1025 3371 1342 3436 voluerunt;
1383 3369 1567 3439 quales
1588 3368 1750 3423 etiam
1777 3383 1917 3423 nunc

343 3466 540 3521 multos
578 3465 848 3528 videmus,
889 3478 1010 3517 cum
1061 3471 1202 3516 tanta
1255 3459 1680 3516 manifestatione
1717 3459 1784 3513 de
1825 3459 1916 3514 illo

341 3556 711 3626 compleantur
729 3554 992 3625 przeconia
1015 3551 1420 3622 PrOphetarum,
1441 3550 1584 3604 nolle
1606 3548 1779 3604 adhuc
1799 3565 1917 3603 cre-

339 3647 505 3715 dere,
535 3656 589 3700 et
617 3646 775 3700 malle
801 3644 1028 3698 humana
1068 3643 1258 3698 astutia
1296 3642 1546 3697 resistere
1568 3682 1583 3708 ,
1619 3656 1777 3711 quam
1811 3650 1917 3694 tam

335 3743 502 3798 clara:
526 3749 685 3809 atque
710 3739 1028 3809 perspicua},
1059 3747 1274 3807 tamque
1298 3735 1509 3790 sublimi
1539 3743 1591 3788 et
1624 3733 1919 3788 sublimiter

337 3832 624 3887 diffamatis
648 3830 838 3884 divinae
863 3829 1056 3884 cedere
1089 3825 1411 3886 auctoritati.
1435 3824 1691 3895 quamdiu
1726 3839 1918 3894 parvus

336 3933 391 3979 et
425 3923 668 3978 infirmus
702 3934 785 3976 est
831 3922 1130 3975 intellectus
1156 3918 1416 3982 hominis,
1449 3917 1642 3972 divinae
1667 3915 1919 3971 accedere

335 4014 546 4069 veritati
573 4013 614 4066 ³.
656 4011 792 4080 Quid
822 4027 950 4082 ergo
980 4011 1170 4064 mirum
1191 4049 1208 4076 ,
1236 4009 1280 4062 si
1319 4017 1429 4062 tam
1465 4007 1768 4061 infidelibus
1803 4006 1918 4075 ple-

334 4119 466 4158 num
499 4103 684 4157 orbem
721 4111 982 4156 terrarum
1005 4100 1250 4154 Christus
1285 4098 1550 4167 prioribus
1584 4096 1792 4151 saeculis
1826 4111 1922 4150 no-

337 4204 490 4248 verat
512 4193 554 4256 δ,
587 4203 644 4246 ιι
679 4193 758 4247 eis
787 4206 1048 4262 apparere
1073 4191 1155 4243 vel
1181 4188 1460 4261 praedicari
1499 4189 1692 4243 merito
1733 4188 1916 4251 nollet,

342 4297 478 4352 quos
507 4298 604 4336 nec
629 4282 804 4336 verbis
828 4323 841 4346 ,
869 4296 968 4336 nec
1007 4281 1274 4335 miraculis
1317 4279 1427 4333 suis
1465 4278 1763 4334 credituros
1800 4292 1920 4332 esse

345 4372 700 4442 priesciebat?
740 4372 920 4442 Neque
945 4373 1085 4426 enim
1126 4371 1434 4426 incredibile
1455 4379 1556 4434 εει,
1593 4370 1724 4423 tales
1759 4369 1921 4423 fuisse

351 4472 478 4516 tunc
517 4476 724 4525 omnes,
767 4462 948 4531 quales
987 4463 1054 4517 ab
1088 4462 1204 4531 ejus
1241 4461 1472 4516 adventu
1512 4475 1678 4530 usque
1715 4459 1782 4514 ad
1821 4459 1922 4514 hoc

347 4558 559 4619 tempus
598 4560 702 4604 tam
741 4551 936 4604 multos
977 4551 1135 4606 fuisse
1172 4560 1330 4620 atque
1369 4565 1488 4605 esse
1533 4550 1808 4604 miramur.
1855 4548 1922 4603 Et

343 4649 525 4695 tamen
551 4640 618 4696 ab
651 4641 800 4694 initio
823 4642 1031 4710 generis
1065 4627 1311 4704 humani,
1339 4641 1473 4695 alias
1502 4640 1762 4705 ocultius,
1793 4638 1922 4692 alias

342 4731 683 4800 evidentius,
739 4734 876 4788 sicut
930 4748 1220 4803 congruere
1281 4732 1612 4802 temporibus
1671 4731 1922 4786 divinitus

341 4825 511 4880 visum
551 4833 652 4890 est,
697 4840 796 4880 nec
835 4824 1138 4896 prophetali
1181 4824 1400 4889 destitit,
1444 4839 1544 4878 nec
1582 4825 1669 4893 qui
1710 4823 1761 4877 in
1798 4837 1921 4877 cum

337 4915 626 4972 crederent
661 4916 962 4983 defuerunt,
1004 4926 1058 4972 et
1091 4917 1160 4972 ab
1191 4916 1360 4971 Adam
1387 4930 1553 4986 usque
1582 4915 1646 4968 ad
1683 4915 1920 4986 Moysen,

347 5157 504 5207 rident
526 5170 623 5207 esse
647 5155 907 5216 damnatis,
946 5155 1033 5209 sed
1060 5155 1111 5206 in
1137 5154 1336 5206 Domino
1370 5153 1652 5217 glorientur.
1679 5158 1731 5202 at
1753 5165 1921 5203 mauu-

343 5219 536 5280 scripti,
569 5217 796 5284 gioriatutj
813 5217 1010 5284 νειόθι,
1035 5217 1286 5284 glorietur,
1310 5216 1542 5280 singulari
1564 5228 1784 5264 numero.

413 5271 542 5349 {ses
567 5271 912 5349 vel-aliis
929 5271 1200 5349 explicari._
1273 5271 1283 5277 ’
1387 5271 1448 5349 vn
1549 5335 1561 5346 _

409 5341 597 5405 Fului,
633 5341 922 5405 investigari.
955 5341 1137 5405 omnes
1162 5341 1576 5405 Mss.,_restigari.
1646 5401 1656 5405 Δ
1721 5394 1748 5405 __
1791 5377 1822 5405 _.

416 5403 438 5434 ³
462 5410 562 5449 Am.
591 5410 643 5450 et
665 5409 754 5459 En,
780 5398 954 5453 (ficium
977 5402 1209 5451 accedere
1232 5398 1415 5449 veritati
1447 5398 1538 5446 non
1578 5398 1764 5454 poterit.
1791 5402 1924 5459 ιον..

345 5462 524 5512 divinae
548 5462 680 5512 debet
705 5457 936 5514 accedere
961 5461 1164 5512 veritati.
1205 5468 1258 5510 At
1295 5460 1601 5519 manuscripti
1640 5457 1848 5519 Vaticani
1874 5463 1927 5519 et

344 5525 503 5573 Gallici
528 5537 637 5579 nec.
663 5525 818 5581 debet,
840 5526 1050 5582 habent;
1078 5536 1185 5580 nec,
1203 5534 1296 5585 non
1319 5519 1505 5585 poterit.
1531 5518 1821 5585 Priefereudi
1851 5518 1924 5585 vi:

342 5586 522 5635 dentur
545 5577 634 5647 ipsi
675 5577 819 5635 etiam
844 5577 1048 5636 editioni
1085 5577 1461 5642 mv’anien'sium,
1497 5594 1640 5644 quam
1663 5581 1712 5627 in
1745 5587 1875 5638 tomo
1896 5577 1927 5627 2

343 5650 498 5696 secuti
514 5661 696 5696 sumus.

408 5709 429 5736 ⁸
452 5715 570 5756 'Ires
591 5714 718 5765 a155,.
735 5707 878 5770 pleno
901 5707 1012 5757 orbe
1036 5711 1108 5756 ter
1115 5717 1281 5755 rarum
1295 5703 1506 5756 Christus
1522 5700 1760 5768 prioribus
1776 5713 1928 5753 swcu-

346 5767 406 5818 its
428 5781 520 5817 non
539 5767 744 5820 vench

1230 348 1431 404 LIBER
1472 347 1560 402 DE
1599 342 2257 402 PREDESTINATIONE
2295 347 2728 406 SANCTORUM.

3504 362 3606 419 974

2034 468 2089 514 ει
2114 461 2165 515 in
2200 461 2316 530 ipso
2350 465 2542 533 populo
2565 464 2744 534 Israel,
2773 483 2889 538 qua:
2915 469 3128 540 speciali
3157 472 3383 543 quodam
3410 487 3606 548 myste-

2029 550 2110 604 rio
2152 565 2283 620 gens
2327 554 2631 624 prephetica
2672 556 2805 622 fuit;
2849 560 2975 614 etin
3013 561 3132 616 aliis
3170 565 3411 633 gentibus
3449 575 3603 623 ante-

2028 653 2186 709 quam
2215 643 2449 704 venisset
2472 645 2524 699 in
2549 661 2730 701 carne.
2771 647 2902 702 Cum
2929 650 3070 704 enim
3112 654 3347 710 nonnulli
3371 671 3602 712 comme-

2029 740 2302 786 morantur
2325 731 2376 786 in
2405 736 2602 789 sanctis
2625 736 2898 794 Hebraicis
2932 741 3101 805 libris,
3123 742 3233 812 jam
3267 754 3602 817 ex‘tcmpore

2027 820 2272 888 Abrahze,
2321 839 2418 879 nec
2454 825 2522 880 de
2560 827 2724 897 stirpe
2767 832 2944 887 carnis
2983 832 3119 903 ejus,
3162 850 3260 890 uec
3298 853 3361 891 ex
3403 837 3600 909 pepqu

2027 911 2212 979 lsracl,
2254 930 2354 970 nec
2388 931 2454 970 ex
2491 917 2778 976 adventitia
2806 924 3058 978 societate
3101 925 3154 978 in
3195 927 3387 995 populo
3415 930 3596 998 Israel,

2026 1003 2113 1071 qui
2151 1013 2326 1060 tamen
2354 1005 2510 1077 hujus
2546 1013 2862 1065 sacramenti
2903 1013 3183 1083 participes
3221 1017 3465 1085 fuerunt;
3504 1037 3602 1076 cur

2026 1110 2130 1149 non
2153 1096 2434 1152 credamus
2466 1101 2625 1153 etiam
2659 1099 2710 1154 in
2730 1102 2940 1156 caeteris
2974 1101 3074 1158 hac
3093 1112 3254 1174 atque
3287 1107 3407 1164 illac
3428 1112 3602 1180 genti-

2023 1184 2123 1239 bus
2159 1186 2293 1240 alias
2320 1187 2455 1241 alios
2493 1185 2654 1243 fuisse
2680 1190 2717 1254 ⁸,
2759 1191 3002 1260 quamvis
3036 1208 3131 1248 eos
3155 1208 3601 1255 commemoratos

2024 1275 2079 1330 in
2125 1275 2328 1332 eisdem
2382 1279 2786 1334 auctoritatibus
2839 1296 2946 1338 non
2993 1282 3274 1353 legamus?
3331 1287 3404 1341 Ita
3454 1290 3599 1344 salus

2022 1369 2291 1436 religionis
2329 1369 2506 1440 hujus,
2548 1387 2644 1442 per
2675 1388 2833 1442 quam
2871 1373 3038 1430 solam
3071 1392 3250 1431 veram
3291 1379 3436 1432 salus
3473 1396 3597 1434 vera

2023 1461 2386 1532 veraciterque
2440 1463 2802 1532 promittitur,
2842 1466 2972 1522 nulli
3027 1483 3256 1538 unquam
3303 1470 3470 1525 defuit
3507 1473 3599 1543 qui

2018 1550 2209 1621 dignus
2252 1552 2388 1620 fuit;
2435 1565 2489 1610 et
2531 1555 2614 1610 cui
2657 1554 2860 1622 defuit,
2901 1557 3092 1628 dignus
3122 1574 3226 1614 non
3268 1561 3381 1614 fuit.
3427 1562 3493 1616 Et
3529 1561 3598 1615 ab

2020 1641 2237 1696 exordio
2263 1644 2658 1715 propagationis
2697 1645 2944 1702 humanae
2976 1663 3146 1718 usque
3177 1649 3228 1703 in
3265 1651 3442 1716 finem,
3475 1652 3597 1722 qui-

2021 1728 2238 1785 husdam
2265 1732 2331 1786 ad
2375 1735 2668 1803 prmmium,
2709 1736 3023 1806 quibusdam
3064 1738 3130 1792 ad
3166 1739 3422 1808 judicium
3462 1757 3598 1812 prie-

2019 1823 2245 1877 dicatur.
2293 1825 2373 1879 Ac
2411 1841 2505 1896 per
2561 1826 2662 1882 hoc
2697 1837 2752 1883 et
2802 1829 2994 1898 quibus
3032 1829 3250 1884 omnino
3286 1834 3597 1887 annuntiata

2019 1927 2125 1967 non
2148 1921 2247 1978 est,
2273 1931 2378 1970 non
2400 1917 2652 1972 credituri
2690 1919 3140 1988 prmscicbantur;
3181 1929 3238 1976 et
3265 1923 3455 1992 quibus
3488 1939 3595 1980 non

2019 2003 2298 2060 credituris
2319 2015 2492 2062 tamen
2520 2009 2830 2063 annuutiata
2852 2019 2953 2073 est,
2979 2011 3032 2064 i-n
3057 2011 3266 2066 illorum
3288 2013 3595 2083 exemplum

2017 2092 2452 2151 demonstrantur
2476 2115 2487 2150 :
2512 2098 2702 2168 quibus
2725 2108 2900 2153 autem
2923 2100 3205 2155 credituris
3229 2103 3588 2167 annuntiatur.

2019 2185 2072 2238 lii
2101 2200 2268 2254 regno
2301 2188 2554 2242 cmlorum
2585 2197 2638 2242 et
2664 2200 2966 2244 sanctorum
3011 2191 3315 2260 angelorum
3353 2194 3594 2250 societati

2017 2287 2384 2347 prteparantur
2409 2299 2428 2332 ι
2459 2279 2651 2351 (Epist.
2682 2282 2801 2344 102,
2826 2299 2914 2335 nn.
2940 2283 3024 2348 14,
3051 2282 3161 2354 15).

2091 2367 2179 2423 ιε.
2219 2367 2538 2436 Ccrnitisne,
2565 2387 2652 2426 me
2675 2373 2789 2426 sine
2817 2372 3123 2443 przejudicio
3149 2355 3360 2429 latentis
3385 2375 3596 2430 consilii

2021 2459 2112 2514 Dei
2143 2460 2472 2531 aliarumque
2492 2477 2791 2529 causarum,
2816 2463 2920 2518 hoc
2952 2464 3018 2518 de
3045 2465 3375 2533 priescientia
3396 2464 3595 2521 Christi

2017 2549 2198 2606 dicere
2218 2553 2469 2619 voluisse,
2492 2552 2630 2622 quod
2651 2554 3028 2609 convincendie
3047 2553 3377 2625 Paganorum
3407 2556 3596 2611 infide-

2017 2641 2172 2705 litati,
2195 2643 2284 2712 qui
2309 2643 2445 2698 hanc
2465 2643 2770 2713 objecerant
2793 2645 3157 2715 quaestionem,
3183 2646 3428 2702 sufficere
3446 2647 3595 2703 vide-

2018 2733 2206 2787 retur?
2242 2732 2378 2799 Quid
2417 2735 2556 2788 eniin
2596 2743 2676 2790 est
2700 2736 2908 2799 verius,
2936 2751 3091 2805 quam
3129 2737 3404 2806 prmscisse
3433 2737 3594 2792 Chri-

2017 2833 2176 2890 stum,
2203 2825 2290 2895 qui
2325 2836 2377 2880 et
2411 2825 2622 2895 quando
2651 2833 2706 2880 et
2735 2827 2926 2896 quibus
2966 2827 3096 2882 locis
3129 2827 3181 2881 in
3224 2843 3344 2883 eum
3383 2827 3595 2884 fuerant

2015 2917 2320 2972 credituri?
2375 2917 2482 2973 Sed
2521 2927 2697 2973 utrum
2749 2919 3033 2987 praedicata
3070 2919 3171 2973 sibi
3213 2919 3424 2974 Christo
3463 2935 3492 2974 a
3532 2933 3593 2976 εε

2019 3010 2148 3078 ipsis
2192 3010 2418 3064 habituri
2458 3019 2638 3065 essent
2687 3011 2840 3065 fidem
2867 3051 2880 3075 ,
2919 3025 2988 3064 an
3029 3011 3139 3065 Deo
3177 3011 3408 3066 donante
3447 3026 3595 3066 sum-

2021 3103 2187 3172 pturi,
2220 3103 2268 3158 id
2295 3115 2406 3172 εει,
2433 3114 2607 3159 utrum
2635 3105 3000 3161 tantummodo
3037 3121 3132 3161 eos
3170 3108 3484 3177 prmscierit,
3523 3123 3593 3163 an

2018 3195 2177 3248 etiam
2204 3193 2658 3264 prazdestiuaverit
2678 3196 2838 3260 Deus,
2861 3211 3102 3267 quaerere
3134 3207 3293 3268 atque
3327 3197 3595 3254 disserere

2022 3296 2144 3341 tunc
2186 3287 2545 3342 necessarium
2591 3303 2697 3342 non
2748 3287 2946 3357 putavi.
2999 3287 3228 3343 Proinde
3272 3287 3415 3359 quod
3461 3289 3591 3356 dixi,

2025 3396 2042 3428 ‹
2079 3378 2225 3433 'l‘unc
2261 3379 2494 3433 voluisse
2544 3378 2848 3434 hominibus
2890 3393 3147 3447 apparere
3191 3377 3458 3432 Christum
3481 3421 3494 3443 ,
3528 3387 3596 3434 et

2019 3467 2156 3537 apud
2188 3484 2280 3523 eos
2313 3467 2588 3537 praedicari
2617 3468 2912 3522 doctrinam
2934 3483 3082 3523 suam
3101 3508 3116 3533 ,
3143 3469 3355 3538 quando
3392 3469 3596 3524 sciebat

2021 3567 2074 3613 et
2109 3559 2194 3613 ubi
2232 3559 2432 3614 sciebat
2468 3573 2586 3613 esse
2623 3558 2711 3628 qui
2751 3558 2806 3612 in
2838 3573 2960 3613 eum
3000 3557 3210 3612 fuerant
3245 3559 3534 3613 credituri:
3567 3577 3587 3610 ι

2021 3660 2197 3722 potest
2231 3651 2389 3707 etiam
2413 3651 2489 3706 sic
2512 3651 2638 3718 dici,
2662 3649 2813 3706 Tunc
2834 3650 3063 3704 voluisse
3094 3648 3396 3706 hominibus
3428 3665 3594 3719 appa-

2021 3761 2141 3800 rerc
2187 3743 2455 3798 Christum
2482 3785 2496 3808 ,
2538 3751 2592 3797 et
2642 3741 2780 3811 apud
2827 3756 2921 3796 cos
2973 3740 3250 3810 pricdicari
3300 3741 3593 3796 doctrinam

2022 3850 2191 3898 suam,
2224 3833 2434 3903 quando
2471 3833 2672 3886 sciebat
2707 3838 2762 3886 et
2801 3830 2890 3884 ubi
2929 3830 3128 3884 sciebat
3157 3845 3276 3884 csse
3315 3831 3403 3898 qui
3441 3830 3596 3885 electi

2023 3924 2229 3979 fuerant
2269 3923 2319 3977 in
2365 3922 2480 3992 ipso
2517 3931 2639 3976 ante
2679 3920 2861 3975 mundi
2901 3920 3335 3975 constitutionem
3379 3919 3595 3990 (Ephes.

2021 4032 2058 4080 ι,
2091 4016 2169 4087 4).
2205 4014 2309 4070 Sed
2340 4014 2589 4084 quoniam
2621 4013 2663 4068 si
2696 4012 2766 4066 ita
2794 4011 3084 4077 diceretur,
3111 4011 3361 4066 lectorem
3395 4010 3599 4066 faceret

2023 4105 2282 4160 intentum
2323 4104 2389 4158 ad
2417 4119 2479 4158 ea
2520 4101 2871 4172 requirenda,
2908 4116 3026 4170 qua:
3068 4115 3208 4154 nunc
3249 4115 3316 4154 ex
3352 4101 3598 4154 admoui-

2023 4199 2166 4253 tioue
2197 4195 2463 4266 Pelagiani
2491 4195 2692 4249 erroris
2721 4207 2940 4247 necesse
2965 4199 3048 4245 est
3076 4191 3343 4260 copiosius
3367 4199 3422 4245 ct
3447 4190 3598 4245 labo-

2023 4288 2215 4342 riosius
2243 4285 2538 4354 disputari;
2580 4283 2751 4337 visum
2796 4281 2921 4336 mihi
2962 4289 3073 4346 est,
3115 4279 3256 4350 quod
3302 4291 3425 4334 tunc
3467 4278 3598 4333 satis

2023 4389 2168 4442 crat,
2199 4376 2430 4432 breviter
2455 4390 2574 4430 esse
2599 4373 2902 4437 dicendum,
2934 4379 3153 4441 excepta
3175 4413 3189 4436 ,
3218 4381 3274 4426 ut
3303 4371 3410 4425 dixi
3431 4413 3445 4435 ,
3479 4371 3598 4424 alti-

2025 4470 2206 4524 tudine
2245 4467 2517 4536 sapientia:
2553 4473 2610 4520 et
2643 4464 2876 4518 scientiae
2906 4463 3029 4528 Dei,
3060 4471 3114 4518 et
3143 4463 3259 4518 sine
3288 4461 3598 4532 pris-judicio

2024 4561 2244 4614 aliarum
2290 4571 2568 4612 causarum
2612 4555 2681 4610 de
2721 4554 2912 4625 quibus
2954 4569 3058 4607 non
3101 4561 3254 4619 tunc,
3286 4551 3382 4609 sed
3417 4552 3550 4608 alias
3575 4555 3597 4586 ³

2024 4651 2373 4722 opportunius
2402 4647 2775 4717 disputandum
2805 4643 3008 4716 putavi.

2095 4741 2318 4797 CAPUT
2358 4739 2423 4796 Χ.
2454 4770 2527 4780 -
2562 4739 2642 4793 l9.
2673 4737 2803 4792 ltem
2833 4734 2973 4807 quod
3003 4733 3133 4800 dixi,
3162 4751 3183 4786 ι
3215 4734 3452 4791 Salutem
3475 4735 3602 4791 reli-

2024 4833 2196 4905 gionis
2226 4832 2383 4903 hujus
2428 4830 2554 4885 nulli
2599 4843 2832 4899 unquam
2863 4825 3098 4882 defuisse
3129 4825 3215 4894 qui
3245 4825 3438 4896 dignus
3480 4825 3598 4888 fuit,

2025 4936 2079 4980 ct
2105 4925 2322 4995 dignum
2361 4937 2465 4976 non
2505 4919 2667 4974 fuisse
2709 4917 2796 4973 cui
2837 4914 3043 4982 defuit;
3079 4933 3099 4969 ι
3130 4914 3175 4970 si
3202 4912 3515 4970 discutiatur
3549 4927 3605 4970 ει

2025 5023 2291 5087 quaeratur
2336 5013 2476 5067 unde
2521 5010 2745 5081 quisque
2772 5008 2842 5063 sit
2869 5007 3092 5077 dignus,
3123 5021 3227 5061 non
3273 5006 3464 5062 desunt
3511 5007 3602 5077 qui

2026 5106 2224 5168 dicant,
2254 5103 2528 5158 voluntate
2556 5101 2785 5154 humana
2819 5116 2832 5152 :
2866 5113 2964 5152 nos
2991 5106 3169 5153 autem
3199 5093 3455 5162 dicimus,
3485 5111 3606 5166 gra-

2028 5199 2099 5252 tia
2128 5196 2212 5251 vel
2241 5192 2708 5266 pra-destinatione
2749 5190 2947 5244 divina.
2998 5188 3142 5246 Inter
3179 5188 3400 5259 gratiam
3443 5200 3604 5256 porro

2028 5295 2082 5342 et
2110 5284 2626 5358 prmdcstiualionem
2656 5281 2758 5336 hoc
2785 5288 2986 5335 tantum
3018 5279 3272 5342 interest,
3302 5277 3443 5348 quod
3469 5290 3607 5344 pra:-

2028 5378 2311 5432 destinatio
2356 5374 2669 5450 csggratiae
2715 5370 3068 5441 prmparatio,
3115 5369 3278 5438 gratia
3323 5382 3453 5422 vero
3495 5366 3606 5434 jam

2031 5472 2142 5540 ipsa
2170 5467 2402 5523 donatio.
2435 5463 2582 5531 Quod
2613 5465 2791 5532 itaque
2814 5462 2890 5515 ait
2919 5458 3221 5528 Apostolus,
3254 5456 3375 5511 Non
3400 5472 3462 5510 ex
3490 5472 3608 5525 ope-

2033 5561 2190 5625 ribus,
2244 5574 2306 5610 ue
2349 5557 2476 5627 forte
2519 5554 2628 5624 quis
2674 5549 2946 5606 extollatur
2990 5564 3008 5601 :
3053 5549 3210 5616 ipsius
3257 5548 3390 5600 enim
3434 5562 3607 5599 simius

2098 5697 2114 5727 ί
2140 5694 2212 5741 sic
2232 5697 2337 5739 Mss.
2356 5694 2411 5738 At
2431 5687 2565 5748 editi,
2584 5684 2700 5735 alios
2724 5687 2864 5748 atque
2879 5678 2996 5748 alios
3009 5678 3178 5748 fuisse.

2097 5758 2117 5787 ²
2141 5739 2222 5802 ilic
2244 5753 2389 5800 nostri
2411 5739 2582 5800 omnes
2603 5739 2908 5807 mnusct‘ipti
2926 5739 3166 5806 omittunt,
3191 5739 3330 5792 alias.
