4102 6488
519 377 628 436 975'

531 499 850 568 ﬁgmentum,
890 491 1039 545 creati
1081 489 1129 540 in
1163 485 1358 540 Christo
1383 482 1504 536 .lcsu
1549 481 1600 534 in
1644 477 1873 549 aperibus
1916 475 2096 568 bouis;

527 567 696 660 gratia
743 597 824 642 est
870 603 881 636 :
932 580 1072 652 quod
1120 588 1296 632 autem
1344 575 1598 645 sequitur,
1644 587 1756 642 qua:
1801 567 2103 660 prteparavit

529 658 686 744 Deus,
707 685 758 729 ut
781 677 830 728 in
848 674 947 727 illis
969 666 1506 737 ambulemus(Ephcs.
1527 680 1581 726 ιι,
1601 663 1656 726 9,
1678 661 1800 730 10);
1829 658 2104 730 prmdesti-

533 769 673 824 natio
719 773 821 828 εει,
870 777 989 833 qum
1031 762 1145 816 sine
1189 755 1519 828 praescienlia
1571 768 1676 806 non
1727 758 1899 821 potest
1940 764 2056 805 esse
2091 766 2104 800 :

533 867 710 930 potest
737 865 912 911 autem
941 869 1059 910 esse
1101 853 1216 906 sine
1258 847 1726 920 prmdestinationc
1757 843 2105 914 praescientia.

531 949 1006 1008 Prmdestinatione
1029 947 1222 1018 quippe
1245 945 1386 999 Deus
1408 957 1467 996 ea
1491 941 1775 1011 prrescivil,
1801 954 1918 1010 qua:
1942 939 2114 992 fuerat

531 1044 644 1114 ipse
687 1041 923 1096 facturus
963 1058 976 1094 :
1025 1037 1162 1094 unde
1203 1037 1403 1091 dictum
1453 1041 1566 1099 est,
1602 1031 1744 1086 Fecit
1785 1046 1896 1101 qum
1941 1033 2111 1100 futura

533 1139 649 1188 sunt
684 1131 850 1202 (Isai.
883 1147 1017 1196 XLV,
1047 1146 1148 1184 sec.
1181 1125 1385 1196 LXX).
1417 1125 1670 1179 Prmscire
1709 1129 1883 1174 autem
1924 1127 2114 1188 potens

533 1232 615 1279 est
643 1224 799 1278 etiam
827 1237 945 1292 qua:
975 1221 1089 1289 ipse
1116 1233 1222 1273 non
1249 1217 1410 1279 facit;
1452 1214 1590 1269 sicut
1617 1223 1966 1281 qumcumque
1993 1223 2117 1276 pec-

533 1324 651 1371 cata
680 1333 693 1369 :
725 1315 845 1386 quia
874 1313 972 1369 etsi
999 1319 1125 1368 sunt
1151 1309 1392 1380 quaidam
1418 1351 1433 1374 ,
1465 1321 1583 1377 qua:
1613 1305 1685 1359 ita
1725 1311 1936 1374 peccata
1968 1309 2110 1365 sunt,

536 1418 594 1462 ut
631 1422 800 1478 ptente
830 1406 937 1460 sint
978 1404 1136 1459 etiam
1179 1409 1552 1472 peccatorum,
1593 1395 1741 1451 unde
1783 1394 1979 1449 dictum
2011 1402 2112 1460 est,

536 1497 770 1554 Tradidit
811 1497 930 1553 illos
963 1495 1099 1550 Deus
1136 1496 1190 1548 in
1228 1493 1494 1565 reprobam
1539 1501 1778 1552 mentem,
1826 1497 1881 1542 ut
1925 1488 2117 1559 faciant

537 1606 652 1659 qua!
677 1606 778 1643 mm
807 1589 1102 1642 conveniunt
1129 1585 1299 1654 (Rom.
1328 1601 1378 1650 ι,
1406 1581 1508 1654 28)
1534 1600 1547 1648 ;
1591 1597 1694 1637 non
1728 1583 1800 1636 ibi
1841 1589 2114 1650 peccatum

537 1675 633 1734 εει
670 1689 788 1743 εει,
829 1678 919 1733 sed
961 1677 1239 1748 judicium.
1289 1676 1548 1742 Quocirca
1591 1673 1986 1745 praedestinatio
2025 1671 2116 1726 Dei

537 1787 656 1842 quae
677 1771 731 1826 in
758 1773 896 1826 bono
921 1779 1022 1836 est,
1047 1769 1230 1842 gratia:
1257 1775 1359 1834 est,
1382 1777 1439 1823 ut
1465 1767 1594 1832 dixi,
1617 1765 1933 1836 prteparatio
1958 1782 1972 1819 :
1997 1778 2118 1834 gra-

542 1859 614 1918 tia
635 1877 770 1918 vero
797 1870 880 1918 est
921 1861 1084 1932 ipsius
1115 1858 1594 1932 prmdestinalionis
1625 1855 1864 1913 ell‘ectus.
1895 1853 2117 1924 Quando

541 1968 674 2026 ergo
717 1951 960 2025 promisit
997 1953 1136 2008 Deus
1175 1951 1404 2007 Abrahae
1449 1951 1501 2006 in
1550 1951 1754 2006 semine
1799 1949 1914 2019 ejus
1959 1947 2116 2002 fidem

536 2047 773 2117 gentium
797 2087 812 2111 ,
842 2045 1046 2109 dicens,
1077 2040 1286 2098 Patrem
1315 2043 1589 2097 multarum
1615 2039 1833 2114 gentium
1862 2039 2008 2110 posui
2033 2047 2116 2104 te;

539 2139 680 2195 unde
705 2139 833 2194 dicit
861 2135 1146 2208 Apostolus
1165 2179 1180 2204 ,
1213 2131 1339 2191 Ideo
1368 2152 1430 2190 ea:
1455 2133 1584 2206 ﬁde,
1616 2142 1670 2188 ut
1699 2131 1972 2188 secundum
1995 2147 2116 2202 gra-

537 2235 662 2288 t'iam
687 2233 836 2302 ﬁrma
861 2233 924 2285 sit
955 2229 1220 2301 promissio
1249 2229 1386 2282 onmi
1412 2227 1591 2283 semini
1616 2221 1766 2298 (Gen.
1789 2240 1918 2291 xvu,
1941 2223 1996 2290 4,
2021 2221 2074 2292 5)
2099 2241 2111 2276 :

543 2339 650 2380 non
679 2323 747 2379 de
773 2331 970 2378 nostra:
995 2321 1281 2376 voluntatis
1316 2327 1606 2390 potestate,
1637 2316 1732 2374 sed
1759 2316 1826 2372 de
1851 2331 1944 2371 sua
1976 2331 2114 2384 prae-

536 2415 894 2471 destinationc
919 2413 1180 2485 promisit.
1205 2411 1455 2467 Promisit
1478 2409 1618 2467 enim
1645 2407 1784 2478 quod
1810 2409 1920 2480 ipse
1948 2405 2116 2462 factu-

527 2505 878 2574 rust-fuerat,
924 2521 1031 2560 non
1083 2504 1224 2576 quod
1277 2504 1541 2560 homines.
1591 2503 1724 2571 Quia
1772 2503 1870 2558 etsi
1919 2500 2116 2556 faciunt

535 2597 786 2652 homines
829 2595 966 2651 bona
1013 2612 1132 2666 qua:
1177 2596 1446 2665 pertinent
1485 2593 1552 2649 ad
1593 2593 1875 2649 colendum
1907 2593 2112 2658 Deum;

527 2685 656 2756 'ipse
679 2687 810 2741 facit
838 2695 894 2740 ιιι
921 2686 998 2740 illi
1026 2687 1219 2740 faciant
1241 2701 1360 2756 quae
1387 2684 1658 2755 praecepit,
1684 2699 1788 2738 non
1817 2683 1889 2737 illi
1918 2681 2117 2737 faciunt

537 2787 596 2834 ut
629 2779 744 2849 ipse
787 2779 945 2834 faciat
983 2778 1122 2849 quod
1168 2778 1410 2848 promisit
1440 2796 1452 2832 :
1485 2777 1720 2848 alioquin
1752 2785 1809 2830 ut
1845 2776 1938 2830 Dei
1986 2790 2111 2847 pro-

535 2871 698 2926 missa
727 2870 1122 2940 compleantur,
1153 2884 1258 2924 non
1287 2869 1338 2923 in
1368 2867 1461 2924 Dei
1480 2909 1494 2933 ,
1527 2868 1620 2924 sed
1648 2868 1701 2922 in
1729 2867 2002 2922 hominum
2033 2874 2115 2921 est

533 2969 816 3031 potestate,
846 2968 899 3016 et
926 2959 1066 3031 quod
1096 2975 1126 3013 a
1155 2959 1381 3015 Domino
1406 2960 1728 3030 promissum
1754 2968 1858 3025 est,
1889 2957 1957 3014 ab
1983 2957 2114 3028 ipsis

534 3051 779 3106 redditur
805 3050 1052 3105 Abrahat.
1095 3047 1212 3104 Non
1243 3057 1423 3105 autem
1453 3050 1530 3104 sic
1567 3049 1795 3106 credidit
1819 3048 2110 3115 Abraham,

533 3141 631 3197 sed
657 3141 869 3196 credidit
895 3141 1022 3195 dans
1047 3141 1265 3213 gloriam
1295 3140 1421 3208 Deo,
1455 3143 1695 3212 quoniam
1720 3158 1832 3211 qua!
1861 3143 2110 3212 promisit,

535 3241 713 3302 potens
739 3243 810 3286 est
842 3241 886 3286 et
915 3232 1082 3301 facere
1107 3231 1279 3300 (Rom.
1306 3231 1618 3304 “316-21)
1651 3251 1664 3286 :
1695 3247 1802 3287 non
1829 3233 1934 3296 ait,
1965 3231 2110 3286 Prm-

534 3321 748 3388 dicere;
777 3338 883 3378 non
909 3323 1001 3388 ait,
1031 3323 1316 3389 Prmscire;
1351 3339 1472 3378 nam
1498 3333 1548 3379 et
1576 3324 1749 3379 aliena
1778 3323 1912 3378 facta
1941 3333 2114 3394 potest

536 3413 828 3482 prmdicere
857 3421 1014 3483 atque
1043 3413 1294 3484 praescire
1321 3432 1334 3469 :
1359 3413 1459 3470 sed
1495 3413 1603 3482 ait,
1635 3423 1810 3486 potens
1847 3423 1917 3470 est
1951 3423 1998 3469 et
2031 3418 2114 3488 [a-

533 3520 681 3570 cere;
709 3519 782 3562 ac.
796 3519 891 3574 per
918 3503 1020 3560 hoc
1047 3503 1203 3568 facta,
1233 3521 1337 3560 non
1369 3505 1562 3572 aliena,
1591 3505 1685 3561 sed
1713 3521 1829 3562 sua.

601 3595 691 3650 20.
739 3597 819 3650 An
857 3593 993 3650 forte
1030 3609 1195 3666 opera
1241 3596 1378 3650 bona
1417 3596 1655 3666 gentium
1707 3597 1845 3652 Deus
1876 3598 2116 3667 promisit

533 3687 760 3742 Abrahae
804 3687 857 3742 in
900 3687 1104 3743 semine
1146 3687 1335 3757 ipsius,
1368 3696 1424 3742 ut
1469 3687 1568 3742 hoc
1612 3689 1942 3758 promitleret
1971 3689 2114 3759 quod

535 3779 648 3848 ipse
672 3779 826 3844 facit;
859 3794 962 3835 non
993 3788 1170 3834 autem
1209 3779 1452 3848 promisit
1477 3779 1634 3834 fidem
1663 3780 1922 3850 gentium,
1955 3796 2112 3852 quam

534 3869 635 3923 sibi
664 3867 910 3926 homines
937 3867 1172 3936 faciunt;
1203 3869 1298 3926 sed
1341 3879 1397 3925 ut
1440 3871 1773 3940 promitteret
1813 3871 1954 3942 quod
2002 3872 2114 3941 ipse

535 3958 698 4026 facit,
749 3959 894 4014 illam
939 3960 1206 4030 pratscivit
1250 3959 1497 4016 homines
1526 3975 1647 4017 esse
1689 3961 1956 4016 facturos?
1997 3961 2111 4016 Non

535 4050 750 4121 quidem
783 4052 1014 4122 loquitur
1035 4052 1112 4108 sic
1140 4043 1457 4124 Apostolus;
1491 4053 1626 4108 ﬁlios
1649 4054 1843 4124 quippe
1873 4056 2115 4124 promisit

535 4143 676 4198 Deus
717 4143 944 4198 Abrahae
968 4185 983 4210 ,
1029 4145 1118 4210 qui
1157 4143 1281 4200 ﬁdei
1311 4143 1425 4214 ejus
1472 4145 1690 4216 vestigia
1737 4155 2068 4201 sectarentur
2099 4166 2111 4202 :

534 4234 674 4303 quod
701 4233 1036 4302 apertissime
1063 4234 1212 4288 dicit.
1245 4233 1350 4290 Sed
1387 4235 1432 4289 si
1459 4250 1622 4304 opera
1643 4237 1879 4305 gentium
1911 4238 2110 4316 promi-

535 4323 624 4389 sit,
655 4338 758 4378 non
791 4323 946 4378 ﬁdem
967 4339 982 4388 ;
1003 4323 1240 4393 profecto
1256 4323 1504 4395 quoniam
1530 4341 1634 4380 non
1657 4335 1778 4380 sunt
1793 4326 1928 4382 bona
1949 4343 2112 4398 opera

533 4415 635 4472 nisi
663 4431 726 4472 ex
759 4413 862 4470 ﬁde
893 4413 1100 4489 (Justus
1125 4415 1264 4470 enim
1296 4431 1358 4470 ea:
1385 4416 1487 4484 ﬁde
1531 4417 1645 4470 vivit
1689 4415 1908 4488 [Habac.
1935 4435 1992 4484 ιι,
2025 4417 2110 4492 4];

531 4517 605 4573 ει,
656 4505 818 4562 Omne
844 4507 978 4577 quod
1021 4523 1120 4562 non
1162 4517 1234 4562 cst
1262 4524 1323 4562 ea:
1359 4507 1478 4578 ﬁde,
1525 4519 1782 4579 peccatum
1824 4521 1894 4564 est
1923 4509 2110 4583 [Bona

537 4613 645 4660 xw,
671 4596 804 4670 25];
834 4605 907 4664 et,
939 4595 1062 4653 Sine
1087 4597 1188 4666 ﬁde
1203 4597 1510 4666 impossibile
1534 4607 1606 4653 est
1643 4599 1840 4670 placere
1864 4603 1880 4632 ³
1915 4599 2108 4673 [Hebr.

539 4704 616 4752 ιι,
639 4687 730 4760 6])
753 4727 768 4751 ,
797 4687 1139 4742 nihilominus
1156 4698 1212 4743 ut
1237 4688 1494 4758 impleat’
1515 4687 1656 4758 quod
1685 4690 1928 4759 promisit
1951 4691 2110 4760 Deus,

535 4777 588 4832 in
639 4777 913 4832 hominum
959 4786 1041 4832 cst
1083 4786 1364 4848 potestate.
1412 4777 1522 4832 Nisi
1566 4779 1708 4834 enim
1756 4779 1916 4837 homo
1961 4783 2116 4838 faciat

531 4867 674 4938 quod
707 4867 815 4923 Deo
845 4882 950 4922 non
977 4867 1213 4923 donante
1242 4867 1308 4922 ad
1330 4867 1600 4925 hominem
1623 4871 1870 4940 pertinet,
1901 4887 2005 4927 non
2034 4873 2114 4926 fa-

533 4959 639 5014 ciet
679 4959 794 5030 ipse
840 4959 980 5030 quod
1023 4959 1234 5016 donet:
1281 4959 1382 5016 hoc
1409 4970 1524 5028 est,
1576 4963 1678 5017 nisi
1724 4963 1915 5018 habeat
1949 4963 2113 5020 homo

535 5049 690 5107 fidem
717 5066 781 5108 ex
811 5056 1125 5123 semetipso,
1153 5066 1258 5108 non
1281 5053 1465 5124 implet
1496 5053 1636 5110 Deus
1661 5055 1802 5126 quod
1841 5055 2108 5126 promisit,

535 5153 591 5198 ut
613 5157 772 5214 opera
797 5143 1016 5214 iustitia:
1055 5143 1246 5200 dentur
1274 5159 1338 5201 ex
1365 5146 1494 5202 Deo.
1527 5147 1604 5202 Ac
1633 5161 1729 5218 per
1752 5147 1876 5214 hoc,
1904 5157 1963 5204 ut
1985 5163 2112 5219 pro-

533 5235 694 5292 missa
720 5250 813 5291 sua
842 5235 979 5292 Deus
1009 5236 1176 5306 possit
1201 5237 1423 5308 implere
1446 5279 1462 5305 ,
1491 5251 1597 5292 non
1629 5247 1710 5294 est
1753 5238 1807 5293 in
1839 5239 1929 5294 Dei
1971 5281 1987 5308 ,
2015 5240 2108 5294 sed

597 5411 614 5441 ι
639 5409 782 5470 l-Jditi,
823 5407 1013 5474 placere
1047 5417 1162 5478 Deo.
1204 5412 1549 5478 Abest,_Deo,
1573 5425 1601 5478 a
1635 5417 1973 5478 manuscriptis
2010 5425 2062 5467 et
2084 5431 2112 5467 a

532 5483 692 5580 33am
724 5471 865 5523 textu
898 5471 1139 5536 Apostoli,
1185 5480 1238 5522 et
1281 5471 1458 5536 pasSim
1503 5471 1737 5526 omittitur
1779 5480 1842 5526 ab
1879 5471 2112 5541 Augusti-

533 5547 564 5580 ιι
601 5568 612 5578 .

533 5547 612 5580 HO.

597 5594 618 5624 ⁸
643 5600 741 5641 Am.
779 5603 828 5662 et
850 5599 942 5652 Eia,
970 5601 1020 5645 ut
1043 5593 1316 5662 intpleatur.
1349 5595 1514 5646 Melius
1536 5599 1864 5662 manuscripti,
1889 5607 1944 5650 ut
1964 5608 2111 5650 Lava-

534 5654 733 5725 m'enses
768 5657 1058 5725 observant,
1091 5654 1300 5717 impleat.
1339 5665 1450 5706 Nam
1489 5658 1630 5725 paulo
1672 5654 1797 5721 post,
1831 5654 1924 5710 non
1947 5661 2110 5725 implet

541 5721 664 5786 Irein
695 5717 822 5776 quod
859 5717 1106 5782 promisit;
1133 5727 1184 5770 et
1205 5732 1337 5780 mox,
1357 5725 1406 5769 ut
1447 5717 1686 5782 promissa
1702 5717 1792 5772 sua
1818 5731 1942 5774 Deus
1963 5717 2109 5786 possit

551 5775 744 5833 rapiere.

1747 360 1810 416 ’S.
1853 353 2210 414 AUGUSTINI
2249 350 2550 408 EPISCOPI

3682 351 3790 409 976

2209 471 2260 524 in
2295 468 2526 524 hominis
2556 476 2838 537 potestate.
2883 465 3034 533 Quod
3064 465 3109 520 si
3147 466 3344 522 veritas
3372 475 3427 524 et
3472 468 3642 538 pietas
3679 483 3790 524 non

2211 559 2431 614 credere
2469 567 2642 622 vetat;
2693 556 2974 612 credamus
3021 571 3142 612 cum
3187 558 3452 612 Abraham
3478 600 3492 623 ,
3541 560 3794 629 quoniam

2213 667 2331 720 qum
2363 650 2635 720 promisit,
2669 659 2857 719 potens
2885 659 2968 705 est
2995 659 3048 703 et
3076 649 3271 705 facere.
3321 651 3571 706 Promisit
3613 663 3796 708 autem

2215 740 2352 794 ﬁlios
2379 740 2635 803 Abrahcc;
2662 740 2802 809 quod
2825 754 2942 794 esse
2965 753 3070 793 non
3095 749 3333 808 possunt,
3367 742 3411 796 si
3439 758 3544 798 non
3561 741 3798 799 habeant

2217 833 2373 887 fidem
2417 853 2428 886 :
2465 847 2591 901 ergo
2621 832 2732 900 ipse
2761 831 2925 885 donat
2952 841 3006 885 et
3033 832 3210 886 fidem.

2285 920 2510 976 CAPUT
2555 909 2646 974 XI.
2691 951 2760 962 —-
2797 920 2886 975 2|.
2946 921 3087 976 Sane
3119 937 3239 976 cum
3296 923 3585 992 Apostolus
3633 925 3795 992 dicat,

2219 1009 2344 1065 Ideo
2365 1027 2428 1065 ex
2455 1012 2577 1079 ﬁde,
2605 1021 2660 1064 ut
2682 1011 2956 1065 secundum
2979 1012 3196 1082 gratiam
3221 1013 3368 1080 ﬁrma
3401 1015 3466 1067 sit
3497 1016 3802 1084 promissio;

2218 1101 2384 1156 miror
2410 1101 2650 1156 homines
2675 1100 2969 1156 infirmitati
3016 1117 3128 1159 sum
3163 1118 3224 1157 se
3253 1104 3412 1159 malle
3437 1106 3798 1172 committere,

2217 1205 2376 1261 quam
2429 1191 2662 1246 ﬁrmitati
2702 1183 3072 1261 promissionis
3111 1193 3226 1248 Dei.
3266 1212 3284 1244 ι
3319 1193 3426 1249 Sed
3475 1195 3678 1250 incerta
3721 1207 3804 1251 est

2220 1282 2372 1346 mihi,
2411 1300 2430 1334 ι
2463 1282 2650 1351 inquit,
2686 1299 2706 1333 ι
2739 1282 2806 1336 de
2847 1297 2933 1338 me
2973 1283 3090 1353 ipso
3138 1283 3385 1338 voluntas
3436 1285 3550 1339 Dei.
3595 1303 3615 1338 δ
3661 1285 3800 1354 Quid

2217 1370 2382 1442 ergo?
2411 1381 2568 1426 tuane
2612 1371 2705 1426 tibi
2747 1371 3091 1428 voluntasde
3119 1380 3175 1430 ιε
3205 1374 3324 1443 ipso
3369 1382 3516 1429 certa
3543 1383 3626 1430 est
3651 1417 3667 1442 ,
3701 1392 3802 1432 nec

2221 1463 2396 1530 times,
2438 1463 2537 1530 Qui
2582 1463 2778 1518 videtur
2805 1471 2958 1530 stare,
3006 1465 3172 1519 videat
3213 1481 3278 1519 ne
3307 1467 3458 1520 cadat
3487 1466 3545 1538 (ι
3575 1463 3693 1520 Cor.
3741 1483 3796 1530 χ,

2221 1553 2289 1608 12
2309 1552 2368 1623 )‘l
2391 1551 2523 1608 Cum
2570 1553 2730 1624 igitur
2767 1561 2991 1624 utraque
3019 1554 3220 1610 incerta
3247 1555 3355 1624 sit,
3383 1571 3478 1612 cur
3505 1572 3611 1612 non
3639 1557 3802 1614 homo

2221 1644 2442 1699 ﬁrmiori
2470 1659 2627 1715 quam
2657 1645 2934 1704 inﬁrmiori
2971 1645 3132 1702 fidem
3159 1660 3335 1714 suam,
3367 1661 3538 1717 spem,
3568 1647 3803 1704 charita-

2221 1744 2436 1806 temque
2462 1737 2780 1798 committit?
3359 1787 3362 1790 .
3637 1793 3642 1798 ,
3707 1759 3711 1762 ·

2288 1827 2378 1882 22.
2413 1845 2438 1882 ιι
2471 1828 2576 1883 Sed
2599 1843 2721 1884 cum
2741 1829 2955 1896 dicitur,
2991 1848 3011 1882 ι
3041 1830 3319 1901 inquiunt,
3353 1849 3372 1884 ι
3403 1832 3464 1887 Si
3485 1832 3760 1890 credideris
3785 1877 3802 1900 ,

2218 1920 2388 1975 salvus
2409 1921 2512 1975 eris
2535 1920 2718 1991 (Rom.
2747 1937 2806 1990 ιι,
2830 1922 2930 1992 9);
2955 1938 3118 1977 unum
3155 1923 3344 1979 horum
3373 1926 3624 1995 exigitur,
3665 1927 3804 1984 alte-

2221 2026 2338 2064 runt
2360 2011 2598 2066 offertur.
2625 2011 2778 2079 Quod
2806 2013 3052 2083 exigitur,
3087 2013 3138 2067 in
3177 2013 3436 2079 hominis;
3465 2016 3606 2085 quod
3635 2015 3808 2072 οσετα

2221 2110 2327 2170 tur,
2357 2102 2410 2157 in
2441 2103 2534 2157 Dei
2554 2112 2636 2158 est
2657 2111 2920 2172 potestate
2953 2122 2972 2155 ι
3009 2103 3227 2176 (Supra,
3247 2105 3300 2158 in
3331 2103 3568 2173 Epistula
3585 2105 3799 2172 Hilarii,

2220 2195 2344 2261 n.2,
2364 2193 2463 2249 col.
2486 2194 2767 2266 947-448).
2797 2194 2903 2249 Cur
2927 2209 3031 2250 non
3059 2204 3340 2266 utrumque
3364 2197 3420 2252 in
3441 2197 3555 2264 Dei,
3585 2208 3640 2254 et
3661 2198 3806 2269 quod

2214 2285 2388 2355 jubet,
2433 2295 2486 2342 et
2517 2287 2660 2356 quod
2701 2286 2858 2342 offert
2887 2288 2940 2342 ιι
2965 2287 3203 2359 Rogatur
3249 2289 3394 2344 enim
3441 2299 3498 2345 ut
3538 2290 3631 2346 det
3657 2291 3806 2360 quod

2214 2375 2367 2446 jubet
2385 2387 2407 2432 ':
2438 2386 2627 2449 rogant
2655 2377 2938 2436 credentes
2961 2419 2980 2447 ,
3006 2390 3066 2434 ut
3091 2379 3194 2434 sibi
3219 2389 3478 2451 augeatur
3521 2381 3688 2449 ﬁdes;
3715 2399 3806 2438 ro-

2219 2478 2347 2540 gant
2387 2485 2484 2542 pro
2521 2487 2626 2526 non
2663 2471 3039 2539 credentibus,
3085 2481 3146 2528 ut
3171 2473 3252 2529 eis
3279 2473 3508 2529 donetur
3535 2475 3668 2530 ﬁdes
3701 2493 3714 2528 :
3745 2484 3806 2531 et

2224 2563 2274 2617 in
2303 2563 2415 2618 suis
2453 2563 2612 2633 igitur
2650 2563 2994 2619 incrementis
3019 2605 3034 2630 ,
3065 2571 3121 2619 et
3146 2563 3202 2618 in
3230 2564 3341 2619 suis
3385 2564 3551 2620 initiis
3579 2565 3675 2621 Dei
3699 2565 3804 2621 do-

2222 2673 2348 2712 num
2371 2665 2456 2713 est
2481 2657 2616 2714 ﬁdes
2641 2659 2684 2711 ².
2715 2657 2806 2713 Sic
2838 2667 3014 2713 autem
3045 2656 3264 2725 dicitur,
3295 2657 3360 2714 Si
3377 2659 3668 2728 credideris,
3693 2661 3803 2715 sat-

2219 2764 2308 2804 vus
2327 2750 2468 2816 eris;
2497 2749 2942 2821 quemadmodum
2969 2750 3183 2816 dicitur,
3213 2751 3274 2807 Si
3301 2751 3502 2822 Spiritu
3527 2758 3664 2824 facta
3691 2771 3806 2808 car-

2219 2842 2298 2896 nis
2319 2843 2761 2911 mortiﬁcaveritis,
2801 2845 2991 2898 vlvetis.
3021 2842 3156 2897 Nam
3185 2853 3240 2898 et
3273 2843 3360 2898 hic
3393 2859 3456 2899 ex
3487 2845 3568 2900 his
3595 2845 3804 2902 duobus

2221 2949 2386 2989 unum
2407 2933 2636 3004 exigitur
2655 2975 2670 3001 ,
2698 2934 2923 2988 alterum
2953 2931 3194 2990 offertur.
3241 2933 3304 2989 Si
3331 2933 3530 3004 Spiritu
3549 2977 3564 3001 ,
3595 2937 3800 3006 inquit,

2219 3029 2356 3097 facta
2400 3026 2568 3080 carnis
2617 3026 3055 3094 mortiﬁcaveritis,
3103 3026 3276 3081 rivetis
3318 3041 3338 3080 :
3377 3037 3434 3082 ut
3461 3043 3588 3098 ergo
3615 3029 3803 3098 spiritu

2223 3117 2359 3174 facta
2406 3118 2583 3174 carnis
2624 3119 3041 3184 mortiﬁcemus,
3068 3119 3326 3189 exigitur;
3359 3128 3418 3174 ut
3443 3129 3620 3176 autem
3649 3122 3804 3174 viva-

2219 3225 2369 3276 mus,
2401 3209 2640 3264 offertur.
2657 3209 2793 3264 Num
2810 3209 2968 3280 igitur
2996 3211 3170 3280 placet
3197 3221 3252 3264 ut
3273 3209 3408 3266 facta
3437 3213 3614 3267 carnis
3644 3229 3794 3267 mor-

2221 3301 2422 3356 titicare
2448 3317 2552 3356 non
2599 3302 2798 3356 donum
2827 3303 2920 3356 Dei
2969 3316 3090 3358 esse
3115 3303 3380 3368 dicamus;
3409 3317 3580 3373 neque
3615 3303 3664 3358 id
3695 3304 3798 3358 do-

2221 3409 2347 3447 num
2376 3393 2469 3448 Dei
2516 3408 2637 3448 esse
2679 3394 2959 3462 fateamur,
2999 3394 3249 3465 quoniam
3292 3395 3426 3465 exigi
3475 3395 3723 3450 audimus
3767 3413 3799 3449 ιι

2219 3485 2374 3539 nobis
2403 3486 2623 3554 prtemio
2649 3485 2769 3540 vita;
2788 3527 2803 3553 ,
2837 3487 2883 3541 si
2911 3487 3011 3541 hoc
3040 3485 3326 3542 fecerimus
3349 3529 3363 3555 ,
3392 3488 3614 3542 oblato?
3641 3488 3794 3542 Absit

2221 3583 2276 3628 ut
2305 3575 2408 3629 hoc
2447 3576 2654 3645 placeat
2691 3577 3039 3648 participibus
3081 3586 3136 3632 et
3181 3577 3551 3634 defensoribus
3594 3580 3795 3649 gratize.

2218 3665 2625 3736 Pelagianorum
2677 3676 2760 3722 est
2799 3682 2954 3722 error
2995 3668 3095 3723 iste
3145 3668 3464 3724 damnabilis
3513 3687 3524 3722 :
3571 3685 3794 3738 quorum

2219 3773 2342 3812 mox
2386 3759 2674 3830 Apostolus
2723 3775 2814 3814 ora
2855 3760 3150 3826 obstruxit,
3185 3761 3508 3832 adjungens,
3548 3763 3798 3833 Quotquot

2219 3853 2350 3906 enim
2381 3851 2578 3923 Spiritu
2604 3851 2703 3907 Dei
2727 3862 2965 3925 aguntur,
3000 3855 3052 3906 hi
3071 3854 3167 3923 ﬁlii
3195 3863 3310 3909 sunt
3341 3853 3437 3909 Dei
3463 3855 3480 3926 (
3503 3853 3651 3909 Rom.
3683 3871 3796 3922 vm,

2223 3943 2309 4010 l3,
2344 3943 2432 4014 14)
2459 3959 2471 4008 ;
2503 3959 2570 3998 ηε
2594 3942 2730 3998 facta
2754 3945 3074 4000 mortificare
3092 3959 3191 3999 nos
3207 3945 3405 4012 carnis,
3436 3961 3539 4000 non
3569 3961 3666 4016 per
3683 3947 3796 4010 Dei,

2219 4033 2312 4088 sed
2360 4049 2454 4104 per
2483 4045 2720 4089 nostrum
2751 4035 2992 4104 spiritum
3037 4034 3399 4090 crederemus.
3439 4036 3512 4090 De
3559 4051 3667 4106 quo
3699 4037 3798 4092 Dei

2217 4123 2416 4194 Spiritu
2445 4127 2601 4180 etiam
2642 4125 2712 4180 ibi
2753 4125 3089 4194 loquebatur,
3137 4124 3222 4178 ubi
3254 4125 3327 4179 ait
3359 4143 3370 4177 :
3405 4125 3590 4179 Omnia
3627 4137 3800 4180 autent

2220 4215 2325 4269 lucc
2362 4225 2596 4286 aperatur
2617 4231 2748 4268 unus
2790 4224 2938 4284 atque
2973 4213 3105 4268 idem
3143 4213 3390 4284 Spiritus,
3427 4215 3652 4271 dividens
3681 4235 3804 4289 pro-
3859 4237 3862 4240 ’

2221 4309 2332 4378 prio
2375 4309 2639 4376 unicuique
2675 4317 2823 4378 prout
2862 4307 2964 4361 vult
2992 4305 3165 4378 (lCor.
3215 4325 3312 4375 xu,
3345 4311 3454 4380 ll).
3506 4311 3652 4365 lnler
3677 4327 3796 4381 qua:

2219 4398 2426 4462 omnia,
2462 4397 2600 4452 sicut
2626 4398 2806 4462 scitis,
2843 4399 3136 4453 nominavit
3175 4407 3230 4453 ct
3270 4399 3450 4455 ﬁdem.
3481 4401 3628 4456 Sicut
3673 4417 3800 4472 ergo

2219 4487 2464 4558 quamvis
2509 4489 2706 4544 donum
2747 4489 2839 4544 Dei
2895 4490 2984 4554 sit,
3035 4489 3172 4545 facta
3221 4493 3395 4546 carnis
3441 4491 3793 4556 mortificarc;

2220 4580 2448 4650 exigitur
2494 4589 2671 4634 tamen
2717 4595 2744 4633 a
2785 4580 2938 4635 nobis
2967 4583 3239 4651 proposito
3267 4585 3485 4653 priemio
3513 4585 3636 4638 vitae
3681 4603 3693 4636 :
3727 4585 3796 4638 ita

2220 4670 2414 4725 donum
2445 4671 2536 4725 Dei
2569 4680 2651 4726 est
2679 4679 2734 4726 et
2765 4673 2912 4738 fides,
2937 4675 3190 4743 quamvis
3213 4684 3268 4730 et
3295 4677 3406 4745 ipsa
3436 4691 3555 4731 cum
3583 4677 3794 4742 dicitur,

2223 4759 2281 4815 Si
2302 4761 2593 4823 credideris,
2611 4763 2779 4816 salvus
2805 4764 2934 4827 eris;
2957 4765 3230 4833 proposito
3248 4767 3466 4834 prmmio
3483 4767 3665 4819 salutis
3687 4767 3798 4820 exi-

2219 4864 2372 4922 gatur
2397 4869 2425 4906 a
2459 4853 2630 4908 nobis.
2663 4853 2787 4909 ldeo
2816 4855 2956 4909 enim
2993 4855 3106 4911 haec
3131 4864 3185 4911 et
3213 4857 3366 4910 nobis
3397 4857 3795 4926 praecipiuntur,

2221 4953 2276 5000 et
2323 4943 2460 4998 dona
2493 4945 2588 4998 Dei
2631 4959 2752 5000 esse
2793 4955 3190 5013 monstrantur;
3225 4955 3285 5000 ut
3313 4947 3636 5017 intelligatur
3659 4948 3798 5016 quod

2219 5044 2273 5092 et
2299 5049 2396 5090 nos
2421 5051 2482 5091 ea
2506 5035 2751 5102 facimus,
2779 5048 2832 5092 et
2855 5037 2992 5092 Deus
3014 5037 3138 5092 facit
3166 5047 3222 5093 ut
3253 5039 3340 5093 illa
3365 5037 3640 5101 faciamus,
3663 5039 3798 5094 sicut

2217 5143 2316 5197 .per
2344 5127 2660 5198 prephelam
2711 5129 3050 5186 Ezechielem
3095 5130 3437 5200 apertissime
3471 5131 3621 5186 dicit.
3661 5131 3798 5199 Quid

2219 5220 2360 5276 enim
2389 5221 2626 5290 apertius
2649 5261 2664 5286 ,
2693 5237 2850 5291 quam
2877 5223 2966 5277 ubi
2997 5223 3159 5292 dicit,
3191 5223 3304 5296 Ego
3331 5227 3518 5296 faciam
3545 5235 3601 5280 ut
3641 5227 3800 5298 facia-
3845 5209 3854 5220 ’

2219 5313 2282 5368 tis
2297 5314 2324 5380 ,(
2346 5311 2537 5368 Ezech.
2589 5329 2782 5380 xxxw,
2815 5314 2963 5386 27)?
2991 5315 3190 5371 Locum
3243 5317 3416 5386 ipsum
3459 5317 3746 5388 Scriptura:
3776 5317 3796 5348 ³

2283 5425 2386 5534 fuit:
2396 5429 2512 5518 9Mss.
2533 5431 2588 5474 At.
2608 5429 2740 5486 Lov.,
2766 5423 2818 5476 in
2853 5425 2945 5478 Dei
2960 5433 3048 5488 est,
3071 5432 3117 5478 et
3139 5427 3490 5492 quodjubetur,
3513 5435 3558 5481 et
3581 5429 3708 5495 quod
3729 5431 3796 5492 of-

2217 5485 2462 5606 Ῑθφέἷιὶιι,
2491 5553 2539 5597 ιιι
2562 5553 2606 5598 et
2627 5547 2676 5598 in
2698 5548 2798 5600 suis
2821 5547 3139 5606 uterementis,
3166 5555 3213 5601 et
3244 5551 3294 5600 in
3325 5565 3424 5603 suis
3443 5551 3594 5602 initiis
3615 5553 3792 5603 donum

2217 5605 2439 5679 sittitlcs.
2453 5605 2522 5679 at
2541 5617 2671 5670 Mss,
2688 5609 2804 5679 etin
2827 5610 2926 5661 suis
2941 5611 3087 5676 igitur
3111 5611 3432 5674 incrementis,
3455 5619 3510 5665 ετ
3523 5613 3574 5664 in
3589 5612 3690 5666 suis
3724 5613 3796 5665 in-

2218 5671 2317 5718 itiis
2339 5671 2426 5718 Dei
2449 5671 2622 5720 donum
2639 5677 2708 5722 est
2728 5671 2866 5722 ﬁdes.

2223 5729 2479 5842 multo
2506 5734 2647 5780 euitis
2682 5729 2884 5792 additur,
2911 5733 3092 5796 fratres
3123 5734 3410 5787 charissimi.
3451 5738 3596 5788 Abest
3633 5751 3662 5787 ι
3697 5749 3774 5788 In:

2305 5805 2310 5812 .
2343 5805 2366 5838 ι.
2386 5805 2414 5842 υ

2305 5805 2414 5856 scrip
