4102 6546
319 418 426 476 977

325 522 616 585 attendite,
644 525 698 572 ct
720 509 964 568 videbitis
992 507 1079 562 illa
1112 506 1276 560 Deum
1308 499 1620 571 promittere
1645 497 1903 551 facturum

321 635 386 676 se
415 625 472 670 ut
500 612 724 672 faciant,
754 618 874 674 qua:
897 599 1050 670 jubet
1079 605 1136 650 ut
1176 595 1319 649 fiant.
1356 590 1473 645 Non
1501 603 1630 644 sane
1669 586 1739 640 ibi
1761 592 1908 676 tacet

326 674 520 764 merita
545 713 755 759 eorum,
785 692 880 747 sed
909 689 1082 751 maia;
1115 686 1306 756 quibus
1335 698 1394 737 se
1419 678 1654 735 ostendit
1680 674 1905 731 reddere

314 815 426 871 .pro
454 795 607 851 malis
632 793 771 848 bona
793 828 807 852 ,
834 786 939 840 hoc
966 783 1083 851 ipso
1107 793 1213 849 quo
1240 790 1335 871 eos
1360 772 1728 871 facitAbaber-e
1746 767 1910 871 dein-

324 858 454 961 ecps
494 899 658 956 opera
705 883 866 943 bona,
914 889 1037 930 cum
1080 872 1193 940 ipse
1235 867 1359 924 facit
1388 876 1445 921 ut
1490 861 1689 917 faciant
1729 858 1913 914 divina

329 979 603 1039 mandata.

404 1067 632 1129 CAPUT
659 1064 775 1120 ΧΠ.
803 1091 871 1102 -—
899 1059 990 1114 9.5.
1021 1055 1128 1113 Sed
1156 1053 1330 1109 omnis
1364 1050 1482 1105 haec
1496 1046 1655 1113 ratio,
1683 1059 1787 1115 qua
1813 1042 1917 1098 de-

335 1163 604 1221 fendimus
623 1158 846 1229 gratiam
877 1149 970 1206 Dei
998 1162 1096 1218 per
1118 1143 1302 1200 Jesum
1330 1139 1601 1197 Christum
1629 1133 1911 1229 Dominum

338 1264 582 1312 nostrum
608 1222 650 1317 ,⁷
669 1261 799 1302 vere
822 1256 943 1299 esse
970 1237 1218 1310 gratiam,
1249 1232 1300 1287 id
1344 1238 1446 1293 est,
1477 1244 1582 1283 non
1630 1222 1919 1317 secundum

343 1346 533 1401 merita
560 1348 736 1395 nostra
766 1333 904 1400 dari,
925 1327 1167 1401 quamvis
1196 1320 1597 1380 evidentissime
1619 1316 1922 1373 divinorum

344 1434 675 1505 eloquiorum
728 1421 1047 1494 testimoniis
1074 1424 1370 1478 asseratur;
1416 1419 1593 1505 tamen
1632 1404 1774 1505 apud
1801 1419 1918 1469 eos,

346 1497 576 1597 qui-nisi
602 1516 803 1590 aliquid
829 1514 931 1569 sibi
955 1509 1231 1579 assignent
1257 1546 1270 1597 ,
1301 1502 1441 1597 quod
1474 1499 1681 1597 priores
1707 1497 1837 1597 dent
1862 1502 1921 1549 ut

342 1587 671 1673 retribuatnr
695 1587 774 1665 eis
802 1651 815 1674 ,
847 1606 917 1660 ab
957 1601 1103 1658 omni
1153 1596 1330 1654 studio
1357 1592 1565 1666 pietatis
1610 1587 1828 1660 reprimi
1868 1601 1930 1642 se

342 1713 535 1778 putant
560 1744 575 1768 ,
609 1700 820 1756 laborat
866 1694 1195 1764 aliquantum
1220 1689 1238 1720 ί
1265 1688 1327 1778 in
1346 1691 1503 1778 mia-te
1531 1681 1793 1778 majorum
1818 1676 1928 1748 jam

347 1768 607 1852 utentium
633 1789 921 1847 voluntatis
941 1782 1164 1839 arbitrio
1200 1796 1215 1833 :
1238 1776 1332 1833 sed
1368 1775 1458 1831 ubi
1481 1773 1693 1829 venitur
1717 1768 1783 1824 ad
1805 1782 1930 1839 par-

344 1888 518 1953 vulos,
546 1891 603 1939 et
628 1880 695 1937 ad
726 1879 897 1949 ipsum
921 1872 1264 1930 Mediatorem
1292 1866 1388 1921 Dei
1415 1873 1468 1921 et
1495 1862 1791 1953 hominum,
1820 1860 1922 1953 ho:-

345 1947 546 2033 tninem
576 1947 849 2028 Christum
879 1965 1061 2021 Jesum
1097 1960 1152 2032 (Ι
1181 1957 1312 2014 Tim.
1338 1971 1397 2023 ll,
1429 1954 1522 2026 5),
1553 1951 1729 2009 omnis
1755 1947 1934 2005 deficit

349 2064 766 2140 pratcedentium
789 2058 1018 2131 gratiam
1049 2053 1144 2109 Dei
1172 2050 1531 2106 humanorum
1563 2042 1791 2140 assertio
1816 2054 1930 2096 me-

354 2134 577 2215 ritorum
609 2172 625 2209 :
652 2152 779 2224 quia
814 2163 916 2205 nec
941 2147 1012 2202 illi
1034 2143 1159 2199 ullis
1194 2140 1348 2197 bonis
1375 2134 1799 2208 praecedentibus
1824 2145 1937 2186 me-

351 2250 467 2306 ritis
493 2247 870 2303 discernuntur
893 2253 924 2292 a
950 2235 1179 2298 caeteris,
1211 2239 1273 2288 ut
1300 2230 1602 2301 pertineant
1629 2224 1696 2280 ad
1726 2224 1925 2279 libera-

354 2349 528 2396 torem
569 2335 881 2397 hominum;
911 2343 1011 2385 nec
1037 2326 1127 2382 ille
1150 2324 1278 2381 ullis
1296 2319 1545 2377 humanis
1575 2314 1927 2388 prmcedenti-

354 2435 453 2488 bus
480 2427 706 2493 meritis,
725 2429 921 2481 cumet
945 2421 1060 2490 ipse
1084 2416 1154 2474 sit
1177 2415 1358 2480 homo,
1387 2410 1643 2468 liberator
1670 2406 1837 2462 factus
1857 2411 1940 2461 est

356 2523 654 2587 hominum.

426 2615 519 2672 24.
572 2611 702 2680 Quis
729 2605 869 2665 enim
899 2601 1120 2668 audiat,
1147 2598 1289 2671 quod
1314 2596 1564 2652 dicuntur
1614 2590 1817 2663 parvuli
1847 2603 1945 2659 pro

361 2706 474 2760 suis
518 2701 712 2757 futuris
756 2695 959 2753 meritis
984 2694 1037 2749 in
1068 2693 1183 2762 ipsa
1226 2687 1451 2745 infantili
1502 2691 1660 2741 tutate
1696 2680 1946 2752 baptizati

359 2797 522 2853 exire
548 2794 623 2849 de
642 2792 740 2846 ltac
768 2789 906 2854 vita;
931 2795 984 2841 et
1005 2785 1126 2841 ideo
1153 2783 1243 2838 alii
1272 2797 1381 2837 non
1409 2777 1658 2849 baptizati
1682 2776 1733 2831 in
1758 2773 1946 2830 eadem

365 2896 523 2945 artate
574 2884 730 2951 mori,
762 2882 883 2954 quia
924 2888 980 2935 et
1025 2879 1264 2949 ipsorum
1294 2872 1542 2944 praescita
1590 2877 1715 2923 sunt
1759 2865 1949 2921 merita

355 2979 552 3042 futura,
587 2975 679 3032 sed
704 2974 870 3037 mala;
900 2985 1006 3027 non
1022 2982 1208 3025 eorum
1237 2966 1396 3020 vitam
1420 2963 1612 3018 bonam
1636 2959 1727 3015 vel
1755 2957 1948 3012 malam

357 3072 469 3129 Deo
511 3072 886 3125 remunerante
906 3063 990 3118 vel
1013 3062 1299 3118 damnante
1327 3058 1373 3122 ',
1399 3053 1495 3110 sed
1519 3052 1719 3108 nullam
1749 3048 1954 3120 (Supra

356 3162 415 3215 in
460 3158 696 3230 Epistula
744 3153 990 3225 Prosperi
1011 3192 1038 3217 ,_
1074 3168 1127 3205 η.
1182 3150 1238 3214 5,
1291 3147 1391 3202 col.
1444 3141 1755 3215 95l-952)?
1808 3143 1957 3210 Apo-

361 3251 528 3309 stolus
552 3248 767 3320 quidem
799 3245 1021 3300 limitem
1055 3241 1189 3306 fixit,
1215 3253 1372 3309 quem
1395 3234 1701 3306 transgredi
1729 3247 1838 3289 non
1862 3231 1958 3287 de-

364 3344 489 3400 beat
512 3339 752 3397 hominis
776 3378 792 3407 ,
815 3345 874 3392 ut
896 3336 1080 3393 mitius
1097 3333 1284 3403 loquar
1306 3372 1323 3399 ,
1353 3331 1562 3387 incauta
1588 3325 1840 3397 suspicio.
1869 3324 1959 3379 Ait

366 3434 536 3498 enim,
560 3430 748 3486 Omnes
777 3427 1061 3483 astabimus
1092 3432 1208 3478 ante
1236 3420 1458 3476 tribunal
1496 3416 1714 3484 Christi,
1741 3426 1796 3470 ut
1822 3418 1957 3487 refe-

371 3533 451 3583 rat
488 3522 822 3592 unusquisque
852 3515 1132 3573 secundum
1181 3529 1241 3567 ea
1277 3527 1392 3581 quia
1417 3525 1509 3581 per
1550 3523 1738 3578 corpus
1765 3505 1957 3578 gessit,

375 3595 481 3672 sive
506 3615 725 3679 bonum,
741 3610 841 3666 sine
855 3608 1048 3663 malum
1068 3603 1138 3677 (ll
1163 3602 1280 3660 Cor.
1310 3617 1368 3669 v,
1396 3600 1485 3670 10)
1515 3615 1530 3653 :
1556 3598 1728 3672 gessit,
1753 3595 1957 3667 inquit;

378 3721 499 3764 non.
515 3702 775 3774 adjunxit,
795 3700 892 3756 Vel
912 3704 1159 3769 gesturus
1184 3694 1313 3751 fuit.
1328 3691 1435 3749 Sed
1473 3689 1616 3745 unde
1642 3689 1744 3744 hoc
1770 3686 1964 3744 talibus

388 3798 529 3854 siris.
565 3797 617 3851 in
658 3801 891 3851 mentem
919 3789 1129 3848 venerit
1152 3787 1372 3853 nescio,
1398 3792 1458 3841 ut
1496 3783 1671 3839 futura
1699 3784 1817 3852 qua:
1855 3794 1963 3836 non

376 3896 505 3945 sunt
560 3884 769 3951 futura,
800 3882 1109 3955 puniantur,
1136 3885 1229 3933 aut
1262 3875 1597 3933 honorentut‘
1618 3871 1808 3927 merita
1846 3883 1967 3940 par-

378 3982 652 4038 vulorum.
680 3976 791 4033 Cur
830 3983 1011 4030 autem
1051 3971 1253 4027 dictum
1282 3977 1404 4036 est,
1434 3964 1726 4023 secundum
1756 3976 1820 4019 ea
1850 3975 1969 4032 quae

378 4086 478 4143 per
490 4082 692 4140 corpus
718 4066 882 4139 gessit
910 4063 1184 4119 hominem
1201 4056 1546 4131 judicandum
1571 4097 1588 4122 ,
1618 4070 1740 4111 cum
1769 4068 1968 4125 geran-

384 4172 470 4227 tur
494 4161 658 4217 multa
683 4158 801 4213 solo
827 4158 1028 4221 animo,
1050 4167 1158 4209 non
1186 4166 1282 4222 per
1304 4163 1520 4219 corpus,
1554 4161 1656 4202 nec
1683 4160 1777 4216 per
1800 4144 1971 4199 ullum

385 4254 628 4324 corporis
648 4248 978 4311 membrum;
1009 4254 1064 4301 et
1093 4245 1408 4315 plerumque
1433 4249 1540 4295 tam
1567 4251 1780 4308 magna,
1812 4244 1869 4289 ut
1890 4244 1969 4290 ta.

392 4346 533 4403 libus
550 4339 957 4412 cogitationibus
980 4351 1137 4409 pana
1168 4333 1461 4406 justissima
1486 4330 1746 4386 debeatur
1774 4345 1787 4382 :
1818 4326 1973 4383 sicuti

408 4444 513 4501 est,
541 4442 601 4489 ut
622 4432 724 4485 alia
748 4439 955 4484 taceam
969 4468 986 4493 ,
1013 4425 1165 4497 quod.
1179 4425 1308 4479 dixit
1332 4422 1574 4493 insipiens
1600 4421 1651 4474 in
1673 4420 1825 4473 corde
1847 4434 1941 4473 suo
1958 4458 1973 4481 ,

400 4526 525 4581 Non
549 4532 622 4577 est
662 4520 801 4575 Deus
821 4522 840 4588 (
860 4518 1001 4573 Psal.
1033 4532 1148 4581 xtn,
1178 4515 1275 4586 l)?
1316 4511 1456 4582 Quid
1484 4520 1566 4567 est
1602 4524 1766 4581 ergo,
1795 4525 1977 4563 secun-

399 4617 522 4671 dum
548 4631 609 4670 ea
628 4628 740 4681 qua
758 4626 845 4681 per
868 4624 1048 4679 corpus
1073 4607 1255 4678 gessit;
1281 4605 1404 4671 nisi,
1437 4601 1740 4660 Secundum
1769 4615 1831 4656 ea
1857 4614 1978 4669 qua:

396 4707 563 4779 gessit
592 4720 658 4760 eo
686 4712 926 4771 tempore
950 4712 1058 4769 quo
1083 4698 1138 4753 in
1186 4710 1413 4767 corpore
1442 4695 1560 4761 fuit,
1589 4686 1645 4748 ut
1668 4707 1758 4763 per
1797 4706 1981 4762 corpus

400 4797 758 4865 intelligamus
776 4833 793 4859 ,
818 4791 925 4862 Per
946 4802 1185 4858 corporis
1229 4785 1476 4857 tempus?
1502 4785 1626 4840 Post
1665 4796 1860 4853 corpus
1883 4796 1983 4836 au-

402 4900 509 4945 tem
555 4899 715 4941 nemo
743 4884 846 4939 erit
882 4882 937 4937 in
964 4895 1188 4950 corpore
1208 4920 1224 4947 ,
1252 4878 1353 4934 nisi
1383 4876 1775 4933 resurrectione
1800 4874 1984 4929 novis-

405 4981 570 5043 sima;
601 4992 706 5033 non
736 4975 803 5030 ad
832 4975 938 5030 ulla
972 4972 1160 5028 merita
1186 4970 1543 5042 comparanda
1564 5011 1578 5034 ,
1610 4968 1705 5024 sed
1741 4969 1808 5023 ad
1849 4968 1987 5023 reci-

408 5058 595 5138 pienda
626 5081 722 5136 pro
749 5064 905 5120 bonis
927 5062 1134 5119 meritis
1162 5061 1400 5130 praemia,
1431 5048 1527 5129 pro
1555 5058 1713 5112 malis
1737 5057 1758 5089 ³
1792 5056 1984 5112 luenda

411 5159 688 5229 supplicia.
717 5156 829 5211 Hoc
854 5166 1034 5210 autem
1066 5153 1244 5208 medio
1266 5161 1505 5223 tempore
1536 5151 1674 5206 inter
1693 5149 1985 5221 depositio—

481 5311 495 5341 ι
522 5308 657 5365 aditi,
682 5305 924 5368 laboratur
941 5302 1222 5368 aliquando.
1244 5310 1300 5353 At
1321 5310 1446 5368 Mss,
1468 5300 1651 5368 laborat
1673 5299 1991 5368 aliquantum2
2022 5338 2025 5341 λ

413 5374 544 5431 sive,
564 5363 818 5431 animante.
839 5363 1078 5427 Refertur,
1103 5364 1306 5428 laborat,
1329 5364 1389 5413 ad
1423 5363 1675 5426 superiora
1695 5363 1878 5411 verba:
1900 5371 1956 5412 se

414 5430 568 5483 cumis
590 5428 694 5479 hare
715 5428 853 5479 ratio.

476 5495 505 5554 ἑ
524 5489 756 5554 Ειιὶιίλυθι
769 5489 1024 5554 amarante
1044 5485 1069 5554 ?_
1089 5495 1208 5554 Turn
1246 5487 1359 5537 inde
1381 5487 1672 5554 sententiam
1687 5491 1994 5554 sequ-cutem

414 5545 752 5605 incboantboc
768 5552 906 5602 modo
930 5566 942 5601 :
973 5548 1067 5601 sed
1097 5547 1283 5598 mtuum
1306 5546 1550 5612 Apostolus
1579 5545 1790 5611 quidem'
1799 5545 1993 5612 limitem

570 5614 896 5680 [emendantur
907 5625 978 5680 ex
999 5604 1436 5680 mnusu'iptorum
1453 5609 1565 5680 title,
1592 5604 1798 5680 quorum
1823 5604 1995 5680 lectio:

417 5669 532 5726 'nem
551 5676 757 5739 probant
771 5675 1031 5739 rnaniieste
1066 5669 1390 5739 Loganienses
1412 5672 1459 5739 in
1487 5669 1902 5739 adnotationibus,
1915 5669 1995 5718 ubi

419 5729 635 5806 monent,
658 5735 860 5806 nullam,
883 5734 981 5806 illic
1000 5731 1235 5806 appellari
1266 5734 1414 5782 vitan
1436 5731 1682 5794 infantum,
1706 5744 1817 5794 qua:
1841 5729 1998 5781 futura

418 5800 701 5856 somniatur,
722 5799 763 5847 si
786 5797 1196 5859 supervixissent.

485 5861 508 5892 ³
530 5860 666 5915 ΕΔΜ.
688 5853 761 5909 νει
778 5853 866 5919 pro"
881 5855 1040 5910 matis.
1068 5857 1232 5915 Abest,
1257 5853 1401 5914 rct,_a
1412 5861 1499 5905 uss

1198 390 1396 448 LIBER
1436 388 1526 444 DE
1566 381 2227 442 PRIEDESTINATIONE
2267 377 2702 436 SANCTORUSI.

3496 380 3607 436 978

2018 509 2138 567 netu
2191 503 2245 547 et
2294 492 2654 561 receptionem
2707 490 2967 561 corporis,
3025 490 3320 547 secundum
3370 505 3434 545 ea
3472 505 3594 561 qua

2016 591 2298 652 gesserunt
2360 597 2453 651 per
2507 582 2751 654 corporis
2816 590 3063 651 tempus,
3124 582 3238 637 sive
3297 581 3603 637 cruciantur

2020 674 2244 739 animae,
2288 673 2402 729 sive
2427 675 2786 743 requiescunt.
2830 674 2911 729 Ad
2936 675 3076 744 quod
3123 684 3332 745 tempus
3359 676 3601 746 corporis

2020 764 2254 836 pertinet
2271 764 2432 819 etiam
2453 764 2594 834 quod
2616 762 2882 834 Pelagiani
2910 774 3123 835 negant,
3147 766 3242 821 sed
3273 764 3472 820 Christi
3504 764 3605 820 Ec-

2022 859 2185 914 clesia
2211 857 2501 914 confitetur
2521 899 2535 921 ,
2585 859 2842 930 originale
2889 868 3161 931 peceatum
3194 877 3207 913 :
3235 874 3343 929 quo
3370 859 3484 914 sive
3514 873 3604 913 so—

2026 951 2138 1005 luto
2168 965 2261 1021 per
2307 950 2396 1004 Dei
2426 951 2687 1020 gratiam,
2724 952 2836 1006 sive
2864 967 2961 1023 per
2986 953 3085 1006 Dei
3102 950 3359 1020 judicium
3392 967 3496 1005 non
3519 964 3608 1004 so-

2010 1043 2160 1107 luto,
2190 1057 2312 1097 cum
2352 1043 2654 1097 moriuntur
2680 1042 2910 1097 infantes
2930 1085 2945 1109 ,
2976 1052 3067 1097 aut
3102 1043 3292 1097 merito
3322 1055 3612 1113 regenera-

2028 1133 2188 1187 tionis
2207 1141 2482 1187 transeunt
2502 1146 2567 1187 ex
2595 1133 2750 1186 malis
2767 1132 2833 1187 ad
2860 1132 3020 1196 bona,
3050 1141 3141 1186 aut
3170 1133 3363 1187 merito
3390 1132 3614 1203 originis

2031 1232 2310 1280 transeunt
2332 1238 2400 1278 ex
2422 1221 2576 1284 malis
2599 1222 2666 1277 ad
2688 1224 2845 1277 mala.
2870 1223 2981 1278 Hoc
3002 1223 3258 1279 catholica
3282 1223 3413 1279 ﬁdes
3433 1222 3613 1277 novit:

2030 1316 2084 1371 in
2115 1316 2219 1372 hoc
2260 1316 2421 1371 etiam
2464 1315 2704 1371 nonnulli
2749 1314 2987 1371 haeretici
3028 1316 3145 1371 sine
3188 1316 3297 1370 ulla
3338 1314 3611 1370 contradi-

2031 1409 2209 1464 ctione
2254 1409 2615 1464 eonsentiunt.
2656 1408 2890 1464 iudicari
2939 1419 3117 1464 autem
3160 1424 3477 1479 quemquam
3509 1421 3615 1463 non

2032 1502 2322 1557 secundum
2342 1501 2529 1557 merita
2550 1517 2668 1573 qua:
2686 1501 2873 1556 babuit
2896 1502 3269 1572 quamdiu‘fuit
3284 1502 3337 1556 in
3365 1516 3613 1572 corpore,

2036 1592 2131 1647 sed
2156 1593 2453 1648 secundum
2474 1593 2672 1648 merita
2702 1608 2819 1662 qua:
2844 1592 3015 1647 fuerat
3036 1592 3315 1648 habiturus
3350 1593 3395 1648 si
3418 1592 3617 1649 diutius

2030 1687 2254 1742 vixisset
2282 1688 2334 1741 in
2361 1702 2609 1758 corpore,
2646 1686 2783 1742 unde
2808 1686 3013 1757 opinari
3046 1689 3315 1757 pomerint
3346 1686 3613 1753 homines,

2036 1794 2260 1850 quorum
2292 1781 2499 1851 ingenia
2532 1797 2635 1835 non
2665 1795 2785 1836 esse
2810 1781 3229 1850 contemptibili‘a
3262 1789 3451 1836 vestrae
3482 1781 3623 1835 indi-

2038 1878 2161 1924 cant
2189 1870 2398 1937 litterae,
2426 1870 2627 1925 mirans
2655 1880 2705 1926 et
2724 1879 2944 1941 stupens
2962 1872 3197 1942 reperire
3224 1886 3331 1927 non
3363 1886 3617 1943 possum:

2041 1977 2142 2018 nec
2179 1962 2403 2019 credere
2443 1963 2694 2020 auderem
2717 2005 2733 2031 ,
2782 1964 2882 2020 nisi
2910 1964 3060 2019 vobis
3100 1980 3207 2021 non
3247 1965 3471 2022 credere
3514 1980 3621 2021 non

2037 2053 2312 2110 auderem.
2357 2053 2463 2110 Sed
2499 2070 2654 2126 spero
2696 2055 3003 2110 adfuturum
3050 2057 3215 2112 Deum
3241 2099 3255 2121 ,
3285 2066 3344 2112 ut
3385 2071 3624 2117 commo-

2039 2148 2134 2202 niti
2169 2148 2275 2202 eito
2301 2147 2549 2214 videant,
2578 2163 2641 2204 ea
2666 2164 2785 2219 quze
2816 2148 3066 2204 dicuntur
3090 2148 3263 2204 futura
3303 2148 3467 2205 fuisse
3497 2164 3624 2219 pec-

2038 2247 2191 2305 cata,
2236 2240 2281 2295 si
2313 2255 2407 2310 per
2448 2240 2542 2295 Dei
2567 2239 2825 2311 judicium
2874 2241 2926 2295 in
2961 2256 3064 2295 non
3105 2240 3383 2312 baptizatis
3408 2250 3630 2311 possunt

2040 2329 2163 2399 jure
2188 2330 2359 2401 puniri
2387 2373 2402 2397 ,
2434 2331 2593 2386 etiam
2626 2346 2721 2401 per
2765 2331 2854 2386 Dei
2899 2332 3122 2403 gratiam
3151 2332 3430 2402 baptizatis
3472 2347 3631 2403 posse

2038 2420 2267 2476 dimitti.
2296 2422 2627 2492 Quicumque
2660 2423 2802 2478 enim
2830 2421 2998 2489 dicit,
3035 2422 3210 2493 puniri
3244 2432 3444 2477 tantum
3473 2437 3630 2494 posse

2042 2513 2161 2569 Deo
2184 2512 2468 2584 judicante
2482 2512 2657 2568 futura
2697 2523 2935 2585 peccata,
2960 2514 3153 2569 dimitti
3193 2525 3369 2571 autem
3397 2515 3509 2571 Deo
3532 2516 3632 2570 mi.

2049 2615 2263 2662 serante
2285 2622 2390 2661 non
2417 2621 2596 2677 posse,
2624 2607 2860 2678 cogitare
2887 2606 3049 2663 debet
3066 2614 3318 2676 quantam
3338 2607 3452 2663 Deo
3474 2606 3633 2663 faciat

2049 2696 2341 2767 gratiaeque
2397 2697 2518 2768 ejus
2567 2697 2847 2769 iniuriam;
2887 2699 3037 2769 quasi
3078 2696 3311 2753 futurum
3350 2707 3631 2771 peccatum

2053 2788 2312 2858 przenosci
2342 2789 2512 2858 possit
2537 2830 2552 2857 ,
2587 2804 2687 2844 nec
2733 2790 2902 2859 possit
2943 2790 3162 2861 ignosci.
3195 2788 3348 2857 Quod
3378 2789 3423 2844 si
3447 2788 3636 2845 absur-

2053 2879 2178 2935 dum
2201 2888 2311 2945 est;
2340 2879 2509 2951 magis
2548 2895 2675 2952 ergo
2716 2877 2910 2936 futuris
2935 2923 2951 2948 ,
3004 2881 3050 2937 si
3076 2880 3436 2938 diurviverent
3458 2922 3473 2948 ,
3502 2896 3634 2952 pec-

2053 2973 2357 3039 catoribus,
2402 2988 2524 3029 eum
2552 2973 2604 3028 in
2637 2989 2796 3044 parva
2834 2983 2991 3029 aetate
3028 2974 3360 3043 moriuntur,
3420 2974 3636 3034 lavacro

2057 3079 2164 3136 quo
2205 3073 2419 3134 peccata
2447 3064 2741 3130 diluuntur,
2770 3064 2954 3120 debuit
2974 3065 3278 3121 subvenire.

2126 3156 2354 3213 CAPUT
2382 3155 2522 3212 Xlll.
2551 3188 2622 3197 —-
2644 3156 2735 3213 25.
2765 3156 2918 3230 Quod
2947 3157 2991 3212 si
3020 3157 3240 3212 forsitan
3268 3156 3472 3225 dicunt,
3507 3172 3627 3228 pm-

2060 3248 2350 3304 nitentibus
2374 3258 2586 3319 peccata
2611 3249 2836 3315 dimitti;
2861 3258 2915 3304 et
2940 3248 3061 3305 ideo
3084 3249 3216 3305 istos
3242 3265 3346 3304 non
3380 3249 3638 3318 baptizari

2058 3340 2115 3397 in
2146 3341 2164 3374 ⁸
2194 3340 2408 3411 parvula
2432 3349 2589 3396 aetate
2609 3341 2900 3395 morientes
2927 3381 2943 3407 ,
2972 3340 3091 3410 quia
3115 3340 3349 3411 praesciti
3378 3349 3500 3395 sunt
3520 3354 3644 3410 pm-

2062 3431 2363 3498 nitentiam,
2419 3431 2465 3487 si
2508 3431 2769 3495 viverent,
2816 3446 2923 3486 non
2966 3432 3170 3498 acturi;
3211 3445 3306 3487 eos
3350 3439 3527 3487 autem
3554 3431 3646 3501 qui

2064 3526 2402 3597 baptizantur
2420 3565 2436 3591 ,
2464 3533 2520 3580 et
2548 3524 2761 3594 parvuli
2783 3522 2852 3580 de
2891 3522 3209 3594 corporibus
3230 3529 3445 3587 exeunt,
3477 3522 3644 3578 Deum

2064 3616 2343 3689 praescisse
2370 3623 2583 3669 acturos
2612 3613 2979 3684 paenitentiam
3026 3611 3188 3668 fuisse
3223 3652 3240 3679 ,
3284 3612 3329 3667 si
3364 3612 3648 3667 viverent:

2066 3707 2343 3764 attendant
2371 3716 2424 3762 et
2450 3705 2700 3770 videant,
2732 3705 2777 3761 si
2804 3704 2877 3760 ita
2905 3713 3020 3771 est,
3049 3719 3155 3759 non
3190 3703 3301 3776 jam
3333 3704 3385 3759 in
3416 3703 3650 3774 parvulis

2068 3803 2184 3859 sine
2202 3800 2531 3871 Baptismate
2550 3797 2905 3854 morientibus
2931 3804 3147 3868 peccata
3174 3795 3452 3868 originalia
3476 3794 3653 3853 vindi-

2068 3893 2199 3960 cari,
2240 3890 2333 3948 sed
2381 3905 2477 3945 sua
2509 3890 2766 3961 cujusque
2816 3882 2990 3944 futura
3026 3888 3070 3943 si
3112 3887 3316 3944 viveret
3360 3905 3373 3943 :
3417 3887 3653 3958 itemque

2070 3983 2353 4056 baptizatis
2380 3997 2485 4037 non
2514 3980 2792 4053 originalia
2818 3978 2967 4046 dilui,
3002 3979 3095 4035 sed
3123 3995 3217 4034 sua
3244 3978 3416 4035 futura
3443 3979 3489 4035 si
3509 3980 3652 4035 vive.-

2071 4084 2231 4141 rent;
2260 4074 2511 4146 quoniam
2536 4086 2642 4128 non
2675 4081 2893 4143 possent
2913 4071 3013 4126 nisi
3041 4070 3095 4125 in
3122 4070 3324 4142 majore
3351 4078 3508 4126 mtate
3532 4085 3659 4144 pece-

2073 4182 2199 4223 care
2223 4169 2244 4198 '
2266 4184 2279 4220 :
2300 4165 2393 4221 sed
2420 4165 2555 4220 alios
2583 4172 2796 4220 acturos
2814 4162 3205 4235 paenitentiam,
3225 4162 3357 4223 alios
3386 4178 3490 4221 non
3510 4170 3661 4241 actus

2076 4274 2166 4314 ros
2193 4257 2361 4312 fuisse
2404 4257 2693 4327 prmvisos;
2726 4254 2847 4312 ideo
2871 4255 3005 4309 alios
3032 4254 3349 4325 baptizatos,
3380 4253 3514 4308 alios
3541 4255 3666 4312 sine.

2079 4352 2340 4422 baptismo
2368 4351 2542 4407 exisse
2586 4349 2653 4405 de
2676 4349 2772 4404 hac
2808 4349 2931 4404 vita.
2965 4348 3077 4404 lloc
3102 4349 3148 4404 si
3174 4348 3433 4403 auderent
3464 4348 3485 4380 ³
3504 4347 3658 4403 Pela-

2077 4443 2240 4514 giani,
2260 4457 2363 4497 non
2375 4443 2484 4512 jam
2511 4440 2810 4496 laborarent
2838 4440 3077 4510 negando
3094 4439 3348 4510 originale
3364 4449 3658 4508 peccatum,

2081 4550 2321 4606 qurerere
2358 4532 2590 4605 parvulis
2611 4541 2758 4588 extra
2788 4546 3008 4602 regnum
3057 4530 3149 4588 Dei
3177 4531 3357 4590 nescio
3373 4530 3525 4601 cujus
3554 4547 3665 4588 sua:

2082 4626 2347 4685 ieiicitatis
2396 4625 2570 4680 locum
2600 4640 2613 4677 :
2646 4624 2877 4682 maxime
2906 4622 3118 4694 quando
3143 4622 3532 4678 convincuntur
3560 4639 3665 4679 non

2085 4734 2176 4777 eos
2196 4717 2391 4773 habere
2409 4731 2568 4788 posse
2587 4716 2746 4771 vitam
2764 4713 3171 4786 :cternam,quia
3190 4730 3292 4769 non
3312 4714 3568 4769 manduca
3577 4729 3669 4770 ve-

2086 4821 2211 4869 runt
2236 4825 2450 4868 carnem
2476 4825 2575 4865 nec
2603 4807 2849 4864 biberunt
2877 4808 3186 4877 sanguinem
3225 4805 3441 4865 Christi.
3469 4804 3667 4877 (Joan.

2086 4920 2162 4970 vt,
2185 4903 2275 4975 54)
2298 4918 2312 4969 ;
2337 4910 2390 4956 et
2416 4902 2537 4972 quia
2556 4900 2611 4955 in
2636 4901 2737 4967 eis,
2770 4898 3287 4970 quinullumhabcnt
3306 4898 3524 4971 omninp
3546 4913 3671 4968 pec-

2088 5006 2285 5061 catum,
2320 4995 2482 5050 falsus
2518 5002 2600 5049 est
2620 4993 2921 5063 Baptismus
2954 4992 3046 5063 qui
3080 4992 3131 5047 in
3170 4992 3535 5051 remissionem
3564 5001 3674 5045 tra-

2089 5088 2231 5145 ditur
2295 5097 2651 5158 peccatorum.
2708 5084 2956 5140 Dicerent
2992 5084 3133 5162 enim
3188 5098 3406 5155 prorsus
3466 5083 3670 5138 nullum

2090 5196 2209 5237 esse
2234 5179 2491 5251 originale
2510 5185 2804 5248 peccatum,
2837 5175 2930 5230 sed
2956 5189 3051 5244 pro
3074 5174 3185 5229 suis
3206 5173 3415 5239 futuris,
3450 5174 3495 5228 si
3516 5174 3671 5228 vive-

2093 5282 2232 5341 rent,
2262 5272 2467 5328 meritis
2486 5271 2569 5327 vel
2597 5268 2853 5341 baptizari
2867 5267 2948 5324 vel
2972 5282 3076 5323 non
3089 5267 3343 5341 baptizari
3370 5281 3463 5322 eos
3492 5264 3580 5335 qui
3606 5264 3673 5320 de

2093 5380 2317 5437 corpore
2338 5367 2617 5421 solvuntur
2638 5361 2901 5427 infantes;
2925 5368 2979 5415 et
3006 5373 3103 5430 pro
3121 5358 3234 5413 suis
3260 5357 3447 5414 futuris
3468 5355 3674 5411 meritis

2160 5542 2177 5572 ι
2202 5538 2520 5599 Manuscripti,
2538 5534 2777 5602 baptizari
2798 5532 3000 5599 parvula
3020 5539 3159 5602 mtate
3179 5533 3412 5601 patuisse,
3436 5529 3504 5582 in.

2161 5604 2183 5637 ι
2216 5608 2322 5663 uss.
2344 5635 2360 5660 ,
2405 5595 2630 5663 quoniam
2674 5610 2776 5663 non
2799 5595 2976 5663 '_posset
3037 5595 3132 5663 nisi
3192 5595 3245 5663 in
3286 5595 3470 5663 ntry'ore
3489 5654 3508 5663 Α
3533 5595 3675 5663 (etate

2099 5661 2307 5727 peccari.
2347 5653 2428 5710 'Et'
2444 5659 2561 5709 infra
2599 5659 2729 5727 loco,
2750 5653 2895 5727 finisse
2939 5654 3200 5727 pra’tisos;
3232 5653 3465 5727 babenﬁtt
3480 5654 3675 5727 fortasse

2101 5714 2344 5790 praises.
2364 5731 2463 5772 Non
2485 5723 2642 5790 omnia
2654 5714 2759 5790 :iti'c'
2780 5721 2895 5769 satis
2935 5714 3183 5790 comment
3207 5729 3218 5764 :
3246 5716 3356 5777 quia
3381 5714 3505 5766 forte
3529 5715 3674 5765 verba

2102 5781 2329 5839 nonnulla
2354 5798 2383 5832 e
2408 5784 2637 5845 margine
2647 5783 2954 5845 irrepserunt
2973 5781 3019 5828 in
3039 5785 3249 5845 textum.
3334 5800 3337 5801 ν

2168 5849 2189 5881 ³
2213 5856 2310 5896 Att).
2338 5853 2387 5896 et
2411 5837 2539 5907 En;
2540 5837 2797 5896 audierint.
2826 5849 2950 5900 Mm,
2985 5837 3226 5891 audirent.
