4102 6490
535 385 641 442 97‘)

535 513 634 556 eos
658 495 740 552 vel
770 492 1010 562 accipere
1037 486 1120 542 vel
1147 499 1254 542 non
1295 483 1540 553 accipere
1565 496 1762 552 corpus
1802 491 1858 537 et
1889 483 2108 553 sangui-

537 605 660 648 nem
683 584 902 649 Christi,
933 581 1048 636 sine
1071 592 1176 648 quo
1203 577 1362 632 vitam
1389 588 1611 646 prorsus
1637 573 1832 629 habere
1855 587 1958 628 non
1987 588 2111 645 pos-

535 687 698 738 sunt:
726 683 780 732 et
803 675 856 728 in
881 684 1060 726 veram
1082 668 1450 724 remissionem
1473 673 1810 737 peccatorum
1831 663 2110 734 baptizari,

535 765 776 842 quamvis
804 763 1005 820 nullum
1031 775 1098 816 ex
1122 759 1291 814 Adam
1322 758 1628 822 traherent;
1657 756 1908 827 quoniam
1925 755 2112 810 remit-

534 868 716 916 tuntur
739 855 818 912 eis
839 861 1053 924 peccata
1075 893 1091 917 ,
1119 849 1190 906 de
1221 849 1412 919 quibus
1437 848 1558 902 illos
1581 849 1722 904 Deus
1743 847 2109 918 pamitentiam

537 948 806 1021 pratscivit
831 955 1064 1002 acturos.
1093 943 1168 998 lta
1192 941 1438 996 facillime
1472 949 1693 1010 agerent
1713 948 1875 1009 atque
1893 939 2110 994 obtine-

532 1045 654 1094 rent
677 1051 894 1094 causam
921 1050 1070 1090 suam
1097 1073 1112 1098 ,
1143 1047 1244 1102 qua
1275 1039 1469 1102 negant
1495 1046 1616 1086 esse
1639 1030 1896 1100 originale
1929 1043 2114 1100 pecca-

533 1140 642 1186 tum
665 1171 682 1195 ,
707 1137 762 1184 et
786 1127 1008 1198 gratiam
1051 1125 1143 1180 Dei
1186 1139 1292 1178 non
1317 1123 1430 1178 dari
1468 1121 1576 1178 nisi
1596 1121 1888 1178 secundum
1925 1119 2113 1175 merita

537 1227 718 1275 nostra
751 1214 1107 1272 contendunt.
1139 1213 1246 1268 Sed
1287 1213 1408 1282 quia
1439 1211 1716 1266 hominum
1759 1209 1950 1275 futura,
1994 1223 2112 1278 quae

535 1324 642 1365 non
669 1317 793 1364 sunt
821 1305 994 1360 futura
1022 1343 1038 1368 ,
1072 1301 1254 1372 procul
1299 1300 1458 1356 dubio
1485 1299 1630 1354 nulla
1655 1307 1778 1353 sunt
1819 1297 2030 1361 merita,
2060 1306 2115 1352 et

535 1401 639 1456 hoc
667 1399 850 1454 videre
875 1394 1182 1450 facillimum
1202 1401 1284 1447 est
1309 1409 1322 1445 :
1345 1391 1463 1446 ideo
1491 1405 1590 1448 nec
1609 1389 1875 1460 Pelagiani
1907 1389 2010 1444 hoc
2037 1389 2109 1444 di-

535 1506 661 1548 cere
689 1495 1016 1560 potuerunt;
1047 1492 1103 1538 et
1140 1482 1306 1538 multo
1343 1481 1514 1551 magis
1552 1495 1649 1536 nec
1688 1480 1773 1534 isti
1805 1479 1986 1534 dicere
2013 1478 2114 1533 de-

535 1583 782 1639 buerunt.
815 1578 927 1632 Dici
955 1576 1095 1630 enim
1141 1589 1244 1628 non
1287 1581 1454 1642 potest
1483 1586 1640 1642 quam
1673 1570 1898 1624 moleste
1922 1569 2110 1636 feram,

534 1673 678 1746 quod
705 1671 953 1727 viderunt
973 1665 1242 1736 Pelagiani
1264 1680 1384 1720 esse
1401 1663 1740 1718 falsissimum
1765 1672 1820 1717 et
1841 1661 2116 1716 absurdis-

534 1768 750 1829 simum,
781 1764 882 1818 hoc
905 1775 1014 1816 non
1039 1757 1236 1812 vidisse
1265 1756 1418 1821 istos,
1445 1759 1534 1825 qui
1559 1755 1838 1808 uobiscum
1866 1768 2112 1808 errorem

539 1860 754 1914 illorum
797 1855 1170 1911 haereticorum
1211 1847 1472 1904 catholica
1517 1846 1836 1902 auctoritate
1863 1843 2116 1900 condem-

534 1961 684 2008 nant.

603 2038 826 2098 CAPUT
867 2036 1006 2092 XIV.
1025 2065 1096 2076 —
1121 2035 1212 2090 26.
1238 2031 1462 2102 Scripsit
1484 2030 1674 2086 librum
1703 2028 1770 2082 de
1799 2026 2116 2082 Mortalitate

531 2133 848 2206 Cyprianus,
875 2129 1055 2184 multis
1094 2143 1157 2182 ac
1181 2141 1318 2198 pene
1342 2123 1587 2180 omnibus
1611 2121 1702 2192 qui
1728 2119 2114 2175 ecclesiasticas

529 2225 737 2284 litteras
765 2228 965 2282 amant,
995 2217 1327 2273 laudabiliter
1354 2223 1539 2270 notum
1564 2229 1579 2267 :
1613 2212 1666 2266 in
1700 2226 1806 2280 quo
1836 2217 2115 2280 propterea

531 2313 663 2371 dicit
689 2327 794 2368 non
838 2311 1009 2365 solum
1048 2324 1152 2363 non
1183 2321 1304 2362 esse
1329 2303 1571 2360 ﬁdelibus
1597 2301 1836 2356 inutilem
1865 2307 2112 2362 mortem,

531 2421 716 2462 verum
743 2401 906 2458 etiam
940 2400 1124 2456 utilem
1155 2396 1403 2468 reperiri,
1435 2394 1683 2466 quoniam
1726 2391 1981 2464 peccandi
2017 2406 2115 2461 pe-

529 2497 716 2561 riculis,
743 2495 1012 2552 hominem
1057 2490 1340 2554 subtrahit,
1367 2488 1498 2544 etin
1542 2499 1648 2540 non
1677 2483 1933 2555 peccandi
1958 2499 2116 2538 secu-

532 2592 691 2646 ritate
718 2585 1016 2645 constituit.
1046 2584 1149 2640 Sed
1191 2581 1317 2654 quid
1363 2579 1600 2649 prodest,
1628 2577 1674 2632 si
1714 2577 1876 2632 etiam
1919 2576 2113 2638 futura,

531 2699 652 2753 qua:
695 2679 978 2736 commissa
1009 2691 1114 2731 non
1158 2680 1303 2740 sunt,
1333 2679 1550 2742 peccata
1598 2667 1924 2739 puniuntur?
1961 2665 2114 2736 Agit‘

532 2787 710 2830 tamen
739 2770 827 2826 ille
852 2767 1221 2840 copiosissime
1261 2774 1420 2836 atque
1446 2762 1664 2834 optime,
1695 2758 1946 2830 peccandi
1977 2756 2118 2827 peri-

530 2865 648 2920 cula
675 2877 775 2918 nec
798 2861 984 2916 deesse
1007 2859 1060 2914 in
1090 2857 1190 2914 ista
1218 2856 1348 2922 vita,
1371 2869 1472 2916 nec
1497 2866 1780 2922 superesse
1804 2856 1925 2920 post
1949 2847 2111 2902 illam.

533 2955 634 3012 Ubi
661 2964 717 3012 et
760 2953 888 3008 illud
933 2949 1296 3008 testimonium
1339 2946 1488 3017 ponit
1523 2944 1591 3000 de
1631 2943 1766 2998 libro
1803 2939 2112 3012 Sapientiae,

533 3047 734 3118 Raptus
765 3053 858 3108 est,
887 3060 950 3098 ne
986 3041 1182 3097 malitia
1217 3047 1432 3095 mutaret
1458 3035 1766 3091 intellectum
1803 3034 1930 3102 ejus.
1963 3030 2114 3101 Quod

533 3155 564 3192 a
618 3153 704 3192 me
747 3150 958 3206 quoque
1007 3131 1260 3202 positum,
1305 3127 1497 3183 fratres
1548 3127 1680 3180 istos
1727 3125 1816 3179 ita
1849 3123 2116 3192 respuisse

532 3227 764 3290 dixiStis,
797 3233 1046 3294 tanquam
1084 3237 1190 3276 non
1226 3220 1294 3276 de
1334 3219 1470 3274 libro
1493 3216 1752 3272 canonico
1781 3214 2111 3269 adhibitum:

533 3318 685 3388 quasi
713 3325 766 3371 et
795 3322 1014 3384 excepta
1044 3311 1202 3382 hujus
1230 3310 1347 3366 libri
1375 3309 1715 3364 attestatione
1751 3321 1838 3360 res
1864 3306 1975 3376 ipsa
2008 3319 2115 3360 non

535 3413 679 3469 clara
700 3410 788 3476 sit,
807 3422 964 3479 quam
997 3405 1293 3462 voluimus'
1324 3403 1450 3458 hinc
1470 3400 1667 3456 doceri.
1695 3398 1825 3466 Quis
1845 3398 1986 3453 enim
2014 3412 2114 3452 au-

535 3503 660 3558 deat
687 3515 882 3570 negare
909 3497 1248 3560 christianos,
1288 3493 1515 3564 justum,
1548 3492 1592 3546 si
1637 3498 1810 3544 morte
1843 3502 2114 3560 praeoccu-

535 3602 690 3664 patus
718 3589 896 3656 fuerit,
930 3590 982 3643 in
1025 3585 1299 3657 refrigerio
1337 3584 1570 3638 futurum
1601 3579 1756 3654 (Sap.
1785 3596 1858 3645 tv,
1897 3581 1985 3645 li,
2023 3579 2117 3650 7)?

535 3683 768 3752 Quilibet
805 3681 909 3736 hoc
933 3679 1146 3744 dixerit,
1174 3677 1292 3746 quis
1333 3674 1494 3730 homo
1527 3688 1670 3728 sanae
1700 3671 1830 3771 .ﬁdei
1859 3672 2114 3771 resisten-

537 3775 664 3830 dum
688 3770 924 3844 putabit?
951 3771 1079 3826 item
1107 3769 1150 3823 si
1181 3767 1396 3832 dixerit,
1415 3765 1638 3836 justum,
1669 3763 1714 3818 si
1741 3778 1772 3816 a
1799 3777 1892 3816 sua
1913 3761 2116 3832 justitia

536 3863 839 3932 recesserit,
863 3863 918 3918 in
952 3877 1054 3933 qua
1088 3860 1176 3914 diu
1207 3859 1358 3923 vixit,
1396 3866 1450 3912 et
1485 3856 1538 3910 in
1573 3871 1636 3910 ea
1662 3853 1821 3909 fuerit
1847 3852 2118 3922 impietate

537 3957 838 4020 defunctus,
866 3953 920 4008 in
950 3968 1073 4024 qua,
1097 3965 1202 4005 non
1245 3949 1366 4004 dico
1394 3961 1558 4002 unum
1584 3961 1803 4008 annum,
1835 3943 1928 3998 sed
1955 3958 2116 3998 unum

438 4064 440 4067 '
537 4051 676 4105 diem
700 4045 912 4111 vixerit,
946 4045 999 4100 in
1039 4058 1226 4114 poenas
1249 4041 1445 4110 iniquis
1481 4038 1688 4094 debitas
1727 4037 1852 4094 hinc
1897 4037 2116 4102 iturum,

537 4141 669 4196 nihil
713 4139 814 4194 sibi
861 4152 957 4192 sua
1003 4133 1275 4208 praeterita
1315 4131 1518 4202 justitia
1563 4127 1838 4199 profutura
1888 4125 2115 4197 (Ezeclt.

537 4249 692 4298 xvnt,
722 4231 815 4302 24)
839 4248 852 4284 :
877 4229 1003 4284 huic
1027 4225 1322 4297 perspicuae
1345 4221 1557 4278 veritati
1587 4221 1704 4291 quis
1737 4218 1974 4274 ﬁdelium
1993 4233 2122 4273 con-

539 4321 814 4380 tradicct?
857 4320 1042 4382 Porro,
1071 4317 1114 4371 si
1145 4324 1414 4386 quaeratur
1454 4327 1484 4365 a
1523 4311 1677 4366 nobis
1719 4318 1894 4364 utrum
1921 4309 1964 4364 si
1994 4319 2121 4363 tunc

541 4423 688 4472 esset
728 4423 992 4477 mortuus,
1020 4407 1231 4480 quando
1258 4415 1374 4462 erat
1397 4405 1594 4476 justus,
1623 4419 1809 4474 ptenas
1846 4411 1990 4458 esset
2036 4403 2121 4456 in-

540 4516 818 4571 venturus,
854 4519 924 4558 an
967 4501 1237 4571 requiem;
1294 4495 1552 4568 numquid
1602 4496 1840 4568 requiem
1893 4509 2118 4564 respon-

539 4601 669 4658 dere
692 4593 1092 4654 dubitabimus?
1135 4592 1261 4648 Haec
1304 4599 1388 4646 est
1432 4598 1539 4645 tota
1581 4603 1740 4643 causa
1784 4602 1880 4642 cur
1922 4587 2120 4640 dictum

541 4701 646 4759 est,
675 4665 1068 4761 a‘quocumque
1103 4685 1173 4740 sit
1207 4683 1428 4748 dictum,
1456 4679 1656 4751 Raptus
1696 4686 1789 4746 est,
1831 4694 1893 4732 ne
1927 4677 2122 4730 malitia

543 4790 758 4836 mutaret
783 4778 1087 4833 intellectum
1120 4775 1248 4846 ejus.
1286 4773 1492 4828 Dictum
1533 4779 1616 4827 est
1642 4769 1786 4826 enim
1830 4767 2120 4824 secundum

542 4871 780 4946 pericula
799 4869 924 4924 vitae
948 4866 1122 4937 hujus,
1143 4881 1250 4920 non
1275 4863 1566 4920 secundum
1594 4857 1981 4932 prtescientiam
2007 4859 2120 4926 Dei,

541 4967 633 5038 qui
663 4965 766 5020 hoc
790 4959 1058 5034 praescivit
1077 4958 1218 5030 quod
1245 4958 1480 5014 futurum
1509 4964 1645 5024 erat,
1668 4970 1773 5010 non
1813 4953 1954 5025 quod
1983 4951 2125 5006 futu-

541 5074 663 5114 rum
703 5072 809 5112 non
837 5065 954 5110 erat
985 5072 999 5110 :
1032 5052 1084 5108 id
1123 5060 1224 5116 est,
1270 5051 1412 5122 quod
1440 5049 1492 5105 ei
1519 5058 1746 5104 mortem
1785 5047 2122 5102 immaturam

542 5149 717 5206 fuerat
761 5147 1064 5218 largiturus,
1107 5152 1165 5198 ut
1205 5129 1566 5199 tentationum'
1606 5138 2008 5196 subtraheretur
2046 5137 2127 5191 in-

542 5249 726 5305 certo;
776 5253 882 5293 non
911 5235 1052 5308 quod
1083 5241 1396 5304 peccaturus
1433 5240 1596 5298 esset,
1625 5231 1711 5302 qui
1744 5245 2027 5286 mansurus
2070 5230 2124 5282 in

543 5329 840 5387 tentatione
871 5342 976 5382 non
1017 5333 1180 5380 esset.
1213 5323 1288 5378 De
1329 5322 1431 5379 hac
1471 5323 1668 5393 quippe
1697 5322 1804 5376 vita
1852 5321 2043 5393 legitur
2074 5319 2124 5374 in

543 5423 682 5479 libro
710 5423 840 5486 Job,
889 5419 1152 5490 Numquid
1181 5435 1282 5472 non
1312 5419 1517 5472 tentatio
1545 5425 1616 5470 est
1644 5417 1744 5470 vita
1773 5415 1995 5468 humana
2034 5429 2126 5467 su-

551 5533 640 5586 per
669 5525 855 5571 terram
895 5511 1015 5582 (Job
1053 5527 1148 5574 vn,
1195 5509 1246 5576 l,
1290 5525 1390 5563 sec.
1423 5506 1636 5578 LXX)?
1683 5505 1788 5562 Sed
1815 5519 1982 5576 quare
2009 5503 2126 5558 aliis

547 5605 894 5672 concedatur,
919 5611 978 5659 ut
1001 5617 1064 5658 ex
1097 5601 1256 5672 hujus
1282 5600 1404 5656 vitae
1431 5599 1678 5670 periculis
1703 5597 1828 5653 dum
1851 5595 1978 5666 justi
2003 5603 2128 5649 sunt

617 5804 724 5852 ἐκ
748 5811 848 5852 Mss.
877 5809 938 5864 At
949 5801 1084 5860 editi,
1108 5799 1195 5864 ait.
1568 5856 1578 5864 _
1620 5855 1630 5864 ,

617 5864 638 5894 ι
669 5865 784 5914 Editi
803 5900 818 5924 ,
867 5856 1097 5914 minutus.
1134 5861 1318 5924 Aliquot
1343 5865 1470 5920 Mss,
1505 5856 1737 5910 voluimus

1754 370 1812 426 S.
1854 370 2218 428 AUGUSTINI
2249 371 2546 430 EPISCOPI

3699 382 3798 440 980

2215 483 2554 550 auferantur;
2595 485 2685 540 alii
2730 500 2858 542 vero
2891 487 3020 557 justi
3051 488 3222 546 donec
3267 505 3296 545 a
3337 492 3542 561 justitia
3587 496 3796 562 cadant,

2216 572 2270 628 in
2297 573 2500 630 eisdem
2530 576 2782 646 periculis
2809 579 2917 632 vita
2957 579 3296 648 productiore
3323 590 3640 650 teneantur;
3681 589 3798 656 quis

2215 664 2465 734 cognovit
2505 680 2721 720 sensum
2765 667 2976 722 Domini
3005 667 3182 742 (Rom.
3227 686 3302 738 xl,
3335 672 3466 742 34)?
3513 673 3582 728 Et
3621 683 3799 731 tamen

2216 752 2342 807 hinc
2379 753 2603 824 intelligi
2633 755 2810 822 datur,
2841 759 3000 814 etiam
3034 759 3136 814 illis
3159 760 3320 831 justis
3343 764 3433 832 qui
3459 764 3629 820 bonos
3655 767 3800 836 pios-

2215 859 2319 916 que
2349 860 2528 900 mores
2559 863 2726 918 usque
2754 849 2821 903 ad
2858 853 3148 907 senectutis
3194 859 3552 910 maturitatem
3583 869 3638 912 et
3661 859 3802 916 diem

2216 938 2340 992 vitae
2367 937 2524 1008 hujus
2552 940 2796 995 ultimum
2827 954 3064 1012 servant,
3097 961 3201 1000 non
3231 947 3284 1001 in
3314 947 3424 1002 suis
3451 949 3678 1014 meritis,
3705 952 3801 1006 sed

2217 1029 2271 1084 in
2299 1030 2524 1085 Domino
2548 1046 2669 1088 esse
2693 1034 3029 1103 gloriandum
3063 1053 3077 1090 :
3120 1039 3372 1107 quoniam
3411 1041 3500 1110 qui
3529 1041 3650 1097 vitae
3679 1043 3804 1098 bre-

2214 1121 2378 1176 vitate
2403 1121 2580 1192 rapuit
2609 1121 2832 1193 justum,
2864 1141 2934 1182 ne
2971 1127 3173 1183 malitia
3203 1139 3434 1186 mutaret
3475 1131 3804 1189 intellectum

2215 1210 2351 1280 ejus,
2386 1213 2500 1283 ipse
2525 1213 2576 1267 in
2611 1223 3035 1288 quantacumque
3057 1220 3181 1274 vita:
3214 1220 3543 1291 longitudine
3571 1225 3805 1280 custodit

2210 1299 2433 1370 justum,
2465 1319 2532 1358 ne
2557 1306 2757 1361 malitia
2787 1317 2955 1364 mutet
2981 1309 3305 1366 intellectum
3332 1313 3466 1382 ejus.
3491 1313 3597 1368 Cur
3617 1324 3797 1370 autem

2219 1391 2304 1446 hic
2347 1395 2580 1470 tenuerit
2621 1410 2868 1452 casurum
2907 1399 3129 1468 justum,
3157 1417 3314 1471 quem
3353 1405 3664 1475 priusquam
3707 1422 3804 1461 ca-

2215 1481 2369 1537 deret
2419 1485 2541 1538 hine
2590 1495 2772 1555 posset
2819 1487 3048 1557 auferre,
3076 1493 3371 1559 justissima
3419 1495 3658 1563 omnino,
3707 1497 3802 1552 sed

2215 1573 2582 1629 inscrutabilia
2613 1587 2735 1631 sunt
2756 1578 2953 1646 judicia
2978 1581 3116 1650 ejus.

2290 1662 2380 1716 ‘27.
2420 1663 2551 1731 Quae
2579 1681 2699 1720 cum
2745 1669 2814 1721 ita
2845 1669 2971 1736 sint,
3001 1685 3107 1725 non
3146 1669 3330 1727 debuit
3371 1675 3640 1744 repudiari
3681 1691 3807 1732 sen-

2219 1754 2377 1807 tentia
2407 1755 2525 1809 libri
2555 1755 2862 1826 Sapientiae,
2887 1759 2978 1829 qui
3015 1762 3209 1816 meruit
3235 1764 3288 1817 in
3330 1764 3568 1821 Ecclesia
3601 1766 3806 1826 Christi

2217 1844 2284 1899 de
2311 1846 2477 1915 gradu
2505 1847 2764 1904 lectorum
2799 1851 3052 1908 Ecclesiae
3081 1852 3274 1909 Christi
3307 1863 3414 1910 tam
3445 1856 3599 1927 longa
3629 1875 3806 1916 anno-

2217 1935 2374 1990 sitate
2398 1937 2630 2005 recitari,
2650 1948 2703 1993 ct
2727 1941 2794 1994 ab
2817 1943 3062 1997 omnibus
3081 1942 3417 2014 Christianis,
3443 1948 3510 2003 ab
3529 1950 3797 2021 episcopis

2219 2041 2386 2096 usque
2423 2029 2490 2082 ad
2521 2042 2792 2087 extremos
2842 2033 3007 2090 laicos
3048 2036 3252 2102 ﬁdeles,
3287 2040 3623 2109 pmnitentes,
3651 2053 3805 2099 cate-

2215 2116 2532 2186 chumenos,
2565 2135 2687 2175 cum
2727 2126 3070 2181 veneratione
3099 2127 3291 2183 divina:
3335 2133 3666 2188 auctoritatis
3703 2148 3805 2189 au-

2217 2206 2340 2262 diri.
2367 2207 2528 2264 Certe
2572 2212 2714 2266 enim
2745 2212 2789 2267 si
2819 2213 2886 2268 de
2919 2214 3219 2272 divinarum
3249 2219 3640 2290 Scripturarum
3683 2231 3796 2280 tra-

2216 2301 2509 2356 ctatoribus
2537 2303 2628 2372 qui
2653 2303 2868 2360 fuerunt
2902 2317 3027 2362 ante
3054 2323 3170 2374 nos,
3204 2311 3498 2379 proferrem
3526 2313 3795 2370 defensio-

2217 2404 2338 2444 nem
2381 2391 2602 2461 hujusce
2631 2396 2930 2461 sententiae,
2959 2413 3119 2467 quam
3149 2415 3290 2455 nunc
3315 2401 3473 2457 solito
3501 2403 3806 2475 diligentius

2216 2487 2374 2550 atque
2399 2482 2670 2551 copiosius
2711 2493 2896 2541 contra
2943 2501 3140 2542 novum
3187 2489 3587 2560 Pelagianorum
3614 2493 3804 2549 defen-

2217 2569 2344 2624 dere
2373 2586 2622 2641 urgemur
2643 2589 2917 2641 errorem;
2965 2576 3067 2632 hoc
3092 2588 3192 2644 est,
3219 2581 3439 2650 gratiam
3471 2583 3562 2638 Dei
3592 2599 3698 2639 non
3719 2601 3806 2640 se-

2217 2660 2450 2716 cundum
2487 2662 2674 2718 merita
2707 2673 2887 2719 nostra
2916 2665 3054 2734 dari,
3081 2677 3134 2723 et
3161 2671 3325 2739 gratis
3345 2671 3459 2726 dari
3498 2674 3582 2728 cui
3609 2674 3800 2740 datur;

2216 2750 2338 2820 quia
2379 2767 2554 2822 neque
2585 2754 2833 2821 volentis,
2861 2771 3036 2826 neque
3063 2761 3349 2826 currentis,
3377 2763 3470 2818 sed
3501 2765 3804 2823 miserantis

2215 2849 2299 2896 est
2324 2841 2416 2896 Dei
2441 2859 2456 2908 ;
2493 2843 2640 2914 juSto
2673 2857 2854 2902 autem
2879 2847 3082 2917 judicio
3103 2867 3208 2905 non
3238 2854 3352 2908 dari
3381 2855 3592 2911 cuinon
3617 2858 3801 2922 datur.

2201 2931 2338 3001 'quia
2370 2948 2476 2988 non
2516 2943 2595 2989 est
2632 2937 2880 3006 iniquitas
2920 2941 3059 3011 apud
3095 2941 3264 2998 Deum
3294 2944 3406 3014 (Id.
3437 2963 3510 3015 ix,
3551 2949 3638 3016 16,
3671 2950 3798 3022 ωε

2215 3021 2263 3076 si
2301 3022 2458 3092 hujus
2497 3040 2623 3095 ergo
2664 3029 2942 3084 sententiae
2981 3030 3344 3089 defensionem
3395 3053 3458 3092 ex
3499 3021 3804 3096 divinorum

2216 3113 2550 3184 eloquiorum
2583 3133 2682 3172 nos
2726 3120 3152 3189 praecedentibus
3179 3126 3455 3185 catholicis
3495 3133 3802 3187 tractatori—

2217 3203 2319 3261 bus
2345 3221 2680 3276 promerem;
2727 3211 2966 3280 profecto
2995 3213 3050 3268 bi
3079 3215 3287 3284 fratres,
3320 3234 3414 3288 pro
3441 3222 3632 3290 quibus
3659 3237 3802 3279 nunc

2217 3298 2449 3367 agimus,
2475 3301 2879 3369 acquiescerent
2907 3322 2922 3359 :
2955 3305 3058 3361 hoc
3083 3307 3224 3362 enim
3254 3311 3586 3379 significastis
3607 3314 3800 3372 litteris

2215 3388 2428 3443 vestris.
2470 3389 2606 3457 Quid
2657 3391 2816 3462 igitur
2861 3409 2998 3464 opus
3041 3407 3124 3452 est
3169 3409 3226 3454 ut
3270 3415 3454 3456 eorum
3501 3413 3802 3462 scrutemur

2217 3480 2490 3548 Opuseula,
2517 3481 2608 3551 qui
2648 3483 2954 3554 priusquam
3001 3487 3099 3542 ista
3151 3489 3374 3546 haeresis
3415 3493 3664 3561 oriretur,
3693 3511 3800 3554 non

2218 3571 2519 3629 habuerunt
2547 3577 2926 3632 necessitatem
2951 3579 3006 3634 in
3041 3579 3141 3636 hac
3169 3581 3372 3638 difficili
3397 3585 3464 3640 ad
3491 3587 3801 3644 solvendum

2217 3663 2514 3732 quastione
2559 3666 2804 3721 versari?
2847 3667 2988 3738 quod
3028 3672 3213 3740 procul
3259 3673 3424 3730 dubio
3465 3675 3718 3746 facerent,
3751 3681 3796 3734 si

2219 3754 2547 3824 respondere
2589 3757 2781 3812 talibus
2827 3771 3159 3829 cogerentur.
3193 3762 3346 3820 Unde
3389 3765 3584 3823 factum
3631 3777 3713 3824 est
3741 3781 3800 3826 ut

2219 3844 2288 3900 de
2337 3847 2504 3916 gratia
2549 3848 2648 3902 Dei
2690 3849 2816 3919 quid
2859 3852 3155 3922 sentirent,
3203 3854 3440 3914 breviter
3487 3861 3808 3930 quibusdam.

2219 3935 2540 4006 scriptorum
2581 3952 2798 3994 suorum
2839 3941 2972 3997 locis
3004 3951 3060 3997 et
3087 3952 3426 4004 transeunter
3451 3953 3804 4023 attingerent:

2221 4028 2632 4084 immoraremur
2673 4046 2800 4086 vero
2841 4032 2895 4087 in
2937 4034 3016 4090 eis
3061 4051 3180 4104 quae
3227 4038 3482 4094 adversus
3529 4043 3806 4100 inimicos‘

2220 4119 2478 4174 Ecclesiae
2501 4120 2862 4191 disputabant,
2899 4133 2954 4178 et
2980 4124 3034 4180 in
3062 4125 3520 4187 exhortationibus
3545 4135 3612 4188 ad
3639 4151 3806 4204 quas-

2221 4223 2325 4278 que
2349 4209 2590 4274 virtutes,
2613 4210 2805 4279 quibus
2831 4212 2944 4268 Deo
2969 4213 3088 4268 vivo
3109 4225 3162 4270 et
3181 4231 3310 4272 vero
3339 4233 3436 4289 pro
3460 4221 3806 4291 adipiscenda

2213 4301 2328 4354 vita
2355 4309 2556 4356 aeterna
2585 4309 2640 4356 et
2663 4317 2788 4356 vera
2818 4300 3076 4360 felicitate
3121 4307 3370 4363 servitur.
3401 4310 3810 4382 Frequentatio—

2222 4392 2378 4448 nibus
2419 4399 2596 4446 autem
2650 4393 2976 4449 orationum
3003 4395 3320 4467 simpliciter
3371 4404 3664 4472 apparebat
3713 4407 3838 4464 Dei.

2221 4484 2388 4554 gratia
2415 4484 2542 4554 quid
2573 4485 2774 4541 valeret
2805 4503 2820 4540 :
2865 4501 2972 4542 non
3001 4490 3146 4544 enim
3179 4503 3528 4560 poscerentur
3557 4493 3624 4551 de
3660 4498 3805 4553 Deo'

2222 4591 2340 4646 qua:
2377 4576 2622 4646 prxucipit
2663 4574 2800 4644 ﬁeri,
2833 4577 2934 4632 nisi
2977 4579 3048 4632 ab
3075 4579 3170 4636 illo
3195 4580 3488 4638 donaretur
3513 4595 3569 4640 ut
3597 4585 3804 4642 ﬁerent.

2291 4667 2384 4722 ‘28.
2421 4665 2526 4721 Sed
2567 4667 2656 4738 qui
2683 4669 2963 4722 sententiis
2989 4678 3334 4726 tractatomm
3369 4673 3568 4730 instrui
3599 4676 3806 4744 volunt,

2223 4766 2436 4827 oportet
2463 4767 2522 4812 ut
2553 4756 2714 4812 istum
2741 4757 2936 4813 librutn
2980 4759 3288 4828 Sapientiae,
3319 4761 3409 4818 ubi
3453 4763 3662 4834 legitur,
3695 4767 3808 4820 lia-

2226 4858 2340 4920 ptus
2367 4857 2460 4912 est,
2499 4865 2562 4903 ne
2589 4849 2788 4902 malitia
2815 4858 3030 4905 mutaret
3055 4851 3366 4908 intellectum
3395 4856 3524 4925 ejus,
3563 4858 3812 4914 omnibus

2228 4940 2602 4996 tractaturibus
2625 4947 2951 5010 anteponant
2975 4957 2990 4993 :
3021 4943 3272 5012 quoniam
3301 4945 3402 5000 sibi
3431 4961 3552 5001 eum
3581 4956 3808 5019 antepo-

2227 5039 2447 5086 suerunt
2465 5029 2626 5084 etiam
2649 5029 2980 5098 temporibus
2999 5032 3232 5100 proximi
3253 5035 3633 5104 Apostolorum
3659 5053 3814 5108 egre-

2227 5124 2298 5195 gii
2327 5131 2660 5190 tractatores,
2681 5122 2776 5193 qui
2808 5137 2931 5180 eum
2971 5131 3163 5180 testem
3210 5126 3550 5195 adhibentes,
3579 5129 3713 5186 nihil
3749 5145 3814 5188 se

2228 5214 2481 5270 adhibere
2515 5214 2616 5269 nisi
2663 5213 2900 5268 divinum
2941 5215 3306 5272 testimonium
3347 5218 3711 5276 crediderunt.
3743 5220 3816 5277 Et

2229 5315 2375 5362 certe
2405 5305 2768 5360 beatissimum
2805 5305 3126 5376 Cyprianum
3157 5309 3457 5379 disputasse
3496 5321 3726 5382 constat,
3755 5325 3816 5369 ut

2229 5397 2504 5453 celerioris
2529 5396 2715 5450 mortis
2742 5395 3059 5452 beneficium
3087 5401 3508 5468 commendaret,
3549 5418 3584 5458 a
3619 5419 3813 5474 pecca-

2233 5497 2407 5542 torum
2447 5486 2695 5557 periculis
2722 5485 2857 5556 eripi
2895 5502 2991 5544 eos
3031 5489 3120 5560 qui
3161 5489 3299 5547 banc
3337 5491 3498 5546 vitam
3545 5491 3733 5548 ﬁniunt
3761 5495 3814 5548 in

2233 5593 2336 5649 qua
2365 5577 2572 5648 peccari
2611 5584 2806 5648 potest.
2843 5578 2900 5632 ln
2925 5579 3114 5635 eodem
3145 5581 3282 5638 libro
3311 5585 3386 5638 ait
3425 5583 3565 5638 inter
3583 5593 3774 5639 cmiera
3799 5603 3814 5637 :

2267 5735 2316 5842 ιιι
2341 5729 2732 5791 Editi,adversus
2753 5727 2872 5782 otios
2909 5730 3142 5786 inimicos.
3170 5738 3470 5801 Manuscripti
3493 5752 3588 5790 non
3614 5739 3816 5804 habent,

2283 5805 2370 5842 tos.

2237 5805 2370 5842 αιιοδ.

2219 5877 2224 5880 -
2299 5856 2320 5885 ³
2343 5856 2411 5902 sic
2426 5859 2528 5901 Mss.
2557 5853 2689 5902 Editi.
2717 5865 2748 5900 rt
2773 5859 2886 5902 Deo.
