4102 6490
559 354 661 410 985

560 480 774 542 propter
805 467 1179 537 suscipientem
1207 463 1534 535 unigenitum
1577 464 1743 519 Deum
1776 464 2037 520 veraciter
2073 473 2128 518 et

568 563 777 633 proprie
813 560 1116 622 diceretur;
1157 573 1224 612 ne
1261 572 1366 612 non
1393 555 1621 622 trinitas,
1664 557 1759 612 sed
1800 558 2129 627 quaternitas

555 654 879 709 crederetur.
931 648 1313 705 Przedestinata
1358 657 1443 705 est
1495 649 1593 703 ista
1638 659 1842 704 natura:
1883 650 2132 704 humana:

557 753 697 798 tanta
725 749 779 797 et
804 751 907 795 tam
932 740 1069 795 celsa
1098 752 1150 792 et
1174 755 1378 794 summa
1401 740 1696 803 subvectio,
1721 748 1779 793 ut
1798 754 1902 809 quo
1927 738 2134 794 attolle-

534 810 699 890 retur
716 834 896 900 altius,
920 847 1028 888 non
1057 832 1275 886 haberet
1305 849 1318 884 :
1347 831 1485 885 sicut
1512 847 1607 900 pro
1631 831 1780 886 nobis
1808 832 1919 899 ipsa
1942 829 2128 884 divini-

556 936 632 979 tas
670 939 778 994 quo
815 938 983 994 usque
1022 937 1081 978 se
1119 922 1412 991 deponeret
1445 919 1715 984 humilius,
1761 935 1864 975 non
1907 918 2127 985 habuit,

549 1030 706 1085 quam
733 1023 979 1083 suscepta
1004 1022 1189 1067 natura
1216 1011 1445 1067 hominis
1473 1026 1593 1065 cum
1622 1012 1924 1065 inﬁrmitate
1951 1008 2129 1065 carnis

550 1122 718 1176 usque
756 1106 824 1160 ad
871 1114 1096 1161 mortem
1126 1106 1322 1160 crucis.
1366 1103 1513 1159 Sicut
1552 1118 1679 1172 ergo
1717 1102 2128 1171 prcedestinatus

554 1205 637 1251 est
659 1196 749 1251 ille
778 1211 935 1262 unus,
966 1205 1023 1250 nt
1044 1203 1205 1264 caput
1231 1204 1470 1249 nostrum
1499 1200 1643 1246 esset
1672 1211 1685 1245 :
1712 1192 1784 1245 ita
1812 1191 1960 1245 multi
1993 1206 2129 1260 pra:-

546 1286 797 1342 destinati
834 1299 1040 1351 sumus,
1085 1294 1140 1338 ut
1179 1283 1413 1339 membra
1441 1281 1555 1351 ejus
1598 1295 1857 1336 essemus.
1886 1280 2125 1334 Humana

549 1380 635 1435 hic
661 1380 848 1435 merita
882 1377 1264 1441 conticescant,
1308 1389 1425 1445 quae
1463 1373 1739 1444 perierunt
1778 1387 1874 1442 per
1908 1371 2075 1425 Adam
2107 1390 2121 1426 :

547 1482 603 1529 et
629 1481 815 1544 regnet
839 1487 958 1542 qua:
983 1478 1170 1541 regnat
1196 1469 1286 1523 Dei
1313 1467 1482 1537 gratia
1512 1481 1609 1536 per
1631 1464 1812 1520 Iesum
1850 1464 2122 1518 Christum

547 1564 827 1619 Dominum
855 1568 1119 1625 nostrum,
1150 1572 1362 1613 unicum
1388 1557 1480 1611 Dei
1512 1555 1725 1622 Filium,
1759 1569 1920 1609 unum
1948 1554 2127 1608 Domi-

547 1656 742 1710 num".
771 1652 1021 1723 Quisquis
1048 1652 1099 1706 in
1126 1650 1299 1719 capite
1329 1659 1513 1703 nostro
1551 1647 1907 1718 praecedentia
1939 1646 2123 1702 merita

547 1746 830 1816 singularis
860 1744 1003 1799 illius
1032 1742 1395 1814 generationis
1428 1740 1719 1805 invenerit,
1747 1739 1861 1807 ipse
1890 1739 1943 1793 in
1970 1737 2126 1792 nobis

543 1839 798 1894 membris
822 1837 938 1907 ejus
960 1835 1313 1906 prmcedentia
1351 1833 1540 1888 merita
1568 1831 1927 1900 multiplicata:
1968 1844 2124 1900 rege-

543 1930 833 1986 nerationis
858 1928 1107 1998 inquirat.
1140 1926 1322 1996 Neque
1346 1926 1487 1980 enim
1514 1923 1770 1979 retributa
1800 1932 1883 1978 est
1910 1922 2125 1977 Christo

543 2021 634 2076 illa
664 2019 958 2090 generatio,
986 2017 1080 2073 sed
1108 2017 1322 2083 tributa,
1353 2024 1407 2069 ut
1433 2014 1637 2069 alienus
1659 2014 1727 2068 ab
1750 2013 1895 2068 omni
1926 2010 2126 2082 obliga-

542 2112 685 2166 tione
712 2110 945 2180 peccati,
987 2109 1056 2164 de
1090 2108 1291 2177 Spiritu
1329 2115 1383 2161 et
1409 2106 1626 2176 Virgine
1665 2116 1993 2160 nasceretur.
2036 2104 2124 2160 Sic

538 2211 595 2256 et
625 2199 775 2255 nobis
803 2209 863 2255 ut
889 2214 956 2254 ex
980 2214 1115 2269 aqua
1142 2206 1196 2252 et
1225 2197 1427 2267 Spiritu
1452 2210 1879 2262 renasceremur,
1908 2208 2015 2249 non
2045 2209 2125 2251 reo

541 2293 795 2349 tributum
823 2300 906 2348 est
936 2306 1032 2362 pro
1056 2291 1234 2361 aliquo
1262 2292 1475 2355 merito,
1503 2289 1599 2344 sed
1622 2289 1788 2360 gratis
1814 2289 2067 2343 tributum
2102 2305 2116 2343 :

537 2392 594 2439 et
620 2383 665 2439 si
695 2396 794 2438 nos
820 2382 885 2437 ad
913 2383 1179 2436 lavacrum
1205 2380 1623 2451 regenerationis
1649 2377 1782 2434 ﬁdes
1809 2378 1979 2445 duxit,
2010 2393 2119 2434 non

536 2476 658 2531 ideo
685 2484 873 2547 putare
900 2474 1176 2541 debemus,
1209 2475 1411 2544 priores
1432 2486 1530 2527 nos
1574 2470 1787 2526 dedisse
1811 2470 2031 2542 aliquid,
2062 2479 2121 2526 ut

535 2567 920 2621 retribueretnr
948 2553 1102 2619 nobis
1126 2564 1460 2634 regeneratio
1485 2562 1766 2625 salutaris;
1799 2561 1888 2616 ille
1923 2562 2117 2631 quippe

538 2673 636 2713 nos
662 2657 788 2713 fecit
810 2657 1029 2713 credere
1050 2657 1101 2711 in
1121 2653 1410 2716 Christum,
1439 2654 1530 2724 qui
1552 2654 1704 2709 nobis
1728 2654 1854 2709 fecit
1880 2654 1933 2708 in
1959 2669 2114 2724 quem

536 2747 807 2802 credimus
846 2744 1154 2811 Christum;
1194 2745 1284 2800 ille
1324 2744 1449 2798 facit
1490 2746 1542 2798 in
1573 2742 1877 2798 hominibus
1913 2744 2115 2813 princi-

533 2838 681 2906 pium
710 2836 830 2892 ﬁdei
855 2845 908 2891 et
932 2835 1313 2906 perfectionem
1347 2836 1397 2889 in
1428 2834 1632 2899 Iesum,
1663 2835 1751 2902 qui
1782 2834 1905 2889 fecit
1935 2832 2123 2888 homi-~

534 2940 654 2981 nem
682 2927 976 2996 principem
1004 2924 1210 2994 ﬁdeiet
1234 2924 1587 2995 perfectorem
1617 2924 1799 2980 Iesum
1831 2943 1844 2979 :
1869 2924 1946 2979 sic
1971 2925 2114 2979 enim

532 3024 616 3072 est
643 3016 962 3087 appellatus,
1009 3025 1066 3072 ut
1101 3017 1273 3084 scitis,
1313 3016 1365 3070 in
1392 3015 1633 3087 Epistola
1660 3030 1779 3086 qua:
1803 3024 1887 3071 est
1915 3016 1981 3071 ad
2012 3016 2115 3072 lle-

529 3107 705 3161 brazos
730 3105 912 3179 (Hebr.
941 3122 1045 3172 χιι,
1075 3106 1160 3178 2).

601 3195 826 3252 CAPUT
864 3195 1002 3252 XVI.
1030 3226 1108 3237 —
1140 3194 1231 3251 32.
1276 3194 1442 3251 Vocat
1482 3195 1624 3250 enim
1662 3195 1803 3252 Deus
1840 3195 2143 3267 praedesti-v

529 3294 684 3341 natos
713 3287 909 3341 multos
936 3286 1076 3342 ﬁlios
1110 3300 1237 3342 suos
1257 3328 1272 3354 ,
1305 3295 1364 3341 ut
1393 3301 1486 3342 eos
1516 3286 1673 3341 faciat
1700 3289 1939 3344 membra
1963 3304 2107 3359 pra:-

528 3376 782 3433 destinati
812 3378 957 3433 unici
982 3377 1103 3433 Filii
1134 3378 1238 3444 sui,
1270 3392 1376 3434 non
1412 3394 1475 3434 ea
1502 3380 1783 3435 vocatione
1806 3396 1907 3450 qua
1933 3382 2110 3437 vocati

428 3468 431 3471 ’
529 3477 653 3522 sunt
685 3476 742 3523 et
765 3469 856 3539 qui
885 3468 1173 3524 noluerunt
1209 3471 1393 3524 venire
1430 3469 1496 3524 ad
1529 3471 1741 3539 nuptias
1783 3470 1936 3543 (Luc.
1985 3487 2106 3539 xlv,

531 3557 748 3630 lii-20);
787 3560 875 3615 illa
915 3559 1111 3633 quippe
1148 3560 1427 3617 vocatione
1459 3569 1515 3616 et
1544 3561 1716 3617 Iudmi
1742 3563 1911 3618 vocati
1950 3573 2106 3632 sunt,

528 3650 721 3720 quibus
739 3650 984 3706 Christus
1003 3651 1289 3709 cruciﬁxus
1313 3651 1621 3707 scandalum
1643 3661 1759 3719 est;
1784 3663 1841 3710 et
1869 3654 2068 3711 Gentes
2086 3695 2103 3723 ,

529 3743 720 3813 quibus
746 3742 1033 3801 cruciﬁxus
1056 3744 1279 3801 stultitia
1303 3756 1388 3800 est
1418 3762 1432 3800 :
1462 3744 1559 3801 sed
1581 3759 1644 3802 ea
1670 3746 1949 3803 vocatione
1972 3762 2108 3817 pm-

530 3833 827 3890 destinatos
851 3843 1028 3900 vocat,
1063 3850 1222 3907 quam
1249 3834 1492 3891 distinxit
1528 3836 1849 3906 Apostolus,
1882 3836 2101 3906 dicens,

524 3925 658 3994 ipsis
692 3927 895 3981 vocatis
921 3926 1121 3982 Iudaeis
1146 3933 1201 3982 et
1226 3925 1429 3983 Graecis
1447 3926 1740 3998 praedicare
1758 3942 1818 3983 se
1834 3925 2104 3986 Christum

525 4016 621 4072 Dei
648 4017 896 4073 virtutem
924 4026 978 4073 et
1014 4018 1109 4073 Dei
1150 4018 1497 4088 sapientiam.
1528 4018 1618 4073 Sic
1651 4019 1794 4073 enim
1832 4019 1935 4086 ait,
1966 4018 2105 4091 Ipsis

521 4116 689 4163 autem
712 4111 902 4165 vocatis
934 4109 978 4183 (l
1004 4109 1122 4165 Cor.
1161 4125 1215 4177 ι,
1245 4109 1337 4178 25,
1364 4108 1499 4175 24);
1543 4118 1603 4164 ut
1641 4110 1761 4166 illos
1797 4112 2105 4170 ostenderet

520 4213 627 4253 non
654 4210 872 4254 vocatos
904 4217 917 4254 :
946 4200 1123 4255 sciens
1150 4215 1270 4255 esse
1308 4199 1592 4271 quamdam
1625 4210 1826 4256 certam
1864 4204 2102 4260 vocatio-

521 4304 644 4343 nem
674 4304 861 4344 eorum
903 4291 993 4361 qui
1030 4290 1322 4346 secundum
1370 4296 1699 4361 propositum
1728 4296 1898 4350 vocati
1941 4306 2098 4365 sunt,

517 4393 654 4449 quos
679 4389 803 4436 ante
843 4381 1106 4451 prmscivit
1140 4391 1194 4436 et
1222 4381 1617 4452 praedestinavit
1638 4384 1939 4442 conformes
1964 4386 2101 4443 ima-

515 4470 656 4540 ginis
683 4469 802 4527 Filii
827 4471 908 4526 sui
939 4470 1111 4540 (Rom.
1142 4486 1256 4538 vni,
1286 4471 1419 4527 28et
1432 4470 1545 4543 29).
1576 4472 1743 4540 Quam
1769 4466 2099 4533 vocationem

515 4561 823 4632 signiﬁcans
842 4602 857 4628 ,
891 4562 965 4617 ait
995 4578 1009 4615 :
1046 4560 1166 4615 Non
1194 4577 1257 4617 ea:
1285 4563 1547 4634 operibus,
1587 4564 1676 4618 sed
1701 4580 1765 4620 ea:
1789 4576 1994 4621 vocante
2018 4568 2100 4621 di-

517 4662 652 4705 ctum
680 4661 750 4707 est
774 4653 838 4719 ei,
875 4652 1007 4720 Quia
1036 4652 1201 4723 major
1227 4654 1402 4732 serviet
1428 4655 1612 4710 minori
1631 4654 1743 4722 (Id.
1767 4672 1840 4725 lx,
1866 4657 1951 4724 l2,
1982 4657 2095 4732 15).

517 4741 782 4812 Numquid
809 4741 983 4809 dixit,
1024 4742 1139 4796 Non
1167 4758 1233 4798 ex
1261 4728 1539 4813 operibus,
1579 4745 1676 4801 sed
1706 4762 1769 4802 ex
1800 4728 2097 4806 credente?

516 4831 753 4886 Prorsus‘
782 4831 941 4886 etiam
971 4830 1075 4886 hoc
1112 4831 1326 4886 abstulit
1366 4831 1567 4889 homini
1590 4875 1606 4901 ,
1643 4843 1702 4890 ut
1741 4844 1906 4891 totum
1945 4838 2097 4895 daret

520 4922 651 4978 Deo.
680 4921 822 4975 Dixit
846 4936 994 4992 ergo,
1024 4921 1113 4976 sed
1134 4938 1197 4975 ex
1222 4932 1429 4978 vocante
1458 4941 1478 4978 :
1506 4941 1610 4980 non
1634 4941 1969 4998 quacumque
1997 4945 2094 4984 vo-

513 5012 744 5078 catione,
775 5011 870 5067 sed
898 5026 1000 5082 qua
1025 5013 1301 5069 vocatione
1329 5013 1389 5068 ﬁt
1413 5015 1655 5072 credens.

585 5103 676 5160 55.
708 5103 855 5159 Hanc
878 5104 1182 5160 intuebatur
1204 5105 1387 5173 etiam,
1419 5121 1541 5163 cum
1567 5107 1771 5166 diceret
1798 5126 1813 5162 :
1844 5110 1970 5167 Sine
1997 5102 2094 5183 pat-

514 5196 725 5251 nitentia
751 5204 867 5250 sunt
890 5196 1025 5251 dona
1049 5205 1097 5252 et
1122 5199 1318 5252 vacatio
1343 5197 1456 5254 Dei.
1483 5199 1616 5256 Nam
1645 5211 1699 5256 et
1724 5202 1794 5260 ibi
1820 5204 1946 5275 quid
1971 5219 2095 5275 age-

515 5288 670 5344 batur
698 5288 965 5360 paulisper
1004 5289 1287 5347 advertite.
1321 5290 1453 5347 Cum
1481 5294 1624 5349 enim
1653 5294 1909 5364 dixisset,
1952 5296 2092 5353 Nolo

511 5381 647 5436 enim
666 5396 752 5437 vos
777 5382 1031 5454 ignorare,
1059 5370 1265 5455 fratres,
1294 5395 1665 5441 sacramentum
1689 5388 1801 5454 hoc,
1826 5398 1882 5442 ut
1910 5405 2010 5445 non
2031 5391 2093 5445 si-

511 5471 574 5523 tis
599 5473 735 5528 vobis
763 5473 1013 5545 sapientes
1039 5489 1058 5529 :
1084 5474 1204 5544 quia
1227 5474 1423 5530 ctecitas
1446 5492 1511 5532 ea:
1540 5487 1683 5548 parte
1707 5476 1875 5534 Israel
1901 5482 1921 5512 ³
1949 5482 2087 5550 facta

500 5599 882 5711 ηοὲῧῗςηιοωηθε
899 5610 1003 5654 Mss.
1030 5611 1086 5655 At
1107 5603 1242 5667 editi,
1266 5604 1462 5657 salicum
1496 5606 1587 5659 Dei
1615 5606 1811 5671 Filium,
1837 5612 2092 5663 Dominum

603 5674 733 5709 rum.

568 5720 751 5800 '_Etliti,
776 5725 827 5800 in
847 5726 1018 5800 Israel.
1059 5731 1220 5794 Abest,
1254 5731 1323 5794 in,
1355 5745 1383 5781 a
1418 5733 1754 5796 manuscriptis
1792 5743 1844 5788 et
1869 5747 1897 5786 a
1931 5749 2090 5800 grzeoo

501 5794 646 5836 scxtu
672 5787 896 5850 apostoli.

1791 349 1848 406 S.
1891 349 2255 407 AUGUSTINI
2294 350 2597 413 EPISCOPI

2243 475 2336 530 est,
2358 468 2517 523 donec
2537 471 2793 539 plenitudo
2813 476 3032 545 gentium
3052 475 3204 533 intrat
3217 489 3281 549 et,
3306 490 3353 538 et
3375 484 3448 538 sic
3468 486 3633 542 omnis
3657 488 3827 545 Israel

2238 558 2406 613 salvus
2431 563 2605 630 ﬁeret;
2632 564 2762 619 sicut
2784 568 3025 639 scriptum
3045 578 3135 636 est,
3179 571 3349 628 Veniet
3373 591 3437 630 ea:
3461 577 3590 632 Sion
3611 581 3700 651 qui
3726 583 3827 636 cri-

2238 650 2363 719 piat,
2394 660 2442 706 et
2466 664 2657 708 avertat
2683 657 2988 728 impietatem
3017 661 3079 715 ab
3104 661 3266 719 Iacob
3287 708 3301 733 ,
3330 676 3376 722 et
3407 669 3501 723 hoc
3528 671 3633 726 illis
3669 691 3703 726 a
3737 691 3823 729 me

2238 748 2606 808 testamentum,
2631 761 2745 798 cum
2768 747 3020 804 abstulero
3041 764 3242 821 peccata
3268 773 3439 811 eorum
3467 776 3486 814 :
3520 775 3643 816 mox
3668 762 3829 819 addi-

2234 827 2311 883 dit
2331 832 2469 899 quod
2488 833 2769 904 diligenter
2790 838 3186 911 intelligendum
3207 856 3308 910 est,
3333 846 3626 905 Secundum
3654 853 3825 910 Evan-

2233 919 2423 989 gelium
2450 924 2651 992 quidem
2674 928 2869 982 inimici
2906 940 3114 1002 propter
3138 950 3256 1001 vos,
3300 942 3576 995 secundum
3616 944 3821 999 electio-

2233 1026 2344 1063 nent
2356 1020 2523 1066 autem
2546 1014 2713 1070 dilecti
2733 1030 2937 1087 propter
2962 1032 3130 1091 patres
3158 1025 3332 1095 (Rom.
3350 1029 3643 1102 x1.25—29).
3676 1034 3823 1102 Quid

2230 1110 2331 1169 est,
2356 1102 2646 1161 Secundum
2673 1107 3007 1182 Evangelium
3028 1116 3228 1185 quidem
3246 1118 3440 1175 inimici
3463 1134 3667 1192 prapter
3685 1142 3776 1180 vos
3787 1150 3817 1194 ,η

2231 1194 2331 1249 nisi
2374 1196 2514 1265 quod
2549 1212 2733 1253 eorum
2757 1202 3026 1259 inimicitia
3052 1222 3152 1276 qua
3178 1210 3488 1267 occiderunt
3511 1214 3812 1281 Christum,

2232 1284 2536 1357 Evangelio,
2566 1291 2704 1346 sicut
2729 1294 2972 1352 videmus
2992 1339 3007 1358 .
3038 1301 3156 1355 sine
3183 1300 3516 1361 dubitatione
3546 1308 3815 1376 profecit?

2230 1374 2297 1430 Et
2325 1376 2426 1434 hoc
2441 1381 2753 1438 ostenditex
2792 1384 3248 1457 Deidispositione
3271 1395 3482 1451 venisse
3505 1438 3519 1461 ,
3548 1374 3641 1469 qni
3674 1400 3815 1459 bene

2230 1470 2303 1522 uti
2333 1471 2479 1525 novit
2508 1473 2668 1529 etiam
2709 1477 2861 1531 malis
2891 1496 2904 1530 :
2936 1496 3043 1535 non
3088 1492 3144 1536 ut
3173 1482 3223 1537 ei
3271 1487 3476 1560 prosint
3517 1505 3641 1545 vasa
3676 1493 3808 1561 irae,

2228 1558 2323 1613 sed
2352 1569 2411 1615 ut
2441 1561 2556 1631 ipso
2584 1564 2689 1620 illis
2712 1567 2850 1624 bene
2879 1579 3076 1636 utente,
3104 1558 3309 1644 prosint
3335 1580 3473 1634 vasis
3501 1558 3813 1639 misericor;

2227 1649 2349 1705 dire.
2381 1653 2518 1719 Quid
2546 1657 2687 1712 enim
2713 1661 2947 1728 apertius
2975 1662 3079 1718 dici
3123 1668 3322 1735 potuit,
3363 1685 3522 1740 quam
3567 1674 3619 1728 id
3662 1680 3806 1747 quod

2227 1742 2423 1797 dictum
2449 1754 2551 1813 est,
2583 1749 2872 1806 Secundum
2900 1752 3229 1827 Evangelium
3247 1760 3448 1830 quidem
3477 1742 3813 1839 inimici-pro-

2226 1842 2336 1902 pter
2378 1837 2509 1890 nos?
2564 1838 2660 1893 Est
2696 1856 2823 1911 ergo
2864 1844 2915 1898 in
2956 1846 3213 1902 malorum
3245 1858 3506 1918 potestate
3534 1837 3760 1925 peccare
3789 1877 3805 1914 :

2227 1933 2285 1979 ut
2311 1936 2487 1983 autem
2512 1933 2784 2000 peccando
2814 1934 2914 1991 hoc
2942 1938 3026 1991 vel
3063 1938 3166 1995 hoc
3213 1941 3299 1996 illa
3329 1945 3531 2000 malitia
3575 1946 3803 2017 faciant,

2225 2032 2331 2072 non
2356 2029 2441 2075 est
2469 2022 2521 2076 in
2553 2039 2740 2085 eorum
2773 2037 3056 2097 potestate,
3100 2033 3194 2088 scd
3228 2035 3318 2090 Dei
3344 2036 3628 2095 dividentis
3657 2050 3806 2101 tene-

2224 2110 2348 2167 bras
2371 2125 2425 2169 et
2453 2116 2748 2173 ordinanti's
2777 2116 2907 2187 eas;
2954 2132 3013 2177 ut
3054 2125 3176 2180 hinc
3220 2127 3381 2183 etiam
3426 2130 3565 2199 quod
3603 2116 3806 2192 faciuht

2222 2215 2406 2258 contra
2434 2207 2757 2263 voluntatem
2790 2211 2918 2277 Dei,
2954 2229 3060 2269 non
3104 2217 3386 2287 impleatur
3426 2222 3525 2277 nisi
3562 2224 3805 2283 voluntas

2223 2291 2340 2347 Dei.
2369 2294 2617 2365 Legimus
2644 2299 2696 2353 in
2726 2302 2946 2358 Actibus
2972 2306 3345 2375 Apostolorum
3367 2350 3384 2377 ,
3412 2314 3552 2382 quod
3579 2330 3698 2373 cum
3723 2317 3806 2372 di-

2221 2384 2369 2440 missi
2398 2401 2428 2441 a
2451 2387 2651 2446 ludatis
2677 2393 2917 2462 Apostoli
2941 2398 3214 2453 venissent
3233 2400 3299 2454 ad
3321 2416 3473 2470 suos,
3494 2412 3549 2459 et
3570 2406 3803 2464 indicas-

2220 2487 2342 2533 sent
2364 2491 2559 2549 quanta
2588 2482 2668 2538 eis
2695 2486 3000 2543 sacerdotes
3034 2497 3090 2544 et
3124 2491 3364 2548 seniores
3399 2493 3678 2564 dixerunt;
3722 2499 3802 2555 le-

2218 2580 2477 2626 vaverunt
2500 2573 2574 2626 illi
2611 2589 2794 2630 vocem
2834 2580 3112 2635 unanimes
3154 2595 3342 2639 omnes
3382 2584 3449 2640 ad
3496 2586 3798 2655 Dominum,

2222 2668 2277 2715 et
2301 2661 2553 2717 dixerunt
2581 2683 2594 2718 :
2625 2663 2861 2734 Domine,
2887 2678 2940 2722 tu
2962 2686 3015 2723 es
3032 2671 3118 2740 qui
3138 2674 3300 2743 fecisti
3322 2676 3503 2730 ctelum
3524 2687 3569 2732 et
3594 2689 3797 2747 (errant,

2219 2762 2267 2807 et
2292 2771 2447 2820 mare,
2480 2765 2529 2811 et
2555 2760 2725 2812 omnia
2746 2777 2859 2830 qute
2878 2762 2931 2815 in
2958 2764 3030 2817 eis
3053 2775 3189 2831 sunt,
3217 2768 3305 2838 qui
3330 2785 3418 2837 per
3445 2786 3502 2825 os
3531 2774 3687 2842 patris
3711 2791 3801 2828 no-

2217 2845 2311 2897 stri
2336 2843 2517 2912 David,
2547 2852 2707 2903 sancti
2737 2853 2892 2921 pueri
2917 2853 3012 2920 tui,
3045 2855 3252 2922 dixisti,
3295 2858 3468 2926 Quare
3488 2866 3800 2932 fremuerunt

2216 2947 2417 3007 gentes,
2448 2948 2495 2993 et
2521 2943 2697 3011 populi
2725 2944 2950 2998 meditati
2974 2956 3093 3001 sunt
3126 2948 3338 3017 inania;
3367 2952 3632 3008 astiterunt
3659 2972 3800 3027 reges

2217 3037 2382 3094 terrae,
2413 3040 2460 3084 et
2488 3032 2738 3103 principes
2765 3046 3109 3093 convenerunt
3135 3040 3189 3093 in
3224 3056 3400 3109 unum,
3429 3043 3667 3101 adversus
3700 3046 3802 3102 Do-

2214 3120 2408 3174 minum
2434 3130 2484 3176 et
2513 3122 2754 3180 adversus
2791 3126 3047 3184 Christum
3089 3132 3238 3201 ejus?
3278 3132 3624 3192 Convenerunt
3665 3141 3799 3196 enim

2214 3209 2270 3264 in
2305 3212 2532 3280 veritate,
2564 3214 2620 3269 in
2648 3217 2849 3272 civitate
2870 3219 2999 3288 ista,
3039 3222 3280 3278 adversus
3316 3235 3542 3281 sanctum
3581 3246 3797 3299 puerum

2214 3308 2357 3354 tuum
2377 3300 2556 3358 Iesum
2578 3322 2727 3377 quem
2754 3310 2964 3378 tinxisti,
2992 3309 3222 3368 Herodes
3247 3323 3296 3369 et
3323 3312 3521 3372 Pilatus
3552 3328 3599 3372 et
3621 3337 3795 3391 popu-

2211 3389 2294 3444 lus
2320 3390 2505 3460 Israel,
2535 3398 2705 3465 facere
2739 3409 2929 3469 quanta
2952 3417 3133 3457 manus
3171 3413 3257 3458 tua
3289 3414 3336 3459 et
3364 3389 3631 3462 consilium
3662 3426 3799 3480 prat-

2211 3480 2478 3537 destinavit
2506 3484 2617 3553 ﬁeri
2641 3486 2778 3557 (Act.
2803 3505 2874 3557 tv,
2898 3489 3111 3563 24-28).
3140 3492 3283 3550 Ecce
3301 3495 3442 3566 quod
3467 3495 3664 3554 dictum
3687 3509 3795 3568 est,

2211 3569 2509 3628 Secundum
2566 3571 2899 3649 Evangelium
2949 3582 3153 3652 quidem
3201 3584 3401 3641 inimici
3440 3597 3643 3659 prapter
3685 3606 3794 3645 vos.

2209 3661 2377 3719 Tanta
2405 3666 2601 3737 quippe
2629 3669 2698 3725 ab
2736 3671 2965 3728 inimicis
2991 3673 3194 3731 Iudaeis
3219 3692 3410 3734 manus
3452 3680 3546 3735 Dei
3571 3690 3625 3736 et
3662 3698 3796 3739 cou-
3823 3679 3839 3690 ’

2208 3753 2386 3810 silium
2413 3757 2813 3827 praedestinavit
2853 3762 2992 3830 ﬁeri,
3020 3776 3216 3836 quanta
3231 3773 3546 3837 necessaria
3580 3771 3797 3831 fuerunt

2208 3845 2498 3920 Evangelio
2523 3862 2743 3924 propter
2767 3869 2866 3910 nos
2892 3857 2932 3910 ί.
2961 3856 3066 3914 Sed
3093 3860 3220 3929 quid
3250 3871 3334 3916 est
3357 3863 3498 3932 quod
3526 3866 3788 3936 sequitur,

2208 3938 2502 3998 Secundum
2548 3945 2838 4002 electionem
2889 3960 3054 4004 autem
3109 3951 3291 4007 dilecti
3326 3965 3534 4025 propter
3582 3961 3795 4029 patres!

2206 4030 2469 4104 Numquid
2494 4036 2569 4092 illi
2599 4037 2820 4106 inimici,
2849 4041 3010 4111 quiin
3034 4044 3144 4097 suis
3175 4044 3465 4100 inimicitiis
3496 4035 3788 4118 perierunt,

2206 4132 2261 4179 et
2285 4124 2634 4182 adversantes
2658 4127 2872 4186 Christo
2896 4131 2964 4187 de
2990 4142 3150 4204 gente
3178 4134 3290 4206 ipsa
3316 4136 3495 4194 adhuc
3523 4155 3786 4211 pereunt,

2205 4215 2305 4285 ipsi
2345 4227 2468 4273 sunt
2506 4220 2659 4275 electi
2695 4229 2855 4292 atque
2900 4224 3125 4281 dilecti?
3168 4228 3323 4284 Absit
3364 4248 3377 4284 :
3410 4232 3531 4302 quis
3564 4227 3667 4289 hoc
3703 4236 3789 4290 vel

2203 4300 2546 4364 Stultissimus
2569 4310 2804 4368 dixerit?
2830 4316 2937 4372 Sed
2964 4326 3245 4390 utrumque
3266 4321 3390 4387 licet
3411 4300 3550 4380 inter
3573 4341 3632 4382 se
3654 4342 3787 4383 con-

2204 4401 2421 4483 trarinm
2445 4444 2460 4466 ,
2493 4403 2545 4457 id
2573 4413 2655 4459 est
2677 4447 2693 4472 ,
2741 4406 2939 4466 inimici
2980 4418 3033 4466 et
3058 4411 3273 4480 dilecti,
3306 4418 3548 4485 quamvis
3588 4435 3692 4474 non
3734 4421 3786 4475 in

2201 4478 2418 4548 eosdem
2446 4484 2711 4564 homines,
2745 4507 2919 4554 tamen
2942 4500 2996 4556 in
3022 4503 3264 4560 eamdem
3294 4515 3507 4579 gentem
3536 4512 3788 4567 convenit

2200 4580 2505 4640 Iudaeorum
2533 4627 2547 4652 ,
2586 4595 2641 4642 et
2677 4589 2746 4644 ad
2787 4588 2929 4646 idem
2960 4594 3174 4650 carnale
3200 4610 3385 4652 semen
3425 4597 3586 4655 Israel
3612 4641 3628 4665 ,
3669 4602 3789 4658 aliis

2200 4687 2385 4729 eorum
2430 4676 2498 4732 ad
2543 4677 3011 4753 claudicationem,
3066 4685 3190 4742 aliis
3235 4686 3303 4742 ad
3354 4688 3786 4748 benedictionem

2199 4762 2362 4821 lsrael
2391 4766 2556 4838 ipsius
2586 4772 2994 4842 pertinentibus.
3032 4775 3185 4832 llunc
3217 4779 3360 4833 cnim
3389 4795 3604 4836 sensum
3631 4798 3787 4853 aper-

2197 4858 2300 4912 tius
2321 4861 2566 4929 superius
2585 4864 2885 4932 explicavit,
2912 4867 2999 4923 ubi
3019 4868 3113 4937 ait,
3140 4868 3291 4934 Quod
3308 4872 3558 4943 quaerebat
3594 4872 3781 4942 Israel,

2200 4951 2292 5004 hoc
2334 4968 2436 5005 non
2473 4964 2545 5009 est
2570 4965 2881 5031 [consecutus
2910 4973 2929 5011 :
2955 4958 3127 5014 electio
3165 4970 3334 5014 autem
3371 4973 3635 5019 consecuta
3672 4974 3780 5031 est,

2196 5043 2366 5096 ceteri
2393 5059 2508 5097 vero
2534 5028 2771 5101 eacwcati
2799 5057 2915 5102 sunt
2946 5047 3122 5120 (Rom.
3153 5066 3228 5116 xt,
3257 5051 3334 5122 7).
3361 5050 3416 5107 In
3438 5053 3677 5125 utrisque
3704 5063 3784 5110 ta-

2195 5149 2317 5190 men
2359 5134 2496 5190 idem
2525 5137 2639 5208 ipse
2666 5138 2845 5196 Israel.
2892 5140 2993 5196 Ubi
3030 5156 3159 5212 ergo
3197 5144 3459 5211 audimus,
3490 5144 3657 5200 Israel
3682 5162 3784 5201 non

2194 5236 2268 5281 est
2295 5239 2623 5295 consecutus,
2652 5230 2775 5298 vel,
2816 5233 2986 5286 caueri
3013 5236 3250 5290 excwcati
3284 5247 3400 5291 sunt
3419 5255 3441 5304 ;
3474 5238 3549 5294 ibi
3588 5239 3782 5295 intelli-

2197 5319 2356 5390 gendi
2396 5330 2521 5376 sunt
2558 5321 2754 5377 inimici
2789 5334 2993 5395 propter
3033 5343 3125 5381 nos
3154 5343 3172 5381 :
3202 5326 3290 5383 ubi
3320 5344 3450 5385 vero
3492 5330 3738 5386 audimus
3760 5372 3778 5399 ,

2194 5411 2389 5467 Electio
2418 5422 2584 5468 autem
2606 5426 2873 5469 consecuta
2900 5427 3012 5482 est;
3040 5419 3109 5473 ibi
3134 5420 3465 5493 intelligendi
3499 5432 3625 5478 sunt
3652 5424 3781 5478 dile-

2193 5506 2262 5557 cti
2303 5512 2507 5575 propter
2548 5516 2718 5575 patres
2747 5522 2766 5561 :
2791 5508 2982 5578 quibus
3018 5511 3257 5580 patribus
3297 5514 3480 5585 utique
3520 5514 3619 5570 ista
3663 5532 3779 5587 pro-

2256 5681 2449 5759 Ϊίέἶνε.)
2853 5686 2905 5759 '53!
2944 5684 3235 5759 βεμῐοφρεε
3279 5686 3450 5759 eadem
3483 5688 3777 5759 θάίιίοωω
3866 5714 3880 5726 °

2193 5750 2290 5814 am.
2317 5750 2371 5792 ct
2390 5749 2484 5802 En,
2496 5742 2576 5814 itii
2585 5742 2894 5808 intelligendi
2912 5742 3023 5798 sum
3244 5755 3437 5814 propter
3452 5762 3545 5801 eos.
3571 5758 3621 5801 At
3646 5742 3776 5814 tum,

2193 5803 2285 5854 hoc
2309 5814 2514 5868 utroque
2541 5807 2663 5866 loco,
2701 5803 2893 5871 pfopter
2917 5820 3018 5861 nos.
