4102 6474
319 351 426 408 985

315 467 479 520 missa
506 471 651 518 Slllll.
682 460 898 514 Abrahae
935 458 1129 529 quippe
1156 458 1305 511 dicta:
1331 464 1446 510 sunt
1473 455 1826 526 promissiones
1851 463 1904 508 et

313 556 493 610 semini
521 555 629 626 ejus
659 552 851 622 (Gatat.
876 567 952 618 ιιι,
970 550 1078 621 16).
1097 549 1306 605 Undeet
1335 551 1386 602 in
1406 549 1505 602 ista
1531 549 1645 602 olea
1667 548 1901 600 oleaster

315 648 569 703 inseritur
606 645 875 700 Gentium.
911 644 1026 698 Jam
1069 657 1230 712 porro
1267 643 1584 697 electionem
1623 655 1780 709 quam
1819 639 1903 692 di-

311 748 400 792 cat
423 740 477 805 ί,
518 736 642 806 quia
678 735 967 790 secundmn
994 735 1239 804 gratiam,
1284 748 1388 787 non
1425 731 1714 787 secundum
1752 729 1903 783 debi-

313 843 424 887 tum
446 873 460 897 ,
493 830 653 885 debet
700 829 881 898 utique
915 841 1226 888 occurrere;
1257 828 1509 896 quoniam
1549 823 1772 891 reliquite
1812 838 1902 891 per

310 921 602 976 electionem
627 921 806 992 gratim
831 919 980 988 facta:
1007 911 1120 972 sunt
1149 921 1168 949 ²
1198 917 1372 987 (Rom.
1400 932 1453 969 χι
1473 957 1486 978 ,
1531 916 1616 978 I7,
1649 915 1725 980 5).
1771 913 1897 966 Ilaec
1939 977 1942 980 π

309 1015 502 1069 electio
519 1023 802 1069 consecuta
819 1013 1132 1075 est,c:rteris
1149 1007 1750 1065 exc:ecatis.Secundum
1766 1007 1902 1061 hanc

312 1106 628 1161 electionem
666 1103 916 1158 Israelita:
937 1102 1114 1156 dilecti
1153 1111 1371 1171 propter
1396 1109 1592 1167 patres.
1615 1098 1730 1152 Non
1753 1098 1895 1151 enim

325 1199 597 1253 vocatione
624 1196 710 1249 illa
740 1194 910 1249 vocati
940 1202 1102 1257 sunt,
1142 1192 1207 1246 de
1232 1207 1334 1262 qua
1357 1191 1556 1245 dictum
1595 1199 1674 1244 est
1699 1230 1713 1253 ,
1745 1188 1900 1242 Multi

322 1289 486 1342 vocati
511 1285 721 1358 (Matth.
751 1301 819 1338 xx
845 1327 860 1352 ,
890 1285 1019 1354 16);
1057 1282 1150 1336 sed
1177 1283 1263 1336 illa
1291 1297 1393 1352 qua
1434 1288 1693 1334 vocantur
1717 1279 1896 1334 electi.

316 1377 472 1434 Unde
510 1386 561 1432 et
591 1377 673 1430 hic
711 1383 1052 1445 posteaquam
1081 1373 1241 1440 dixit,
1290 1371 1579 1427 Secundum
1607 1371 1898 1434 electionem

315 1478 482 1522 autem
515 1467 687 1522 dilecti
732 1477 937 1539 propter
961 1475 1167 1536 patres;
1210 1465 1466 1520 continuo
1491 1463 1715 1533 subjecit
1754 1462 1898 1517 unde

312 1559 556 1628 agimus,
601 1558 728 1612 Sine
767 1558 1059 1627 ptenitcntia
1101 1557 1233 1610 enim
1273 1564 1388 1610 sunt
1431 1555 1567 1608 dona
1608 1565 1655 1610 et
1701 1555 1896 1608 vacatio

313 1647 411 1702 Dei
442 1664 460 1702 :
489 1648 541 1703 id
566 1657 668 1712 est,
714 1647 829 1704 sine
872 1649 1164 1703 mutatione
1203 1647 1468 1702 stabiliter
1504 1647 1604 1702 lixa
1645 1655 1786 1702 sunt.
1815 1646 1897 1701 Ad

313 1739 451 1794 hanc
488 1739 821 1795 vocationem
845 1739 932 1809 qui
961 1741 1244 1809 pertinent,
1282 1754 1469 1794 omnes
1495 1748 1619 1794 sunt
1642 1739 1898 1795 docibiles

314 1833 409 1888 Dei
442 1851 456 1888 :
485 1847 584 1887 nec
611 1841 786 1902 potest
811 1846 998 1887 eorum
1027 1831 1308 1903 quisquam
1343 1831 1524 1888 dicere
1545 1874 1559 1900 ,
1587 1831 1801 1887 Credidi
1841 1840 1900 1888 ut

313 1925 392 1980 sic
447 1939 710 1989 vocarer;
767 1925 1026 1995 praevenit
1089 1940 1210 1980 eum
1277 1925 1475 1996 quippe
1533 1925 1896 1981 misericordia

315 2014 444 2079 Dei,
494 2015 614 2085 quia
645 2016 724 2071 sic
759 2025 842 2070 est
866 2025 1083 2070 vocatus
1122 2023 1181 2070 ut
1221 2015 1482 2071 crederet.
1525 2016 1724 2072 Omnes
1753 2017 1897 2072 enim

313 2105 572 2161 docibiles
602 2106 694 2160 Dei
721 2107 939 2161 veniunt
971 2106 1034 2160 ad
1065 2106 1254 2161 Filium
1289 2125 1302 2160 :
1335 2108 1586 2178 quoniam
1615 2107 1898 2164 audierunt

313 2206 367 2252 et
394 2197 694 2252 didicerunt
732 2211 761 2250 a
806 2196 963 2251 Patre
991 2212 1084 2265 per
1121 2197 1313 2251 Filium
1339 2239 1354 2261 ,
1381 2197 1470 2267 qui
1501 2197 1898 2253 evidentissima

313 2288 480 2354 dicit,
522 2288 699 2344 Omnis
738 2289 825 2358 qui
869 2288 1061 2342 audivit
1089 2305 1119 2341 a
1151 2287 1308 2342 Patre
1332 2299 1378 2342 et
1405 2289 1622 2356 didicit,
1663 2292 1794 2344 venit
1829 2306 1897 2343 aa

313 2398 411 2436 me.
440 2381 665 2436 Istorum
691 2390 866 2435 autem
896 2395 1054 2436 nemo
1096 2381 1254 2450 perit,
1297 2381 1418 2450 quia
1444 2395 1603 2436 omne
1627 2380 1768 2450 quod
1799 2380 1897 2437 de-

317 2471 394 2526 dit
419 2472 469 2526 ei
493 2471 668 2536 Pater,
701 2485 804 2526 non
834 2470 1024 2541 perdet
1052 2486 1115 2526 ex
1155 2485 1222 2525 eo
1259 2470 1549 2542 quidquam
1580 2469 1762 2541 (Joan.
1802 2486 1853 2526 vn
1878 2513 1894 2538 ,

321 2562 411 2626 45,
435 2562 547 2631 '59).
571 2561 823 2630 Quisquis
851 2577 979 2630 ergo
1018 2561 1142 2616 inde
1167 2570 1270 2627 est,
1313 2563 1533 2617 omnino
1563 2578 1668 2615 non
1711 2563 1849 2632 perit
1881 2580 1894 2616 :

321 2668 422 2707 nec
447 2662 559 2706 erat
587 2651 705 2707 inde
733 2652 820 2722 qui
854 2652 990 2721 perit
1020 2652 1064 2704 ⁸.
1107 2652 1334 2722 Propter
1371 2653 1514 2722 quod
1553 2652 1752 2709 dictum
1793 2663 1895 2718 est,

323 2745 407 2799 Ea:
435 2746 574 2799 nobis
593 2747 832 2808 exierunt,
857 2745 945 2799 sed
971 2762 1071 2799 non
1097 2756 1238 2800 erant
1263 2762 1327 2800 ea:
1354 2747 1535 2812 nobis;
1564 2764 1682 2800 nam
1708 2747 1751 2801 si
1771 2747 1899 2814 fuis-

318 2845 427 2889 sent
444 2852 508 2888 ea:
562 2835 700 2890 nobis
728 2877 742 2902 ,
794 2836 1090 2890 mansissent
1137 2837 1310 2907 utique
1359 2837 1617 2891 nobiscum
1676 2835 1895 2903 (Iloan.

316 2941 373 2990 ιι,
409 2926 517 2995 l9).
1264 2974 1266 2976 .

383 3017 610 3072 CAPUT
648 3017 809 3073 XVII.
838 3048 914 3059 —
936 3019 1022 3074 δι.
1045 3017 1403 3090 Intelligamus
1417 3035 1544 3091 ergo
1567 3022 1898 3077 vocationem

313 3125 416 3180 qua
462 3109 594 3164 fiunt
631 3111 785 3166 electi
809 3130 822 3166 :
851 3128 956 3166 non
983 3113 1072 3179 qui
1101 3113 1367 3184 eliguntur
1388 3116 1508 3184 quia
1537 3115 1896 3182 crediderunt,

315 3200 408 3256 sed
435 3202 521 3270 qui
561 3201 834 3272 eliguntur
863 3213 916 3257 ut
945 3203 1183 3258 credant.
1227 3205 1372 3259 Hanc
1398 3206 1539 3260 enim
1563 3217 1618 3261 et
1645 3207 1901 3263 Dominus

313 3292 426 3360 ipse
469 3293 600 3348 satis
639 3294 827 3361 aperit,
874 3293 960 3348 ubi
990 3293 1118 3348 dicit
1143 3313 1156 3348 :
1189 3293 1309 3348 Non
1337 3312 1420 3349 vos
1444 3313 1522 3351 me
1548 3298 1782 3368 elegistis,
1813 3299 1901 3352 sed

314 3400 406 3453 ego
432 3385 558 3454 elegi
583 3402 667 3439 vos
697 3385 874 3456 (Joan.
905 3402 992 3451 xv,
1027 3388 1134 3454 16).
1169 3388 1299 3442 Nam
1344 3389 1386 3442 si
1429 3399 1702 3460 propterea
1745 3393 1899 3447 electi

316 3485 489 3538 erant,
536 3479 656 3545 quia
681 3478 1045 3544 crediderant;
1095 3480 1192 3549 ipsi
1235 3496 1354 3533 eum
1395 3483 1542 3551 prius
1573 3483 1754 3553 utique
1789 3486 1898 3538 ele-

315 3577 506 3637 gerant
530 3569 792 3623 credendo
827 3572 879 3624 in
909 3587 1053 3636 eum,
1097 3581 1153 3626 ut
1187 3572 1305 3641 eligi
1336 3583 1685 3628 mererentur.
1715 3575 1900 3630 Aufert

315 3667 494 3712 autem
525 3658 626 3714 hoc
651 3661 884 3726 omnino,
930 3663 1019 3731 qui
1061 3662 1208 3728 dicit,
1253 3661 1374 3716 Non
1417 3680 1502 3717 vos
1541 3681 1618 3718 me
1660 3667 1896 3736 elegistis,

314 3750 406 3803 sed
433 3767 523 3822 ego
545 3768 631 3804 vos
667 3753 808 3822 elegi.
848 3754 912 3806 Et
953 3755 1050 3824 ipsi
1088 3755 1299 3823 quidem
1328 3756 1507 3823 procul
1539 3757 1700 3810 dubio
1721 3758 1897 3829 elege-

313 3853 441 3898 runt
466 3860 610 3908 eum,
643 3845 854 3914 quando
887 3846 1229 3902 crediderunt
1259 3847 1307 3900 in
1335 3863 1476 3901 eum.
1519 3847 1672 3904 Unde
1697 3864 1800 3903 non
1830 3849 1900 3904 ob

311 3935 452 3989 aliud
476 3925 626 4001 dicit,
659 3935 780 3990 Non
804 3953 891 3990 vos
917 3953 996 3991 me
1019 3939 1252 4008 elegistis,
1277 3938 1365 3992 sed
1385 3956 1474 4010 ego
1493 3956 1579 3994 vos
1607 3942 1768 4012 elegi;
1799 3943 1898 3997 nisi

311 4027 432 4096 quia
463 4043 566 4082 non
598 4029 874 4098 elegerunt
904 4045 1025 4084 eum
1054 4038 1106 4084 ut
1134 4030 1352 4099 eligeret
1379 4045 1492 4097 eos,
1516 4031 1608 4086 sed
1638 4041 1697 4086 ut
1732 4033 1899 4104 elige-

311 4129 432 4173 rent
461 4135 583 4174 eum
606 4119 767 4190 elegit
794 4135 890 4175 eos
919 4137 931 4174 :
964 4120 1084 4190 quia
1115 4121 1480 4177 misericordia
1504 4122 1620 4192 ejus
1645 4125 1900 4191 praevenit

314 4221 410 4262 eos
458 4207 630 4279 (Psal.
659 4225 810 4276 mn,
840 4211 929 4280 Η)
965 4211 1256 4266 secundum
1288 4213 1531 4282 gratiam,
1565 4229 1670 4268 non
1703 4230 1900 4270 secun-

316 4299 443 4353 dum
464 4300 716 4356 debitum.
736 4302 902 4371 Elegit
919 4318 1046 4373 ergo
1065 4319 1158 4359 eos
1179 4303 1246 4359 de
1266 4305 1464 4359 mundo
1478 4321 1597 4360 cum
1621 4306 1707 4363 hic
1721 4317 1901 4378 ageret

319 4406 535 4446 Carnem
567 4391 614 4458 ⁸,
638 4395 729 4448 sed
753 4396 859 4462 jam
886 4396 1083 4451 electos
1108 4397 1158 4449 in
1186 4412 1244 4451 se
1274 4397 1388 4466 ipso
1413 4407 1535 4453 ante
1559 4399 1741 4454 mundi
1768 4416 1899 4455 con-

319 4482 672 4538 stitutionem.
715 4484 835 4539 Ilazc
876 4496 957 4540 est
999 4487 1284 4542 immobilis
1322 4490 1516 4543 veritas
1560 4491 1899 4559 prcedestina-

318 4573 482 4626 ti0nis
509 4582 562 4626 et
595 4575 797 4642 gratiae.
829 4575 958 4630 Nam
997 4579 1119 4647 quid
1163 4589 1243 4633 est
1289 4580 1430 4648 quod
1478 4581 1551 4635 ait
1587 4583 1894 4651 Apostolus,

315 4664 464 4720 Sicut
478 4667 625 4735 elegit
641 4683 732 4720 nos
749 4668 798 4720 in
821 4669 930 4736 ipso
949 4679 1062 4723 ante
1080 4671 1252 4724 mundi
1264 4673 1665 4728 constitutionem
1681 4673 1894 4747 (Ep/tes.

311 4770 351 4821 ι,
380 4755 478 4823 4)?
507 4756 658 4823 Quod
691 4757 928 4826 proiecto
969 4760 1012 4813 si
1062 4770 1340 4830 pr0pterea
1385 4762 1582 4817 dictum
1631 4773 1731 4830 est,
1777 4765 1897 4834 quia

312 4845 581 4912 prmscivit
626 4846 767 4900 Deus
814 4847 1130 4916 credituros,
1167 4867 1270 4904 non
1302 4853 1422 4922 quia
1453 4851 1686 4909 facturus
1728 4854 1899 4910 fuerat

315 4935 426 5001 ipse
473 4935 781 5001 credentes;
823 4948 1006 4994 contra
1053 4941 1207 4996 istam
1251 4945 1639 5012 prmscientiam
1668 4946 1900 5017 loquitur

317 5024 500 5092 Filius,
528 5025 730 5092 dicens,
767 5027 888 5084 Non
908 5047 994 5085 vos
1014 5047 1094 5086 me
1116 5031 1335 5104 elegistis
1351 5034 1394 5102 ⁸,
1410 5036 1498 5090 sed
1513 5052 1602 5108 ego
1623 5054 1706 5092 vos
1731 5039 1857 5110 elegi
1878 5057 1897 5092 :

381 5200 490 5271 istc
505 5207 606 5250 Mss.
636 5209 689 5252 Αι
711 5203 849 5271 editi,
871 5204 1040 5271 electio
1062 5221 1208 5271 quam
1231 5211 1366 5262 dicit.

381 5261 402 5331 ξ
427 5259 611 5331 Aliquot
626 5271 752 5319 διεδ..
775 5259 920 5318 salt-te
937 5259 1222 5331 [actte'sunL

319 5322 500 5403 .-_'_.§‘.°
519 5322 522 5323 ν
544 5323 720 5403 Ξηξειειοι
746 5335 868 5403 -.δὲἓεο
913 5322 1025 5403 λέῑίί.
1046 5345 1166 5403 νεπο
1185 5369 1200 5391 ν
1233 5346 1326 5403 tum
1356 5341 1492 5403 εξηηε
1524 5337 1636 5403 inde
1668 5351 1751 5403 qut
1782 5353 1894 5403 rer-

311 5385 493 5494 igunt.
543 5385 693 5447 Editi,
742 5401 834 5438 non
873 5392 966 5441 erit
1007 5391 1122 5443 inde
1174 5385 1259 5456 qui
1299 5395 1458 5460 perit;
1491 5385 1626 5460 vel,
1782 5385 1894 5466 per-

374 5508 487 5580 tario
528 5511 674 5580 nostri
713 5524 885 5562 omnes
914 5519 1228 5580 manuscriptt
1258 5517 1478 5568 Gallicam
1513 5529 1564 5572 ct
1581 5530 1804 5574 Vaticani.
1843 5534 1896 5577 At

312 5566 444 5632 editi,
469 5577 632 5632 ageret
646 5571 695 5620 in
713 5586 877 5623 carne.

371 5630 392 5703 ξ
418 5636 481 5703 tta
495 5630 564 5703 es
575 5633 728 5700 editis
747 5637 981 5699 El'.Lug(l.
1000 5646 1122 5703 \‘en.
1140 5646 1246 5703 Iov.
1267 5648 1313 5690 In
1337 5649 1381 5692 Β.
1398 5645 1474 5693 hic
1490 5655 1691 5703 tantum,
1726 5660 1784 5697 ne
1817 5662 1894 5699 vos

307 5688 641 5766 ute‘glegistis;
675 5709 783 5746 cum
806 5711 880 5760 su,
899 5688 950 5746 i-a
978 5709 1028 5749 et
1051 5688 1780 5766 arrangaﬁi-iibiial'nié"
1797 5688 1891 5761 rte:

305 5749 456 5813 cistis.
474 5749 494 5754 ⁷
520 5759 576 5803 ll.

1218 341 1418 397 LIBER
1457 339 1544 396 DE
1574 336 2230 398 PRIEDESTINA'I‘IONE
2269 341 2709 401 S.\NCTORU.\I.

3487 353 3592 412 986

2014 469 2134 508 cum
2174 454 2274 510 hoc
2301 457 2474 524 potius
2505 459 2795 528 prmscierit
2837 460 2993 528 Deus,
3033 463 3174 534 quod
3212 465 3310 536 ipsi
3339 481 3460 522 eum
3489 467 3602 523 fuc-

2015 558 2131 598 rant
2155 547 2392 613 eiecturi,
2423 559 2478 604 ut
2507 551 2573 605 ab
2618 552 2708 606 illo
2739 563 3070 608 mererentur
3102 555 3244 627 eligi.
3282 556 3448 615 Electi
3474 567 3602 614 sunt

2015 636 2192 705 itaque
2211 647 2334 692 ante
2364 641 2544 694 mundi
2572 643 3000 699 consntutionem
3023 661 3083 700 ea
3112 647 3595 714 praedestinatione.

2013 727 2198 796 inqua
2247 729 2385 783 Deus
2435 746 2527 784 sua
2574 731 2744 785 futura
2786 731 2918 787 facta
2952 738 3214 805 praescivit
3239 757 3250 792 :
3280 739 3433 794 electi
3476 751 3597 794 sunt

2012 827 2190 873 autem
2220 820 2288 874 de
2317 822 2515 876 mundo
2539 837 2601 876 ea
2625 825 2918 890 vocatione,
2949 843 3049 897 qua
3070 827 3209 884 Deus
3231 829 3278 882 id
3301 830 3440 899 quod
3464 847 3600 900 prac-

2011 910 2320 978 destinavit,
2364 913 2619 982 implevit.
2658 916 2802 984 Quos
2831 920 2973 973 enim
3007 921 3418 989 prtedcstiuavit,
3453 924 3596 993 ipsos

2011 1011 2066 1056 et
2095 1003 2333 1068 vocavit;
2364 1004 2451 1058 illa
2494 1005 2698 1060 scilicet
2726 1009 3005 1062 vocatione
3039 1011 3326 1066 secundum
3358 1017 3599 1084 proposi-

2010 1101 2119 1148 tum
2162 1110 2174 1144 :
2207 1109 2312 1148 non
2343 1109 2470 1163 ergo
2515 1095 2669 1160 alios,
2714 1096 2808 1151 sed
2848 1114 2980 1166 quos
3011 1101 3420 1169 praedestinavit,
3453 1106 3596 1176 ipsos

2008 1193 2062 1240 et
2088 1186 2296 1240 vocavit
2326 1205 2338 1240 :
2370 1201 2470 1240 nec
2498 1187 2651 1252 alios,
2694 1189 2787 1242 sed
2829 1203 2961 1259 quos
3000 1190 3072 1244 ita
3103 1196 3327 1262 vocavit,
3368 1197 3510 1265 ipsos
3543 1206 3598 1251 et

2001 1274 2305 1345 justilicavit
2329 1295 2342 1330 :
2369 1292 2467 1332 nec
2487 1277 2641 1344 alios,
2670 1278 2762 1333 sed
2783 1293 2916 1347 quos
2936 1280 3348 1349 praedestinavit,
3367 1287 3593 1353 vocavit,

2001 1366 2328 1436 justilicavit,
2375 1369 2520 1438 ipsos
2559 1379 2611 1424 et
2649 1370 2963 1439 glorilicavit
2999 1371 3172 1442 (Rom.
3210 1391 3320 1439 vut,
3350 1375 3476 1443 50);
3508 1377 3596 1429 illo

2005 1459 2187 1528 utique
2217 1460 2322 1515 line
2348 1462 2436 1530 qui
2467 1477 2571 1516 non
2608 1461 2767 1517 habet
2808 1462 2986 1517 linem.
3016 1463 3186 1534 Elegit
3214 1480 3341 1535 ergo
3369 1466 3507 1519 Deus
3538 1467 3596 1519 li-

2004 1549 2151 1605 deles
2175 1592 2190 1616 ,
2219 1551 2314 1606 sed
2342 1561 2398 1606 ut
2421 1554 2546 1618 sint,
2577 1568 2682 1608 non
2713 1555 2833 1624 quia
2854 1554 2964 1624 jam
2995 1563 3166 1610 erant.
3197 1556 3484 1622 Apostolus
3507 1557 3596 1610 .Ia-

2003 1641 2168 1696 cobus
2192 1641 2321 1697 dicit
2349 1660 2362 1696 :
2394 1642 2580 1698 Nonne
2619 1643 2757 1722 Deus
2785 1645 2932 1716 elegit
2971 1662 3215 1717 pauperes
3240 1647 3293 1700 in
3319 1646 3412 1700 hoc
3448 1663 3596 1700 mun-

2004 1737 2090 1804 do,
2119 1739 2297 1794 divites
2327 1742 2381 1793 in
2417 1741 2537 1808 ﬁde,
2581 1749 2628 1794 et
2661 1741 2884 1794 heredes
2925 1741 3086 1812 regni,
3133 1741 3267 1810 quod
3310 1741 3624 1810 repromisit-

2005 1830 2140 1886 Dcus
2170 1833 2492 1904 diligentibus
2517 1849 2570 1887 se
2595 1831 2798 1905 (Jacobi
2827 1849 2885 1900 ιι,
2912 1833 3008 1903 5)?
3034 1833 3290 1904 Eligendo
3315 1849 3442 1903 ergo
3471 1833 3596 1887 facit

2003 1920 2194 1978 divites
2222 1924 2271 1976 in
2299 1923 2422 1991 ﬁde,
2451 1925 2589 1980 sicut
2625 1923 2868 1980 hzeredes
2895 1925 3064 1994 regni.
3098 1924 3262 1979 Recte
3305 1925 3500 1995 quippe
3541 1925 3592 1978 in

2003 2013 2082 2068 eis
2110 2013 2213 2069 hoc
2237 2014 2435 2085 eligere
2458 2014 2672 2080 dicitur,
2704 2015 2846 2085 quod
2885 2024 2943 2070 ut
2984 2015 3036 2070 in
3063 2016 3142 2070 eis
3176 2014 3353 2080 faciat,
3375 2030 3469 2070 eos
3498 2015 3589 2069 eli.

2001 2103 2079 2174 git
2104 2105 2143 2158 ί.
2178 2105 2342 2176 Rogo,
2387 2106 2506 2174 quis
2534 2105 2714 2160 audiat
2735 2106 3016 2161 Dominum
3039 2105 3325 2172 dicentem,
3359 2105 3480 2159 Non
3507 2121 3593 2159 vos

2002 2212 2082 2250 me
2115 2198 2350 2267 elegistis,
2389 2198 2477 2252 sed
2505 2215 2594 2270 ego
2611 2215 2695 2254 vos
2735 2200 2898 2270 elegi;
2943 2208 2998 2255 et
3026 2199 3217 2256 audeat
3241 2199 3440 2266 dicere,
3470 2215 3592 2255 crc-

2002 2286 2130 2343 dere
2156 2288 2395 2344 homines
2422 2298 2478 2343 ut
2515 2291 2796 2360 eligantur,
2847 2305 2966 2345 cum
3007 2291 3182 2360 potius
3235 2291 3494 2361 eligantur
3537 2301 3592 2345 ut

2001 2378 2242 2445 credant,
2289 2395 2356 2435 ne
2383 2389 2567 2435 contra
2593 2382 2909 2436 sententiam
2943 2383 3181 2437 veritatis
3211 2384 3413 2452 priores
3441 2383 3592 2435 inve-

2003 2473 2217 2528 uiantur
2235 2473 2460 2542 elegisse
2490 2472 2780 2538 Christum,
2813 2474 3001 2543 quibus
3025 2474 3152 2530 dicit
3175 2473 3437 2540 Christus,
3470 2471 3591 2526 Non

2002 2580 2088 2618 vos
2112 2581 2190 2618 me
2216 2565 2452 2636 elegistis,
2483 2564 2569 2618 sed
2597 2581 2687 2635 ego
2713 2579 2798 2618 vos
2826 2564 2997 2634 elegi?

2073 2655 2299 2712 CAPUT
2338 2656 2523 2710 XVIII.
2550 2686 2621 2696 —
2647 2657 2734 2711 55.
2763 2656 2891 2722 Quis
2933 2655 3112 2710 audiat
3153 2657 3464 2725 Apostolum
3505 2657 3590 2710 di-

2002 2754 2234 2812 centem,
2281 2745 2579 2799 Benedictus
2614 2745 2751 2800 Deus
2781 2756 2827 2799 et
2865 2745 3018 2800 Pater
3043 2745 3251 2799 Domini
3277 2748 3434 2800 nostri
3463 2746 3590 2800 Jesu

2003 2833 2208 2900 Christi,
2231 2836 2318 2906 qui
2339 2835 2588 2890 benedixit
2614 2853 2705 2891 nos
2725 2831 2775 2890 in
2797 2838 2932 2891 omni
2954 2837 3292 2892 benedictione
3312 2838 3588 2908 spirituali,

2002 2927 2055 2981 in
2083 2928 2360 2982 cmlestibus
2397 2930 2452 2983 in
2481 2931 2715 2984 Christo:
2747 2932 2874 2985 sicut
2913 2931 3058 3001 elegit
3105 2949 3196 2984 nos
3237 2933 3288 2984 in
3327 2933 3438 3001 ipso
3475 2942 3592 2985 ante

2005 3018 2179 3072 mundi
2207 3020 2630 3087 constitutionem,
2670 3031 2724 3074 ut
2750 3038 2968 3075 essemus
2995 3023 3157 3076 sancti
3196 3032 3240 3075 et
3280 3023 3592 3076 immaculati

2002 3109 2056 3163 in
2083 3119 2348 3179 conspectu
2372 3111 2481 3181 ejus
2508 3112 2562 3164 in
2589 3112 2858 3178 charitate,
2905 3111 3272 3180 pra’destinans
3299 3128 3389 3164 nos
3416 3111 3468 3164 in
3493 3112 3587 3164 ad-

2005 3201 2258 3269 optionem
2281 3202 2503 3270 ﬁliorunt
2523 3218 2613 3272 per
2639 3200 2817 3256 Iesum
2841 3200 3094 3256 Christum
3115 3217 3166 3254 in
3196 3202 3382 3269 ipsum,
3413 3217 3593 3254 secun-

2004 3293 2124 3346 dum
2152 3292 2392 3363 placitum
2417 3291 2686 3346 voluntatis
2727 3309 2854 3359 suae,
2883 3293 2934 3346 in
2961 3309 3062 3362 qua
3096 3293 3396 3363 gratiﬁcavit
3420 3309 3509 3346 nos
3539 3293 3591 3346 in

2004 3384 2186 3438 dilecto
2223 3383 2362 3438 Filio
2393 3401 2517 3449 suo;
2560 3385 2614 3438 in
2651 3400 2750 3454 quo
2797 3384 3035 3438 habemus
3071 3384 3460 3453 redemptionem
3503 3400 3592 3452 per

2002 3477 2296 3546 sanguinem
2344 3476 2523 3545 ipsius,
2567 3476 2909 3529 remissionem
2955 3485 3272 3544 peccatorum
3314 3473 3588 3528 secundum

2004 3569 2202 3622 divitias
2229 3568 2407 3638 gratia:
2435 3569 2562 3636 ejus,
2593 3584 2706 3637 qua:
2725 3567 2994 3622 abundauit
3025 3569 3077 3621 in
3107 3584 3197 3620 nos
3227 3569 3246 3598 ²
3267 3568 3321 3620 in
3346 3567 3482 3620 onmi
3501 3583 3587 3620 sa-

2005 3660 2191 3730 pientia
2219 3670 2266 3714 et
2288 3660 2571 3728 prudentia,
2613 3670 2668 3713 ut
2709 3661 2984 3715 ostenderet
3016 3660 3157 3714 nobis
3190 3661 3478 3730 mysterium
3503 3676 3591 3713 vo-

2003 3750 2210 3803 luntatis
2237 3765 2362 3816 suae,
2393 3751 2665 3803 secundum
2703 3751 2883 3804 bonam
2909 3749 3214 3804 voluntatem
3240 3767 3405 3816 suam,
3434 3766 3584 3820 quam

2005 3841 2265 3910 proposuit
2301 3841 2352 3893 in
2378 3841 2488 3904 illo,
2525 3841 2576 3893 in
2606 3841 2978 3910 dispensatione
2999 3840 3019 3871 ³
3041 3841 3369 3911 plenitudinis
3397 3851 3591 3910 tempo-

2001 3948 2116 3986 rum
2157 3933 2440 3985 instaurare
2463 3932 2633 3984 omnia
2672 3933 2725 3986 in
2763 3932 2981 3996 Christo,
3025 3948 3138 4002 qua:
3161 3933 3214 3986 in
3243 3933 3378 3987 caelis
3403 3943 3516 3987 sunt
3543 3943 3588 3986 et

2003 4038 2114 4093 qua:
2137 4023 2189 4076 in
2215 4024 2358 4077 terris
2385 4024 2438 4076 in
2462 4024 2573 4092 ipso
2601 4039 2618 4076 :
2643 4024 2696 4076 in
2735 4040 2834 4094 quo
2863 4024 3013 4079 etiam
3037 4033 3084 4078 et
3112 4034 3297 4078 sortem
3337 4025 3589 4079 consecuti

2003 4131 2193 4179 sumus,
2227 4116 2568 4186 prtedeslinati
2615 4117 2891 4170 secundum
2944 4119 3255 4188 propositum
3281 4117 3324 4183 ⁸,
3351 4119 3436 4189 qui
3473 4119 3589 4172 uni-

2003 4222 2144 4262 versa
2189 4217 2428 4277 aperatur
2467 4208 2744 4261 secundum
2783 4209 3050 4262 consilium
3075 4208 3348 4263 uoluntatis
3375 4225 3502 4276 sum,
3532 4219 3588 4262 ut

2003 4300 2160 4354 simus
2191 4301 2243 4352 in
2287 4299 2487 4353 laudem
2537 4299 2714 4370 gloria
2750 4302 2860 4372 ejus
2886 4298 3100 4371 (Ep/tes.
3155 4317 3193 4366 ι,
3223 4299 3379 4372 3-12)
3405 4318 3418 4354 :
3445 4300 3586 4370 quis,

2005 4390 2237 4459 inquam,
2271 4389 2384 4444 tunc
2411 4390 2589 4444 audiat
2616 4391 2899 4460 diligenter
2923 4400 2977 4445 et
3016 4391 3388 4462 intelligenter,
3418 4401 3472 4445 et
3493 4407 3588 4446 au-

2003 4480 2124 4534 deat
2151 4480 2218 4534 de
2249 4479 2368 4542 hac,
2398 4497 2554 4549 quam
2582 4481 2935 4547 defendimus,
2960 4492 3065 4536 tam
3089 4485 3230 4537 clara
3253 4484 3472 4538 veritate
3491 4483 3587 4538 du-

2003 4569 2173 4623 bitare
2204 4571 2262 4624 ’ἲ
2290 4572 2459 4641 Elegit
2494 4574 2633 4626 Deus
2675 4574 2724 4626 in
2750 4573 2966 4627 Christo
2998 4585 3120 4628 ante
3156 4575 3596 4648 constitutionem

2003 4661 2186 4715 mundi
2235 4663 2470 4716 membra
2505 4663 2664 4731 ejus:
2708 4672 2761 4717 et
2785 4665 3052 4731 quomodo
3097 4665 3316 4735 eligeret
3358 4682 3452 4721 cos
3497 4666 3586 4735 qui

2004 4751 2238 4806 nondum
2269 4763 2442 4819 erant,
2473 4754 2571 4807 nisi
2601 4755 3068 4823 praedestinando?
3096 4757 3267 4828 Elegit
3295 4774 3423 4829 ergo
3450 4774 3588 4829 pra:-

2003 4843 2275 4898 destinans
2317 4858 2435 4898 nos.
2483 4843 2748 4914 Numquid
2789 4846 3009 4916 eligeret
3048 4847 3238 4917 impios
3277 4859 3331 4902 et
3357 4850 3588 4905 immun-

2003 4936 2137 4992 dos?
2161 4936 2292 4990 Nam
2319 4937 2363 4992 si
2391 4936 2614 5008 quiestio
2658 4949 3002 5008 proponatur,
3041 4949 3217 4994 utrum
3261 4941 3359 4996 hos
3404 4943 3583 5014 eligat,

2067 5119 2083 5188 ξ
2108 5117 2246 5188 Editl,
2271 5116 2428 5188 elegit.
2455 5117 2623 5188 Plures
2643 5125 2774 5188 sise...
2798 5118 2946 5184 eligit.

2065 5182 2084 5242 ξ
2112 5178 2485 5242 Plerique'Mss.,
2509 5178 2726 5242 innubis.

2068 5241 2210 5288 3am.
2253 5240 2330 5290 ‘et
2383 5247 2489 5314 F.r.,
2545 5240 2595 5314 in
2637 5241 2957 5314 dispositione.
2998 5249 3168 5314 _M_ss.r,
3205 5243 3587 5314 .m_.(lisp08ilfm

2000 5315 2144 5363 nem;
2177 5315 2273 5352 uno
2319 5311 2528 5365 excepto
2552 5304 2834 5353 Corbeiensi
2869 5306 2953 5367 qui
2998 5305 3164 5364 habet,
3197 5304 3248 5354 in
3270 5304 3584 5369 dispensatio-

2000 5377 2125 5414 nem.

2064 5426 2090 5491 ‘_
2111 5425 2231 5491 Editi
2250 5426 2341 5474 hoc
2365 5427 2660 5491 et_proximo
2691 5425 2816 5485 loco,
2850 5427 3145 5491 propositum
3181 5427 3302 5491 ejus.
3332 5435 3385 5491 at
3421 5441 3587 5491 manu-

1999 5488 2162 5548 scripti
2189 5487 2266 5536 hic
2289 5495 2340 5536 et
2362 5488 2484 5550 infra
2507 5496 2809 5550 constanter,
2821 5487 3011 5550 necnon
3025 5491 3114 5550 Ipsi
3134 5489 3249 5537 editi
3274 5489 3412 5545 infra,
3439 5503 3487 5536 ιι.
3504 5490 3583 5547 58,

2000 5547 2326 5612 [ιιξτιξὶει-οιιιιῐ,
2360 5547 2464 5610 ejus
2493 5560 2510 5598 :
2534 5550 2660 5612 quod
2701 5549 2968 5612 exillicandi
3003 5547 3093 5612 loci
3141 5560 3280 5598 causa
3300 5585 3312 5607 ,
3340 5563 3385 5597 ιι.
3414 5551 3492 5610 57,
3517 5564 3587 5612 sic

1999 5609 2160 5679 adjicit
2181 5609 2472 5672 augustinus
2495 5624 2508 5659 ε
2528 5609 2800 5661 secundum
2822 5609 3131 5674 propositum,
3145 5621 3237 5659 non
3251 5616 3479 5671 nostrum,
3500 5611 3586 5662 sed

1999 5684 2223 5803 ίῗηέςῒθιδε.
2253 5735 2474 5803 Gallicani
2496 5748 2667 5803 omnes
2685 5742 2737 5784 et
2752 5735 2978 5803 Vaticani,
3005 5734 3063 5784 de
3105 5733 3193 5783 .‘utc
3215 5747 3291 5796 re,
3327 5747 3471 5799 quam
3503 5737 3583 5786 tle-

2000 5795 2244 5858 fendimns
2269 5803 2366 5846 tam
2390 5797 2526 5847 clara
2542 5798 2757 5853 veritate.
2777 5795 3012 5846 dubitare.
