  <div class='ocr_page' id='page_1' title='image "/cluster/home/n/w/nwhite01/storage/ocr_20150623/44-45/uva.x000217727/497.png"; bbox 0 0 4102 6512; ppageno 0'>
   <div class='ocr_carea' id='block_1_1' title="bbox 533 391 634 447">
    <p class='ocr_par' dir='ltr' id='par_1_1' title="bbox 533 391 634 447">
     <span class='ocr_line' id='line_1_1' title="bbox 533 391 634 447; baseline 0.04 -4"><span class='ocrx_word' id='word_1_1' title='bbox 533 391 634 447; x_wconf 75' lang='lat'><strong>987</strong></span> 
     </span>
    </p>
   </div>
   <div class='ocr_carea' id='block_1_2' title="bbox 534 486 2098 580">
    <p class='ocr_par' dir='ltr' id='par_1_2' title="bbox 534 486 2098 580">
     <span class='ocr_line' id='line_1_2' title="bbox 534 486 2098 580; baseline -0.021 -16"><span class='ocrx_word' id='word_1_2' title='bbox 534 526 600 564; x_wconf 84' lang='lat' dir='ltr'><strong>an</strong></span> <span class='ocrx_word' id='word_1_3' title='bbox 620 509 789 580; x_wconf 89' lang='lat' dir='ltr'><strong>potius</strong></span> <span class='ocrx_word' id='word_1_4' title='bbox 811 516 1017 562; x_wconf 87' lang='lat' dir='ltr'><strong>sanctos</strong></span> <span class='ocrx_word' id='word_1_5' title='bbox 1041 513 1093 558; x_wconf 89' lang='lat' dir='ltr'><strong>et</strong></span> <span class='ocrx_word' id='word_1_6' title='bbox 1113 493 1502 555; x_wconf 87' lang='lat' dir='ltr'><strong>immaculatos;</strong></span> <span class='ocrx_word' id='word_1_7' title='bbox 1524 486 1646 559; x_wconf 89' lang='lat' dir='ltr'><strong>quid</strong></span> <span class='ocrx_word' id='word_1_8' title='bbox 1667 486 1854 539; x_wconf 88' lang='lat' dir='ltr'><strong>borum</strong></span> <span class='ocrx_word' id='word_1_9' title='bbox 1877 495 2098 550; x_wconf 89' lang='lat' dir='ltr'><strong>respon-</strong></span> 
     </span>
    </p>
   </div>
   <div class='ocr_carea' id='block_1_3' title="bbox 536 571 2103 668">
    <p class='ocr_par' dir='ltr' id='par_1_3' title="bbox 536 571 2103 668">
     <span class='ocr_line' id='line_1_3' title="bbox 536 571 2103 668; baseline -0.02 -13"><span class='ocrx_word' id='word_1_10' title='bbox 536 571 658 655; x_wconf 77' lang='lat' dir='ltr'><strong>deat</strong></span> <span class='ocrx_word' id='word_1_11' title='bbox 684 599 803 668; x_wconf 84' lang='lat' dir='ltr'><strong>quis</strong></span> <span class='ocrx_word' id='word_1_12' title='bbox 847 594 1077 664; x_wconf 89' lang='lat' dir='ltr'><strong>requirat</strong></span> <span class='ocrx_word' id='word_1_13' title='bbox 1115 593 1155 658; x_wconf 86' lang='grc'><strong>¹,</strong></span> <span class='ocrx_word' id='word_1_14' title='bbox 1183 603 1244 643; x_wconf 89' lang='lat' dir='ltr'><strong>ac</strong></span> <span class='ocrx_word' id='word_1_15' title='bbox 1289 601 1392 639; x_wconf 89' lang='lat' dir='ltr'><strong>non</strong></span> <span class='ocrx_word' id='word_1_16' title='bbox 1420 581 1596 636; x_wconf 90' lang='lat' dir='ltr'><strong>statim</strong></span> <span class='ocrx_word' id='word_1_17' title='bbox 1625 578 1760 633; x_wconf 84' lang='lat' dir='ltr'><strong>ferat</strong></span> <span class='ocrx_word' id='word_1_18' title='bbox 1784 589 1880 644; x_wconf 86' lang='lat' dir='ltr'><strong>pro</strong></span> <span class='ocrx_word' id='word_1_19' title='bbox 1906 571 2103 628; x_wconf 75' lang='lat' dir='ltr'><strong>sanctis</strong></span> 
     </span>
    </p>
   </div>
   <div class='ocr_carea' id='block_1_4' title="bbox 541 677 1376 755">
    <p class='ocr_par' dir='ltr' id='par_1_4' title="bbox 541 677 1376 755">
     <span class='ocr_line' id='line_1_4' title="bbox 541 677 1376 755; baseline -0.016 -11"><span class='ocrx_word' id='word_1_20' title='bbox 541 687 990 755; x_wconf 80' lang='lat' dir='ltr'><strong>immaculatisquc</strong></span> <span class='ocrx_word' id='word_1_21' title='bbox 1017 677 1376 738; x_wconf 78' lang='lat' dir='ltr'><strong>sententiam?</strong></span> 
     </span>
    </p>
   </div>
   <div class='ocr_carea' id='block_1_5' title="bbox 609 753 2110 841">
    <p class='ocr_par' dir='ltr' id='par_1_5' title="bbox 609 753 2110 841">
     <span class='ocr_line' id='line_1_5' title="bbox 609 753 2110 841; baseline -0.019 -8"><span class='ocrx_word' id='word_1_22' title='bbox 609 781 695 834; x_wconf 79' lang='lat'><strong>56.</strong></span> <span class='ocrx_word' id='word_1_23' title='bbox 730 797 748 830; x_wconf 80' lang='grc' dir='ltr'><strong>ι</strong></span> <span class='ocrx_word' id='word_1_24' title='bbox 783 776 1095 831; x_wconf 70' lang='lat' dir='ltr'><strong>l‘rmsciebat</strong></span> <span class='ocrx_word' id='word_1_25' title='bbox 1126 789 1250 841; x_wconf 76' lang='lat' dir='ltr'><strong>ergo</strong></span> <span class='ocrx_word' id='word_1_26' title='bbox 1287 791 1333 830; x_wconf 73' lang='grc' dir='ltr'>ι.</span> <span class='ocrx_word' id='word_1_27' title='bbox 1362 769 1432 821; x_wconf 87' lang='lat' dir='ltr'><strong>ait</strong></span> <span class='ocrx_word' id='word_1_28' title='bbox 1474 762 1806 833; x_wconf 73' lang='lat' dir='ltr'><strong>Pelagianos,</strong></span> <span class='ocrx_word' id='word_1_29' title='bbox 1843 775 1864 809; x_wconf 74' lang='grc' dir='ltr'><strong>ι</strong></span> <span class='ocrx_word' id='word_1_30' title='bbox 1897 755 1986 824; x_wconf 87' lang='lat' dir='ltr'><strong>qui</strong></span> <span class='ocrx_word' id='word_1_31' title='bbox 2033 753 2110 806; x_wconf 76' lang='grc' dir='ltr'>[ιι-</span> 
     </span>
    </p>
   </div>
   <div class='ocr_carea' id='block_1_6' title="bbox 541 843 2110 923">
    <p class='ocr_par' dir='ltr' id='par_1_6' title="bbox 541 843 2110 923">
     <span class='ocr_line' id='line_1_6' title="bbox 541 843 2110 923; baseline -0.017 -1"><span class='ocrx_word' id='word_1_32' title='bbox 541 869 641 922; x_wconf 89' lang='lat' dir='ltr'><strong>turi</strong></span> <span class='ocrx_word' id='word_1_33' title='bbox 671 877 847 921; x_wconf 86' lang='lat' dir='ltr'><strong>essent</strong></span> <span class='ocrx_word' id='word_1_34' title='bbox 876 865 1038 920; x_wconf 78' lang='lat' dir='ltr'><strong>sancti</strong></span> <span class='ocrx_word' id='word_1_35' title='bbox 1065 875 1117 919; x_wconf 87' lang='lat' dir='ltr'><strong>et</strong></span> <span class='ocrx_word' id='word_1_36' title='bbox 1157 857 1472 915; x_wconf 88' lang='lat' dir='ltr'><strong>immaculati</strong></span> <span class='ocrx_word' id='word_1_37' title='bbox 1501 871 1592 923; x_wconf 88' lang='lat' dir='ltr'><strong>per</strong></span> <span class='ocrx_word' id='word_1_38' title='bbox 1619 852 1796 906; x_wconf 79' lang='lat' dir='ltr'><strong>liberte</strong></span> <span class='ocrx_word' id='word_1_39' title='bbox 1824 843 2110 900; x_wconf 80' lang='lat' dir='ltr'><strong>voluntatis</strong></span> 
     </span>
    </p>
   </div>
   <div class='ocr_carea' id='block_1_7' title="bbox 539 936 2109 1012">
    <p class='ocr_par' dir='ltr' id='par_1_7' title="bbox 539 936 2109 1012">
     <span class='ocr_line' id='line_1_7' title="bbox 539 936 2109 1012; baseline -0.016 1"><span class='ocrx_word' id='word_1_40' title='bbox 539 959 810 1012; x_wconf 85' lang='lat' dir='ltr'><strong>arbitrium</strong></span> <span class='ocrx_word' id='word_1_41' title='bbox 845 975 858 1010; x_wconf 89' lang='lat'><strong>:</strong></span> <span class='ocrx_word' id='word_1_42' title='bbox 891 968 943 1012; x_wconf 86' lang='lat' dir='ltr'><strong>et</strong></span> <span class='ocrx_word' id='word_1_43' title='bbox 972 957 1090 1012; x_wconf 88' lang='lat' dir='ltr'><strong>ideo</strong></span> <span class='ocrx_word' id='word_1_44' title='bbox 1115 969 1209 1010; x_wconf 89' lang='lat' dir='ltr'><strong>eos</strong></span> <span class='ocrx_word' id='word_1_45' title='bbox 1237 959 1358 1005; x_wconf 86' lang='lat' dir='ltr'><strong>ante</strong></span> <span class='ocrx_word' id='word_1_46' title='bbox 1387 945 1567 1002; x_wconf 89' lang='lat' dir='ltr'><strong>mundi</strong></span> <span class='ocrx_word' id='word_1_47' title='bbox 1597 939 2024 997; x_wconf 82' lang='lat' dir='ltr'><strong>constitutionem</strong></span> <span class='ocrx_word' id='word_1_48' title='bbox 2056 936 2109 988; x_wconf 90' lang='lat' dir='ltr'><strong>in</strong></span> 
     </span>
    </p>
   </div>
   <div class='ocr_carea' id='block_1_8' title="bbox 542 1026 2108 1118">
    <p class='ocr_par' dir='ltr' id='par_1_8' title="bbox 542 1026 2108 1118">
     <span class='ocr_line' id='line_1_8' title="bbox 542 1026 2108 1118; baseline -0.017 -15"><span class='ocrx_word' id='word_1_49' title='bbox 542 1049 652 1118; x_wconf 88' lang='lat' dir='ltr'><strong>ipsa</strong></span> <span class='ocrx_word' id='word_1_50' title='bbox 680 1065 771 1102; x_wconf 87' lang='lat' dir='ltr'><strong>sua</strong></span> <span class='ocrx_word' id='word_1_51' title='bbox 803 1048 1151 1117; x_wconf 65' lang='lat' dir='ltr'><strong>prarscientia,</strong></span> <span class='ocrx_word' id='word_1_52' title='bbox 1179 1059 1280 1115; x_wconf 90' lang='lat' dir='ltr'><strong>qua</strong></span> <span class='ocrx_word' id='word_1_53' title='bbox 1309 1039 1441 1095; x_wconf 90' lang='lat' dir='ltr'><strong>tales</strong></span> <span class='ocrx_word' id='word_1_54' title='bbox 1469 1037 1670 1090; x_wconf 79' lang='lat' dir='ltr'><strong>futuros</strong></span> <span class='ocrx_word' id='word_1_55' title='bbox 1685 1047 1803 1086; x_wconf 89' lang='lat' dir='ltr'><strong>esse</strong></span> <span class='ocrx_word' id='word_1_56' title='bbox 1827 1026 2108 1097; x_wconf 72' lang='lat' dir='ltr'><strong>prmscivlt,</strong></span> 
     </span>
    </p>
   </div>
   <div class='ocr_carea' id='block_1_9' title="bbox 541 1127 2116 1209">
    <p class='ocr_par' dir='ltr' id='par_1_9' title="bbox 541 1127 2116 1209">
     <span class='ocr_line' id='line_1_9' title="bbox 541 1127 2116 1209; baseline -0.015 -16"><span class='ocrx_word' id='word_1_57' title='bbox 541 1141 718 1209; x_wconf 82' lang='lat' dir='ltr'><strong>elegit.</strong></span> <span class='ocrx_word' id='word_1_58' title='bbox 749 1141 919 1208; x_wconf 74' lang='lat' dir='ltr'><strong>Elegit</strong></span> <span class='ocrx_word' id='word_1_59' title='bbox 947 1155 1094 1208; x_wconf 79' lang='lat' dir='ltr'><strong>ergo,</strong></span> <span class='ocrx_word' id='word_1_60' title='bbox 1133 1158 1150 1190; x_wconf 82' lang='lat' dir='ltr'><strong>s</strong></span> <span class='ocrx_word' id='word_1_61' title='bbox 1188 1136 1375 1205; x_wconf 83' lang='lat' dir='ltr'><strong>inquit,</strong></span> <span class='ocrx_word' id='word_1_62' title='bbox 1409 1147 1428 1182; x_wconf 81' lang='grc' dir='ltr'><strong>ι</strong></span> <span class='ocrx_word' id='word_1_63' title='bbox 1465 1135 1746 1196; x_wconf 85' lang='lat' dir='ltr'><strong>antequam</strong></span> <span class='ocrx_word' id='word_1_64' title='bbox 1767 1127 1965 1182; x_wconf 85' lang='lat' dir='ltr'><strong>essent,</strong></span> <span class='ocrx_word' id='word_1_65' title='bbox 1987 1133 2116 1188; x_wconf 73' lang='lat' dir='ltr'><strong>prte-</strong></span> 
     </span>
    </p>
   </div>
   <div class='ocr_carea' id='block_1_10' title="bbox 541 1212 2116 1298">
    <p class='ocr_par' dir='ltr' id='par_1_10' title="bbox 541 1212 2116 1298">
     <span class='ocr_line' id='line_1_10' title="bbox 541 1212 2116 1298; baseline -0.014 -14"><span class='ocrx_word' id='word_1_66' title='bbox 541 1229 813 1284; x_wconf 88' lang='lat' dir='ltr'><strong>dcstinans</strong></span> <span class='ocrx_word' id='word_1_67' title='bbox 841 1231 994 1292; x_wconf 87' lang='lat' dir='ltr'><strong>tilios,</strong></span> <span class='ocrx_word' id='word_1_68' title='bbox 1023 1243 1155 1298; x_wconf 91' lang='lat' dir='ltr'><strong>quos</strong></span> <span class='ocrx_word' id='word_1_69' title='bbox 1177 1227 1380 1280; x_wconf 79' lang='lat' dir='ltr'><strong>futuros</strong></span> <span class='ocrx_word' id='word_1_70' title='bbox 1405 1226 1619 1275; x_wconf 88' lang='lat' dir='ltr'><strong>sanctos</strong></span> <span class='ocrx_word' id='word_1_71' title='bbox 1645 1212 2116 1278; x_wconf 86' lang='lat' dir='ltr'><strong>immaculatosque</strong></span> 
     </span>
    </p>
   </div>
   <div class='ocr_carea' id='block_1_11' title="bbox 544 1302 2111 1387">
    <p class='ocr_par' dir='ltr' id='par_1_11' title="bbox 544 1302 2111 1387">
     <span class='ocr_line' id='line_1_11' title="bbox 544 1302 2111 1387; baseline -0.014 -15"><span class='ocrx_word' id='word_1_72' title='bbox 544 1321 849 1387; x_wconf 69' lang='lat' dir='ltr'><strong>prmscivit:</strong></span> <span class='ocrx_word' id='word_1_73' title='bbox 891 1319 1068 1387; x_wconf 87' lang='lat' dir='ltr'><strong>utique</strong></span> <span class='ocrx_word' id='word_1_74' title='bbox 1109 1317 1221 1386; x_wconf 90' lang='lat' dir='ltr'><strong>ipse</strong></span> <span class='ocrx_word' id='word_1_75' title='bbox 1251 1329 1355 1368; x_wconf 91' lang='lat' dir='ltr'><strong>non</strong></span> <span class='ocrx_word' id='word_1_76' title='bbox 1401 1311 1543 1374; x_wconf 82' lang='lat' dir='ltr'><strong>fecit,</strong></span> <span class='ocrx_word' id='word_1_77' title='bbox 1589 1321 1688 1360; x_wconf 90' lang='lat' dir='ltr'><strong>nec</strong></span> <span class='ocrx_word' id='word_1_78' title='bbox 1735 1319 1792 1358; x_wconf 89' lang='lat' dir='ltr'><strong>se</strong></span> <span class='ocrx_word' id='word_1_79' title='bbox 1833 1302 2111 1362; x_wconf 80' lang='lat' dir='ltr'><strong>facturum,</strong></span> 
     </span>
    </p>
   </div>
   <div class='ocr_carea' id='block_1_12' title="bbox 546 1390 2115 1476">
    <p class='ocr_par' dir='ltr' id='par_1_12' title="bbox 546 1390 2115 1476">
     <span class='ocr_line' id='line_1_12' title="bbox 546 1390 2115 1476; baseline -0.015 -11"><span class='ocrx_word' id='word_1_80' title='bbox 546 1412 637 1465; x_wconf 88' lang='lat' dir='ltr'><strong>sed</strong></span> <span class='ocrx_word' id='word_1_81' title='bbox 662 1412 780 1465; x_wconf 87' lang='lat' dir='ltr'><strong>illos</strong></span> <span class='ocrx_word' id='word_1_82' title='bbox 801 1411 1003 1464; x_wconf 81' lang='lat' dir='ltr'><strong>futuros</strong></span> <span class='ocrx_word' id='word_1_83' title='bbox 1018 1424 1135 1464; x_wconf 88' lang='lat' dir='ltr'><strong>esse</strong></span> <span class='ocrx_word' id='word_1_84' title='bbox 1153 1404 1406 1476; x_wconf 79' lang='lat' dir='ltr'><strong>pr:evidit.</strong></span> <span class='ocrx_word' id='word_1_85' title='bbox 1437 1421 1456 1453; x_wconf 75' lang='grc' dir='ltr'><strong>ι</strong></span> <span class='ocrx_word' id='word_1_86' title='bbox 1489 1401 1790 1455; x_wconf 90' lang='lat' dir='ltr'><strong>lntueamur</strong></span> <span class='ocrx_word' id='word_1_87' title='bbox 1809 1408 1936 1463; x_wconf 87' lang='lat' dir='ltr'><strong>ergo</strong></span> <span class='ocrx_word' id='word_1_88' title='bbox 1955 1390 2115 1444; x_wconf 87' lang='lat' dir='ltr'><strong>verba</strong></span> 
     </span>
    </p>
   </div>
   <div class='ocr_carea' id='block_1_13' title="bbox 547 1485 2116 1570">
    <p class='ocr_par' dir='ltr' id='par_1_13' title="bbox 547 1485 2116 1570">
     <span class='ocr_line' id='line_1_13' title="bbox 547 1485 2116 1570; baseline -0.011 -16"><span class='ocrx_word' id='word_1_89' title='bbox 547 1503 806 1570; x_wconf 77' lang='lat' dir='ltr'><strong>Apostoli,</strong></span> <span class='ocrx_word' id='word_1_90' title='bbox 854 1509 1008 1570; x_wconf 88' lang='lat' dir='ltr'><strong>atque</strong></span> <span class='ocrx_word' id='word_1_91' title='bbox 1050 1499 1317 1553; x_wconf 79' lang='lat' dir='ltr'><strong>videamus</strong></span> <span class='ocrx_word' id='word_1_92' title='bbox 1357 1502 1530 1549; x_wconf 91' lang='lat' dir='ltr'><strong>utrum</strong></span> <span class='ocrx_word' id='word_1_93' title='bbox 1562 1498 1838 1561; x_wconf 81' lang='lat' dir='ltr'><strong>propterea</strong></span> <span class='ocrx_word' id='word_1_94' title='bbox 1881 1501 1978 1540; x_wconf 88' lang='lat' dir='ltr'><strong>nos</strong></span> <span class='ocrx_word' id='word_1_95' title='bbox 2003 1485 2116 1538; x_wconf 85' lang='lat' dir='ltr'><strong>ele-</strong></span> 
     </span>
    </p>
   </div>
   <div class='ocr_carea' id='block_1_14' title="bbox 547 1576 2118 1661">
    <p class='ocr_par' dir='ltr' id='par_1_14' title="bbox 547 1576 2118 1661">
     <span class='ocr_line' id='line_1_14' title="bbox 547 1576 2118 1661; baseline -0.011 -17"><span class='ocrx_word' id='word_1_96' title='bbox 547 1593 684 1661; x_wconf 80' lang='lat' dir='ltr'><strong>gerit</strong></span> <span class='ocrx_word' id='word_1_97' title='bbox 717 1601 839 1645; x_wconf 90' lang='lat' dir='ltr'><strong>ante</strong></span> <span class='ocrx_word' id='word_1_98' title='bbox 881 1591 1060 1644; x_wconf 87' lang='lat' dir='ltr'><strong>mundi</strong></span> <span class='ocrx_word' id='word_1_99' title='bbox 1107 1585 1533 1644; x_wconf 73' lang='lat' dir='ltr'><strong>coxtstitutionem</strong></span> <span class='ocrx_word' id='word_1_100' title='bbox 1561 1625 1575 1648; x_wconf 94' lang='lat'><strong>,</strong></span> <span class='ocrx_word' id='word_1_101' title='bbox 1601 1585 1720 1651; x_wconf 87' lang='lat' dir='ltr'><strong>quia</strong></span> <span class='ocrx_word' id='word_1_102' title='bbox 1747 1578 1911 1633; x_wconf 86' lang='lat' dir='ltr'><strong>sancti</strong></span> <span class='ocrx_word' id='word_1_103' title='bbox 1939 1585 1992 1630; x_wconf 90' lang='lat' dir='ltr'><strong>et</strong></span> <span class='ocrx_word' id='word_1_104' title='bbox 2020 1576 2118 1628; x_wconf 90' lang='lat' dir='ltr'><strong>im-</strong></span> 
     </span>
    </p>
   </div>
   <div class='ocr_carea' id='block_1_15' title="bbox 549 1667 2114 1745">
    <p class='ocr_par' dir='ltr' id='par_1_15' title="bbox 549 1667 2114 1745">
     <span class='ocr_line' id='line_1_15' title="bbox 549 1667 2114 1745; baseline -0.009 -9"><span class='ocrx_word' id='word_1_105' title='bbox 549 1685 792 1738; x_wconf 87' lang='lat' dir='ltr'><strong>maculati</strong></span> <span class='ocrx_word' id='word_1_106' title='bbox 825 1683 982 1737; x_wconf 85' lang='lat' dir='ltr'><strong>futuri</strong></span> <span class='ocrx_word' id='word_1_107' title='bbox 1028 1695 1257 1745; x_wconf 84' lang='lat' dir='ltr'><strong>eramus,</strong></span> <span class='ocrx_word' id='word_1_108' title='bbox 1299 1695 1366 1732; x_wconf 89' lang='lat' dir='ltr'><strong>an</strong></span> <span class='ocrx_word' id='word_1_109' title='bbox 1405 1684 1461 1730; x_wconf 91' lang='lat' dir='ltr'><strong>ut</strong></span> <span class='ocrx_word' id='word_1_110' title='bbox 1498 1687 1754 1731; x_wconf 89' lang='lat' dir='ltr'><strong>essemus.</strong></span> <span class='ocrx_word' id='word_1_111' title='bbox 1799 1667 2114 1732; x_wconf 75' lang='lat' dir='ltr'><strong>Benedictus,</strong></span> 
     </span>
    </p>
   </div>
   <div class='ocr_carea' id='block_1_16' title="bbox 551 1757 2120 1844">
    <p class='ocr_par' dir='ltr' id='par_1_16' title="bbox 551 1757 2120 1844">
     <span class='ocr_line' id='line_1_16' title="bbox 551 1757 2120 1844; baseline -0.011 -16"><span class='ocrx_word' id='word_1_112' title='bbox 551 1776 738 1844; x_wconf 89' lang='lat' dir='ltr'><strong>inquit,</strong></span> <span class='ocrx_word' id='word_1_113' title='bbox 773 1775 908 1828; x_wconf 85' lang='lat' dir='ltr'><strong>Deus</strong></span> <span class='ocrx_word' id='word_1_114' title='bbox 936 1785 983 1829; x_wconf 90' lang='lat' dir='ltr'><strong>et</strong></span> <span class='ocrx_word' id='word_1_115' title='bbox 1015 1774 1170 1828; x_wconf 84' lang='lat' dir='ltr'><strong>Pater</strong></span> <span class='ocrx_word' id='word_1_116' title='bbox 1201 1770 1404 1824; x_wconf 82' lang='lat' dir='ltr'><strong>Domini</strong></span> <span class='ocrx_word' id='word_1_117' title='bbox 1442 1767 1598 1821; x_wconf 80' lang='lat' dir='ltr'><strong>nostri</strong></span> <span class='ocrx_word' id='word_1_118' title='bbox 1640 1763 1762 1817; x_wconf 79' lang='lat' dir='ltr'><strong>Jesu</strong></span> <span class='ocrx_word' id='word_1_119' title='bbox 1793 1761 1998 1822; x_wconf 79' lang='lat' dir='ltr'><strong>Christi,</strong></span> <span class='ocrx_word' id='word_1_120' title='bbox 2036 1757 2120 1826; x_wconf 87' lang='lat' dir='ltr'><strong>qui</strong></span> 
     </span>
    </p>
   </div>
   <div class='ocr_carea' id='block_1_17' title="bbox 550 1849 2120 1926">
    <p class='ocr_par' dir='ltr' id='par_1_17' title="bbox 550 1849 2120 1926">
     <span class='ocr_line' id='line_1_17' title="bbox 550 1849 2120 1926; baseline -0.011 -7"><span class='ocrx_word' id='word_1_121' title='bbox 550 1881 641 1919; x_wconf 85' lang='lat' dir='ltr'><strong>nos</strong></span> <span class='ocrx_word' id='word_1_122' title='bbox 663 1865 905 1918; x_wconf 74' lang='lat' dir='ltr'><strong>benedixit</strong></span> <span class='ocrx_word' id='word_1_123' title='bbox 925 1867 972 1917; x_wconf 90' lang='lat' dir='ltr'><strong>in</strong></span> <span class='ocrx_word' id='word_1_124' title='bbox 999 1865 1135 1917; x_wconf 89' lang='lat' dir='ltr'><strong>omni</strong></span> <span class='ocrx_word' id='word_1_125' title='bbox 1160 1860 1495 1916; x_wconf 84' lang='lat' dir='ltr'><strong>benedictione</strong></span> <span class='ocrx_word' id='word_1_126' title='bbox 1513 1852 1762 1926; x_wconf 81' lang='lat' dir='ltr'><strong>spiritttali</strong></span> <span class='ocrx_word' id='word_1_127' title='bbox 1777 1852 1828 1904; x_wconf 87' lang='lat' dir='ltr'><strong>in</strong></span> <span class='ocrx_word' id='word_1_128' title='bbox 1845 1849 2120 1904; x_wconf 76' lang='lat' dir='ltr'><strong>cmlestibus</strong></span> 
     </span>
    </p>
   </div>
   <div class='ocr_carea' id='block_1_18' title="bbox 551 1941 2122 2023">
    <p class='ocr_par' dir='ltr' id='par_1_18' title="bbox 551 1941 2122 2023">
     <span class='ocr_line' id='line_1_18' title="bbox 551 1941 2122 2023; baseline -0.01 -14"><span class='ocrx_word' id='word_1_129' title='bbox 551 1957 602 2009; x_wconf 89' lang='lat' dir='ltr'><strong>in</strong></span> <span class='ocrx_word' id='word_1_130' title='bbox 621 1955 816 2010; x_wconf 75' lang='lat' dir='ltr'><strong>Christo</strong></span> <span class='ocrx_word' id='word_1_131' title='bbox 843 1972 859 2008; x_wconf 94' lang='lat'><strong><em>:</em></strong></span> <span class='ocrx_word' id='word_1_132' title='bbox 880 1957 1004 2008; x_wconf 88' lang='lat' dir='ltr'><strong>sicut</strong></span> <span class='ocrx_word' id='word_1_133' title='bbox 1021 1955 1166 2023; x_wconf 84' lang='lat' dir='ltr'><strong>elegit</strong></span> <span class='ocrx_word' id='word_1_134' title='bbox 1187 1969 1275 2005; x_wconf 90' lang='lat' dir='ltr'><strong>nos</strong></span> <span class='ocrx_word' id='word_1_135' title='bbox 1291 1953 1342 2006; x_wconf 89' lang='lat' dir='ltr'><strong>in</strong></span> <span class='ocrx_word' id='word_1_136' title='bbox 1364 1952 1473 2019; x_wconf 88' lang='lat' dir='ltr'><strong>ipso</strong></span> <span class='ocrx_word' id='word_1_137' title='bbox 1493 1955 1607 2000; x_wconf 86' lang='lat' dir='ltr'><strong>ante</strong></span> <span class='ocrx_word' id='word_1_138' title='bbox 1623 1945 1795 1999; x_wconf 87' lang='lat' dir='ltr'><strong>mundi</strong></span> <span class='ocrx_word' id='word_1_139' title='bbox 1809 1941 2122 1997; x_wconf 87' lang='lat' dir='ltr'><strong>constitutio-</strong></span> 
     </span>
    </p>
   </div>
   <div class='ocr_carea' id='block_1_19' title="bbox 552 2030 2123 2111">
    <p class='ocr_par' dir='ltr' id='par_1_19' title="bbox 552 2030 2123 2111">
     <span class='ocr_line' id='line_1_19' title="bbox 552 2030 2123 2111; baseline -0.009 -13"><span class='ocrx_word' id='word_1_140' title='bbox 552 2061 684 2111; x_wconf 86' lang='lat' dir='ltr'><strong>nem,</strong></span> <span class='ocrx_word' id='word_1_141' title='bbox 713 2053 766 2098; x_wconf 88' lang='lat' dir='ltr'><strong>ut</strong></span> <span class='ocrx_word' id='word_1_142' title='bbox 791 2061 1005 2099; x_wconf 81' lang='lat' dir='ltr'><strong>essemus</strong></span> <span class='ocrx_word' id='word_1_143' title='bbox 1023 2043 1182 2098; x_wconf 84' lang='lat' dir='ltr'><strong>sancti</strong></span> <span class='ocrx_word' id='word_1_144' title='bbox 1201 2051 1246 2095; x_wconf 87' lang='lat' dir='ltr'><strong>et</strong></span> <span class='ocrx_word' id='word_1_145' title='bbox 1270 2037 1597 2093; x_wconf 85' lang='lat' dir='ltr'><strong>immaculati.</strong></span> <span class='ocrx_word' id='word_1_146' title='bbox 1617 2035 1732 2090; x_wconf 85' lang='lat' dir='ltr'><strong>Non</strong></span> <span class='ocrx_word' id='word_1_147' title='bbox 1763 2049 1889 2103; x_wconf 85' lang='lat' dir='ltr'><strong>ergo</strong></span> <span class='ocrx_word' id='word_1_148' title='bbox 1907 2033 2028 2102; x_wconf 85' lang='lat' dir='ltr'><strong>quia</strong></span> <span class='ocrx_word' id='word_1_149' title='bbox 2049 2030 2123 2084; x_wconf 81' lang='lat' dir='ltr'><strong>fu-</strong></span> 
     </span>
    </p>
   </div>
   <div class='ocr_carea' id='block_1_20' title="bbox 553 2129 2124 2198">
    <p class='ocr_par' dir='ltr' id='par_1_20' title="bbox 553 2129 2124 2198">
     <span class='ocr_line' id='line_1_20' title="bbox 553 2129 2124 2198; baseline -0.008 -11"><span class='ocrx_word' id='word_1_150' title='bbox 553 2136 653 2188; x_wconf 84' lang='lat' dir='ltr'><strong>turi</strong></span> <span class='ocrx_word' id='word_1_151' title='bbox 681 2151 912 2198; x_wconf 83' lang='lat' dir='ltr'><strong>eramus,</strong></span> <span class='ocrx_word' id='word_1_152' title='bbox 929 2134 1023 2187; x_wconf 84' lang='lat' dir='ltr'><strong>sed</strong></span> <span class='ocrx_word' id='word_1_153' title='bbox 1041 2143 1094 2186; x_wconf 87' lang='lat' dir='ltr'><strong>ut</strong></span> <span class='ocrx_word' id='word_1_154' title='bbox 1113 2147 1346 2187; x_wconf 84' lang='lat' dir='ltr'><strong>essemus.</strong></span> <span class='ocrx_word' id='word_1_155' title='bbox 1368 2129 1568 2197; x_wconf 85' lang='lat' dir='ltr'><strong>Nempe</strong></span> <span class='ocrx_word' id='word_1_156' title='bbox 1584 2135 1783 2182; x_wconf 80' lang='lat' dir='ltr'><strong>certum</strong></span> <span class='ocrx_word' id='word_1_157' title='bbox 1807 2133 1906 2188; x_wconf 91' lang='lat' dir='ltr'><strong>est,</strong></span> <span class='ocrx_word' id='word_1_158' title='bbox 1932 2135 2124 2190; x_wconf 86' lang='lat' dir='ltr'><strong>nempe</strong></span> 
     </span>
    </p>
   </div>
   <div class='ocr_carea' id='block_1_21' title="bbox 553 2213 2122 2292">
    <p class='ocr_par' dir='ltr' id='par_1_21' title="bbox 553 2213 2122 2292">
     <span class='ocr_line' id='line_1_21' title="bbox 553 2213 2122 2292; baseline -0.01 -13"><span class='ocrx_word' id='word_1_159' title='bbox 553 2228 885 2280; x_wconf 77' lang='lat' dir='ltr'><strong>manifestum</strong></span> <span class='ocrx_word' id='word_1_160' title='bbox 917 2237 997 2279; x_wconf 87' lang='lat' dir='ltr'><strong>est</strong></span> <span class='ocrx_word' id='word_1_161' title='bbox 1019 2242 1032 2276; x_wconf 90' lang='lat'><strong>:</strong></span> <span class='ocrx_word' id='word_1_162' title='bbox 1057 2224 1174 2278; x_wconf 87' lang='lat' dir='ltr'><strong>ideo</strong></span> <span class='ocrx_word' id='word_1_163' title='bbox 1198 2223 1388 2292; x_wconf 87' lang='lat' dir='ltr'><strong>quippe</strong></span> <span class='ocrx_word' id='word_1_164' title='bbox 1413 2221 1544 2275; x_wconf 84' lang='lat' dir='ltr'><strong>tales</strong></span> <span class='ocrx_word' id='word_1_165' title='bbox 1560 2233 1769 2274; x_wconf 83' lang='lat' dir='ltr'><strong>eramus</strong></span> <span class='ocrx_word' id='word_1_166' title='bbox 1801 2216 1980 2276; x_wconf 79' lang='lat' dir='ltr'><strong>futuri,</strong></span> <span class='ocrx_word' id='word_1_167' title='bbox 2003 2213 2122 2284; x_wconf 88' lang='lat' dir='ltr'><strong>quia</strong></span> 
     </span>
    </p>
   </div>
   <div class='ocr_carea' id='block_1_22' title="bbox 551 2303 2126 2387">
    <p class='ocr_par' dir='ltr' id='par_1_22' title="bbox 551 2303 2126 2387">
     <span class='ocr_line' id='line_1_22' title="bbox 551 2303 2126 2387; baseline -0.01 -16"><span class='ocrx_word' id='word_1_168' title='bbox 551 2317 708 2387; x_wconf 83' lang='lat' dir='ltr'><strong>elegit</strong></span> <span class='ocrx_word' id='word_1_169' title='bbox 735 2318 862 2386; x_wconf 86' lang='lat' dir='ltr'><strong>ipse,</strong></span> <span class='ocrx_word' id='word_1_170' title='bbox 897 2315 1275 2384; x_wconf 75' lang='lat' dir='ltr'><strong>pra-destinatis</strong></span> <span class='ocrx_word' id='word_1_171' title='bbox 1305 2321 1362 2366; x_wconf 91' lang='lat' dir='ltr'><strong>ut</strong></span> <span class='ocrx_word' id='word_1_172' title='bbox 1389 2311 1519 2365; x_wconf 90' lang='lat' dir='ltr'><strong>tales</strong></span> <span class='ocrx_word' id='word_1_173' title='bbox 1539 2324 1634 2378; x_wconf 89' lang='lat' dir='ltr'><strong>per</strong></span> <span class='ocrx_word' id='word_1_174' title='bbox 1659 2306 1878 2376; x_wconf 80' lang='lat' dir='ltr'><strong>gratiam</strong></span> <span class='ocrx_word' id='word_1_175' title='bbox 1907 2303 2020 2372; x_wconf 86' lang='lat' dir='ltr'><strong>ejus</strong></span> <span class='ocrx_word' id='word_1_176' title='bbox 2039 2316 2126 2357; x_wconf 89' lang='lat' dir='ltr'><strong>es-</strong></span> 
     </span>
    </p>
   </div>
   <div class='ocr_carea' id='block_1_23' title="bbox 554 2393 2126 2477">
    <p class='ocr_par' dir='ltr' id='par_1_23' title="bbox 554 2393 2126 2477">
     <span class='ocr_line' id='line_1_23' title="bbox 554 2393 2126 2477; baseline -0.009 -15"><span class='ocrx_word' id='word_1_177' title='bbox 554 2421 751 2462; x_wconf 85' lang='lat' dir='ltr'><strong>semus.</strong></span> <span class='ocrx_word' id='word_1_178' title='bbox 782 2407 856 2462; x_wconf 88' lang='lat' dir='ltr'><strong>lla</strong></span> <span class='ocrx_word' id='word_1_179' title='bbox 887 2422 1012 2477; x_wconf 84' lang='lat' dir='ltr'><strong>ergo</strong></span> <span class='ocrx_word' id='word_1_180' title='bbox 1041 2421 1131 2459; x_wconf 88' lang='lat' dir='ltr'><strong>nos</strong></span> <span class='ocrx_word' id='word_1_181' title='bbox 1174 2404 1420 2458; x_wconf 73' lang='lat' dir='ltr'><strong>benedixit</strong></span> <span class='ocrx_word' id='word_1_182' title='bbox 1447 2401 1782 2456; x_wconf 84' lang='lat' dir='ltr'><strong>benedictione</strong></span> <span class='ocrx_word' id='word_1_183' title='bbox 1803 2394 2054 2468; x_wconf 80' lang='lat' dir='ltr'><strong>spirituali</strong></span> <span class='ocrx_word' id='word_1_184' title='bbox 2072 2393 2126 2448; x_wconf 88' lang='lat' dir='ltr'><strong>in</strong></span> 
     </span>
    </p>
   </div>
   <div class='ocr_carea' id='block_1_24' title="bbox 556 2488 2128 2562">
    <p class='ocr_par' dir='ltr' id='par_1_24' title="bbox 556 2488 2128 2562">
     <span class='ocr_line' id='line_1_24' title="bbox 556 2488 2128 2562; baseline -0.01 -8"><span class='ocrx_word' id='word_1_185' title='bbox 556 2500 832 2554; x_wconf 70' lang='lat' dir='ltr'><strong>caelestibus</strong></span> <span class='ocrx_word' id='word_1_186' title='bbox 851 2499 903 2552; x_wconf 90' lang='lat' dir='ltr'><strong>in</strong></span> <span class='ocrx_word' id='word_1_187' title='bbox 933 2497 1133 2551; x_wconf 87' lang='lat' dir='ltr'><strong>Cltristo</strong></span> <span class='ocrx_word' id='word_1_188' title='bbox 1156 2495 1304 2560; x_wconf 78' lang='lat' dir='ltr'><strong>Jesu,</strong></span> <span class='ocrx_word' id='word_1_189' title='bbox 1332 2496 1460 2548; x_wconf 83' lang='lat' dir='ltr'><strong>sicut</strong></span> <span class='ocrx_word' id='word_1_190' title='bbox 1489 2491 1636 2562; x_wconf 81' lang='lat' dir='ltr'><strong>elegit</strong></span> <span class='ocrx_word' id='word_1_191' title='bbox 1673 2505 1764 2544; x_wconf 85' lang='lat' dir='ltr'><strong>nos</strong></span> <span class='ocrx_word' id='word_1_192' title='bbox 1801 2489 1854 2542; x_wconf 87' lang='lat' dir='ltr'><strong>in</strong></span> <span class='ocrx_word' id='word_1_193' title='bbox 1876 2488 1986 2556; x_wconf 88' lang='lat' dir='ltr'><strong>ipso</strong></span> <span class='ocrx_word' id='word_1_194' title='bbox 2010 2489 2128 2538; x_wconf 85' lang='lat' dir='ltr'><strong>ante</strong></span> 
     </span>
    </p>
   </div>
   <div class='ocr_carea' id='block_1_25' title="bbox 555 2573 2128 2648">
    <p class='ocr_par' dir='ltr' id='par_1_25' title="bbox 555 2573 2128 2648">
     <span class='ocr_line' id='line_1_25' title="bbox 555 2573 2128 2648; baseline -0.009 -7"><span class='ocrx_word' id='word_1_195' title='bbox 555 2589 733 2642; x_wconf 89' lang='lat' dir='ltr'><strong>mundi</strong></span> <span class='ocrx_word' id='word_1_196' title='bbox 762 2587 1184 2648; x_wconf 84' lang='lat' dir='ltr'><strong>constitutionem,</strong></span> <span class='ocrx_word' id='word_1_197' title='bbox 1233 2593 1286 2636; x_wconf 86' lang='lat' dir='ltr'><strong>ut</strong></span> <span class='ocrx_word' id='word_1_198' title='bbox 1323 2597 1540 2638; x_wconf 82' lang='lat' dir='ltr'><strong>essemus</strong></span> <span class='ocrx_word' id='word_1_199' title='bbox 1565 2580 1724 2634; x_wconf 86' lang='lat' dir='ltr'><strong>sancti</strong></span> <span class='ocrx_word' id='word_1_200' title='bbox 1751 2587 1798 2632; x_wconf 90' lang='lat' dir='ltr'><strong>et</strong></span> <span class='ocrx_word' id='word_1_201' title='bbox 1821 2573 2128 2630; x_wconf 86' lang='lat' dir='ltr'><strong>immaculati</strong></span> 
     </span>
    </p>
   </div>
   <div class='ocr_carea' id='block_1_26' title="bbox 557 2665 2129 2748">
    <p class='ocr_par' dir='ltr' id='par_1_26' title="bbox 557 2665 2129 2748">
     <span class='ocr_line' id='line_1_26' title="bbox 557 2665 2129 2748; baseline -0.01 -16"><span class='ocrx_word' id='word_1_202' title='bbox 557 2680 612 2732; x_wconf 88' lang='lat' dir='ltr'><strong>ln</strong></span> <span class='ocrx_word' id='word_1_203' title='bbox 639 2687 902 2748; x_wconf 87' lang='lat' dir='ltr'><strong>conspectu</strong></span> <span class='ocrx_word' id='word_1_204' title='bbox 933 2677 1060 2747; x_wconf 86' lang='lat' dir='ltr'><strong>ejus,</strong></span> <span class='ocrx_word' id='word_1_205' title='bbox 1097 2677 1150 2730; x_wconf 89' lang='lat' dir='ltr'><strong>in</strong></span> <span class='ocrx_word' id='word_1_206' title='bbox 1177 2676 1418 2728; x_wconf 88' lang='lat' dir='ltr'><strong>charitate</strong></span> <span class='ocrx_word' id='word_1_207' title='bbox 1439 2671 1795 2740; x_wconf 75' lang='lat' dir='ltr'><strong>prwdestinans</strong></span> <span class='ocrx_word' id='word_1_208' title='bbox 1827 2685 1916 2722; x_wconf 89' lang='lat' dir='ltr'><strong>nos</strong></span> <span class='ocrx_word' id='word_1_209' title='bbox 1949 2667 2003 2720; x_wconf 88' lang='lat' dir='ltr'><strong>in</strong></span> <span class='ocrx_word' id='word_1_210' title='bbox 2035 2665 2129 2718; x_wconf 86' lang='lat' dir='ltr'><strong>ad-</strong></span> 
     </span>
    </p>
   </div>
   <div class='ocr_carea' id='block_1_27' title="bbox 565 2753 2132 2834">
    <p class='ocr_par' dir='ltr' id='par_1_27' title="bbox 565 2753 2132 2834">
     <span class='ocr_line' id='line_1_27' title="bbox 565 2753 2132 2834; baseline -0.008 -15"><span class='ocrx_word' id='word_1_211' title='bbox 565 2768 819 2834; x_wconf 85' lang='lat' dir='ltr'><strong>optionem</strong></span> <span class='ocrx_word' id='word_1_212' title='bbox 847 2767 1068 2834; x_wconf 81' lang='lat' dir='ltr'><strong>ﬁliorum</strong></span> <span class='ocrx_word' id='word_1_213' title='bbox 1095 2781 1183 2834; x_wconf 83' lang='lat' dir='ltr'><strong>per</strong></span> <span class='ocrx_word' id='word_1_214' title='bbox 1203 2764 1378 2818; x_wconf 88' lang='lat' dir='ltr'><strong>.lesum</strong></span> <span class='ocrx_word' id='word_1_215' title='bbox 1395 2759 1646 2816; x_wconf 86' lang='lat' dir='ltr'><strong>Christum</strong></span> <span class='ocrx_word' id='word_1_216' title='bbox 1661 2760 1714 2812; x_wconf 87' lang='lat' dir='ltr'><strong>in</strong></span> <span class='ocrx_word' id='word_1_217' title='bbox 1727 2759 1912 2828; x_wconf 86' lang='lat' dir='ltr'><strong>ipsum.</strong></span> <span class='ocrx_word' id='word_1_218' title='bbox 1933 2753 2132 2810; x_wconf 85' lang='lat' dir='ltr'><strong>Deinde</strong></span> 
     </span>
    </p>
   </div>
   <div class='ocr_carea' id='block_1_28' title="bbox 559 2845 2130 2924">
    <p class='ocr_par' dir='ltr' id='par_1_28' title="bbox 559 2845 2130 2924">
     <span class='ocr_line' id='line_1_28' title="bbox 559 2845 2130 2924; baseline -0.006 -19"><span class='ocrx_word' id='word_1_219' title='bbox 559 2855 683 2923; x_wconf 89' lang='lat' dir='ltr'><strong>quid</strong></span> <span class='ocrx_word' id='word_1_220' title='bbox 707 2854 978 2924; x_wconf 80' lang='lat' dir='ltr'><strong>adjungat,</strong></span> <span class='ocrx_word' id='word_1_221' title='bbox 1007 2851 1261 2908; x_wconf 82' lang='lat' dir='ltr'><strong>attendite</strong></span> <span class='ocrx_word' id='word_1_222' title='bbox 1287 2869 1302 2906; x_wconf 90' lang='lat'><strong>:</strong></span> <span class='ocrx_word' id='word_1_223' title='bbox 1343 2849 1610 2904; x_wconf 86' lang='lat' dir='ltr'><strong>secundum</strong></span> <span class='ocrx_word' id='word_1_224' title='bbox 1641 2848 1900 2918; x_wconf 86' lang='lat' dir='ltr'><strong>placitum,</strong></span> <span class='ocrx_word' id='word_1_225' title='bbox 1942 2845 2130 2913; x_wconf 85' lang='lat' dir='ltr'><strong>inquit,</strong></span> 
     </span>
    </p>
   </div>
   <div class='ocr_carea' id='block_1_29' title="bbox 565 2935 2132 3012">
    <p class='ocr_par' dir='ltr' id='par_1_29' title="bbox 565 2935 2132 3012">
     <span class='ocr_line' id='line_1_29' title="bbox 565 2935 2132 3012; baseline -0.01 -11"><span class='ocrx_word' id='word_1_226' title='bbox 565 2947 833 3001; x_wconf 73' lang='lat' dir='ltr'><strong>uoluntatis</strong></span> <span class='ocrx_word' id='word_1_227' title='bbox 857 2961 994 3012; x_wconf 70' lang='lat' dir='ltr'><strong>suat;</strong></span> <span class='ocrx_word' id='word_1_228' title='bbox 1017 2961 1082 2998; x_wconf 89' lang='lat' dir='ltr'><strong>ne</strong></span> <span class='ocrx_word' id='word_1_229' title='bbox 1109 2944 1160 2999; x_wconf 91' lang='lat' dir='ltr'><strong>in</strong></span> <span class='ocrx_word' id='word_1_230' title='bbox 1189 2953 1332 2998; x_wconf 91' lang='lat' dir='ltr'><strong>tanto</strong></span> <span class='ocrx_word' id='word_1_231' title='bbox 1357 2941 1612 2996; x_wconf 81' lang='lat' dir='ltr'><strong>beneﬁcio</strong></span> <span class='ocrx_word' id='word_1_232' title='bbox 1637 2939 1820 3008; x_wconf 72' lang='lat' dir='ltr'><strong>gratim</strong></span> <span class='ocrx_word' id='word_1_233' title='bbox 1847 2937 1914 2991; x_wconf 90' lang='lat' dir='ltr'><strong>de</strong></span> <span class='ocrx_word' id='word_1_234' title='bbox 1940 2935 2132 3005; x_wconf 85' lang='lat' dir='ltr'><strong>placito</strong></span> 
     </span>
    </p>
   </div>
   <div class='ocr_carea' id='block_1_30' title="bbox 557 3025 2132 3106">
    <p class='ocr_par' dir='ltr' id='par_1_30' title="bbox 557 3025 2132 3106">
     <span class='ocr_line' id='line_1_30' title="bbox 557 3025 2132 3106; baseline -0.007 -18"><span class='ocrx_word' id='word_1_235' title='bbox 557 3037 907 3106; x_wconf 83' lang='lat' dir='ltr'><strong>gloriarcmur</strong></span> <span class='ocrx_word' id='word_1_236' title='bbox 933 3037 954 3068; x_wconf 80' lang='grc'><em>³</em></span> <span class='ocrx_word' id='word_1_237' title='bbox 989 3035 1274 3088; x_wconf 81' lang='lat' dir='ltr'><strong>voluntatis</strong></span> <span class='ocrx_word' id='word_1_238' title='bbox 1321 3039 1534 3085; x_wconf 67' lang='lat' dir='ltr'><strong>nostrae.</strong></span> <span class='ocrx_word' id='word_1_239' title='bbox 1579 3027 1648 3082; x_wconf 84' lang='lat' dir='ltr'><strong>In</strong></span> <span class='ocrx_word' id='word_1_240' title='bbox 1693 3044 1791 3098; x_wconf 86' lang='lat' dir='ltr'><strong>qua</strong></span> <span class='ocrx_word' id='word_1_241' title='bbox 1835 3025 2132 3097; x_wconf 75' lang='lat' dir='ltr'><strong>grati/ienuit</strong></span> 
     </span>
    </p>
   </div>
   <div class='ocr_carea' id='block_1_31' title="bbox 563 3115 2132 3194">
    <p class='ocr_par' dir='ltr' id='par_1_31' title="bbox 563 3115 2132 3194">
     <span class='ocr_line' id='line_1_31' title="bbox 563 3115 2132 3194; baseline -0.008 -15"><span class='ocrx_word' id='word_1_242' title='bbox 563 3141 676 3191; x_wconf 77' lang='lat' dir='ltr'><strong>nos,</strong></span> <span class='ocrx_word' id='word_1_243' title='bbox 701 3125 890 3194; x_wconf 89' lang='lat' dir='ltr'><strong>inquit,</strong></span> <span class='ocrx_word' id='word_1_244' title='bbox 916 3126 970 3178; x_wconf 88' lang='lat' dir='ltr'><strong>in</strong></span> <span class='ocrx_word' id='word_1_245' title='bbox 997 3124 1176 3177; x_wconf 86' lang='lat' dir='ltr'><strong>dilecto</strong></span> <span class='ocrx_word' id='word_1_246' title='bbox 1203 3121 1338 3174; x_wconf 82' lang='lat' dir='ltr'><strong>Filio</strong></span> <span class='ocrx_word' id='word_1_247' title='bbox 1365 3137 1457 3174; x_wconf 89' lang='lat' dir='ltr'><strong>suo</strong></span> <span class='ocrx_word' id='word_1_248' title='bbox 1482 3135 1500 3173; x_wconf 90' lang='lat'><strong><em>:</em></strong></span> <span class='ocrx_word' id='word_1_249' title='bbox 1527 3119 1578 3172; x_wconf 89' lang='lat' dir='ltr'><strong>in</strong></span> <span class='ocrx_word' id='word_1_250' title='bbox 1610 3133 1710 3186; x_wconf 87' lang='lat' dir='ltr'><strong>qua</strong></span> <span class='ocrx_word' id='word_1_251' title='bbox 1736 3116 1916 3184; x_wconf 87' lang='lat' dir='ltr'><strong>utique</strong></span> <span class='ocrx_word' id='word_1_252' title='bbox 1941 3115 2132 3168; x_wconf 83' lang='lat' dir='ltr'><strong>volun-</strong></span> 
     </span>
    </p>
   </div>
   <div class='ocr_carea' id='block_1_32' title="bbox 566 3206 2134 3285">
    <p class='ocr_par' dir='ltr' id='par_1_32' title="bbox 566 3206 2134 3285">
     <span class='ocr_line' id='line_1_32' title="bbox 566 3206 2134 3285; baseline -0.007 -14"><span class='ocrx_word' id='word_1_253' title='bbox 566 3226 672 3271; x_wconf 84' lang='lat' dir='ltr'><strong>tate</strong></span> <span class='ocrx_word' id='word_1_254' title='bbox 694 3233 785 3271; x_wconf 89' lang='lat' dir='ltr'><strong>sua</strong></span> <span class='ocrx_word' id='word_1_255' title='bbox 815 3214 1133 3285; x_wconf 79' lang='lat' dir='ltr'><strong>gratiﬁcavit</strong></span> <span class='ocrx_word' id='word_1_256' title='bbox 1157 3229 1274 3268; x_wconf 91' lang='lat' dir='ltr'><strong>nos.</strong></span> <span class='ocrx_word' id='word_1_257' title='bbox 1299 3212 1388 3268; x_wconf 88' lang='lat' dir='ltr'><strong>Sic</strong></span> <span class='ocrx_word' id='word_1_258' title='bbox 1421 3211 1616 3265; x_wconf 89' lang='lat' dir='ltr'><strong>dictum</strong></span> <span class='ocrx_word' id='word_1_259' title='bbox 1645 3217 1727 3262; x_wconf 88' lang='lat' dir='ltr'><strong>est</strong></span> <span class='ocrx_word' id='word_1_260' title='bbox 1765 3206 2076 3277; x_wconf 77' lang='lat' dir='ltr'><strong>gratificavit</strong></span> <span class='ocrx_word' id='word_1_261' title='bbox 2103 3221 2134 3260; x_wconf 90' lang='lat' dir='ltr'><strong>a</strong></span> 
     </span>
    </p>
   </div>
   <div class='ocr_carea' id='block_1_33' title="bbox 545 3296 2134 3378">
    <p class='ocr_par' dir='ltr' id='par_1_33' title="bbox 545 3296 2134 3378">
     <span class='ocr_line' id='line_1_33' title="bbox 545 3296 2134 3378; baseline -0.01 -15"><span class='ocrx_word' id='word_1_262' title='bbox 545 3309 750 3378; x_wconf 74' lang='lat' dir='ltr'><strong>gratia,</strong></span> <span class='ocrx_word' id='word_1_263' title='bbox 787 3307 922 3361; x_wconf 89' lang='lat' dir='ltr'><strong>sicut</strong></span> <span class='ocrx_word' id='word_1_264' title='bbox 945 3304 1256 3374; x_wconf 84' lang='lat' dir='ltr'><strong>justiﬁcavit</strong></span> <span class='ocrx_word' id='word_1_265' title='bbox 1294 3303 1486 3356; x_wconf 88' lang='lat' dir='ltr'><strong>dicitur</strong></span> <span class='ocrx_word' id='word_1_266' title='bbox 1507 3315 1540 3354; x_wconf 83' lang='lat' dir='ltr'><strong>a</strong></span> <span class='ocrx_word' id='word_1_267' title='bbox 1573 3298 1796 3369; x_wconf 87' lang='lat' dir='ltr'><strong>justitia.</strong></span> <span class='ocrx_word' id='word_1_268' title='bbox 1831 3296 1896 3350; x_wconf 84' lang='lat' dir='ltr'><strong>In</strong></span> <span class='ocrx_word' id='word_1_269' title='bbox 1915 3311 2010 3365; x_wconf 86' lang='lat' dir='ltr'><strong>quo</strong></span> <span class='ocrx_word' id='word_1_270' title='bbox 2039 3297 2134 3348; x_wconf 89' lang='lat' dir='ltr'><strong>ha-</strong></span> 
     </span>
    </p>
   </div>
   <div class='ocr_carea' id='block_1_34' title="bbox 562 3389 2137 3466">
    <p class='ocr_par' dir='ltr' id='par_1_34' title="bbox 562 3389 2137 3466">
     <span class='ocr_line' id='line_1_34' title="bbox 562 3389 2137 3466; baseline -0.008 -14"><span class='ocrx_word' id='word_1_271' title='bbox 562 3399 752 3462; x_wconf 85' lang='lat' dir='ltr'><strong>bemus,</strong></span> <span class='ocrx_word' id='word_1_272' title='bbox 785 3397 973 3466; x_wconf 87' lang='lat' dir='ltr'><strong>inquit,</strong></span> <span class='ocrx_word' id='word_1_273' title='bbox 995 3395 1382 3465; x_wconf 79' lang='lat' dir='ltr'><strong>redemptionem</strong></span> <span class='ocrx_word' id='word_1_274' title='bbox 1409 3409 1497 3463; x_wconf 84' lang='lat' dir='ltr'><strong>per</strong></span> <span class='ocrx_word' id='word_1_275' title='bbox 1515 3391 1810 3461; x_wconf 86' lang='lat' dir='ltr'><strong>sanguinem</strong></span> <span class='ocrx_word' id='word_1_276' title='bbox 1839 3389 2018 3458; x_wconf 83' lang='lat' dir='ltr'><strong>ipsius,</strong></span> <span class='ocrx_word' id='word_1_277' title='bbox 2057 3403 2137 3440; x_wconf 87' lang='lat' dir='ltr'><strong>re-</strong></span> 
     </span>
    </p>
   </div>
   <div class='ocr_carea' id='block_1_35' title="bbox 561 3478 2134 3558">
    <p class='ocr_par' dir='ltr' id='par_1_35' title="bbox 561 3478 2134 3558">
     <span class='ocr_line' id='line_1_35' title="bbox 561 3478 2134 3558; baseline -0.009 -15"><span class='ocrx_word' id='word_1_278' title='bbox 561 3489 847 3543; x_wconf 86' lang='lat' dir='ltr'><strong>missionem</strong></span> <span class='ocrx_word' id='word_1_279' title='bbox 885 3495 1200 3558; x_wconf 80' lang='lat' dir='ltr'><strong>peccatorum</strong></span> <span class='ocrx_word' id='word_1_280' title='bbox 1239 3483 1514 3539; x_wconf 86' lang='lat' dir='ltr'><strong>secundum</strong></span> <span class='ocrx_word' id='word_1_281' title='bbox 1543 3480 1743 3534; x_wconf 77' lang='lat' dir='ltr'><strong>divitias</strong></span> <span class='ocrx_word' id='word_1_282' title='bbox 1788 3480 1966 3550; x_wconf 61' lang='lat' dir='ltr'><strong>gratia!</strong></span> <span class='ocrx_word' id='word_1_283' title='bbox 2006 3478 2134 3549; x_wconf 84' lang='lat' dir='ltr'><strong>ejus,</strong></span> 
     </span>
    </p>
   </div>
   <div class='ocr_carea' id='block_1_36' title="bbox 565 3571 2139 3650">
    <p class='ocr_par' dir='ltr' id='par_1_36' title="bbox 565 3571 2139 3650">
     <span class='ocr_line' id='line_1_36' title="bbox 565 3571 2139 3650; baseline -0.006 -17"><span class='ocrx_word' id='word_1_284' title='bbox 565 3595 679 3650; x_wconf 79' lang='lat' dir='ltr'><strong>qua:</strong></span> <span class='ocrx_word' id='word_1_285' title='bbox 707 3578 978 3632; x_wconf 81' lang='lat' dir='ltr'><strong>abundavit</strong></span> <span class='ocrx_word' id='word_1_286' title='bbox 997 3577 1051 3632; x_wconf 91' lang='lat' dir='ltr'><strong>in</strong></span> <span class='ocrx_word' id='word_1_287' title='bbox 1080 3593 1176 3632; x_wconf 83' lang='lat' dir='ltr'><strong>nos.</strong></span> <span class='ocrx_word' id='word_1_288' title='bbox 1193 3577 1248 3629; x_wconf 91' lang='lat' dir='ltr'><strong>in</strong></span> <span class='ocrx_word' id='word_1_289' title='bbox 1273 3575 1408 3628; x_wconf 88' lang='lat' dir='ltr'><strong>onmi</strong></span> <span class='ocrx_word' id='word_1_290' title='bbox 1431 3573 1678 3642; x_wconf 87' lang='lat' dir='ltr'><strong>sapientia</strong></span> <span class='ocrx_word' id='word_1_291' title='bbox 1706 3581 1753 3626; x_wconf 89' lang='lat' dir='ltr'><strong>et</strong></span> <span class='ocrx_word' id='word_1_292' title='bbox 1778 3571 2062 3642; x_wconf 82' lang='lat' dir='ltr'><strong>prudentia,</strong></span> <span class='ocrx_word' id='word_1_293' title='bbox 2085 3578 2139 3624; x_wconf 87' lang='lat' dir='ltr'><strong>ut</strong></span> 
     </span>
    </p>
   </div>
   <div class='ocr_carea' id='block_1_37' title="bbox 567 3663 2141 3740">
    <p class='ocr_par' dir='ltr' id='par_1_37' title="bbox 567 3663 2141 3740">
     <span class='ocr_line' id='line_1_37' title="bbox 567 3663 2141 3740; baseline -0.006 -15"><span class='ocrx_word' id='word_1_294' title='bbox 567 3673 843 3726; x_wconf 82' lang='lat' dir='ltr'><strong>ostenderet</strong></span> <span class='ocrx_word' id='word_1_295' title='bbox 887 3670 1026 3724; x_wconf 89' lang='lat' dir='ltr'><strong>nobis</strong></span> <span class='ocrx_word' id='word_1_296' title='bbox 1072 3669 1362 3740; x_wconf 80' lang='lat' dir='ltr'><strong>mysterium</strong></span> <span class='ocrx_word' id='word_1_297' title='bbox 1401 3665 1673 3721; x_wconf 83' lang='lat' dir='ltr'><strong>uoluntatis</strong></span> <span class='ocrx_word' id='word_1_298' title='bbox 1709 3679 1836 3732; x_wconf 63' lang='lat' dir='ltr'><strong>suat,</strong></span> <span class='ocrx_word' id='word_1_299' title='bbox 1866 3663 2141 3718; x_wconf 86' lang='lat' dir='ltr'><strong>secundum</strong></span> 
     </span>
    </p>
   </div>
   <div class='ocr_carea' id='block_1_38' title="bbox 563 3754 2141 3826">
    <p class='ocr_par' dir='ltr' id='par_1_38' title="bbox 563 3754 2141 3826">
     <span class='ocr_line' id='line_1_38' title="bbox 563 3754 2141 3826; baseline -0.004 -12"><span class='ocrx_word' id='word_1_300' title='bbox 563 3761 746 3816; x_wconf 83' lang='lat' dir='ltr'><strong>bonam</strong></span> <span class='ocrx_word' id='word_1_301' title='bbox 769 3761 1074 3814; x_wconf 81' lang='lat' dir='ltr'><strong>voluntatem</strong></span> <span class='ocrx_word' id='word_1_302' title='bbox 1103 3775 1268 3813; x_wconf 87' lang='lat' dir='ltr'><strong>suam.</strong></span> <span class='ocrx_word' id='word_1_303' title='bbox 1306 3755 1362 3812; x_wconf 78' lang='lat' dir='ltr'><strong>In</strong></span> <span class='ocrx_word' id='word_1_304' title='bbox 1415 3759 1517 3813; x_wconf 86' lang='lat' dir='ltr'><strong>hoc</strong></span> <span class='ocrx_word' id='word_1_305' title='bbox 1557 3755 1814 3826; x_wconf 85' lang='lat' dir='ltr'><strong>mysterio</strong></span> <span class='ocrx_word' id='word_1_306' title='bbox 1856 3754 2141 3808; x_wconf 80' lang='lat' dir='ltr'><strong>voluntatis</strong></span> 
     </span>
    </p>
   </div>
   <div class='ocr_carea' id='block_1_39' title="bbox 565 3846 2144 3921">
    <p class='ocr_par' dir='ltr' id='par_1_39' title="bbox 565 3846 2144 3921">
     <span class='ocr_line' id='line_1_39' title="bbox 565 3846 2144 3921; baseline -0.005 -15"><span class='ocrx_word' id='word_1_307' title='bbox 565 3867 676 3907; x_wconf 66' lang='lat' dir='ltr'><strong>sure</strong></span> <span class='ocrx_word' id='word_1_308' title='bbox 701 3851 874 3921; x_wconf 88' lang='lat' dir='ltr'><strong>posuit</strong></span> <span class='ocrx_word' id='word_1_309' title='bbox 901 3851 1110 3905; x_wconf 82' lang='lat' dir='ltr'><strong>divitias</strong></span> <span class='ocrx_word' id='word_1_310' title='bbox 1137 3849 1318 3920; x_wconf 69' lang='lat' dir='ltr'><strong>gratiae</strong></span> <span class='ocrx_word' id='word_1_311' title='bbox 1344 3864 1474 3914; x_wconf 69' lang='lat' dir='ltr'><strong>suae,</strong></span> <span class='ocrx_word' id='word_1_312' title='bbox 1503 3846 1794 3902; x_wconf 87' lang='lat' dir='ltr'><strong>secundum</strong></span> <span class='ocrx_word' id='word_1_313' title='bbox 1837 3846 2027 3900; x_wconf 89' lang='lat' dir='ltr'><strong>bonam</strong></span> <span class='ocrx_word' id='word_1_314' title='bbox 2051 3859 2144 3898; x_wconf 84' lang='lat' dir='ltr'><strong>vo-</strong></span> 
     </span>
    </p>
   </div>
   <div class='ocr_carea' id='block_1_40' title="bbox 567 3935 2142 4007">
    <p class='ocr_par' dir='ltr' id='par_1_40' title="bbox 567 3935 2142 4007">
     <span class='ocr_line' id='line_1_40' title="bbox 567 3935 2142 4007; baseline -0.005 -9"><span class='ocrx_word' id='word_1_315' title='bbox 567 3945 820 3998; x_wconf 88' lang='lat' dir='ltr'><strong>luntatem</strong></span> <span class='ocrx_word' id='word_1_316' title='bbox 851 3959 1020 4007; x_wconf 90' lang='lat' dir='ltr'><strong>suam,</strong></span> <span class='ocrx_word' id='word_1_317' title='bbox 1062 3957 1168 3997; x_wconf 89' lang='lat' dir='ltr'><strong>non</strong></span> <span class='ocrx_word' id='word_1_318' title='bbox 1211 3939 1500 3996; x_wconf 87' lang='lat' dir='ltr'><strong>secundum</strong></span> <span class='ocrx_word' id='word_1_319' title='bbox 1531 3947 1764 3994; x_wconf 88' lang='lat' dir='ltr'><strong>nostram</strong></span> <span class='ocrx_word' id='word_1_320' title='bbox 1807 3951 1966 4006; x_wconf 73' lang='lat' dir='ltr'><strong>:quaa</strong></span> <span class='ocrx_word' id='word_1_321' title='bbox 2005 3935 2142 3990; x_wconf 87' lang='lat' dir='ltr'><strong>bona</strong></span> 
     </span>
    </p>
   </div>
   <div class='ocr_carea' id='block_1_41' title="bbox 567 4025 2144 4102">
    <p class='ocr_par' dir='ltr' id='par_1_41' title="bbox 567 4025 2144 4102">
     <span class='ocr_line' id='line_1_41' title="bbox 567 4025 2144 4102; baseline -0.005 -15"><span class='ocrx_word' id='word_1_322' title='bbox 567 4048 686 4088; x_wconf 88' lang='lat' dir='ltr'><strong>esse</strong></span> <span class='ocrx_word' id='word_1_323' title='bbox 725 4049 828 4087; x_wconf 89' lang='lat' dir='ltr'><strong>non</strong></span> <span class='ocrx_word' id='word_1_324' title='bbox 857 4040 1056 4102; x_wconf 84' lang='lat' dir='ltr'><strong>posset,</strong></span> <span class='ocrx_word' id='word_1_325' title='bbox 1085 4032 1184 4085; x_wconf 80' lang='lat' dir='ltr'><strong>nisi</strong></span> <span class='ocrx_word' id='word_1_326' title='bbox 1220 4031 1333 4099; x_wconf 89' lang='lat' dir='ltr'><strong>ipse</strong></span> <span class='ocrx_word' id='word_1_327' title='bbox 1361 4028 1650 4084; x_wconf 86' lang='lat' dir='ltr'><strong>secundum</strong></span> <span class='ocrx_word' id='word_1_328' title='bbox 1677 4027 1870 4081; x_wconf 85' lang='lat' dir='ltr'><strong>bonam</strong></span> <span class='ocrx_word' id='word_1_329' title='bbox 1902 4025 2144 4080; x_wconf 79' lang='lat' dir='ltr'><strong>volunta-</strong></span> 
     </span>
    </p>
   </div>
   <div class='ocr_carea' id='block_1_42' title="bbox 571 4117 2142 4190">
    <p class='ocr_par' dir='ltr' id='par_1_42' title="bbox 571 4117 2142 4190">
     <span class='ocr_line' id='line_1_42' title="bbox 571 4117 2142 4190; baseline -0.006 -11"><span class='ocrx_word' id='word_1_330' title='bbox 571 4135 674 4180; x_wconf 87' lang='lat' dir='ltr'><strong>tem</strong></span> <span class='ocrx_word' id='word_1_331' title='bbox 701 4139 871 4190; x_wconf 90' lang='lat' dir='ltr'><strong>suam,</strong></span> <span class='ocrx_word' id='word_1_332' title='bbox 899 4131 956 4178; x_wconf 88' lang='lat' dir='ltr'><strong>ut</strong></span> <span class='ocrx_word' id='word_1_333' title='bbox 981 4123 1118 4178; x_wconf 89' lang='lat' dir='ltr'><strong>bona</strong></span> <span class='ocrx_word' id='word_1_334' title='bbox 1145 4121 1315 4187; x_wconf 78' lang='lat' dir='ltr'><strong>ﬁeret,</strong></span> <span class='ocrx_word' id='word_1_335' title='bbox 1345 4119 1669 4174; x_wconf 85' lang='lat' dir='ltr'><strong>subveniret.</strong></span> <span class='ocrx_word' id='word_1_336' title='bbox 1697 4119 1827 4173; x_wconf 86' lang='lat' dir='ltr'><strong>Cum</strong></span> <span class='ocrx_word' id='word_1_337' title='bbox 1857 4127 2032 4172; x_wconf 87' lang='lat' dir='ltr'><strong>autem</strong></span> <span class='ocrx_word' id='word_1_338' title='bbox 2059 4117 2142 4171; x_wconf 90' lang='lat' dir='ltr'><strong>di-</strong></span> 
     </span>
    </p>
   </div>
   <div class='ocr_carea' id='block_1_43' title="bbox 570 4210 2140 4284">
    <p class='ocr_par' dir='ltr' id='par_1_43' title="bbox 570 4210 2140 4284">
     <span class='ocr_line' id='line_1_43' title="bbox 570 4210 2140 4284; baseline -0.006 -12"><span class='ocrx_word' id='word_1_339' title='bbox 570 4220 752 4284; x_wconf 73' lang='lat' dir='ltr'><strong>xisset,</strong></span> <span class='ocrx_word' id='word_1_340' title='bbox 794 4219 1082 4273; x_wconf 87' lang='lat' dir='ltr'><strong>Secundum</strong></span> <span class='ocrx_word' id='word_1_341' title='bbox 1113 4217 1294 4270; x_wconf 85' lang='lat' dir='ltr'><strong>bonam</strong></span> <span class='ocrx_word' id='word_1_342' title='bbox 1330 4215 1632 4268; x_wconf 77' lang='lat' dir='ltr'><strong>uoluntatem</strong></span> <span class='ocrx_word' id='word_1_343' title='bbox 1671 4229 1854 4274; x_wconf 86' lang='lat' dir='ltr'><strong>suam;</strong></span> <span class='ocrx_word' id='word_1_344' title='bbox 1895 4210 2140 4280; x_wconf 85' lang='lat' dir='ltr'><strong>subjecit,</strong></span> 
     </span>
    </p>
   </div>
   <div class='ocr_carea' id='block_1_44' title="bbox 575 4300 2144 4379">
    <p class='ocr_par' dir='ltr' id='par_1_44' title="bbox 575 4300 2144 4379">
     <span class='ocr_line' id='line_1_44' title="bbox 575 4300 2144 4379; baseline -0.006 -18"><span class='ocrx_word' id='word_1_345' title='bbox 575 4325 720 4379; x_wconf 74' lang='lat' dir='ltr'><strong>quam</strong></span> <span class='ocrx_word' id='word_1_346' title='bbox 745 4308 1000 4378; x_wconf 80' lang='lat' dir='ltr'><strong>proposuit</strong></span> <span class='ocrx_word' id='word_1_347' title='bbox 1029 4308 1080 4359; x_wconf 89' lang='lat' dir='ltr'><strong>in</strong></span> <span class='ocrx_word' id='word_1_348' title='bbox 1109 4307 1219 4369; x_wconf 88' lang='lat' dir='ltr'><strong>illo,</strong></span> <span class='ocrx_word' id='word_1_349' title='bbox 1251 4305 1300 4358; x_wconf 87' lang='lat' dir='ltr'><strong>id</strong></span> <span class='ocrx_word' id='word_1_350' title='bbox 1331 4313 1433 4366; x_wconf 90' lang='lat' dir='ltr'><strong>est,</strong></span> <span class='ocrx_word' id='word_1_351' title='bbox 1467 4303 1517 4356; x_wconf 88' lang='lat' dir='ltr'><strong>in</strong></span> <span class='ocrx_word' id='word_1_352' title='bbox 1548 4303 1742 4356; x_wconf 86' lang='lat' dir='ltr'><strong>dilecto</strong></span> <span class='ocrx_word' id='word_1_353' title='bbox 1781 4301 1914 4355; x_wconf 78' lang='lat' dir='ltr'><strong>Filio</strong></span> <span class='ocrx_word' id='word_1_354' title='bbox 1943 4315 2058 4362; x_wconf 88' lang='lat' dir='ltr'><strong>suo,</strong></span> <span class='ocrx_word' id='word_1_355' title='bbox 2089 4300 2144 4352; x_wconf 84' lang='lat' dir='ltr'><strong>in</strong></span> 
     </span>
    </p>
   </div>
   <div class='ocr_carea' id='block_1_45' title="bbox 577 4391 2146 4470">
    <p class='ocr_par' dir='ltr' id='par_1_45' title="bbox 577 4391 2146 4470">
     <span class='ocr_line' id='line_1_45' title="bbox 577 4391 2146 4470; baseline -0.008 -15"><span class='ocrx_word' id='word_1_356' title='bbox 577 4401 942 4470; x_wconf 68' lang='lat' dir='ltr'><strong>dispensatione</strong></span> <span class='ocrx_word' id='word_1_357' title='bbox 989 4396 1314 4467; x_wconf 71' lang='lat' dir='ltr'><strong>plenitudinis</strong></span> <span class='ocrx_word' id='word_1_358' title='bbox 1349 4403 1628 4464; x_wconf 88' lang='lat' dir='ltr'><strong>temporum</strong></span> <span class='ocrx_word' id='word_1_359' title='bbox 1665 4393 1950 4446; x_wconf 87' lang='lat' dir='ltr'><strong>instaurare</strong></span> <span class='ocrx_word' id='word_1_360' title='bbox 1975 4391 2146 4444; x_wconf 86' lang='lat' dir='ltr'><strong>omnia</strong></span> 
     </span>
    </p>
   </div>
   <div class='ocr_carea' id='block_1_46' title="bbox 569 4479 2145 4558">
    <p class='ocr_par' dir='ltr' id='par_1_46' title="bbox 569 4479 2145 4558">
     <span class='ocr_line' id='line_1_46' title="bbox 569 4479 2145 4558; baseline -0.006 -16"><span class='ocrx_word' id='word_1_361' title='bbox 569 4491 622 4543; x_wconf 87' lang='lat' dir='ltr'><strong>in</strong></span> <span class='ocrx_word' id='word_1_362' title='bbox 648 4490 864 4552; x_wconf 84' lang='lat' dir='ltr'><strong>Christo,</strong></span> <span class='ocrx_word' id='word_1_363' title='bbox 890 4502 1002 4558; x_wconf 65' lang='lat' dir='ltr'><strong>quia</strong></span> <span class='ocrx_word' id='word_1_364' title='bbox 1021 4487 1074 4540; x_wconf 88' lang='lat' dir='ltr'><strong>in</strong></span> <span class='ocrx_word' id='word_1_365' title='bbox 1094 4484 1228 4540; x_wconf 71' lang='lat' dir='ltr'><strong>cretis</strong></span> <span class='ocrx_word' id='word_1_366' title='bbox 1253 4493 1389 4548; x_wconf 85' lang='lat' dir='ltr'><strong>sunt,</strong></span> <span class='ocrx_word' id='word_1_367' title='bbox 1412 4492 1456 4538; x_wconf 87' lang='lat' dir='ltr'><strong>et</strong></span> <span class='ocrx_word' id='word_1_368' title='bbox 1477 4497 1591 4551; x_wconf 64' lang='lat' dir='ltr'><strong>quae</strong></span> <span class='ocrx_word' id='word_1_369' title='bbox 1609 4482 1662 4535; x_wconf 90' lang='lat' dir='ltr'><strong>in</strong></span> <span class='ocrx_word' id='word_1_370' title='bbox 1687 4481 1831 4534; x_wconf 87' lang='lat' dir='ltr'><strong>terris</strong></span> <span class='ocrx_word' id='word_1_371' title='bbox 1851 4481 1901 4533; x_wconf 92' lang='lat' dir='ltr'><strong>in</strong></span> <span class='ocrx_word' id='word_1_372' title='bbox 1923 4480 2066 4550; x_wconf 85' lang='lat' dir='ltr'><strong>ipso:</strong></span> <span class='ocrx_word' id='word_1_373' title='bbox 2091 4479 2145 4532; x_wconf 92' lang='lat' dir='ltr'><strong>in</strong></span> 
     </span>
    </p>
   </div>
   <div class='ocr_carea' id='block_1_47' title="bbox 567 4572 2144 4648">
    <p class='ocr_par' dir='ltr' id='par_1_47' title="bbox 567 4572 2144 4648">
     <span class='ocr_line' id='line_1_47' title="bbox 567 4572 2144 4648; baseline -0.006 -14"><span class='ocrx_word' id='word_1_374' title='bbox 567 4597 668 4648; x_wconf 86' lang='lat' dir='ltr'><strong>quo</strong></span> <span class='ocrx_word' id='word_1_375' title='bbox 701 4581 850 4634; x_wconf 89' lang='lat' dir='ltr'><strong>etiam</strong></span> <span class='ocrx_word' id='word_1_376' title='bbox 879 4588 924 4632; x_wconf 88' lang='lat' dir='ltr'><strong>et</strong></span> <span class='ocrx_word' id='word_1_377' title='bbox 952 4587 1136 4632; x_wconf 87' lang='lat' dir='ltr'><strong>sortem</strong></span> <span class='ocrx_word' id='word_1_378' title='bbox 1165 4576 1416 4631; x_wconf 77' lang='lat' dir='ltr'><strong>consecuti</strong></span> <span class='ocrx_word' id='word_1_379' title='bbox 1445 4590 1645 4639; x_wconf 89' lang='lat' dir='ltr'><strong>sumus,</strong></span> <span class='ocrx_word' id='word_1_380' title='bbox 1679 4572 2020 4644; x_wconf 77' lang='lat' dir='ltr'><strong>prcedestinati</strong></span> <span class='ocrx_word' id='word_1_381' title='bbox 2061 4587 2144 4626; x_wconf 85' lang='lat' dir='ltr'><strong>se-</strong></span> 
     </span>
    </p>
   </div>
   <div class='ocr_carea' id='block_1_48' title="bbox 569 4663 2148 4740">
    <p class='ocr_par' dir='ltr' id='par_1_48' title="bbox 569 4663 2148 4740">
     <span class='ocr_line' id='line_1_48' title="bbox 569 4663 2148 4740; baseline -0.006 -16"><span class='ocrx_word' id='word_1_382' title='bbox 569 4672 786 4724; x_wconf 87' lang='lat' dir='ltr'><strong>cundum</strong></span> <span class='ocrx_word' id='word_1_383' title='bbox 826 4669 1132 4740; x_wconf 84' lang='lat' dir='ltr'><strong>propositum</strong></span> <span class='ocrx_word' id='word_1_384' title='bbox 1155 4709 1170 4732; x_wconf 92' lang='lat'><strong>,</strong></span> <span class='ocrx_word' id='word_1_385' title='bbox 1209 4667 1296 4738; x_wconf 87' lang='lat' dir='ltr'><strong>qui</strong></span> <span class='ocrx_word' id='word_1_386' title='bbox 1333 4667 1564 4720; x_wconf 82' lang='lat' dir='ltr'><strong>uniuersa</strong></span> <span class='ocrx_word' id='word_1_387' title='bbox 1600 4675 1836 4733; x_wconf 84' lang='lat' dir='ltr'><strong>operatur</strong></span> <span class='ocrx_word' id='word_1_388' title='bbox 1875 4663 2148 4718; x_wconf 85' lang='lat' dir='ltr'><strong>secundum</strong></span> 
     </span>
    </p>
   </div>
   <div class='ocr_carea' id='block_1_49' title="bbox 551 4753 2143 4824">
    <p class='ocr_par' dir='ltr' id='par_1_49' title="bbox 551 4753 2143 4824">
     <span class='ocr_line' id='line_1_49' title="bbox 551 4753 2143 4824; baseline -0.007 -7"><span class='ocrx_word' id='word_1_389' title='bbox 551 4763 834 4817; x_wconf 68' lang='lat' dir='ltr'><strong>consilium</strong></span> <span class='ocrx_word' id='word_1_390' title='bbox 858 4759 1126 4814; x_wconf 76' lang='lat' dir='ltr'><strong>uoiuntatis</strong></span> <span class='ocrx_word' id='word_1_391' title='bbox 1143 4774 1269 4824; x_wconf 68' lang='lat' dir='ltr'><strong>sum,</strong></span> <span class='ocrx_word' id='word_1_392' title='bbox 1285 4767 1335 4811; x_wconf 86' lang='lat' dir='ltr'><strong>ut</strong></span> <span class='ocrx_word' id='word_1_393' title='bbox 1351 4757 1508 4812; x_wconf 89' lang='lat' dir='ltr'><strong>simus</strong></span> <span class='ocrx_word' id='word_1_394' title='bbox 1525 4756 1580 4809; x_wconf 89' lang='lat' dir='ltr'><strong>in</strong></span> <span class='ocrx_word' id='word_1_395' title='bbox 1601 4755 1802 4810; x_wconf 85' lang='lat' dir='ltr'><strong>laudem</strong></span> <span class='ocrx_word' id='word_1_396' title='bbox 1821 4753 1996 4824; x_wconf 65' lang='lat' dir='ltr'><strong>gloria:</strong></span> <span class='ocrx_word' id='word_1_397' title='bbox 2016 4754 2143 4822; x_wconf 87' lang='lat' dir='ltr'><strong>ejus.</strong></span> 
     </span>
    </p>
   </div>
   <div class='ocr_carea' id='block_1_50' title="bbox 642 4845 2148 4921">
    <p class='ocr_par' dir='ltr' id='par_1_50' title="bbox 642 4845 2148 4921">
     <span class='ocr_line' id='line_1_50' title="bbox 642 4845 2148 4921; baseline -0.007 -13"><span class='ocrx_word' id='word_1_398' title='bbox 642 4855 732 4908; x_wconf 83' lang='lat'><strong>57.</strong></span> <span class='ocrx_word' id='word_1_399' title='bbox 759 4853 926 4908; x_wconf 84' lang='lat' dir='ltr'><strong>Nimis</strong></span> <span class='ocrx_word' id='word_1_400' title='bbox 948 4851 1158 4921; x_wconf 88' lang='lat' dir='ltr'><strong>longum</strong></span> <span class='ocrx_word' id='word_1_401' title='bbox 1175 4858 1256 4904; x_wconf 88' lang='lat' dir='ltr'><strong>est</strong></span> <span class='ocrx_word' id='word_1_402' title='bbox 1275 4849 1342 4904; x_wconf 88' lang='lat' dir='ltr'><strong>de</strong></span> <span class='ocrx_word' id='word_1_403' title='bbox 1363 4847 1580 4918; x_wconf 82' lang='lat' dir='ltr'><strong>singulis</strong></span> <span class='ocrx_word' id='word_1_404' title='bbox 1605 4847 1894 4917; x_wconf 88' lang='lat' dir='ltr'><strong>disputare.</strong></span> <span class='ocrx_word' id='word_1_405' title='bbox 1921 4845 2148 4900; x_wconf 78' lang='lat' dir='ltr'><strong>Ccrnitis</strong></span> 
     </span>
    </p>
   </div>
   <div class='ocr_carea' id='block_1_51' title="bbox 571 4935 2148 5011">
    <p class='ocr_par' dir='ltr' id='par_1_51' title="bbox 571 4935 2148 5011">
     <span class='ocr_line' id='line_1_51' title="bbox 571 4935 2148 5011; baseline -0.006 -13"><span class='ocrx_word' id='word_1_406' title='bbox 571 4953 746 4999; x_wconf 84' lang='lat' dir='ltr'><strong>autem</strong></span> <span class='ocrx_word' id='word_1_407' title='bbox 788 4943 967 5011; x_wconf 82' lang='lat' dir='ltr'><strong>procul</strong></span> <span class='ocrx_word' id='word_1_408' title='bbox 1009 4941 1190 5004; x_wconf 85' lang='lat' dir='ltr'><strong>dubio,</strong></span> <span class='ocrx_word' id='word_1_409' title='bbox 1227 4940 1442 4994; x_wconf 84' lang='lat' dir='ltr'><strong>cernitis</strong></span> <span class='ocrx_word' id='word_1_410' title='bbox 1483 4945 1678 5008; x_wconf 85' lang='lat' dir='ltr'><strong>quanta</strong></span> <span class='ocrx_word' id='word_1_411' title='bbox 1727 4935 2148 4990; x_wconf 81' lang='lat' dir='ltr'><strong>manifestatione</strong></span> 
     </span>
    </p>
   </div>
   <div class='ocr_carea' id='block_1_52' title="bbox 571 5029 2145 5106">
    <p class='ocr_par' dir='ltr' id='par_1_52' title="bbox 571 5029 2145 5106">
     <span class='ocr_line' id='line_1_52' title="bbox 571 5029 2145 5106; baseline -0.008 -16"><span class='ocrx_word' id='word_1_412' title='bbox 571 5035 852 5106; x_wconf 83' lang='lat' dir='ltr'><strong>apostolici</strong></span> <span class='ocrx_word' id='word_1_413' title='bbox 881 5033 1074 5104; x_wconf 87' lang='lat' dir='ltr'><strong>eloquii</strong></span> <span class='ocrx_word' id='word_1_414' title='bbox 1105 5031 1413 5087; x_wconf 79' lang='lat' dir='ltr'><strong>defendatur</strong></span> <span class='ocrx_word' id='word_1_415' title='bbox 1439 5031 1553 5085; x_wconf 68' lang='lat' dir='ltr'><strong>haec</strong></span> <span class='ocrx_word' id='word_1_416' title='bbox 1579 5029 1968 5100; x_wconf 86' lang='lat' dir='ltr'><strong>gratia,contra</strong></span> <span class='ocrx_word' id='word_1_417' title='bbox 1989 5041 2145 5094; x_wconf 90' lang='lat' dir='ltr'><strong>quam</strong></span> 
     </span>
    </p>
   </div>
   <div class='ocr_carea' id='block_1_53' title="bbox 573 5113 2148 5188">
    <p class='ocr_par' dir='ltr' id='par_1_53' title="bbox 573 5113 2148 5188">
     <span class='ocr_line' id='line_1_53' title="bbox 573 5113 2148 5188; baseline -0.009 -8"><span class='ocrx_word' id='word_1_418' title='bbox 573 5125 760 5180; x_wconf 84' lang='lat' dir='ltr'><strong>merita</strong></span> <span class='ocrx_word' id='word_1_419' title='bbox 807 5123 1132 5178; x_wconf 83' lang='lat' dir='ltr'><strong>extolluntur</strong></span> <span class='ocrx_word' id='word_1_420' title='bbox 1168 5121 1418 5186; x_wconf 89' lang='lat' dir='ltr'><strong>humana,</strong></span> <span class='ocrx_word' id='word_1_421' title='bbox 1465 5129 1715 5188; x_wconf 85' lang='lat' dir='ltr'><strong>tanquam</strong></span> <span class='ocrx_word' id='word_1_422' title='bbox 1755 5116 1916 5170; x_wconf 86' lang='lat' dir='ltr'><strong>homo</strong></span> <span class='ocrx_word' id='word_1_423' title='bbox 1951 5113 2148 5184; x_wconf 86' lang='lat' dir='ltr'><strong>aliquid</strong></span> 
     </span>
    </p>
   </div>
   <div class='ocr_carea' id='block_1_54' title="bbox 573 5205 2147 5287">
    <p class='ocr_par' dir='ltr' id='par_1_54' title="bbox 573 5205 2147 5287">
     <span class='ocr_line' id='line_1_54' title="bbox 573 5205 2147 5287; baseline -0.006 -17"><span class='ocrx_word' id='word_1_424' title='bbox 573 5218 723 5287; x_wconf 86' lang='lat' dir='ltr'><strong>prior</strong></span> <span class='ocrx_word' id='word_1_425' title='bbox 751 5215 860 5281; x_wconf 82' lang='lat' dir='ltr'><strong>det,</strong></span> <span class='ocrx_word' id='word_1_426' title='bbox 893 5223 952 5268; x_wconf 94' lang='lat' dir='ltr'><strong>ut</strong></span> <span class='ocrx_word' id='word_1_427' title='bbox 975 5213 1299 5270; x_wconf 88' lang='lat' dir='ltr'><strong>retribuatur</strong></span> <span class='ocrx_word' id='word_1_428' title='bbox 1325 5212 1394 5265; x_wconf 91' lang='lat' dir='ltr'><strong>ei.</strong></span> <span class='ocrx_word' id='word_1_429' title='bbox 1438 5211 1610 5281; x_wconf 83' lang='lat' dir='ltr'><strong>Elegit</strong></span> <span class='ocrx_word' id='word_1_430' title='bbox 1636 5224 1764 5280; x_wconf 86' lang='lat' dir='ltr'><strong>ergo</strong></span> <span class='ocrx_word' id='word_1_431' title='bbox 1808 5222 1904 5262; x_wconf 84' lang='lat' dir='ltr'><strong>nos</strong></span> <span class='ocrx_word' id='word_1_432' title='bbox 1931 5207 2069 5260; x_wconf 90' lang='lat' dir='ltr'><strong>Deus</strong></span> <span class='ocrx_word' id='word_1_433' title='bbox 2097 5205 2147 5260; x_wconf 92' lang='lat' dir='ltr'><strong>in</strong></span> 
     </span>
    </p>
   </div>
   <div class='ocr_carea' id='block_1_55' title="bbox 569 5298 2151 5369">
    <p class='ocr_par' dir='ltr' id='par_1_55' title="bbox 569 5298 2151 5369">
     <span class='ocr_line' id='line_1_55' title="bbox 569 5298 2151 5369; baseline -0.008 -6"><span class='ocrx_word' id='word_1_434' title='bbox 569 5309 784 5364; x_wconf 89' lang='lat' dir='ltr'><strong>Christo</strong></span> <span class='ocrx_word' id='word_1_435' title='bbox 805 5315 928 5360; x_wconf 89' lang='lat' dir='ltr'><strong>ante</strong></span> <span class='ocrx_word' id='word_1_436' title='bbox 950 5305 1130 5360; x_wconf 87' lang='lat' dir='ltr'><strong>mundi</strong></span> <span class='ocrx_word' id='word_1_437' title='bbox 1159 5302 1609 5365; x_wconf 87' lang='lat' dir='ltr'><strong>constitutionem,</strong></span> <span class='ocrx_word' id='word_1_438' title='bbox 1643 5298 2028 5369; x_wconf 66' lang='lat' dir='ltr'><strong>praedestinans</strong></span> <span class='ocrx_word' id='word_1_439' title='bbox 2053 5309 2151 5352; x_wconf 85' lang='lat' dir='ltr'><strong>nos</strong></span> 
     </span>
    </p>
   </div>
   <div class='ocr_carea' id='block_1_56' title="bbox 573 5387 2153 5468">
    <p class='ocr_par' dir='ltr' id='par_1_56' title="bbox 573 5387 2153 5468">
     <span class='ocr_line' id='line_1_56' title="bbox 573 5387 2153 5468; baseline -0.01 -14"><span class='ocrx_word' id='word_1_440' title='bbox 573 5400 626 5454; x_wconf 85' lang='lat' dir='ltr'><strong>in</strong></span> <span class='ocrx_word' id='word_1_441' title='bbox 657 5398 992 5468; x_wconf 88' lang='lat' dir='ltr'><strong>adoptionem</strong></span> <span class='ocrx_word' id='word_1_442' title='bbox 1043 5396 1306 5450; x_wconf 84' lang='lat' dir='ltr'><strong>ﬁliorum:</strong></span> <span class='ocrx_word' id='word_1_443' title='bbox 1339 5405 1446 5447; x_wconf 88' lang='lat' dir='ltr'><strong>non</strong></span> <span class='ocrx_word' id='word_1_444' title='bbox 1485 5391 1604 5462; x_wconf 88' lang='lat' dir='ltr'><strong>quia</strong></span> <span class='ocrx_word' id='word_1_445' title='bbox 1647 5403 1743 5460; x_wconf 87' lang='lat' dir='ltr'><strong>per</strong></span> <span class='ocrx_word' id='word_1_446' title='bbox 1779 5403 1876 5442; x_wconf 93' lang='lat' dir='ltr'><strong>nos</strong></span> <span class='ocrx_word' id='word_1_447' title='bbox 1904 5387 2072 5440; x_wconf 87' lang='lat' dir='ltr'><strong>sancti</strong></span> <span class='ocrx_word' id='word_1_448' title='bbox 2095 5394 2153 5440; x_wconf 89' lang='lat' dir='ltr'><strong>et</strong></span> 
     </span>
    </p>
   </div>
   <div class='ocr_carea' id='block_1_57' title="bbox 641 5599 2152 5680">
    <p class='ocr_par' dir='ltr' id='par_1_57' title="bbox 641 5599 2152 5680">
     <span class='ocr_line' id='line_1_57' title="bbox 641 5599 2152 5680; baseline -0.013 -11"><span class='ocrx_word' id='word_1_449' title='bbox 641 5621 656 5652; x_wconf 86' lang='grc'>¹</span> <span class='ocrx_word' id='word_1_450' title='bbox 679 5619 817 5676; x_wconf 75' lang='lat' dir='ltr'><strong>sunt,</strong></span> <span class='ocrx_word' id='word_1_451' title='bbox 833 5617 917 5680; x_wconf 85' lang='lat' dir='ltr'><strong>qui</strong></span> <span class='ocrx_word' id='word_1_452' title='bbox 937 5619 1230 5680; x_wconf 75' lang='lat' dir='ltr'><strong>remoratur.</strong></span> <span class='ocrx_word' id='word_1_453' title='bbox 1255 5611 1408 5680; x_wconf 78' lang='lat' dir='ltr'><strong>Nostri</strong></span> <span class='ocrx_word' id='word_1_454' title='bbox 1431 5621 1601 5659; x_wconf 87' lang='lat' dir='ltr'><strong>omnes</strong></span> <span class='ocrx_word' id='word_1_455' title='bbox 1620 5614 1750 5666; x_wconf 63' lang='lat' dir='ltr'><strong>Mss,</strong></span> <span class='ocrx_word' id='word_1_456' title='bbox 1774 5603 1882 5668; x_wconf 86' lang='lat' dir='ltr'><strong>quis</strong></span> <span class='ocrx_word' id='word_1_457' title='bbox 1905 5599 2152 5666; x_wconf 83' lang='lat' dir='ltr'><strong>requirat?</strong></span> 
     </span>
    </p>
   </div>
   <div class='ocr_carea' id='block_1_58' title="bbox 577 5677 1388 5743">
    <p class='ocr_par' dir='ltr' id='par_1_58' title="bbox 577 5677 1388 5743">
     <span class='ocr_line' id='line_1_58' title="bbox 577 5677 1388 5743; baseline -0.006 -17"><span class='ocrx_word' id='word_1_458' title='bbox 577 5689 709 5743; x_wconf 82' lang='lat' dir='ltr'><strong>puta,</strong></span> <span class='ocrx_word' id='word_1_459' title='bbox 731 5677 869 5743; x_wconf 66' lang='lat' dir='ltr'><strong>quat-ii</strong></span> <span class='ocrx_word' id='word_1_460' title='bbox 893 5677 1068 5743; x_wconf 80' lang='lat' dir='ltr'><strong>dubius</strong></span> <span class='ocrx_word' id='word_1_461' title='bbox 1085 5683 1136 5743; x_wconf 89' lang='lat' dir='ltr'><strong>e_t</strong></span> <span class='ocrx_word' id='word_1_462' title='bbox 1157 5677 1388 5743; x_wconf 69' lang='lat' dir='ltr'><strong>incertus.</strong></span> 
     </span>
    </p>
   </div>
   <div class='ocr_carea' id='block_1_59' title="bbox 579 5725 2146 5861">
    <p class='ocr_par' dir='ltr' id='par_1_59' title="bbox 579 5725 2146 5861">
     <span class='ocr_line' id='line_1_59' title="bbox 580 5725 2146 5850; baseline -0.01 -62"><span class='ocrx_word' id='word_1_463' title='bbox 580 5725 1010 5850; x_wconf 46' lang='grc' dir='ltr'><strong>Γἶ-ἐιιίιῖἰξξινιιιίαι</strong></span> <span class='ocrx_word' id='word_1_464' title='bbox 1033 5736 1138 5796; x_wconf 83' lang='lat' dir='ltr'><strong>Dei,</strong></span> <span class='ocrx_word' id='word_1_465' title='bbox 1163 5733 1340 5800; x_wconf 81' lang='lat' dir='ltr'><strong>placito</strong></span> <span class='ocrx_word' id='word_1_466' title='bbox 1359 5731 1696 5798; x_wconf 83' lang='lat' dir='ltr'><strong>gloriarentur.</strong></span> <span class='ocrx_word' id='word_1_467' title='bbox 1738 5725 2061 5780; x_wconf 81' lang='lat' dir='ltr'><strong>Emendantur</strong></span> <span class='ocrx_word' id='word_1_468' title='bbox 2085 5735 2146 5773; x_wconf 79' lang='lat' dir='ltr'><strong>ex</strong></span> 
     </span>
     <span class='ocr_line' id='line_1_60' title="bbox 579 5813 931 5861; baseline -0.006 -11"><span class='ocrx_word' id='word_1_469' title='bbox 579 5815 794 5851; x_wconf 80' lang='lat' dir='ltr'><strong>ntanusct</strong></span> <span class='ocrx_word' id='word_1_470' title='bbox 807 5817 849 5861; x_wconf 85' lang='grc' dir='ltr'>ιι.</span> <span class='ocrx_word' id='word_1_471' title='bbox 875 5813 931 5849; x_wconf 77' lang='grc' dir='ltr'><strong>ιε.</strong></span> 
     </span>
    </p>
   </div>
   <div class='ocr_carea' id='block_1_60' title="bbox 1773 351 2562 420">
    <p class='ocr_par' dir='ltr' id='par_1_60' title="bbox 1773 351 2562 420">
     <span class='ocr_line' id='line_1_61' title="bbox 1773 351 2562 420; baseline -0.016 -1"><span class='ocrx_word' id='word_1_472' title='bbox 1773 367 1826 420; x_wconf 94' lang='lat' dir='ltr'><strong>S.</strong></span> <span class='ocrx_word' id='word_1_473' title='bbox 1872 355 2232 418; x_wconf 78' lang='lat' dir='ltr'><strong>AUGUSTINI</strong></span> <span class='ocrx_word' id='word_1_474' title='bbox 2271 351 2562 410; x_wconf 80' lang='lat' dir='ltr'><strong>EPlSCOI&#39;I</strong></span> 
     </span>
    </p>
   </div>
   <div class='ocr_carea' id='block_1_61' title="bbox 3691 355 3814 412">
    <p class='ocr_par' dir='ltr' id='par_1_61' title="bbox 3691 355 3814 412">
     <span class='ocr_line' id='line_1_62' title="bbox 3691 355 3814 412; baseline 0 0"><span class='ocrx_word' id='word_1_475' title='bbox 3691 355 3814 412; x_wconf 81' lang='lat'><strong>988</strong></span> 
     </span>
    </p>
   </div>
   <div class='ocr_carea' id='block_1_62' title="bbox 2215 467 3826 541">
    <p class='ocr_par' dir='ltr' id='par_1_62' title="bbox 2215 467 3826 541">
     <span class='ocr_line' id='line_1_63' title="bbox 2215 467 3826 541; baseline -0.002 -12"><span class='ocrx_word' id='word_1_476' title='bbox 2215 474 2532 530; x_wconf 88' lang='lat' dir='ltr'><strong>immaculati</strong></span> <span class='ocrx_word' id='word_1_477' title='bbox 2559 471 2718 526; x_wconf 85' lang='lat' dir='ltr'><strong>futuri</strong></span> <span class='ocrx_word' id='word_1_478' title='bbox 2745 485 2976 537; x_wconf 84' lang='lat' dir='ltr'><strong>eramus,</strong></span> <span class='ocrx_word' id='word_1_479' title='bbox 2999 468 3090 525; x_wconf 90' lang='lat' dir='ltr'><strong>sed</strong></span> <span class='ocrx_word' id='word_1_480' title='bbox 3109 468 3268 540; x_wconf 90' lang='lat' dir='ltr'><strong>elegit</strong></span> <span class='ocrx_word' id='word_1_481' title='bbox 3289 467 3826 541; x_wconf 78' lang='lat' dir='ltr'><strong>prtedestinavitque-</strong></span> 
     </span>
    </p>
   </div>
   <div class='ocr_carea' id='block_1_63' title="bbox 2211 560 3812 631">
    <p class='ocr_par' dir='ltr' id='par_1_63' title="bbox 2211 560 3812 631">
     <span class='ocr_line' id='line_1_64' title="bbox 2211 560 3812 631; baseline -0.003 -11"><span class='ocrx_word' id='word_1_482' title='bbox 2211 575 2268 620; x_wconf 87' lang='lat' dir='ltr'><strong>ut</strong></span> <span class='ocrx_word' id='word_1_483' title='bbox 2293 580 2549 620; x_wconf 90' lang='lat' dir='ltr'><strong>essemus.</strong></span> <span class='ocrx_word' id='word_1_484' title='bbox 2585 563 2732 618; x_wconf 89' lang='lat' dir='ltr'><strong>Fecit</strong></span> <span class='ocrx_word' id='word_1_485' title='bbox 2755 573 2930 616; x_wconf 87' lang='lat' dir='ltr'><strong>autem</strong></span> <span class='ocrx_word' id='word_1_486' title='bbox 2959 560 3060 616; x_wconf 87' lang='lat' dir='ltr'><strong>hoc</strong></span> <span class='ocrx_word' id='word_1_487' title='bbox 3088 560 3376 616; x_wconf 86' lang='lat' dir='ltr'><strong>secundum</strong></span> <span class='ocrx_word' id='word_1_488' title='bbox 3407 562 3668 631; x_wconf 86' lang='lat' dir='ltr'><strong>placitum</strong></span> <span class='ocrx_word' id='word_1_489' title='bbox 3703 575 3812 615; x_wconf 75' lang='lat' dir='ltr'><strong>vo-</strong></span> 
     </span>
    </p>
   </div>
   <div class='ocr_carea' id='block_1_64' title="bbox 2211 650 3814 720">
    <p class='ocr_par' dir='ltr' id='par_1_64' title="bbox 2211 650 3814 720">
     <span class='ocr_line' id='line_1_65' title="bbox 2211 650 3814 720; baseline -0.001 -12"><span class='ocrx_word' id='word_1_490' title='bbox 2211 657 2426 710; x_wconf 90' lang='lat' dir='ltr'><strong>luntatis</strong></span> <span class='ocrx_word' id='word_1_491' title='bbox 2455 669 2585 716; x_wconf 79' lang='lat' dir='ltr'><strong>suae,</strong></span> <span class='ocrx_word' id='word_1_492' title='bbox 2614 662 2670 706; x_wconf 92' lang='lat' dir='ltr'><strong>ut</strong></span> <span class='ocrx_word' id='word_1_493' title='bbox 2698 667 2852 706; x_wconf 91' lang='lat' dir='ltr'><strong>nemo</strong></span> <span class='ocrx_word' id='word_1_494' title='bbox 2875 651 2942 706; x_wconf 86' lang='lat' dir='ltr'><strong>de</strong></span> <span class='ocrx_word' id='word_1_495' title='bbox 2985 665 3099 714; x_wconf 90' lang='lat' dir='ltr'><strong>sua,</strong></span> <span class='ocrx_word' id='word_1_496' title='bbox 3147 650 3242 705; x_wconf 88' lang='lat' dir='ltr'><strong>sed</strong></span> <span class='ocrx_word' id='word_1_497' title='bbox 3285 650 3352 706; x_wconf 92' lang='lat' dir='ltr'><strong>de</strong></span> <span class='ocrx_word' id='word_1_498' title='bbox 3393 651 3532 706; x_wconf 88' lang='lat' dir='ltr'><strong>illius</strong></span> <span class='ocrx_word' id='word_1_499' title='bbox 3569 665 3714 720; x_wconf 80' lang='lat' dir='ltr'><strong>erga</strong></span> <span class='ocrx_word' id='word_1_500' title='bbox 3747 663 3814 706; x_wconf 86' lang='lat' dir='ltr'><strong>se</strong></span> 
     </span>
    </p>
   </div>
   <div class='ocr_carea' id='block_1_65' title="bbox 2212 741 3815 813">
    <p class='ocr_par' dir='ltr' id='par_1_65' title="bbox 2212 741 3815 813">
     <span class='ocr_line' id='line_1_66' title="bbox 2212 741 3815 813; baseline -0.002 -15"><span class='ocrx_word' id='word_1_501' title='bbox 2212 747 2478 799; x_wconf 86' lang='lat' dir='ltr'><strong>voluntate</strong></span> <span class='ocrx_word' id='word_1_502' title='bbox 2504 744 2757 813; x_wconf 82' lang='lat' dir='ltr'><strong>glorietur</strong></span> <span class='ocrx_word' id='word_1_503' title='bbox 2787 761 2800 796; x_wconf 90' lang='lat'><strong>:</strong></span> <span class='ocrx_word' id='word_1_504' title='bbox 2829 742 2950 798; x_wconf 81' lang='lat' dir='ltr'><strong>fecit</strong></span> <span class='ocrx_word' id='word_1_505' title='bbox 2981 741 3080 796; x_wconf 89' lang='lat' dir='ltr'><strong>hoc</strong></span> <span class='ocrx_word' id='word_1_506' title='bbox 3103 741 3394 796; x_wconf 86' lang='lat' dir='ltr'><strong>secundum</strong></span> <span class='ocrx_word' id='word_1_507' title='bbox 3425 741 3644 796; x_wconf 83' lang='lat' dir='ltr'><strong>divitias</strong></span> <span class='ocrx_word' id='word_1_508' title='bbox 3677 755 3815 810; x_wconf 78' lang='lat' dir='ltr'><strong>gra-</strong></span> 
     </span>
    </p>
   </div>
   <div class='ocr_carea' id='block_1_66' title="bbox 2217 833 3812 902">
    <p class='ocr_par' dir='ltr' id='par_1_66' title="bbox 2217 833 3812 902">
     <span class='ocr_line' id='line_1_67' title="bbox 2217 833 3812 902; baseline -0.003 -13"><span class='ocrx_word' id='word_1_509' title='bbox 2217 837 2300 890; x_wconf 79' lang='lat' dir='ltr'><strong>tia:</strong></span> <span class='ocrx_word' id='word_1_510' title='bbox 2343 851 2470 896; x_wconf 73' lang='lat' dir='ltr'><strong>sum,</strong></span> <span class='ocrx_word' id='word_1_511' title='bbox 2513 834 2800 889; x_wconf 87' lang='lat' dir='ltr'><strong>secundum</strong></span> <span class='ocrx_word' id='word_1_512' title='bbox 2845 834 3038 888; x_wconf 90' lang='lat' dir='ltr'><strong>bonam</strong></span> <span class='ocrx_word' id='word_1_513' title='bbox 3075 833 3395 886; x_wconf 86' lang='lat' dir='ltr'><strong>voluntatem</strong></span> <span class='ocrx_word' id='word_1_514' title='bbox 3427 846 3598 896; x_wconf 86' lang='lat' dir='ltr'><strong>suam,</strong></span> <span class='ocrx_word' id='word_1_515' title='bbox 3631 845 3812 902; x_wconf 85' lang='lat' dir='ltr'><strong>quam</strong></span> 
     </span>
    </p>
   </div>
   <div class='ocr_carea' id='block_1_67' title="bbox 2217 922 3814 998">
    <p class='ocr_par' dir='ltr' id='par_1_67' title="bbox 2217 922 3814 998">
     <span class='ocr_line' id='line_1_68' title="bbox 2217 922 3814 998; baseline -0.004 -16"><span class='ocrx_word' id='word_1_516' title='bbox 2217 927 2488 998; x_wconf 84' lang='lat' dir='ltr'><strong>proposuit</strong></span> <span class='ocrx_word' id='word_1_517' title='bbox 2515 929 2564 980; x_wconf 91' lang='lat' dir='ltr'><strong>in</strong></span> <span class='ocrx_word' id='word_1_518' title='bbox 2589 927 2778 980; x_wconf 88' lang='lat' dir='ltr'><strong>dilecto</strong></span> <span class='ocrx_word' id='word_1_519' title='bbox 2803 925 2938 979; x_wconf 87' lang='lat' dir='ltr'><strong>Filio</strong></span> <span class='ocrx_word' id='word_1_520' title='bbox 2957 930 3075 988; x_wconf 89' lang='lat' dir='ltr'><strong>suo,</strong></span> <span class='ocrx_word' id='word_1_521' title='bbox 3105 925 3156 978; x_wconf 92' lang='lat' dir='ltr'><strong>in</strong></span> <span class='ocrx_word' id='word_1_522' title='bbox 3175 939 3282 993; x_wconf 91' lang='lat' dir='ltr'><strong>quo</strong></span> <span class='ocrx_word' id='word_1_523' title='bbox 3297 934 3494 977; x_wconf 90' lang='lat' dir='ltr'><strong>sortem</strong></span> <span class='ocrx_word' id='word_1_524' title='bbox 3514 922 3814 978; x_wconf 84' lang='lat' dir='ltr'><strong>consecuti</strong></span> 
     </span>
    </p>
   </div>
   <div class='ocr_carea' id='block_1_68' title="bbox 2217 1014 3814 1087">
    <p class='ocr_par' dir='ltr' id='par_1_68' title="bbox 2217 1014 3814 1087">
     <span class='ocr_line' id='line_1_69' title="bbox 2217 1014 3814 1087; baseline -0.003 -17"><span class='ocrx_word' id='word_1_525' title='bbox 2217 1033 2418 1080; x_wconf 81' lang='lat' dir='ltr'><strong>smnus,</strong></span> <span class='ocrx_word' id='word_1_526' title='bbox 2463 1017 2815 1087; x_wconf 69' lang='lat' dir='ltr'><strong>prtutlestinati</strong></span> <span class='ocrx_word' id='word_1_527' title='bbox 2846 1014 3134 1070; x_wconf 88' lang='lat' dir='ltr'><strong>secundum</strong></span> <span class='ocrx_word' id='word_1_528' title='bbox 3165 1014 3511 1084; x_wconf 89' lang='lat' dir='ltr'><strong>propositum,</strong></span> <span class='ocrx_word' id='word_1_529' title='bbox 3557 1026 3673 1066; x_wconf 89' lang='lat' dir='ltr'><strong>non</strong></span> <span class='ocrx_word' id='word_1_530' title='bbox 3703 1025 3814 1066; x_wconf 89' lang='lat' dir='ltr'><strong>no-</strong></span> 
     </span>
    </p>
   </div>
   <div class='ocr_carea' id='block_1_69' title="bbox 2217 1101 3816 1176">
    <p class='ocr_par' dir='ltr' id='par_1_69' title="bbox 2217 1101 3816 1176">
     <span class='ocr_line' id='line_1_70' title="bbox 2217 1101 3816 1176; baseline -0.004 -14"><span class='ocrx_word' id='word_1_531' title='bbox 2217 1121 2402 1170; x_wconf 86' lang='lat' dir='ltr'><strong>strum,</strong></span> <span class='ocrx_word' id='word_1_532' title='bbox 2445 1108 2538 1162; x_wconf 90' lang='lat' dir='ltr'><strong>sed</strong></span> <span class='ocrx_word' id='word_1_533' title='bbox 2587 1108 2723 1175; x_wconf 87' lang='lat' dir='ltr'><strong>ejus,</strong></span> <span class='ocrx_word' id='word_1_534' title='bbox 2761 1107 2850 1176; x_wconf 90' lang='lat' dir='ltr'><strong>qui</strong></span> <span class='ocrx_word' id='word_1_535' title='bbox 2895 1107 3137 1160; x_wconf 84' lang='lat' dir='ltr'><strong>universa</strong></span> <span class='ocrx_word' id='word_1_536' title='bbox 3165 1112 3432 1174; x_wconf 83' lang='lat' dir='ltr'><strong>aperatnr,</strong></span> <span class='ocrx_word' id='word_1_537' title='bbox 3461 1117 3634 1172; x_wconf 84' lang='lat' dir='ltr'><strong>usque</strong></span> <span class='ocrx_word' id='word_1_538' title='bbox 3663 1101 3816 1156; x_wconf 85' lang='lat' dir='ltr'><strong>adeo</strong></span> 
     </span>
    </p>
   </div>
   <div class='ocr_carea' id='block_1_70' title="bbox 2220 1190 3810 1269">
    <p class='ocr_par' dir='ltr' id='par_1_70' title="bbox 2220 1190 3810 1269">
     <span class='ocr_line' id='line_1_71' title="bbox 2220 1190 3810 1269; baseline -0.004 -17"><span class='ocrx_word' id='word_1_539' title='bbox 2220 1209 2276 1253; x_wconf 90' lang='lat' dir='ltr'><strong>ut</strong></span> <span class='ocrx_word' id='word_1_540' title='bbox 2314 1200 2426 1269; x_wconf 88' lang='lat' dir='ltr'><strong>ipse</strong></span> <span class='ocrx_word' id='word_1_541' title='bbox 2469 1203 2520 1252; x_wconf 89' lang='lat' dir='ltr'><strong>in</strong></span> <span class='ocrx_word' id='word_1_542' title='bbox 2556 1199 2708 1252; x_wconf 89' lang='lat' dir='ltr'><strong>nobis</strong></span> <span class='ocrx_word' id='word_1_543' title='bbox 2746 1206 2996 1265; x_wconf 72' lang='lat' dir='ltr'><strong>oneretur</strong></span> <span class='ocrx_word' id='word_1_544' title='bbox 3033 1197 3254 1250; x_wconf 81' lang='lat' dir='ltr'><strong>etvelle</strong></span> <span class='ocrx_word' id='word_1_545' title='bbox 3281 1193 3538 1265; x_wconf 83' lang='lat' dir='ltr'><strong>(Philipp.</strong></span> <span class='ocrx_word' id='word_1_546' title='bbox 3569 1207 3648 1260; x_wconf 82' lang='lat' dir='ltr'><strong>tt,</strong></span> <span class='ocrx_word' id='word_1_547' title='bbox 3685 1190 3810 1258; x_wconf 77' lang='grc'><strong>15).</strong></span> 
     </span>
    </p>
   </div>
   <div class='ocr_carea' id='block_1_71' title="bbox 2219 1283 3814 1358">
    <p class='ocr_par' dir='ltr' id='par_1_71' title="bbox 2219 1283 3814 1358">
     <span class='ocr_line' id='line_1_72' title="bbox 2219 1283 3814 1358; baseline -0.006 -12"><span class='ocrx_word' id='word_1_548' title='bbox 2219 1290 2480 1358; x_wconf 83' lang='lat' dir='ltr'><strong>Operatur</strong></span> <span class='ocrx_word' id='word_1_549' title='bbox 2507 1298 2681 1344; x_wconf 89' lang='lat' dir='ltr'><strong>autem</strong></span> <span class='ocrx_word' id='word_1_550' title='bbox 2720 1287 3008 1342; x_wconf 89' lang='lat' dir='ltr'><strong>secundum</strong></span> <span class='ocrx_word' id='word_1_551' title='bbox 3046 1286 3321 1340; x_wconf 88' lang='lat' dir='ltr'><strong>consilium</strong></span> <span class='ocrx_word' id='word_1_552' title='bbox 3348 1283 3640 1339; x_wconf 85' lang='lat' dir='ltr'><strong>voluntatis</strong></span> <span class='ocrx_word' id='word_1_553' title='bbox 3665 1297 3814 1346; x_wconf 69' lang='lat' dir='ltr'><strong>suae,</strong></span> 
     </span>
    </p>
   </div>
   <div class='ocr_carea' id='block_1_72' title="bbox 2223 1373 3798 1446">
    <p class='ocr_par' dir='ltr' id='par_1_72' title="bbox 2223 1373 3798 1446">
     <span class='ocr_line' id='line_1_73' title="bbox 2223 1373 3798 1446; baseline -0.004 -14"><span class='ocrx_word' id='word_1_554' title='bbox 2223 1391 2277 1432; x_wconf 86' lang='lat' dir='ltr'><strong>ut</strong></span> <span class='ocrx_word' id='word_1_555' title='bbox 2296 1380 2462 1434; x_wconf 87' lang='lat' dir='ltr'><strong>simus</strong></span> <span class='ocrx_word' id='word_1_556' title='bbox 2489 1379 2539 1432; x_wconf 88' lang='lat' dir='ltr'><strong>in</strong></span> <span class='ocrx_word' id='word_1_557' title='bbox 2561 1377 2768 1432; x_wconf 88' lang='lat' dir='ltr'><strong>laudem</strong></span> <span class='ocrx_word' id='word_1_558' title='bbox 2795 1377 2976 1446; x_wconf 64' lang='lat' dir='ltr'><strong>gloriae</strong></span> <span class='ocrx_word' id='word_1_559' title='bbox 3003 1377 3138 1444; x_wconf 88' lang='lat' dir='ltr'><strong>ejus.</strong></span> <span class='ocrx_word' id='word_1_560' title='bbox 3167 1375 3300 1428; x_wconf 83' lang='lat' dir='ltr'><strong>Hinc</strong></span> <span class='ocrx_word' id='word_1_561' title='bbox 3328 1383 3406 1428; x_wconf 87' lang='lat' dir='ltr'><strong>est</strong></span> <span class='ocrx_word' id='word_1_562' title='bbox 3434 1373 3574 1443; x_wconf 88' lang='lat' dir='ltr'><strong>quod</strong></span> <span class='ocrx_word' id='word_1_563' title='bbox 3601 1373 3798 1428; x_wconf 82' lang='lat' dir='ltr'><strong>clama</strong></span> 
     </span>
    </p>
   </div>
   <div class='ocr_carea' id='block_1_73' title="bbox 2223 1462 3816 1540">
    <p class='ocr_par' dir='ltr' id='par_1_73' title="bbox 2223 1462 3816 1540">
     <span class='ocr_line' id='line_1_74' title="bbox 2223 1462 3816 1540; baseline -0.004 -14"><span class='ocrx_word' id='word_1_564' title='bbox 2223 1488 2360 1535; x_wconf 86' lang='lat' dir='ltr'><strong>mus,</strong></span> <span class='ocrx_word' id='word_1_565' title='bbox 2394 1481 2450 1526; x_wconf 93' lang='lat' dir='ltr'><strong>ut</strong></span> <span class='ocrx_word' id='word_1_566' title='bbox 2497 1485 2642 1524; x_wconf 86' lang='lat' dir='ltr'><strong>nemo</strong></span> <span class='ocrx_word' id='word_1_567' title='bbox 2682 1470 2920 1540; x_wconf 85' lang='lat' dir='ltr'><strong>glorietur</strong></span> <span class='ocrx_word' id='word_1_568' title='bbox 2956 1471 3010 1521; x_wconf 88' lang='lat' dir='ltr'><strong>in</strong></span> <span class='ocrx_word' id='word_1_569' title='bbox 3051 1468 3250 1522; x_wconf 86' lang='lat' dir='ltr'><strong>homine</strong></span> <span class='ocrx_word' id='word_1_570' title='bbox 3273 1465 3318 1536; x_wconf 94' lang='lat' dir='ltr'><strong>(l</strong></span> <span class='ocrx_word' id='word_1_571' title='bbox 3343 1465 3460 1520; x_wconf 86' lang='lat' dir='ltr'><strong>Cor.</strong></span> <span class='ocrx_word' id='word_1_572' title='bbox 3493 1481 3572 1531; x_wconf 86' lang='grc' dir='ltr'>ιιι,</span> <span class='ocrx_word' id='word_1_573' title='bbox 3593 1462 3726 1534; x_wconf 72' lang='grc'><strong>21),</strong></span> <span class='ocrx_word' id='word_1_574' title='bbox 3745 1478 3816 1520; x_wconf 87' lang='lat' dir='ltr'><strong>ac</strong></span> 
     </span>
    </p>
   </div>
   <div class='ocr_carea' id='block_1_74' title="bbox 2221 1555 3816 1632">
    <p class='ocr_par' dir='ltr' id='par_1_74' title="bbox 2221 1555 3816 1632">
     <span class='ocr_line' id='line_1_75' title="bbox 2221 1555 3816 1632; baseline -0.005 -14"><span class='ocrx_word' id='word_1_575' title='bbox 2221 1579 2319 1632; x_wconf 84' lang='lat' dir='ltr'><strong>per</strong></span> <span class='ocrx_word' id='word_1_576' title='bbox 2343 1562 2444 1616; x_wconf 89' lang='lat' dir='ltr'><strong>hoc</strong></span> <span class='ocrx_word' id='word_1_577' title='bbox 2474 1577 2574 1616; x_wconf 86' lang='lat' dir='ltr'><strong>nec</strong></span> <span class='ocrx_word' id='word_1_578' title='bbox 2598 1561 2650 1616; x_wconf 90' lang='lat' dir='ltr'><strong>in</strong></span> <span class='ocrx_word' id='word_1_579' title='bbox 2684 1575 2742 1616; x_wconf 88' lang='lat' dir='ltr'><strong>se</strong></span> <span class='ocrx_word' id='word_1_580' title='bbox 2771 1561 2918 1629; x_wconf 88' lang='lat' dir='ltr'><strong>ipso;</strong></span> <span class='ocrx_word' id='word_1_581' title='bbox 2951 1557 3045 1612; x_wconf 87' lang='lat' dir='ltr'><strong>sed</strong></span> <span class='ocrx_word' id='word_1_582' title='bbox 3069 1557 3156 1627; x_wconf 76' lang='lat' dir='ltr'><strong>gui</strong></span> <span class='ocrx_word' id='word_1_583' title='bbox 3178 1556 3443 1628; x_wconf 85' lang='lat' dir='ltr'><strong>gloriatur,</strong></span> <span class='ocrx_word' id='word_1_584' title='bbox 3487 1556 3540 1610; x_wconf 87' lang='lat' dir='ltr'><strong>in</strong></span> <span class='ocrx_word' id='word_1_585' title='bbox 3575 1555 3816 1612; x_wconf 84' lang='lat' dir='ltr'><strong>Domino</strong></span> 
     </span>
    </p>
   </div>
   <div class='ocr_carea' id='block_1_75' title="bbox 2222 1645 3813 1724">
    <p class='ocr_par' dir='ltr' id='par_1_75' title="bbox 2222 1645 3813 1724">
     <span class='ocr_line' id='line_1_76' title="bbox 2222 1645 3813 1724; baseline -0.006 -16"><span class='ocrx_word' id='word_1_586' title='bbox 2222 1654 2460 1724; x_wconf 86' lang='lat' dir='ltr'><strong>glorietur</strong></span> <span class='ocrx_word' id='word_1_587' title='bbox 2481 1651 2588 1722; x_wconf 87' lang='lat' dir='ltr'><strong>(Id.</strong></span> <span class='ocrx_word' id='word_1_588' title='bbox 2617 1667 2655 1716; x_wconf 84' lang='grc' dir='ltr'>ι,</span> <span class='ocrx_word' id='word_1_589' title='bbox 2685 1652 2796 1718; x_wconf 78' lang='lat' dir='ltr'><strong>5i),</strong></span> <span class='ocrx_word' id='word_1_590' title='bbox 2823 1659 2878 1704; x_wconf 90' lang='lat' dir='ltr'><strong>ut</strong></span> <span class='ocrx_word' id='word_1_591' title='bbox 2905 1651 3070 1703; x_wconf 89' lang='lat' dir='ltr'><strong>simus</strong></span> <span class='ocrx_word' id='word_1_592' title='bbox 3111 1648 3162 1702; x_wconf 92' lang='lat' dir='ltr'><strong>in</strong></span> <span class='ocrx_word' id='word_1_593' title='bbox 3207 1646 3415 1701; x_wconf 88' lang='lat' dir='ltr'><strong>laudem</strong></span> <span class='ocrx_word' id='word_1_594' title='bbox 3445 1646 3632 1716; x_wconf 56' lang='lat' dir='ltr'><strong>gloria</strong></span> <span class='ocrx_word' id='word_1_595' title='bbox 3664 1645 3813 1712; x_wconf 86' lang='lat' dir='ltr'><strong>ejus.</strong></span> 
     </span>
    </p>
   </div>
   <div class='ocr_carea' id='block_1_76' title="bbox 2223 1738 3818 1815">
    <p class='ocr_par' dir='ltr' id='par_1_76' title="bbox 2223 1738 3818 1815">
     <span class='ocr_line' id='line_1_77' title="bbox 2223 1738 3818 1815; baseline -0.007 -14"><span class='ocrx_word' id='word_1_596' title='bbox 2223 1745 2340 1815; x_wconf 86' lang='lat' dir='ltr'><strong>lpse</strong></span> <span class='ocrx_word' id='word_1_597' title='bbox 2365 1746 2556 1815; x_wconf 88' lang='lat' dir='ltr'><strong>quippe</strong></span> <span class='ocrx_word' id='word_1_598' title='bbox 2583 1751 2831 1813; x_wconf 86' lang='lat' dir='ltr'><strong>operatur</strong></span> <span class='ocrx_word' id='word_1_599' title='bbox 2867 1739 3156 1795; x_wconf 89' lang='lat' dir='ltr'><strong>secundum</strong></span> <span class='ocrx_word' id='word_1_600' title='bbox 3183 1738 3510 1808; x_wconf 89' lang='lat' dir='ltr'><strong>propositum</strong></span> <span class='ocrx_word' id='word_1_601' title='bbox 3535 1751 3728 1800; x_wconf 88' lang='lat' dir='ltr'><strong>suum,</strong></span> <span class='ocrx_word' id='word_1_602' title='bbox 3756 1745 3818 1790; x_wconf 88' lang='lat' dir='ltr'><strong>ut</strong></span> 
     </span>
    </p>
   </div>
   <div class='ocr_carea' id='block_1_77' title="bbox 2223 1826 3816 1902">
    <p class='ocr_par' dir='ltr' id='par_1_77' title="bbox 2223 1826 3816 1902">
     <span class='ocr_line' id='line_1_78' title="bbox 2223 1826 3816 1902; baseline -0.008 -10"><span class='ocrx_word' id='word_1_603' title='bbox 2223 1838 2388 1892; x_wconf 86' lang='lat' dir='ltr'><strong>simus</strong></span> <span class='ocrx_word' id='word_1_604' title='bbox 2417 1836 2468 1889; x_wconf 92' lang='lat' dir='ltr'><strong>in</strong></span> <span class='ocrx_word' id='word_1_605' title='bbox 2499 1834 2703 1888; x_wconf 89' lang='lat' dir='ltr'><strong>laudem</strong></span> <span class='ocrx_word' id='word_1_606' title='bbox 2731 1833 2910 1902; x_wconf 64' lang='lat' dir='ltr'><strong>gloriae</strong></span> <span class='ocrx_word' id='word_1_607' title='bbox 2936 1831 3072 1900; x_wconf 86' lang='lat' dir='ltr'><strong>ejus,</strong></span> <span class='ocrx_word' id='word_1_608' title='bbox 3097 1829 3277 1898; x_wconf 89' lang='lat' dir='ltr'><strong>utique</strong></span> <span class='ocrx_word' id='word_1_609' title='bbox 3303 1827 3470 1882; x_wconf 88' lang='lat' dir='ltr'><strong>sancti</strong></span> <span class='ocrx_word' id='word_1_610' title='bbox 3512 1835 3567 1882; x_wconf 87' lang='lat' dir='ltr'><strong>et</strong></span> <span class='ocrx_word' id='word_1_611' title='bbox 3613 1826 3816 1880; x_wconf 82' lang='lat' dir='ltr'><strong>imma-</strong></span> 
     </span>
    </p>
   </div>
   <div class='ocr_carea' id='block_1_78' title="bbox 2223 1919 3816 1996">
    <p class='ocr_par' dir='ltr' id='par_1_78' title="bbox 2223 1919 3816 1996">
     <span class='ocr_line' id='line_1_79' title="bbox 2223 1919 3816 1996; baseline -0.008 -12"><span class='ocrx_word' id='word_1_612' title='bbox 2223 1929 2404 1992; x_wconf 89' lang='lat' dir='ltr'><strong>culati,</strong></span> <span class='ocrx_word' id='word_1_613' title='bbox 2434 1933 2650 1996; x_wconf 91' lang='lat' dir='ltr'><strong>propter</strong></span> <span class='ocrx_word' id='word_1_614' title='bbox 2693 1923 2833 1994; x_wconf 87' lang='lat' dir='ltr'><strong>quod</strong></span> <span class='ocrx_word' id='word_1_615' title='bbox 2880 1937 2978 1976; x_wconf 90' lang='lat' dir='ltr'><strong>nos</strong></span> <span class='ocrx_word' id='word_1_616' title='bbox 3004 1921 3231 1986; x_wconf 81' lang='lat' dir='ltr'><strong>vocavit,</strong></span> <span class='ocrx_word' id='word_1_617' title='bbox 3265 1919 3654 1988; x_wconf 71' lang='lat' dir='ltr'><strong>prtedestinans</strong></span> <span class='ocrx_word' id='word_1_618' title='bbox 3679 1929 3816 1972; x_wconf 85' lang='lat' dir='ltr'><strong>ante</strong></span> 
     </span>
    </p>
   </div>
   <div class='ocr_carea' id='block_1_79' title="bbox 2225 2005 3814 2079">
    <p class='ocr_par' dir='ltr' id='par_1_79' title="bbox 2225 2005 3814 2079">
     <span class='ocr_line' id='line_1_80' title="bbox 2225 2005 3814 2079; baseline -0.008 -6"><span class='ocrx_word' id='word_1_619' title='bbox 2225 2019 2404 2074; x_wconf 89' lang='lat' dir='ltr'><strong>mundi</strong></span> <span class='ocrx_word' id='word_1_620' title='bbox 2433 2015 2884 2072; x_wconf 86' lang='lat' dir='ltr'><strong>constitutionem.</strong></span> <span class='ocrx_word' id='word_1_621' title='bbox 2924 2011 3003 2066; x_wconf 76' lang='lat' dir='ltr'><strong>Ex</strong></span> <span class='ocrx_word' id='word_1_622' title='bbox 3043 2010 3142 2066; x_wconf 87' lang='lat' dir='ltr'><strong>hoc</strong></span> <span class='ocrx_word' id='word_1_623' title='bbox 3172 2007 3437 2079; x_wconf 88' lang='lat' dir='ltr'><strong>proposito</strong></span> <span class='ocrx_word' id='word_1_624' title='bbox 3465 2007 3581 2077; x_wconf 90' lang='lat' dir='ltr'><strong>ejus</strong></span> <span class='ocrx_word' id='word_1_625' title='bbox 3601 2015 3694 2062; x_wconf 87' lang='lat' dir='ltr'><strong>est</strong></span> <span class='ocrx_word' id='word_1_626' title='bbox 3721 2005 3814 2062; x_wconf 86' lang='lat' dir='ltr'><strong>illa</strong></span> 
     </span>
    </p>
   </div>
   <div class='ocr_carea' id='block_1_80' title="bbox 2225 2101 3818 2177">
    <p class='ocr_par' dir='ltr' id='par_1_80' title="bbox 2225 2101 3818 2177">
     <span class='ocr_line' id='line_1_81' title="bbox 2225 2101 3818 2177; baseline -0.008 -11"><span class='ocrx_word' id='word_1_627' title='bbox 2225 2112 2514 2166; x_wconf 88' lang='lat' dir='ltr'><strong>electorum</strong></span> <span class='ocrx_word' id='word_1_628' title='bbox 2550 2107 2762 2177; x_wconf 87' lang='lat' dir='ltr'><strong>propria</strong></span> <span class='ocrx_word' id='word_1_629' title='bbox 2804 2104 3027 2168; x_wconf 79' lang='lat' dir='ltr'><strong>vocatio,</strong></span> <span class='ocrx_word' id='word_1_630' title='bbox 3058 2103 3250 2173; x_wconf 85' lang='lat' dir='ltr'><strong>quibus</strong></span> <span class='ocrx_word' id='word_1_631' title='bbox 3277 2101 3452 2156; x_wconf 87' lang='lat' dir='ltr'><strong>omnia</strong></span> <span class='ocrx_word' id='word_1_632' title='bbox 3481 2108 3818 2168; x_wconf 81' lang='lat' dir='ltr'><strong>cooperator</strong></span> 
     </span>
    </p>
   </div>
   <div class='ocr_carea' id='block_1_81' title="bbox 2227 2193 3818 2267">
    <p class='ocr_par' dir='ltr' id='par_1_81' title="bbox 2227 2193 3818 2267">
     <span class='ocr_line' id='line_1_82' title="bbox 2227 2193 3818 2267; baseline -0.006 -12"><span class='ocrx_word' id='word_1_633' title='bbox 2227 2202 2278 2255; x_wconf 92' lang='lat' dir='ltr'><strong>in</strong></span> <span class='ocrx_word' id='word_1_634' title='bbox 2321 2201 2554 2256; x_wconf 89' lang='lat' dir='ltr'><strong>bonum:</strong></span> <span class='ocrx_word' id='word_1_635' title='bbox 2584 2198 2707 2267; x_wconf 89' lang='lat' dir='ltr'><strong>quia</strong></span> <span class='ocrx_word' id='word_1_636' title='bbox 2753 2195 3040 2250; x_wconf 89' lang='lat' dir='ltr'><strong>secundum</strong></span> <span class='ocrx_word' id='word_1_637' title='bbox 3083 2195 3409 2264; x_wconf 87' lang='lat' dir='ltr'><strong>propositum</strong></span> <span class='ocrx_word' id='word_1_638' title='bbox 3461 2193 3636 2248; x_wconf 88' lang='lat' dir='ltr'><strong>vocati</strong></span> <span class='ocrx_word' id='word_1_639' title='bbox 3683 2199 3818 2246; x_wconf 88' lang='lat' dir='ltr'><strong>sunt</strong></span> 
     </span>
    </p>
   </div>
   <div class='ocr_carea' id='block_1_82' title="bbox 2229 2281 3818 2360">
    <p class='ocr_par' dir='ltr' id='par_1_82' title="bbox 2229 2281 3818 2360">
     <span class='ocr_line' id='line_1_83' title="bbox 2229 2281 3818 2360; baseline -0.005 -16"><span class='ocrx_word' id='word_1_640' title='bbox 2229 2289 2404 2360; x_wconf 79' lang='lat' dir='ltr'><strong>(Rom.</strong></span> <span class='ocrx_word' id='word_1_641' title='bbox 2432 2304 2546 2355; x_wconf 86' lang='lat' dir='ltr'><strong>vnt,</strong></span> <span class='ocrx_word' id='word_1_642' title='bbox 2576 2287 2693 2358; x_wconf 70' lang='lat'><strong>28),</strong></span> <span class='ocrx_word' id='word_1_643' title='bbox 2725 2295 2778 2342; x_wconf 87' lang='lat' dir='ltr'><strong>et</strong></span> <span class='ocrx_word' id='word_1_644' title='bbox 2817 2286 2950 2340; x_wconf 83' lang='lat' dir='ltr'><strong>sine</strong></span> <span class='ocrx_word' id='word_1_645' title='bbox 2969 2283 3278 2354; x_wconf 63' lang='lat' dir='ltr'><strong>paenitentia</strong></span> <span class='ocrx_word' id='word_1_646' title='bbox 3315 2291 3438 2338; x_wconf 91' lang='lat' dir='ltr'><strong>sunt</strong></span> <span class='ocrx_word' id='word_1_647' title='bbox 3465 2281 3608 2338; x_wconf 87' lang='lat' dir='ltr'><strong>dona</strong></span> <span class='ocrx_word' id='word_1_648' title='bbox 3635 2291 3696 2336; x_wconf 88' lang='lat' dir='ltr'><strong>et</strong></span> <span class='ocrx_word' id='word_1_649' title='bbox 3720 2297 3818 2336; x_wconf 62' lang='lat' dir='ltr'><strong>voc</strong></span> 
     </span>
    </p>
   </div>
   <div class='ocr_carea' id='block_1_83' title="bbox 2229 2382 2512 2438">
    <p class='ocr_par' dir='ltr' id='par_1_83' title="bbox 2229 2382 2512 2438">
     <span class='ocr_line' id='line_1_84' title="bbox 2229 2382 2512 2438; baseline -0.011 0"><span class='ocrx_word' id='word_1_650' title='bbox 2229 2382 2368 2438; x_wconf 89' lang='lat' dir='ltr'><strong>catio</strong></span> <span class='ocrx_word' id='word_1_651' title='bbox 2395 2382 2512 2436; x_wconf 89' lang='lat' dir='ltr'><strong>Dei.</strong></span> 
     </span>
    </p>
   </div>
   <div class='ocr_carea' id='block_1_84' title="bbox 2299 2487 3818 2556">
    <p class='ocr_par' dir='ltr' id='par_1_84' title="bbox 2299 2487 3818 2556">
     <span class='ocr_line' id='line_1_85' title="bbox 2299 2487 3818 2556; baseline -0.007 -6"><span class='ocrx_word' id='word_1_652' title='bbox 2299 2491 2524 2550; x_wconf 85' lang='lat' dir='ltr'><strong>CAPUT</strong></span> <span class='ocrx_word' id='word_1_653' title='bbox 2539 2492 2756 2548; x_wconf 79' lang='lat' dir='ltr'><strong>XlX.——</strong></span> <span class='ocrx_word' id='word_1_654' title='bbox 2775 2490 2863 2547; x_wconf 77' lang='lat'><strong>&#39;58.</strong></span> <span class='ocrx_word' id='word_1_655' title='bbox 2894 2489 2998 2545; x_wconf 87' lang='lat' dir='ltr'><strong>Sed</strong></span> <span class='ocrx_word' id='word_1_656' title='bbox 3030 2489 3082 2544; x_wconf 87' lang='lat' dir='ltr'><strong>bi</strong></span> <span class='ocrx_word' id='word_1_657' title='bbox 3110 2488 3300 2552; x_wconf 89' lang='lat' dir='ltr'><strong>nostri,</strong></span> <span class='ocrx_word' id='word_1_658' title='bbox 3331 2487 3398 2543; x_wconf 89' lang='lat' dir='ltr'><strong>de</strong></span> <span class='ocrx_word' id='word_1_659' title='bbox 3425 2487 3618 2556; x_wconf 88' lang='lat' dir='ltr'><strong>quibus</strong></span> <span class='ocrx_word' id='word_1_660' title='bbox 3633 2494 3690 2542; x_wconf 87' lang='lat' dir='ltr'><strong>et</strong></span> <span class='ocrx_word' id='word_1_661' title='bbox 3715 2487 3818 2555; x_wconf 82' lang='lat' dir='ltr'><strong>pr&#39;o</strong></span> 
     </span>
    </p>
   </div>
   <div class='ocr_carea' id='block_1_85' title="bbox 2229 2577 3818 2658">
    <p class='ocr_par' dir='ltr' id='par_1_85' title="bbox 2229 2577 3818 2658">
     <span class='ocr_line' id='line_1_86' title="bbox 2229 2577 3818 2658; baseline -0.003 -19"><span class='ocrx_word' id='word_1_662' title='bbox 2229 2587 2418 2658; x_wconf 83' lang='lat' dir='ltr'><strong>quibus</strong></span> <span class='ocrx_word' id='word_1_663' title='bbox 2441 2600 2581 2640; x_wconf 88' lang='lat' dir='ltr'><strong>nunc</strong></span> <span class='ocrx_word' id='word_1_664' title='bbox 2607 2584 2828 2654; x_wconf 85' lang='lat' dir='ltr'><strong>agimus,</strong></span> <span class='ocrx_word' id='word_1_665' title='bbox 2865 2582 3084 2636; x_wconf 78' lang='lat' dir='ltr'><strong>forsitan</strong></span> <span class='ocrx_word' id='word_1_666' title='bbox 3115 2581 3317 2644; x_wconf 88' lang='lat' dir='ltr'><strong>dicunt,</strong></span> <span class='ocrx_word' id='word_1_667' title='bbox 3350 2579 3664 2648; x_wconf 77' lang='lat' dir='ltr'><strong>Pelagianos</strong></span> <span class='ocrx_word' id='word_1_668' title='bbox 3712 2577 3818 2634; x_wconf 87' lang='lat' dir='ltr'><strong>hoc</strong></span> 
     </span>
    </p>
   </div>
   <div class='ocr_carea' id='block_1_86' title="bbox 2231 2671 3820 2750">
    <p class='ocr_par' dir='ltr' id='par_1_86' title="bbox 2231 2671 3820 2750">
     <span class='ocr_line' id='line_1_87' title="bbox 2231 2671 3820 2750; baseline -0.006 -16"><span class='ocrx_word' id='word_1_669' title='bbox 2231 2679 2520 2750; x_wconf 87' lang='lat' dir='ltr'><strong>apostolico</strong></span> <span class='ocrx_word' id='word_1_670' title='bbox 2551 2675 2853 2731; x_wconf 86' lang='lat' dir='ltr'><strong>testimonio</strong></span> <span class='ocrx_word' id='word_1_671' title='bbox 2891 2673 3128 2739; x_wconf 80' lang='lat' dir='ltr'><strong>refutari,</strong></span> <span class='ocrx_word' id='word_1_672' title='bbox 3159 2673 3247 2727; x_wconf 90' lang='lat' dir='ltr'><strong>ubi</strong></span> <span class='ocrx_word' id='word_1_673' title='bbox 3275 2671 3402 2726; x_wconf 90' lang='lat' dir='ltr'><strong>dicit</strong></span> <span class='ocrx_word' id='word_1_674' title='bbox 3431 2671 3548 2724; x_wconf 90' lang='lat' dir='ltr'><strong>ideo</strong></span> <span class='ocrx_word' id='word_1_675' title='bbox 3576 2685 3680 2725; x_wconf 89' lang='lat' dir='ltr'><strong>nos</strong></span> <span class='ocrx_word' id='word_1_676' title='bbox 3705 2671 3820 2726; x_wconf 87' lang='lat' dir='ltr'><strong>ele-</strong></span> 
     </span>
    </p>
   </div>
   <div class='ocr_carea' id='block_1_87' title="bbox 2233 2759 3820 2836">
    <p class='ocr_par' dir='ltr' id='par_1_87' title="bbox 2233 2759 3820 2836">
     <span class='ocr_line' id='line_1_88' title="bbox 2233 2759 3820 2836; baseline -0.007 -11"><span class='ocrx_word' id='word_1_677' title='bbox 2233 2779 2346 2825; x_wconf 88' lang='lat' dir='ltr'><strong>ctos</strong></span> <span class='ocrx_word' id='word_1_678' title='bbox 2373 2771 2426 2824; x_wconf 90' lang='lat' dir='ltr'><strong>in</strong></span> <span class='ocrx_word' id='word_1_679' title='bbox 2455 2769 2666 2824; x_wconf 83' lang='lat' dir='ltr'><strong>Christo</strong></span> <span class='ocrx_word' id='word_1_680' title='bbox 2711 2775 2764 2822; x_wconf 90' lang='lat' dir='ltr'><strong>et</strong></span> <span class='ocrx_word' id='word_1_681' title='bbox 2803 2765 3206 2836; x_wconf 84' lang='lat' dir='ltr'><strong>praedestinatos</strong></span> <span class='ocrx_word' id='word_1_682' title='bbox 3229 2771 3355 2818; x_wconf 86' lang='lat' dir='ltr'><strong>ante</strong></span> <span class='ocrx_word' id='word_1_683' title='bbox 3383 2759 3568 2816; x_wconf 88' lang='lat' dir='ltr'><strong>mundi</strong></span> <span class='ocrx_word' id='word_1_684' title='bbox 3605 2760 3820 2816; x_wconf 87' lang='lat' dir='ltr'><strong>consti-</strong></span> 
     </span>
    </p>
   </div>
   <div class='ocr_carea' id='block_1_88' title="bbox 2235 2850 3822 2924">
    <p class='ocr_par' dir='ltr' id='par_1_88' title="bbox 2235 2850 3822 2924">
     <span class='ocr_line' id='line_1_89' title="bbox 2235 2850 3822 2924; baseline -0.008 -10"><span class='ocrx_word' id='word_1_685' title='bbox 2235 2862 2512 2924; x_wconf 83' lang='lat' dir='ltr'><strong>tutionem,</strong></span> <span class='ocrx_word' id='word_1_686' title='bbox 2546 2867 2604 2914; x_wconf 90' lang='lat' dir='ltr'><strong>ut</strong></span> <span class='ocrx_word' id='word_1_687' title='bbox 2625 2872 2866 2913; x_wconf 88' lang='lat' dir='ltr'><strong>essemus</strong></span> <span class='ocrx_word' id='word_1_688' title='bbox 2889 2854 3056 2912; x_wconf 89' lang='lat' dir='ltr'><strong>sancti</strong></span> <span class='ocrx_word' id='word_1_689' title='bbox 3085 2861 3140 2908; x_wconf 90' lang='lat' dir='ltr'><strong>et</strong></span> <span class='ocrx_word' id='word_1_690' title='bbox 3161 2851 3484 2907; x_wconf 83' lang='lat' dir='ltr'><strong>immaculati</strong></span> <span class='ocrx_word' id='word_1_691' title='bbox 3505 2850 3558 2904; x_wconf 90' lang='lat' dir='ltr'><strong>in</strong></span> <span class='ocrx_word' id='word_1_692' title='bbox 3581 2864 3822 2918; x_wconf 87' lang='lat' dir='ltr'><strong>conspe-</strong></span> 
     </span>
    </p>
   </div>
   <div class='ocr_carea' id='block_1_89' title="bbox 2234 2941 3820 3026">
    <p class='ocr_par' dir='ltr' id='par_1_89' title="bbox 2234 2941 3820 3026">
     <span class='ocr_line' id='line_1_90' title="bbox 2234 2941 3820 3026; baseline -0.006 -21"><span class='ocrx_word' id='word_1_693' title='bbox 2234 2959 2322 3006; x_wconf 91' lang='lat' dir='ltr'><strong>ctu</strong></span> <span class='ocrx_word' id='word_1_694' title='bbox 2351 2950 2466 3018; x_wconf 89' lang='lat' dir='ltr'><strong>ejus</strong></span> <span class='ocrx_word' id='word_1_695' title='bbox 2509 2950 2560 3003; x_wconf 92' lang='lat' dir='ltr'><strong>in</strong></span> <span class='ocrx_word' id='word_1_696' title='bbox 2602 2948 2880 3003; x_wconf 88' lang='lat' dir='ltr'><strong>cbaritate.</strong></span> <span class='ocrx_word' id='word_1_697' title='bbox 2923 2946 3026 3016; x_wconf 84' lang='lat' dir='ltr'><strong>ipsi</strong></span> <span class='ocrx_word' id='word_1_698' title='bbox 3074 2945 3216 3000; x_wconf 92' lang='lat' dir='ltr'><strong>enim</strong></span> <span class='ocrx_word' id='word_1_699' title='bbox 3267 2951 3476 3026; x_wconf 78' lang='lat' dir='ltr'><strong>putant,</strong></span> <span class='ocrx_word' id='word_1_700' title='bbox 3529 2961 3550 2994; x_wconf 80' lang='grc' dir='ltr'><strong>ι</strong></span> <span class='ocrx_word' id='word_1_701' title='bbox 3580 2941 3820 3011; x_wconf 87' lang='lat' dir='ltr'><strong>acceptis</strong></span> 
     </span>
    </p>
   </div>
   <div class='ocr_carea' id='block_1_90' title="bbox 2237 3033 3820 3115">
    <p class='ocr_par' dir='ltr' id='par_1_90' title="bbox 2237 3033 3820 3115">
     <span class='ocr_line' id='line_1_91' title="bbox 2237 3033 3820 3115; baseline -0.007 -16"><span class='ocrx_word' id='word_1_702' title='bbox 2237 3043 2514 3115; x_wconf 66' lang='lat' dir='ltr'><strong>praeceptis</strong></span> <span class='ocrx_word' id='word_1_703' title='bbox 2555 3043 2664 3112; x_wconf 88' lang='lat' dir='ltr'><strong>jam</strong></span> <span class='ocrx_word' id='word_1_704' title='bbox 2709 3055 2806 3112; x_wconf 88' lang='lat' dir='ltr'><strong>per</strong></span> <span class='ocrx_word' id='word_1_705' title='bbox 2835 3055 2937 3095; x_wconf 89' lang='lat' dir='ltr'><strong>nos</strong></span> <span class='ocrx_word' id='word_1_706' title='bbox 2965 3039 3108 3108; x_wconf 90' lang='lat' dir='ltr'><strong>ipsos</strong></span> <span class='ocrx_word' id='word_1_707' title='bbox 3153 3036 3268 3091; x_wconf 88' lang='lat' dir='ltr'><strong>lieri</strong></span> <span class='ocrx_word' id='word_1_708' title='bbox 3306 3036 3486 3090; x_wconf 75' lang='lat' dir='ltr'><strong>liberte</strong></span> <span class='ocrx_word' id='word_1_709' title='bbox 3520 3033 3820 3089; x_wconf 84' lang='lat' dir='ltr'><strong>voluntatis</strong></span> 
     </span>
    </p>
   </div>
   <div class='ocr_carea' id='block_1_91' title="bbox 2235 3126 3820 3196">
    <p class='ocr_par' dir='ltr' id='par_1_91' title="bbox 2235 3126 3820 3196">
     <span class='ocr_line' id='line_1_92' title="bbox 2235 3126 3820 3196; baseline -0.007 -6"><span class='ocrx_word' id='word_1_710' title='bbox 2235 3135 2454 3190; x_wconf 86' lang='lat' dir='ltr'><strong>arbitrio</strong></span> <span class='ocrx_word' id='word_1_711' title='bbox 2480 3141 2694 3189; x_wconf 86' lang='lat' dir='ltr'><strong>sanctos</strong></span> <span class='ocrx_word' id='word_1_712' title='bbox 2727 3141 2782 3186; x_wconf 86' lang='lat' dir='ltr'><strong>et</strong></span> <span class='ocrx_word' id='word_1_713' title='bbox 2813 3130 3200 3193; x_wconf 85' lang='lat' dir='ltr'><strong>immaculatos,</strong></span> <span class='ocrx_word' id='word_1_714' title='bbox 3229 3128 3280 3182; x_wconf 88' lang='lat' dir='ltr'><strong>in</strong></span> <span class='ocrx_word' id='word_1_715' title='bbox 3307 3136 3592 3196; x_wconf 89' lang='lat' dir='ltr'><strong>conspectu</strong></span> <span class='ocrx_word' id='word_1_716' title='bbox 3619 3127 3744 3195; x_wconf 90' lang='lat' dir='ltr'><strong>ejus</strong></span> <span class='ocrx_word' id='word_1_717' title='bbox 3765 3126 3820 3180; x_wconf 88' lang='lat' dir='ltr'><strong>in</strong></span> 
     </span>
    </p>
   </div>
   <div class='ocr_carea' id='block_1_92' title="bbox 2237 3219 3814 3293">
    <p class='ocr_par' dir='ltr' id='par_1_92' title="bbox 2237 3219 3814 3293">
     <span class='ocr_line' id='line_1_93' title="bbox 2237 3219 3814 3293; baseline -0.008 -11"><span class='ocrx_word' id='word_1_718' title='bbox 2237 3227 2494 3282; x_wconf 86' lang='lat' dir='ltr'><strong>charitate</strong></span> <span class='ocrx_word' id='word_1_719' title='bbox 2521 3243 2534 3278; x_wconf 88' lang='lat'><strong>:</strong></span> <span class='ocrx_word' id='word_1_720' title='bbox 2566 3222 2706 3293; x_wconf 87' lang='lat' dir='ltr'><strong>quod</strong></span> <span class='ocrx_word' id='word_1_721' title='bbox 2745 3221 2976 3276; x_wconf 82' lang='lat' dir='ltr'><strong>futurum</strong></span> <span class='ocrx_word' id='word_1_722' title='bbox 3019 3221 3158 3275; x_wconf 89' lang='lat' dir='ltr'><strong>Dens</strong></span> <span class='ocrx_word' id='word_1_723' title='bbox 3193 3219 3440 3290; x_wconf 87' lang='lat' dir='ltr'><strong>quoniam</strong></span> <span class='ocrx_word' id='word_1_724' title='bbox 3473 3219 3766 3288; x_wconf 69' lang='lat' dir='ltr'><strong>praescivit,</strong></span> <span class='ocrx_word' id='word_1_725' title='bbox 3793 3235 3814 3270; x_wconf 73' lang='grc' dir='ltr'><strong>ι</strong></span> 
     </span>
    </p>
   </div>
   <div class='ocr_carea' id='block_1_93' title="bbox 2240 3309 3822 3386">
    <p class='ocr_par' dir='ltr' id='par_1_93' title="bbox 2240 3309 3822 3386">
     <span class='ocr_line' id='line_1_94' title="bbox 2240 3309 3822 3386; baseline -0.006 -14"><span class='ocrx_word' id='word_1_726' title='bbox 2240 3315 2500 3386; x_wconf 86' lang='lat' dir='ltr'><strong>inquiunt,</strong></span> <span class='ocrx_word' id='word_1_727' title='bbox 2529 3333 2548 3365; x_wconf 77' lang='grc' dir='ltr'><strong>ι</strong></span> <span class='ocrx_word' id='word_1_728' title='bbox 2577 3312 2696 3367; x_wconf 86' lang='lat' dir='ltr'><strong>ideo</strong></span> <span class='ocrx_word' id='word_1_729' title='bbox 2719 3327 2818 3366; x_wconf 88' lang='lat' dir='ltr'><strong>nos</strong></span> <span class='ocrx_word' id='word_1_730' title='bbox 2841 3317 2965 3365; x_wconf 85' lang='lat' dir='ltr'><strong>ante</strong></span> <span class='ocrx_word' id='word_1_731' title='bbox 2993 3310 3172 3365; x_wconf 87' lang='lat' dir='ltr'><strong>mundi</strong></span> <span class='ocrx_word' id='word_1_732' title='bbox 3197 3309 3632 3365; x_wconf 88' lang='lat' dir='ltr'><strong>constitutionem</strong></span> <span class='ocrx_word' id='word_1_733' title='bbox 3653 3309 3822 3378; x_wconf 82' lang='lat' dir='ltr'><strong>elegit</strong></span> 
     </span>
    </p>
   </div>
   <div class='ocr_carea' id='block_1_94' title="bbox 2239 3397 3817 3479">
    <p class='ocr_par' dir='ltr' id='par_1_94' title="bbox 2239 3397 3817 3479">
     <span class='ocr_line' id='line_1_95' title="bbox 2239 3397 3817 3479; baseline -0.006 -16"><span class='ocrx_word' id='word_1_734' title='bbox 2239 3415 2294 3464; x_wconf 88' lang='lat' dir='ltr'><strong>et</strong></span> <span class='ocrx_word' id='word_1_735' title='bbox 2329 3404 2722 3479; x_wconf 74' lang='lat' dir='ltr'><strong>praedestinavit</strong></span> <span class='ocrx_word' id='word_1_736' title='bbox 2753 3403 2804 3457; x_wconf 88' lang='lat' dir='ltr'><strong>in</strong></span> <span class='ocrx_word' id='word_1_737' title='bbox 2829 3400 3062 3457; x_wconf 85' lang='lat' dir='ltr'><strong>Christo.</strong></span> <span class='ocrx_word' id='word_1_738' title='bbox 3093 3417 3111 3454; x_wconf 79' lang='grc' dir='ltr'><strong>ι</strong></span> <span class='ocrx_word' id='word_1_739' title='bbox 3141 3397 3271 3455; x_wconf 89' lang='lat' dir='ltr'><strong>Cum</strong></span> <span class='ocrx_word' id='word_1_740' title='bbox 3317 3399 3457 3454; x_wconf 88' lang='lat' dir='ltr'><strong>dicat</strong></span> <span class='ocrx_word' id='word_1_741' title='bbox 3503 3399 3817 3470; x_wconf 83' lang='lat' dir='ltr'><strong>Apostolus,</strong></span> 
     </span>
    </p>
   </div>
   <div class='ocr_carea' id='block_1_95' title="bbox 2239 3489 3824 3568">
    <p class='ocr_par' dir='ltr' id='par_1_95' title="bbox 2239 3489 3824 3568">
     <span class='ocr_line' id='line_1_96' title="bbox 2239 3489 3824 3568; baseline -0.006 -15"><span class='ocrx_word' id='word_1_742' title='bbox 2239 3498 2352 3553; x_wconf 86' lang='lat' dir='ltr'><strong>Non</strong></span> <span class='ocrx_word' id='word_1_743' title='bbox 2383 3497 2502 3568; x_wconf 88' lang='lat' dir='ltr'><strong>quia</strong></span> <span class='ocrx_word' id='word_1_744' title='bbox 2531 3494 2735 3550; x_wconf 84' lang='lat' dir='ltr'><strong>futuros</strong></span> <span class='ocrx_word' id='word_1_745' title='bbox 2767 3493 2898 3548; x_wconf 89' lang='lat' dir='ltr'><strong>tales</strong></span> <span class='ocrx_word' id='word_1_746' title='bbox 2934 3507 3032 3546; x_wconf 89' lang='lat' dir='ltr'><strong>nos</strong></span> <span class='ocrx_word' id='word_1_747' title='bbox 3065 3506 3186 3548; x_wconf 90' lang='lat' dir='ltr'><strong>esse</strong></span> <span class='ocrx_word' id='word_1_748' title='bbox 3208 3489 3488 3561; x_wconf 78' lang='lat' dir='ltr'><strong>prtescivit,</strong></span> <span class='ocrx_word' id='word_1_749' title='bbox 3519 3490 3610 3545; x_wconf 89' lang='lat' dir='ltr'><strong>sed</strong></span> <span class='ocrx_word' id='word_1_750' title='bbox 3642 3497 3702 3544; x_wconf 92' lang='lat' dir='ltr'><strong>ut</strong></span> <span class='ocrx_word' id='word_1_751' title='bbox 3725 3503 3824 3544; x_wconf 89' lang='lat' dir='ltr'><strong>es-</strong></span> 
     </span>
    </p>
   </div>
   <div class='ocr_carea' id='block_1_96' title="bbox 2241 3580 3822 3655">
    <p class='ocr_par' dir='ltr' id='par_1_96' title="bbox 2241 3580 3822 3655">
     <span class='ocr_line' id='line_1_97' title="bbox 2241 3580 3822 3655; baseline -0.006 -11"><span class='ocrx_word' id='word_1_752' title='bbox 2241 3601 2420 3644; x_wconf 89' lang='lat' dir='ltr'><strong>semus</strong></span> <span class='ocrx_word' id='word_1_753' title='bbox 2457 3588 2588 3643; x_wconf 88' lang='lat' dir='ltr'><strong>tales</strong></span> <span class='ocrx_word' id='word_1_754' title='bbox 2625 3601 2722 3655; x_wconf 90' lang='lat' dir='ltr'><strong>per</strong></span> <span class='ocrx_word' id='word_1_755' title='bbox 2761 3585 2928 3654; x_wconf 90' lang='lat' dir='ltr'><strong>ipsam</strong></span> <span class='ocrx_word' id='word_1_756' title='bbox 2973 3583 3286 3639; x_wconf 89' lang='lat' dir='ltr'><strong>electionem</strong></span> <span class='ocrx_word' id='word_1_757' title='bbox 3324 3580 3505 3652; x_wconf 68' lang='lat' dir='ltr'><strong>gratim</strong></span> <span class='ocrx_word' id='word_1_758' title='bbox 3541 3594 3673 3644; x_wconf 68' lang='lat' dir='ltr'><strong>sum,</strong></span> <span class='ocrx_word' id='word_1_759' title='bbox 3711 3594 3822 3648; x_wconf 84' lang='lat' dir='ltr'><strong>qua</strong></span> 
     </span>
    </p>
   </div>
   <div class='ocr_carea' id='block_1_97' title="bbox 2241 3673 3824 3750">
    <p class='ocr_par' dir='ltr' id='par_1_97' title="bbox 2241 3673 3824 3750">
     <span class='ocr_line' id='line_1_98' title="bbox 2241 3673 3824 3750; baseline -0.006 -16"><span class='ocrx_word' id='word_1_760' title='bbox 2241 3679 2551 3750; x_wconf 85' lang='lat' dir='ltr'><strong>gratilicavit</strong></span> <span class='ocrx_word' id='word_1_761' title='bbox 2579 3692 2678 3732; x_wconf 88' lang='lat' dir='ltr'><strong>nos</strong></span> <span class='ocrx_word' id='word_1_762' title='bbox 2707 3677 2758 3730; x_wconf 93' lang='lat' dir='ltr'><strong>in</strong></span> <span class='ocrx_word' id='word_1_763' title='bbox 2785 3675 2981 3730; x_wconf 89' lang='lat' dir='ltr'><strong>dilecto</strong></span> <span class='ocrx_word' id='word_1_764' title='bbox 3025 3673 3162 3728; x_wconf 88' lang='lat' dir='ltr'><strong>Filio</strong></span> <span class='ocrx_word' id='word_1_765' title='bbox 3208 3687 3325 3727; x_wconf 88' lang='lat' dir='ltr'><strong>suo.</strong></span> <span class='ocrx_word' id='word_1_766' title='bbox 3373 3673 3508 3728; x_wconf 88' lang='lat' dir='ltr'><strong>Cum</strong></span> <span class='ocrx_word' id='word_1_767' title='bbox 3552 3685 3682 3740; x_wconf 85' lang='lat' dir='ltr'><strong>ergo</strong></span> <span class='ocrx_word' id='word_1_768' title='bbox 3721 3683 3824 3725; x_wconf 88' lang='lat' dir='ltr'><strong>nos</strong></span> 
     </span>
    </p>
   </div>
   <div class='ocr_carea' id='block_1_98' title="bbox 2243 3755 3821 3840">
    <p class='ocr_par' dir='ltr' id='par_1_98' title="bbox 2243 3755 3821 3840">
     <span class='ocr_line' id='line_1_99' title="bbox 2243 3755 3821 3840; baseline -0.006 -16"><span class='ocrx_word' id='word_1_769' title='bbox 2243 3768 2652 3840; x_wconf 62' lang='lat' dir='ltr'><strong>praedestinavit,</strong></span> <span class='ocrx_word' id='word_1_770' title='bbox 2681 3781 2814 3835; x_wconf 89' lang='lat' dir='ltr'><strong>opus</strong></span> <span class='ocrx_word' id='word_1_771' title='bbox 2840 3755 2991 3820; x_wconf 84' lang='lat' dir='ltr'><strong>suum</strong></span> <span class='ocrx_word' id='word_1_772' title='bbox 3019 3763 3300 3835; x_wconf 71' lang='lat' dir='ltr'><strong>prmscivit,</strong></span> <span class='ocrx_word' id='word_1_773' title='bbox 3329 3778 3436 3832; x_wconf 88' lang='lat' dir='ltr'><strong>quo</strong></span> <span class='ocrx_word' id='word_1_774' title='bbox 3463 3777 3560 3816; x_wconf 91' lang='lat' dir='ltr'><strong>nos</strong></span> <span class='ocrx_word' id='word_1_775' title='bbox 3598 3769 3821 3815; x_wconf 89' lang='lat' dir='ltr'><strong>sanctos</strong></span> 
     </span>
    </p>
   </div>
   <div class='ocr_carea' id='block_1_99' title="bbox 2243 3850 3827 3917">
    <p class='ocr_par' dir='ltr' id='par_1_99' title="bbox 2243 3850 3827 3917">
     <span class='ocr_line' id='line_1_100' title="bbox 2243 3850 3827 3917; baseline -0.008 -1"><span class='ocrx_word' id='word_1_776' title='bbox 2243 3870 2299 3917; x_wconf 89' lang='lat' dir='ltr'><strong>et</strong></span> <span class='ocrx_word' id='word_1_777' title='bbox 2317 3859 2682 3915; x_wconf 89' lang='lat' dir='ltr'><strong>immaculatos</strong></span> <span class='ocrx_word' id='word_1_778' title='bbox 2702 3857 2844 3912; x_wconf 81' lang='lat' dir='ltr'><strong>facit.</strong></span> <span class='ocrx_word' id='word_1_779' title='bbox 2876 3855 3028 3912; x_wconf 85' lang='lat' dir='ltr'><strong>Unde</strong></span> <span class='ocrx_word' id='word_1_780' title='bbox 3051 3863 3198 3909; x_wconf 88' lang='lat' dir='ltr'><strong>recte</strong></span> <span class='ocrx_word' id='word_1_781' title='bbox 3219 3854 3320 3908; x_wconf 88' lang='lat' dir='ltr'><strong>hoc</strong></span> <span class='ocrx_word' id='word_1_782' title='bbox 3349 3851 3654 3906; x_wconf 89' lang='lat' dir='ltr'><strong>testimonio</strong></span> <span class='ocrx_word' id='word_1_783' title='bbox 3679 3850 3827 3905; x_wconf 64' lang='lat' dir='ltr'><strong>Pelao</strong></span> 
     </span>
    </p>
   </div>
   <div class='ocr_carea' id='block_1_100' title="bbox 2243 3941 3828 4023">
    <p class='ocr_par' dir='ltr' id='par_1_100' title="bbox 2243 3941 3828 4023">
     <span class='ocr_line' id='line_1_101' title="bbox 2243 3941 3828 4023; baseline -0.008 -17"><span class='ocrx_word' id='word_1_784' title='bbox 2243 3952 2430 4023; x_wconf 87' lang='lat' dir='ltr'><strong>gianus</strong></span> <span class='ocrx_word' id='word_1_785' title='bbox 2449 3965 2600 4006; x_wconf 89' lang='lat' dir='ltr'><strong>error</strong></span> <span class='ocrx_word' id='word_1_786' title='bbox 2629 3949 2886 4018; x_wconf 77' lang='lat' dir='ltr'><strong>arguitur.</strong></span> <span class='ocrx_word' id='word_1_787' title='bbox 2924 3963 2942 3998; x_wconf 81' lang='grc' dir='ltr'><strong>ι</strong></span> <span class='ocrx_word' id='word_1_788' title='bbox 2968 3945 3074 4000; x_wconf 85' lang='lat' dir='ltr'><strong>Nos</strong></span> <span class='ocrx_word' id='word_1_789' title='bbox 3101 3951 3274 3998; x_wconf 89' lang='lat' dir='ltr'><strong>autem</strong></span> <span class='ocrx_word' id='word_1_790' title='bbox 3313 3941 3556 4006; x_wconf 86' lang='lat' dir='ltr'><strong>dicimus,</strong></span> <span class='ocrx_word' id='word_1_791' title='bbox 3593 3959 3613 3993; x_wconf 84' lang='lat' dir='ltr'><strong>s</strong></span> <span class='ocrx_word' id='word_1_792' title='bbox 3645 3941 3828 4010; x_wconf 86' lang='lat' dir='ltr'><strong>inqui-</strong></span> 
     </span>
    </p>
   </div>
   <div class='ocr_carea' id='block_1_101' title="bbox 2246 4031 3826 4109">
    <p class='ocr_par' dir='ltr' id='par_1_101' title="bbox 2246 4031 3826 4109">
     <span class='ocr_line' id='line_1_102' title="bbox 2246 4031 3826 4109; baseline -0.009 -9"><span class='ocrx_word' id='word_1_793' title='bbox 2246 4052 2358 4109; x_wconf 90' lang='lat' dir='ltr'><strong>unt,</strong></span> <span class='ocrx_word' id='word_1_794' title='bbox 2395 4061 2416 4094; x_wconf 77' lang='grc' dir='ltr'><strong>ι</strong></span> <span class='ocrx_word' id='word_1_795' title='bbox 2449 4050 2684 4097; x_wconf 87' lang='lat' dir='ltr'><strong>nostram</strong></span> <span class='ocrx_word' id='word_1_796' title='bbox 2725 4040 2890 4094; x_wconf 88' lang='lat' dir='ltr'><strong>Deum</strong></span> <span class='ocrx_word' id='word_1_797' title='bbox 2937 4051 3042 4090; x_wconf 89' lang='lat' dir='ltr'><strong>non</strong></span> <span class='ocrx_word' id='word_1_798' title='bbox 3073 4033 3348 4104; x_wconf 84' lang='lat' dir='ltr'><strong>praescisse</strong></span> <span class='ocrx_word' id='word_1_799' title='bbox 3377 4031 3476 4086; x_wconf 84' lang='lat' dir='ltr'><strong>nisi</strong></span> <span class='ocrx_word' id='word_1_800' title='bbox 3505 4031 3693 4094; x_wconf 82' lang='lat' dir='ltr'><strong>ﬁdem,</strong></span> <span class='ocrx_word' id='word_1_801' title='bbox 3722 4047 3826 4102; x_wconf 87' lang='lat' dir='ltr'><strong>qua</strong></span> 
     </span>
    </p>
   </div>
   <div class='ocr_carea' id='block_1_102' title="bbox 2245 4121 3825 4201">
    <p class='ocr_par' dir='ltr' id='par_1_102' title="bbox 2245 4121 3825 4201">
     <span class='ocr_line' id='line_1_103' title="bbox 2245 4121 3825 4201; baseline -0.01 -9"><span class='ocrx_word' id='word_1_802' title='bbox 2245 4135 2465 4192; x_wconf 88' lang='lat' dir='ltr'><strong>credere</strong></span> <span class='ocrx_word' id='word_1_803' title='bbox 2493 4131 2792 4201; x_wconf 90' lang='lat' dir='ltr'><strong>incipimus,</strong></span> <span class='ocrx_word' id='word_1_804' title='bbox 2829 4137 2884 4183; x_wconf 88' lang='lat' dir='ltr'><strong>et</strong></span> <span class='ocrx_word' id='word_1_805' title='bbox 2927 4127 3046 4181; x_wconf 90' lang='lat' dir='ltr'><strong>ideo</strong></span> <span class='ocrx_word' id='word_1_806' title='bbox 3073 4140 3172 4192; x_wconf 86' lang='lat' dir='ltr'><strong>nos</strong></span> <span class='ocrx_word' id='word_1_807' title='bbox 3207 4124 3432 4194; x_wconf 88' lang='lat' dir='ltr'><strong>elegisse</strong></span> <span class='ocrx_word' id='word_1_808' title='bbox 3470 4131 3596 4178; x_wconf 89' lang='lat' dir='ltr'><strong>ante</strong></span> <span class='ocrx_word' id='word_1_809' title='bbox 3635 4121 3825 4176; x_wconf 89' lang='lat' dir='ltr'><strong>mundi</strong></span> 
     </span>
    </p>
   </div>
   <div class='ocr_carea' id='block_1_103' title="bbox 2247 4213 3826 4287">
    <p class='ocr_par' dir='ltr' id='par_1_103' title="bbox 2247 4213 3826 4287">
     <span class='ocr_line' id='line_1_104' title="bbox 2247 4213 3826 4287; baseline -0.009 -7"><span class='ocrx_word' id='word_1_810' title='bbox 2247 4223 2698 4280; x_wconf 86' lang='lat' dir='ltr'><strong>constitutionem,</strong></span> <span class='ocrx_word' id='word_1_811' title='bbox 2729 4233 2794 4274; x_wconf 87' lang='lat' dir='ltr'><strong>ac</strong></span> <span class='ocrx_word' id='word_1_812' title='bbox 2821 4216 3246 4287; x_wconf 67' lang='lat' dir='ltr'><strong>prtedestinasse.</strong></span> <span class='ocrx_word' id='word_1_813' title='bbox 3295 4223 3352 4269; x_wconf 90' lang='lat' dir='ltr'><strong>ut</strong></span> <span class='ocrx_word' id='word_1_814' title='bbox 3377 4213 3535 4268; x_wconf 88' lang='lat' dir='ltr'><strong>etiam</strong></span> <span class='ocrx_word' id='word_1_815' title='bbox 3570 4214 3744 4268; x_wconf 77' lang='lat' dir='ltr'><strong>sancti</strong></span> <span class='ocrx_word' id='word_1_816' title='bbox 3773 4220 3826 4266; x_wconf 89' lang='lat' dir='ltr'><strong>et</strong></span> 
     </span>
    </p>
   </div>
   <div class='ocr_carea' id='block_1_104' title="bbox 2247 4303 3824 4382">
    <p class='ocr_par' dir='ltr' id='par_1_104' title="bbox 2247 4303 3824 4382">
     <span class='ocr_line' id='line_1_105' title="bbox 2247 4303 3824 4382; baseline -0.009 -10"><span class='ocrx_word' id='word_1_817' title='bbox 2247 4313 2568 4372; x_wconf 88' lang='lat' dir='ltr'><strong>immaculati</strong></span> <span class='ocrx_word' id='word_1_818' title='bbox 2607 4312 2772 4382; x_wconf 85' lang='lat' dir='ltr'><strong>gratia</strong></span> <span class='ocrx_word' id='word_1_819' title='bbox 2813 4319 2970 4379; x_wconf 85' lang='lat' dir='ltr'><strong>atque</strong></span> <span class='ocrx_word' id='word_1_820' title='bbox 3013 4323 3174 4376; x_wconf 86' lang='lat' dir='ltr'><strong>opere</strong></span> <span class='ocrx_word' id='word_1_821' title='bbox 3215 4307 3332 4376; x_wconf 89' lang='lat' dir='ltr'><strong>ejus</strong></span> <span class='ocrx_word' id='word_1_822' title='bbox 3372 4317 3630 4360; x_wconf 86' lang='lat' dir='ltr'><strong>essemus.</strong></span> <span class='ocrx_word' id='word_1_823' title='bbox 3666 4323 3687 4358; x_wconf 73' lang='grc' dir='ltr'><strong>ι</strong></span> <span class='ocrx_word' id='word_1_824' title='bbox 3721 4303 3824 4360; x_wconf 87' lang='lat' dir='ltr'><strong>Sed</strong></span> 
     </span>
    </p>
   </div>
   <div class='ocr_carea' id='block_1_105' title="bbox 2248 4394 3826 4472">
    <p class='ocr_par' dir='ltr' id='par_1_105' title="bbox 2248 4394 3826 4472">
     <span class='ocr_line' id='line_1_106' title="bbox 2248 4394 3826 4472; baseline -0.012 -8"><span class='ocrx_word' id='word_1_825' title='bbox 2248 4409 2462 4463; x_wconf 88' lang='lat' dir='ltr'><strong>audiant</strong></span> <span class='ocrx_word' id='word_1_826' title='bbox 2503 4413 2556 4458; x_wconf 89' lang='lat' dir='ltr'><strong>et</strong></span> <span class='ocrx_word' id='word_1_827' title='bbox 2607 4403 2706 4472; x_wconf 90' lang='lat' dir='ltr'><strong>ipsi</strong></span> <span class='ocrx_word' id='word_1_828' title='bbox 2752 4402 2803 4455; x_wconf 90' lang='lat' dir='ltr'><strong>in</strong></span> <span class='ocrx_word' id='word_1_829' title='bbox 2837 4401 2938 4454; x_wconf 86' lang='lat' dir='ltr'><strong>hoc</strong></span> <span class='ocrx_word' id='word_1_830' title='bbox 2976 4397 3298 4462; x_wconf 76' lang='lat' dir='ltr'><strong>teStimonio,</strong></span> <span class='ocrx_word' id='word_1_831' title='bbox 3329 4396 3415 4451; x_wconf 90' lang='lat' dir='ltr'><strong>ubi</strong></span> <span class='ocrx_word' id='word_1_832' title='bbox 3445 4394 3588 4462; x_wconf 89' lang='lat' dir='ltr'><strong>dicit,</strong></span> <span class='ocrx_word' id='word_1_833' title='bbox 3622 4394 3826 4450; x_wconf 86' lang='lat' dir='ltr'><strong>Sortem</strong></span> 
     </span>
    </p>
   </div>
   <div class='ocr_carea' id='block_1_106' title="bbox 2241 4484 3826 4562">
    <p class='ocr_par' dir='ltr' id='par_1_106' title="bbox 2241 4484 3826 4562">
     <span class='ocr_line' id='line_1_107' title="bbox 2241 4484 3826 4562; baseline -0.011 -8"><span class='ocrx_word' id='word_1_834' title='bbox 2241 4497 2496 4554; x_wconf 81' lang='lat' dir='ltr'><strong>consecuti</strong></span> <span class='ocrx_word' id='word_1_835' title='bbox 2515 4511 2706 4558; x_wconf 86' lang='lat' dir='ltr'><strong>sumus,</strong></span> <span class='ocrx_word' id='word_1_836' title='bbox 2729 4490 3065 4562; x_wconf 73' lang='lat' dir='ltr'><strong>preedestinati</strong></span> <span class='ocrx_word' id='word_1_837' title='bbox 3087 4487 3358 4543; x_wconf 87' lang='lat' dir='ltr'><strong>secundum</strong></span> <span class='ocrx_word' id='word_1_838' title='bbox 3383 4486 3722 4557; x_wconf 83' lang='lat' dir='ltr'><strong>prepositum,</strong></span> <span class='ocrx_word' id='word_1_839' title='bbox 3745 4484 3826 4552; x_wconf 81' lang='lat' dir='ltr'><strong>qui</strong></span> 
     </span>
    </p>
   </div>
   <div class='ocr_carea' id='block_1_107' title="bbox 2249 4575 3825 4655">
    <p class='ocr_par' dir='ltr' id='par_1_107' title="bbox 2249 4575 3825 4655">
     <span class='ocr_line' id='line_1_108' title="bbox 2249 4575 3825 4655; baseline -0.013 -11"><span class='ocrx_word' id='word_1_840' title='bbox 2249 4592 2480 4644; x_wconf 85' lang='lat' dir='ltr'><strong>universa</strong></span> <span class='ocrx_word' id='word_1_841' title='bbox 2511 4594 2768 4655; x_wconf 85' lang='lat' dir='ltr'><strong>aperatur.</strong></span> <span class='ocrx_word' id='word_1_842' title='bbox 2810 4581 2928 4651; x_wconf 87' lang='lat' dir='ltr'><strong>ipse</strong></span> <span class='ocrx_word' id='word_1_843' title='bbox 2974 4595 3102 4650; x_wconf 87' lang='lat' dir='ltr'><strong>ergo</strong></span> <span class='ocrx_word' id='word_1_844' title='bbox 3145 4587 3202 4634; x_wconf 89' lang='lat' dir='ltr'><strong>ut</strong></span> <span class='ocrx_word' id='word_1_845' title='bbox 3246 4578 3464 4632; x_wconf 88' lang='lat' dir='ltr'><strong>credere</strong></span> <span class='ocrx_word' id='word_1_846' title='bbox 3512 4575 3825 4646; x_wconf 83' lang='lat' dir='ltr'><strong>incipiamus</strong></span> 
     </span>
    </p>
   </div>
   <div class='ocr_carea' id='block_1_108' title="bbox 2249 4666 3826 4751">
    <p class='ocr_par' dir='ltr' id='par_1_108' title="bbox 2249 4666 3826 4751">
     <span class='ocr_line' id='line_1_109' title="bbox 2249 4666 3826 4751; baseline -0.012 -14"><span class='ocrx_word' id='word_1_847' title='bbox 2249 4687 2524 4751; x_wconf 88' lang='lat' dir='ltr'><strong>operatur,</strong></span> <span class='ocrx_word' id='word_1_848' title='bbox 2551 4678 2640 4747; x_wconf 90' lang='lat' dir='ltr'><strong>qui</strong></span> <span class='ocrx_word' id='word_1_849' title='bbox 2669 4675 2914 4730; x_wconf 86' lang='lat' dir='ltr'><strong>universa</strong></span> <span class='ocrx_word' id='word_1_850' title='bbox 2944 4681 3213 4742; x_wconf 82' lang='lat' dir='ltr'><strong>cperatur.</strong></span> <span class='ocrx_word' id='word_1_851' title='bbox 3263 4667 3602 4722; x_wconf 86' lang='lat' dir='ltr'><strong>Vocationem</strong></span> <span class='ocrx_word' id='word_1_852' title='bbox 3629 4666 3826 4736; x_wconf 85' lang='lat' dir='ltr'><strong>quippe</strong></span> 
     </span>
    </p>
   </div>
   <div class='ocr_carea' id='block_1_109' title="bbox 2251 4759 3824 4840">
    <p class='ocr_par' dir='ltr' id='par_1_109' title="bbox 2251 4759 3824 4840">
     <span class='ocr_line' id='line_1_110' title="bbox 2251 4759 3824 4840; baseline -0.013 -12"><span class='ocrx_word' id='word_1_853' title='bbox 2251 4773 2394 4828; x_wconf 88' lang='lat' dir='ltr'><strong>illam</strong></span> <span class='ocrx_word' id='word_1_854' title='bbox 2435 4771 2503 4826; x_wconf 84' lang='lat' dir='ltr'><strong>de</strong></span> <span class='ocrx_word' id='word_1_855' title='bbox 2545 4783 2648 4840; x_wconf 82' lang='lat' dir='ltr'><strong>qua</strong></span> <span class='ocrx_word' id='word_1_856' title='bbox 2682 4767 2880 4822; x_wconf 89' lang='lat' dir='ltr'><strong>dictum</strong></span> <span class='ocrx_word' id='word_1_857' title='bbox 2917 4772 3021 4830; x_wconf 87' lang='lat' dir='ltr'><strong>est,</strong></span> <span class='ocrx_word' id='word_1_858' title='bbox 3073 4763 3198 4818; x_wconf 86' lang='lat' dir='ltr'><strong>Sine</strong></span> <span class='ocrx_word' id='word_1_859' title='bbox 3243 4759 3529 4829; x_wconf 71' lang='lat' dir='ltr'><strong>paenitentia</strong></span> <span class='ocrx_word' id='word_1_860' title='bbox 3551 4760 3688 4812; x_wconf 83' lang='lat' dir='ltr'><strong>enim</strong></span> <span class='ocrx_word' id='word_1_861' title='bbox 3715 4763 3824 4812; x_wconf 82' lang='lat' dir='ltr'><strong>suut</strong></span> 
     </span>
    </p>
   </div>
   <div class='ocr_carea' id='block_1_110' title="bbox 2251 4849 3824 4930">
    <p class='ocr_par' dir='ltr' id='par_1_110' title="bbox 2251 4849 3824 4930">
     <span class='ocr_line' id='line_1_111' title="bbox 2251 4849 3824 4930; baseline -0.013 -10"><span class='ocrx_word' id='word_1_862' title='bbox 2251 4868 2384 4920; x_wconf 86' lang='lat' dir='ltr'><strong>dona</strong></span> <span class='ocrx_word' id='word_1_863' title='bbox 2411 4873 2458 4916; x_wconf 88' lang='lat' dir='ltr'><strong>et</strong></span> <span class='ocrx_word' id='word_1_864' title='bbox 2489 4862 2680 4916; x_wconf 81' lang='lat' dir='ltr'><strong>occatio</strong></span> <span class='ocrx_word' id='word_1_865' title='bbox 2715 4859 2810 4912; x_wconf 78' lang='lat' dir='ltr'><strong>Dei</strong></span> <span class='ocrx_word' id='word_1_866' title='bbox 2831 4855 3002 4930; x_wconf 87' lang='lat' dir='ltr'><strong>(Rom.</strong></span> <span class='ocrx_word' id='word_1_867' title='bbox 3044 4870 3120 4918; x_wconf 74' lang='grc' dir='ltr'><strong>χι,</strong></span> <span class='ocrx_word' id='word_1_868' title='bbox 3156 4852 3280 4923; x_wconf 74' lang='grc'><strong>29);</strong></span> <span class='ocrx_word' id='word_1_869' title='bbox 3325 4860 3380 4906; x_wconf 88' lang='lat' dir='ltr'><strong>et</strong></span> <span class='ocrx_word' id='word_1_870' title='bbox 3405 4849 3474 4906; x_wconf 89' lang='lat' dir='ltr'><strong>de</strong></span> <span class='ocrx_word' id='word_1_871' title='bbox 3499 4865 3600 4919; x_wconf 88' lang='lat' dir='ltr'><strong>qua</strong></span> <span class='ocrx_word' id='word_1_872' title='bbox 3625 4849 3824 4904; x_wconf 85' lang='lat' dir='ltr'><strong>dictum</strong></span> 
     </span>
    </p>
   </div>
   <div class='ocr_carea' id='block_1_111' title="bbox 2251 4939 3822 5021">
    <p class='ocr_par' dir='ltr' id='par_1_111' title="bbox 2251 4939 3822 5021">
     <span class='ocr_line' id='line_1_112' title="bbox 2251 4939 3822 5021; baseline -0.013 -10"><span class='ocrx_word' id='word_1_873' title='bbox 2251 4965 2354 5021; x_wconf 87' lang='lat' dir='ltr'><strong>est,</strong></span> <span class='ocrx_word' id='word_1_874' title='bbox 2385 4953 2506 5008; x_wconf 85' lang='lat' dir='ltr'><strong>Non</strong></span> <span class='ocrx_word' id='word_1_875' title='bbox 2533 4967 2596 5007; x_wconf 79' lang='lat' dir='ltr'><strong>ea:</strong></span> <span class='ocrx_word' id='word_1_876' title='bbox 2615 4949 2868 5021; x_wconf 82' lang='lat' dir='ltr'><strong>aperibus,</strong></span> <span class='ocrx_word' id='word_1_877' title='bbox 2895 4947 2984 5002; x_wconf 80' lang='lat' dir='ltr'><strong>sed</strong></span> <span class='ocrx_word' id='word_1_878' title='bbox 3010 4961 3073 5000; x_wconf 77' lang='lat' dir='ltr'><strong>ea:</strong></span> <span class='ocrx_word' id='word_1_879' title='bbox 3095 4952 3301 4998; x_wconf 80' lang='lat' dir='ltr'><strong>vocante</strong></span> <span class='ocrx_word' id='word_1_880' title='bbox 3321 4940 3434 5012; x_wconf 89' lang='lat' dir='ltr'><strong>(Id.</strong></span> <span class='ocrx_word' id='word_1_881' title='bbox 3458 4957 3531 5006; x_wconf 69' lang='grc' dir='ltr'><strong>ιχ,</strong></span> <span class='ocrx_word' id='word_1_882' title='bbox 3563 4939 3682 5008; x_wconf 73' lang='grc'><strong>12);</strong></span> <span class='ocrx_word' id='word_1_883' title='bbox 3707 4951 3822 4993; x_wconf 89' lang='lat' dir='ltr'><strong>cum</strong></span> 
     </span>
    </p>
   </div>
   <div class='ocr_carea' id='block_1_112' title="bbox 2253 5031 3822 5117">
    <p class='ocr_par' dir='ltr' id='par_1_112' title="bbox 2253 5031 3822 5117">
     <span class='ocr_line' id='line_1_113' title="bbox 2253 5031 3822 5117; baseline -0.016 -16"><span class='ocrx_word' id='word_1_884' title='bbox 2253 5057 2432 5117; x_wconf 87' lang='lat' dir='ltr'><strong>posset</strong></span> <span class='ocrx_word' id='word_1_885' title='bbox 2460 5045 2656 5108; x_wconf 84' lang='lat' dir='ltr'><strong>dicere,</strong></span> <span class='ocrx_word' id='word_1_886' title='bbox 2683 5040 2788 5097; x_wconf 84' lang='lat' dir='ltr'><strong>Sed</strong></span> <span class='ocrx_word' id='word_1_887' title='bbox 2815 5053 2880 5096; x_wconf 81' lang='lat' dir='ltr'><strong>ex</strong></span> <span class='ocrx_word' id='word_1_888' title='bbox 2915 5038 3162 5092; x_wconf 87' lang='lat' dir='ltr'><strong>credente</strong></span> <span class='ocrx_word' id='word_1_889' title='bbox 3186 5051 3201 5089; x_wconf 92' lang='lat'><strong>:</strong></span> <span class='ocrx_word' id='word_1_890' title='bbox 3233 5043 3285 5088; x_wconf 90' lang='lat' dir='ltr'><strong>et</strong></span> <span class='ocrx_word' id='word_1_891' title='bbox 3327 5031 3640 5086; x_wconf 88' lang='lat' dir='ltr'><strong>electionem</strong></span> <span class='ocrx_word' id='word_1_892' title='bbox 3665 5042 3822 5098; x_wconf 86' lang='lat' dir='ltr'><strong>quam</strong></span> 
     </span>
    </p>
   </div>
   <div class='ocr_carea' id='block_1_113' title="bbox 2251 5114 3824 5207">
    <p class='ocr_par' dir='ltr' id='par_1_113' title="bbox 2251 5114 3824 5207">
     <span class='ocr_line' id='line_1_114' title="bbox 2251 5114 3824 5207; baseline -0.017 -14"><span class='ocrx_word' id='word_1_893' title='bbox 2251 5114 2564 5207; x_wconf 79' lang='lat' dir='ltr'><strong>signiﬁcavit</strong></span> <span class='ocrx_word' id='word_1_894' title='bbox 2592 5132 2865 5194; x_wconf 87' lang='lat' dir='ltr'><strong>Dominus,</strong></span> <span class='ocrx_word' id='word_1_895' title='bbox 2893 5127 3090 5188; x_wconf 84' lang='lat' dir='ltr'><strong>dicens,</strong></span> <span class='ocrx_word' id='word_1_896' title='bbox 3120 5122 3242 5178; x_wconf 88' lang='lat' dir='ltr'><strong>Non</strong></span> <span class='ocrx_word' id='word_1_897' title='bbox 3271 5139 3356 5175; x_wconf 79' lang='lat' dir='ltr'><strong>nos</strong></span> <span class='ocrx_word' id='word_1_898' title='bbox 3382 5137 3462 5174; x_wconf 90' lang='lat' dir='ltr'><strong>me</strong></span> <span class='ocrx_word' id='word_1_899' title='bbox 3479 5118 3716 5189; x_wconf 82' lang='lat' dir='ltr'><strong>elegistis,</strong></span> <span class='ocrx_word' id='word_1_900' title='bbox 3741 5114 3824 5207; x_wconf 76' lang='lat' dir='ltr'><strong>sed</strong></span> 
     </span>
    </p>
   </div>
   <div class='ocr_carea' id='block_1_114' title="bbox 2254 5205 3820 5300">
    <p class='ocr_par' dir='ltr' id='par_1_114' title="bbox 2254 5205 3820 5300">
     <span class='ocr_line' id='line_1_115' title="bbox 2254 5205 3820 5300; baseline -0.017 -18"><span class='ocrx_word' id='word_1_901' title='bbox 2254 5205 2344 5300; x_wconf 76' lang='lat' dir='ltr'><strong>ego</strong></span> <span class='ocrx_word' id='word_1_902' title='bbox 2364 5243 2450 5280; x_wconf 81' lang='lat' dir='ltr'><strong>vos</strong></span> <span class='ocrx_word' id='word_1_903' title='bbox 2467 5223 2594 5293; x_wconf 86' lang='lat' dir='ltr'><strong>elegi</strong></span> <span class='ocrx_word' id='word_1_904' title='bbox 2624 5219 2800 5292; x_wconf 83' lang='lat' dir='ltr'><strong>(Joan.</strong></span> <span class='ocrx_word' id='word_1_905' title='bbox 2831 5231 2922 5284; x_wconf 80' lang='lat' dir='ltr'><strong>xv,</strong></span> <span class='ocrx_word' id='word_1_906' title='bbox 2951 5215 3070 5286; x_wconf 78' lang='lat' dir='ltr'><strong>l6);</strong></span> <span class='ocrx_word' id='word_1_907' title='bbox 3103 5225 3202 5268; x_wconf 86' lang='lat' dir='ltr'><strong>nec</strong></span> <span class='ocrx_word' id='word_1_908' title='bbox 3232 5213 3362 5266; x_wconf 82' lang='lat' dir='ltr'><strong>lides</strong></span> <span class='ocrx_word' id='word_1_909' title='bbox 3403 5212 3515 5280; x_wconf 86' lang='lat' dir='ltr'><strong>ipsa</strong></span> <span class='ocrx_word' id='word_1_910' title='bbox 3555 5205 3820 5278; x_wconf 68' lang='lat' dir='ltr'><strong>praecedit.</strong></span> 
     </span>
    </p>
   </div>
   <div class='ocr_carea' id='block_1_115' title="bbox 2253 5295 3823 5381">
    <p class='ocr_par' dir='ltr' id='par_1_115' title="bbox 2253 5295 3823 5381">
     <span class='ocr_line' id='line_1_116' title="bbox 2253 5295 3823 5381; baseline -0.018 -7"><span class='ocrx_word' id='word_1_911' title='bbox 2253 5295 2368 5374; x_wconf 55' lang='lat' dir='ltr'><strong>Non</strong></span> <span class='ocrx_word' id='word_1_912' title='bbox 2396 5317 2537 5372; x_wconf 90' lang='lat' dir='ltr'><strong>enim</strong></span> <span class='ocrx_word' id='word_1_913' title='bbox 2587 5311 2708 5381; x_wconf 89' lang='lat' dir='ltr'><strong>quia</strong></span> <span class='ocrx_word' id='word_1_914' title='bbox 2745 5308 3085 5372; x_wconf 87' lang='lat' dir='ltr'><strong>credidimus,</strong></span> <span class='ocrx_word' id='word_1_915' title='bbox 3131 5303 3224 5359; x_wconf 90' lang='lat' dir='ltr'><strong>sed</strong></span> <span class='ocrx_word' id='word_1_916' title='bbox 3273 5309 3330 5356; x_wconf 89' lang='lat' dir='ltr'><strong>ut</strong></span> <span class='ocrx_word' id='word_1_917' title='bbox 3368 5300 3648 5356; x_wconf 88' lang='lat' dir='ltr'><strong>credamus</strong></span> <span class='ocrx_word' id='word_1_918' title='bbox 3671 5295 3823 5365; x_wconf 82' lang='lat' dir='ltr'><strong>elegit</strong></span> 
     </span>
    </p>
   </div>
   <div class='ocr_carea' id='block_1_116' title="bbox 2255 5384 3818 5472">
    <p class='ocr_par' dir='ltr' id='par_1_116' title="bbox 2255 5384 3818 5472">
     <span class='ocr_line' id='line_1_117' title="bbox 2255 5384 3818 5472; baseline -0.019 -7"><span class='ocrx_word' id='word_1_919' title='bbox 2255 5423 2355 5464; x_wconf 87' lang='lat' dir='ltr'><strong>nos</strong></span> <span class='ocrx_word' id='word_1_920' title='bbox 2385 5423 2400 5458; x_wconf 88' lang='lat'><strong>:</strong></span> <span class='ocrx_word' id='word_1_921' title='bbox 2429 5419 2496 5458; x_wconf 88' lang='lat' dir='ltr'><strong>ne</strong></span> <span class='ocrx_word' id='word_1_922' title='bbox 2521 5402 2726 5472; x_wconf 88' lang='lat' dir='ltr'><strong>priores</strong></span> <span class='ocrx_word' id='word_1_923' title='bbox 2743 5413 2866 5454; x_wconf 87' lang='lat' dir='ltr'><strong>eum</strong></span> <span class='ocrx_word' id='word_1_924' title='bbox 2889 5395 3112 5466; x_wconf 85' lang='lat' dir='ltr'><strong>elegisse</strong></span> <span class='ocrx_word' id='word_1_925' title='bbox 3135 5393 3394 5455; x_wconf 85' lang='lat' dir='ltr'><strong>dicamur,</strong></span> <span class='ocrx_word' id='word_1_926' title='bbox 3419 5388 3716 5458; x_wconf 69' lang='lat' dir='ltr'><strong>falsumque</strong></span> <span class='ocrx_word' id='word_1_927' title='bbox 3731 5384 3818 5444; x_wconf 90' lang='lat' dir='ltr'><strong>sit,</strong></span> 
     </span>
    </p>
   </div>
   <div class='ocr_carea' id='block_1_117' title="bbox 2257 5475 3822 5570">
    <p class='ocr_par' dir='ltr' id='par_1_117' title="bbox 2257 5475 3822 5570">
     <span class='ocr_line' id='line_1_118' title="bbox 2257 5475 3822 5570; baseline -0.016 -16"><span class='ocrx_word' id='word_1_928' title='bbox 2257 5498 2394 5570; x_wconf 88' lang='lat' dir='ltr'><strong>quod</strong></span> <span class='ocrx_word' id='word_1_929' title='bbox 2415 5496 2568 5558; x_wconf 88' lang='lat' dir='ltr'><strong>absit,</strong></span> <span class='ocrx_word' id='word_1_930' title='bbox 2595 5491 2714 5548; x_wconf 80' lang='lat' dir='ltr'><strong>Non</strong></span> <span class='ocrx_word' id='word_1_931' title='bbox 2741 5506 2827 5544; x_wconf 78' lang='lat' dir='ltr'><strong>vos</strong></span> <span class='ocrx_word' id='word_1_932' title='bbox 2845 5506 2922 5544; x_wconf 87' lang='lat' dir='ltr'><strong>me</strong></span> <span class='ocrx_word' id='word_1_933' title='bbox 2949 5487 3180 5558; x_wconf 87' lang='lat' dir='ltr'><strong>elegistis,</strong></span> <span class='ocrx_word' id='word_1_934' title='bbox 3211 5483 3299 5538; x_wconf 88' lang='lat' dir='ltr'><strong>sed</strong></span> <span class='ocrx_word' id='word_1_935' title='bbox 3325 5499 3413 5552; x_wconf 89' lang='lat' dir='ltr'><strong>ego</strong></span> <span class='ocrx_word' id='word_1_936' title='bbox 3441 5497 3526 5534; x_wconf 79' lang='lat' dir='ltr'><strong>vos</strong></span> <span class='ocrx_word' id='word_1_937' title='bbox 3551 5480 3694 5549; x_wconf 86' lang='lat' dir='ltr'><strong>elegi.</strong></span> <span class='ocrx_word' id='word_1_938' title='bbox 3719 5475 3822 5570; x_wconf 60' lang='lat' dir='ltr'><strong>Nec</strong></span> 
     </span>
    </p>
   </div>
   <div class='ocr_carea' id='block_1_118' title="bbox 2257 5564 3821 5660">
    <p class='ocr_par' dir='ltr' id='par_1_118' title="bbox 2257 5564 3821 5660">
     <span class='ocr_line' id='line_1_119' title="bbox 2257 5564 3821 5660; baseline -0.016 -17"><span class='ocrx_word' id='word_1_939' title='bbox 2257 5564 2376 5660; x_wconf 81' lang='lat' dir='ltr'><strong>quia</strong></span> <span class='ocrx_word' id='word_1_940' title='bbox 2405 5585 2746 5647; x_wconf 85' lang='lat' dir='ltr'><strong>credidimus,</strong></span> <span class='ocrx_word' id='word_1_941' title='bbox 2774 5579 2864 5636; x_wconf 87' lang='lat' dir='ltr'><strong>sed</strong></span> <span class='ocrx_word' id='word_1_942' title='bbox 2887 5589 2938 5633; x_wconf 92' lang='lat' dir='ltr'><strong>ut</strong></span> <span class='ocrx_word' id='word_1_943' title='bbox 2959 5575 3236 5633; x_wconf 88' lang='lat' dir='ltr'><strong>credamus</strong></span> <span class='ocrx_word' id='word_1_944' title='bbox 3256 5586 3540 5628; x_wconf 75' lang='lat' dir='ltr'><strong>vocamur:</strong></span> <span class='ocrx_word' id='word_1_945' title='bbox 3563 5579 3721 5637; x_wconf 88' lang='lat' dir='ltr'><strong>atque</strong></span> <span class='ocrx_word' id='word_1_946' title='bbox 3741 5564 3821 5620; x_wconf 84' lang='lat' dir='ltr'><strong>illa</strong></span> 
     </span>
    </p>
   </div>
   <div class='ocr_carea' id='block_1_119' title="bbox 2257 5660 3820 5748">
    <p class='ocr_par' dir='ltr' id='par_1_119' title="bbox 2257 5660 3820 5748">
     <span class='ocr_line' id='line_1_120' title="bbox 2257 5660 3820 5748; baseline -0.017 -11"><span class='ocrx_word' id='word_1_947' title='bbox 2257 5681 2556 5744; x_wconf 84' lang='lat' dir='ltr'><strong>vocatione,</strong></span> <span class='ocrx_word' id='word_1_948' title='bbox 2587 5691 2705 5748; x_wconf 66' lang='lat' dir='ltr'><strong>quae</strong></span> <span class='ocrx_word' id='word_1_949' title='bbox 2727 5677 2842 5729; x_wconf 89' lang='lat' dir='ltr'><strong>sine</strong></span> <span class='ocrx_word' id='word_1_950' title='bbox 2866 5669 3170 5741; x_wconf 71' lang='lat' dir='ltr'><strong>potnitentia</strong></span> <span class='ocrx_word' id='word_1_951' title='bbox 3193 5677 3292 5728; x_wconf 84' lang='lat' dir='ltr'><strong>est.</strong></span> <span class='ocrx_word' id='word_1_952' title='bbox 3325 5663 3377 5719; x_wconf 92' lang='lat' dir='ltr'><strong>id</strong></span> <span class='ocrx_word' id='word_1_953' title='bbox 3413 5677 3631 5734; x_wconf 79' lang='lat' dir='ltr'><strong>prorsus</strong></span> <span class='ocrx_word' id='word_1_954' title='bbox 3655 5660 3820 5730; x_wconf 87' lang='lat' dir='ltr'><strong>agitur</strong></span> 
     </span>
    </p>
   </div>
   <div class='ocr_carea' id='block_1_120' title="bbox 2262 5751 3821 5844">
    <p class='ocr_par' dir='ltr' id='par_1_120' title="bbox 2262 5751 3821 5844">
     <span class='ocr_line' id='line_1_121' title="bbox 2262 5751 3821 5844; baseline -0.02 -13"><span class='ocrx_word' id='word_1_955' title='bbox 2262 5783 2316 5831; x_wconf 86' lang='lat' dir='ltr'><strong>et</strong></span> <span class='ocrx_word' id='word_1_956' title='bbox 2344 5771 2630 5844; x_wconf 86' lang='lat' dir='ltr'><strong>peragitur,</strong></span> <span class='ocrx_word' id='word_1_957' title='bbox 2657 5776 2713 5822; x_wconf 92' lang='lat' dir='ltr'><strong>ut</strong></span> <span class='ocrx_word' id='word_1_958' title='bbox 2741 5763 3036 5822; x_wconf 88' lang='lat' dir='ltr'><strong>credamus.</strong></span> <span class='ocrx_word' id='word_1_959' title='bbox 3057 5759 3166 5816; x_wconf 82' lang='lat' dir='ltr'><strong>Nec</strong></span> <span class='ocrx_word' id='word_1_960' title='bbox 3190 5757 3364 5814; x_wconf 86' lang='lat' dir='ltr'><strong>omnia</strong></span> <span class='ocrx_word' id='word_1_961' title='bbox 3385 5751 3686 5826; x_wconf 88' lang='lat' dir='ltr'><strong>replicanda</strong></span> <span class='ocrx_word' id='word_1_962' title='bbox 3701 5755 3821 5805; x_wconf 85' lang='lat' dir='ltr'><strong>sunt</strong></span> 
     </span>
    </p>
   </div>
  </div>
