4102 6476
358 345 464 402 989

351 458 423 512 de
449 455 552 512 hac
578 468 640 511 to
663 461 767 508 tam
799 451 958 507 multa
985 465 1102 522 qua:
1129 448 1379 506 diximus.

427 547 518 602 39.
566 540 800 615 Denique
824 557 880 599 et
898 544 949 598 in
978 542 1134 612 hujus
1156 539 1444 597 testimonii
1465 537 1932 608 consequentibus.

355 640 468 694 Deo
497 638 695 707 gratias
739 636 848 706 agit
884 635 1169 704 Apostolus
1200 649 1294 703 pro
1334 632 1418 687 his
1447 631 1534 702 qui
1561 629 1930 694 crediderunt,

355 747 464 785 non
489 729 670 798 utique
690 727 939 796 quoniam
962 726 1040 781 eis
1060 725 1428 779 annuntiatum
1459 731 1542 778 est
1563 720 1931 790 Evangelium,

355 820 456 876 sed
478 820 727 888 quoniam
745 817 1106 872 crediderunt.
1125 815 1368 870 Aiteuini
1403 833 1418 869 :
1441 813 1504 866 ιη
1531 828 1630 882 quo
1656 821 1700 866 et
1729 827 1814 866 vos
1840 828 1936 864 au-

355 912 548 965 dientes
579 909 779 963 verbum
821 909 1042 962 veritatis
1086 908 1414 978 Evangelium
1440 906 1618 960 salutis
1647 915 1822 959 vestra!
1841 947 1853 969 ,
1885 905 1936 959 in

354 1020 458 1070 quo
485 1002 738 1057 credentes
764 1002 948 1072 signati
973 1002 1089 1055 estis
1117 1000 1316 1071 Spiritu
1343 997 1687 1069 promissionis
1726 1007 1895 1050 saneto
1920 1037 1936 1062 ,

356 1095 444 1166 qui
471 1104 542 1147 est
571 1093 750 1163 pignus
776 1092 1084 1150 ltwreditatis
1109 1102 1294 1144 nostra:
1311 1130 1328 1154 ,
1354 1091 1408 1144 in
1438 1088 1822 1158 redemptionem
1855 1104 1940 1141 ac-

360 1187 663 1257 quisitionis,
687 1187 738 1238 in
767 1183 964 1238 laudent
994 1184 1170 1253 gloria:
1196 1183 1357 1252 ipsius
1386 1198 1404 1236 :
1436 1191 1641 1251 propter
1666 1181 1758 1236 hoc
1782 1189 1828 1234 et
1849 1198 1938 1250 ego

365 1279 542 1332 audita
568 1278 666 1346 ﬁde
702 1286 862 1329 vestra
891 1276 942 1328 in
969 1273 1168 1328 Christo
1201 1271 1326 1326 Jesu
1351 1282 1395 1325 et
1427 1272 1478 1325 in
1501 1288 1668 1326 onmes
1697 1281 1896 1325 sanctos
1919 1309 1934 1335 ,

365 1386 467 1423 non
495 1384 628 1421 cesso
653 1367 841 1438 gratias
869 1382 1016 1436 agere
1056 1382 1146 1434 pro
1187 1363 1322 1418 vobis
1351 1361 1578 1435 (Ephes.
1611 1378 1648 1427 I,
1683 1363 1751 1417 15
1771 1392 1789 1400 -
1812 1361 1878 1415 16
1899 1361 1936 1428 ).

363 1459 509 1516 Nova
534 1468 647 1512 erat
674 1465 726 1512 et
756 1471 942 1511 recens
969 1470 1153 1509 eorum
1181 1453 1315 1508 ﬁdes
1340 1454 1624 1522 priedicato
1643 1453 1740 1506 sibi
1770 1454 1939 1507 Evan-

359 1550 500 1620 gelio
519 1590 533 1612 ,
564 1564 664 1618 qua
698 1547 799 1603 lide
827 1547 1002 1601 audita
1027 1588 1042 1612 ,
1070 1546 1267 1616 gratias
1301 1547 1407 1600 Deo
1434 1560 1528 1614 pro
1552 1546 1630 1600 eis
1663 1546 1770 1614 agit
1798 1547 1939 1614 Apo-

362 1639 556 1694 stolus.
583 1637 638 1694 Si
687 1637 886 1692 homini
929 1637 1126 1706 gratias
1169 1644 1346 1706 ageret
1387 1650 1484 1705 pro
1511 1651 1577 1690 eo
1607 1635 1747 1706 quod
1793 1627 1947 1690 illum'

363 1730 447 1784 vel
478 1737 688 1798 putaret
726 1743 829 1782 non
862 1727 1172 1797 praestitisse
1209 1727 1290 1780 vel
1333 1737 1512 1782 nosset
1536 1769 1551 1790 ,
1595 1727 1828 1782 adulatio
1859 1729 1940 1784 vel

365 1820 544 1874 irrisio
572 1819 753 1873 verius
788 1833 946 1888 quam
974 1818 1260 1887 gratiarum
1286 1817 1427 1871 actio
1452 1817 1736 1872 diceretur.
1770 1815 1940 1871 Nolite

368 1927 577 1976 errare;
600 1909 738 1964 Deus
765 1927 866 1963 non
909 1910 1148 1962 irridetur
1176 1910 1193 1941 ί
1221 1907 1433 1982 (Calat.
1465 1925 1537 1977 vt,
1569 1910 1634 1979 7)
1681 1925 1696 1961 :
1742 1909 1940 1964 donum

363 2002 510 2057 enim
541 2001 658 2070 ejus
684 2009 768 2055 est
794 2001 953 2054 etiam
985 2000 1242 2068 incipiens
1269 1999 1420 2064 ﬁdes,
1453 2015 1519 2054 ne
1547 2001 1781 2071 Apostoli
1813 1999 1940 2055 falsa

363 2093 450 2146 vel
468 2090 620 2145 fallax
642 2091 930 2160 gratiarum
947 2091 1085 2144 actio
1107 2091 1298 2145 merito
1312 2091 1598 2160 judicetur.
1622 2091 1755 2159 Quid
1781 2093 1943 2145 illud?

365 2198 544 2238 nonne
583 2183 788 2237 initium
833 2182 954 2237 lidei
997 2191 1218 2252 apparet
1255 2183 1805 2239 Thessalonicensium
1832 2226 1848 2252 ,
1876 2186 1943 2240 de

363 2288 473 2343 quo
502 2283 678 2328 tamen
712 2273 850 2327 idem
881 2274 1157 2343 apostolus
1187 2275 1296 2328 Deo
1323 2277 1520 2344 gratias
1547 2275 1688 2346 agit,
1717 2276 1896 2332 dicens
1923 2318 1938 2342 ,

372 2363 645 2436 Propterea
670 2373 714 2418 et
741 2380 833 2418 nos
859 2365 1048 2434 gratias
1073 2365 1268 2434 agimus
1292 2364 1400 2419 Deo
1423 2367 1530 2420 sine
1558 2368 1939 2434 intermissione,

367 2457 606 2526 quoniam
631 2471 744 2508 cum
773 2457 1119 2527 percepissetis
1147 2474 1178 2511 α
1206 2457 1346 2512 nobis
1367 2458 1566 2514 verbum
1591 2460 1794 2516 auditus
1827 2461 1940 2528 Dei,

369 2549 630 2603 excenistis
672 2565 770 2602 non
795 2558 849 2602 ut
877 2549 1077 2602 verbum
1116 2550 1409 2619 hominum,
1447 2552 1536 2608 sed
1577 2554 1705 2608 sicut
1731 2564 1802 2608 est
1835 2571 1946 2608 vere

375 2638 575 2692 verbum
603 2639 726 2703 Dei,
765 2638 895 2708 quod
918 2649 1156 2708 operatur
1179 2642 1231 2695 in
1254 2642 1390 2696 vobis
1408 2683 1424 2708 ,
1455 2645 1537 2696 cui
1573 2645 1854 2699 credidistis
1884 2646 1902 2715 (
1925 2646 1942 2700 I

376 2729 554 2784 Thess.
584 2746 641 2797 ll,
673 2731 808 2802 l3)?
832 2731 965 2800 Quid
995 2743 1079 2788 est
1103 2733 1245 2804 quod
1276 2734 1398 2790 hinc
1428 2735 1540 2791 Deo
1566 2739 1760 2807 gratias
1797 2739 1945 2810 agit?

373 2821 575 2891 Nempe
598 2838 788 2877 vanum
823 2834 904 2879 est
950 2834 1110 2895 atque
1155 2825 1313 2883 inane
1337 2869 1353 2892 ,
1384 2828 1430 2883 si
1469 2829 1554 2884 cui
1593 2831 1786 2898 gratias
1815 2832 1942 2900 agit,

374 2913 473 2966 hoc
503 2913 614 2983 ipsc
659 2929 762 2968 non
793 2915 916 2969 fecit
945 2916 987 2967 ⁸.
1027 2916 1133 2971 Sed
1175 2919 1297 2987 quia
1343 2918 1445 2974 hoc
1483 2935 1676 2974 vanum
1707 2929 1762 2975 et
1789 2921 1945 2976 inane

372 3022 476 3060 non
501 3016 605 3072 est,
641 3005 877 3075 profecto
911 3009 1050 3064 Deus
1076 3011 1161 3065 cui
1189 3011 1257 3068 de
1286 3012 1388 3069 hoc
1407 3030 1572 3085 opere
1595 3016 1793 3085 gratias
1812 3016 1942 3087 agit,

368 3097 480 3166 ipse
509 3097 630 3152 fecit
651 3140 666 3165 ,
705 3107 762 3154 ut
785 3114 904 3153 cum
937 3102 1301 3171 percepissent
1338 3104 1406 3158 ab
1437 3106 1692 3175 Apostolo
1723 3110 1944 3162 verbum

366 3188 579 3244 auditus
597 3189 711 3255 Dei,
737 3191 1042 3261 exciperent
1062 3194 1187 3248 illud
1212 3211 1316 3250 non
1339 3205 1396 3251 ut
1411 3197 1628 3252 verbum
1648 3199 1942 3267 hominum,

365 3278 456 3333 sed
472 3279 607 3332 sicut
624 3289 708 3335 est
729 3295 874 3344 vere,
894 3281 1111 3336 verbum
1138 3284 1247 3339 Dei.
1277 3285 1414 3340 Deus
1440 3287 1597 3356 igitur
1616 3299 1867 3358 cperatur
1893 3290 1942 3344 in

366 3372 615 3427 cordibus
640 3373 937 3442 hominum,
959 3378 1236 3433 vocatione
1265 3379 1354 3434 illa
1385 3380 1672 3436 secundum
1701 3383 1944 3454 proposi-

371 3471 480 3517 tum
497 3478 670 3531 suum,
688 3465 752 3520 de
768 3482 868 3537 qua
887 3470 1107 3524 multum
1127 3472 1499 3543 locutisumus,
1525 3483 1580 3530 ιιι
1597 3491 1700 3532 non
1720 3478 1948 3535 inaniter

371 3554 588 3609 audiant
612 3556 951 3628 Evangelium
973 3602 988 3627 ,
1019 3561 1112 3615 sed
1157 3577 1224 3617 eo
1267 3564 1448 3619 audito
1487 3578 1868 3624 convertantur
1893 3579 1947 3624 et

373 3647 621 3712 credant,
654 3651 977 3718 excipientes
1019 3669 1124 3708 non
1171 3663 1230 3709 ut
1255 3657 1474 3712 verbum
1507 3657 1779 3714 hominum
1803 3703 1820 3729 ,
1850 3663 1944 3718 sed

371 3737 510 3792 sicut
533 3749 613 3794 est
641 3755 766 3796 vere
795 3742 1011 3798 verbum
1042 3745 1158 3800 Dei.

441 3831 663 3888 CAPUT
700 3832 818 3888 XX.
841 3865 912 3875 —
937 3835 1026 3892 40.
1068 3835 1203 3892 Illud
1246 3839 1404 3894 etiam
1441 3840 1649 3896 initium
1692 3842 1810 3897 ﬁdei
1842 3844 1945 3898 ho-

368 3922 569 3977 minum
594 3923 791 3978 donum
825 3925 916 3979 Dei
938 3941 1057 3982 esse
1085 3942 1182 3982 nos
1209 3928 1479 3993 admonet,
1507 3946 1626 3985 cum
1659 3935 1758 3986 hoc
1783 3933 1948 4003 signi-

369 4014 490 4069 ﬁcet
516 4016 804 4084 Apostolus
841 4016 1027 4072 dicens
1069 4019 1120 4072 in
1163 4019 1402 4088 Epistula
1448 4021 1514 4075 ad
1553 4022 1941 4080 Colossenscs:

371 4104 599 4162 Orationi
624 4109 828 4176 instate,
858 4111 1119 4182 vigilantes
1144 4113 1195 4166 in
1229 4112 1319 4167 illa
1345 4115 1396 4167 in
1416 4116 1693 4186 gratiarum
1718 4119 1942 4183 actione,

369 4208 566 4251 orantes
588 4199 741 4252 simul
766 4207 815 4253 et
841 4216 932 4269 pro
958 4202 1118 4268 nobis,
1149 4211 1202 4255 ut
1233 4202 1366 4258 Deus
1392 4206 1584 4275 aperiat
1606 4206 1747 4260 nobis
1762 4208 1946 4261 ostium

373 4287 502 4340 verbi
541 4291 615 4342 sui
661 4289 728 4342 ad
780 4290 1079 4362 loquendum
1131 4295 1420 4363 mysterium
1472 4295 1692 4363 Christi,
1745 4307 1946 4368 prepter

376 4376 509 4444 quod
545 4378 694 4432 etiam
735 4381 923 4434 vinctus
970 4400 1110 4447 sum,
1152 4394 1205 4437 ut
1249 4385 1562 4454 manifestem
1605 4386 1736 4441 illud
1777 4389 1848 4442 ita
1891 4399 1946 4443 ut

377 4477 568 4536 oportet
597 4486 674 4523 me
700 4469 833 4540 loqui
858 4472 874 4540 (
898 4471 1090 4528 Cotoss.
1120 4491 1190 4540 tv,
1221 4475 1376 4548 2-4).
1406 4477 1684 4546 Quomodo
1711 4482 1946 4549 aperitur

375 4560 571 4614 ostium
601 4561 784 4628 verbi,
828 4564 926 4617 nisi
969 4581 1086 4620 cum
1118 4582 1306 4622 sensus
1334 4571 1572 4638 aperitur
1597 4571 1860 4627 audientis
1891 4583 1947 4627 ιιι

372 4651 594 4718 credat,
619 4663 674 4708 et
703 4653 852 4707 initio
879 4653 997 4709 ﬁdei
1035 4655 1173 4712 facto
1193 4699 1208 4724 ,
1237 4673 1299 4714 ea
1339 4675 1457 4729 qua:
1484 4660 1548 4714 ad
1579 4661 1943 4717 aediﬁcandam

369 4737 639 4796 salubrem
675 4741 974 4798 doctrinam
1016 4748 1370 4816 praedicantur
1401 4759 1456 4804 et
1488 4750 1826 4821 disputantur
1853 4753 1947 4808 ad-

370 4829 579 4896 mittat;
611 4847 680 4886 ne
711 4847 804 4902 per
831 4833 1191 4892 inﬁdelitatem
1218 4839 1379 4893 corde
1401 4839 1602 4904 clauso,
1632 4857 1693 4896 ea
1720 4858 1836 4912 quin
1865 4843 1947 4897 di-

369 4932 558 4977 cuntur
585 4925 849 4994 improbet
877 4942 939 4982 ac
974 4930 1234 5000 repellat?
1280 4930 1434 4987 Unde
1463 4943 1516 4987 et
1544 4933 1609 4987 ad
1641 4933 1946 4990 Corinthios

372 5013 445 5066 ait
475 5029 488 5065 :
525 5013 836 5071 Permanebo
881 5029 1047 5073 autem
1077 5019 1272 5091 Ephesi
1300 5039 1454 5092 usque
1481 5026 1548 5076 ad
1579 5023 1944 5092 Pentecosten;

374 5103 552 5157 ostium
576 5107 706 5160 enim
735 5109 858 5162 mihi
905 5120 1134 5179 apertum
1172 5124 1242 5167 est
1281 5131 1518 5186 magnum
1562 5125 1609 5171 et
1647 5119 1865 5183 evidens,
1898 5131 1944 5174 et

374 5194 641 5250 adversarii
666 5199 807 5253 multi
834 5201 876 5272 (I
895 5202 1012 5256 Cor.
1032 5205 1213 5272 xvn,8,
1233 5205 1312 5276 9).
1342 5207 1477 5273 Quid
1505 5209 1588 5264 hic
1608 5210 1748 5266 aliud
1772 5221 1944 5283 potest

376 5284 591 5355 intelligi
611 5327 627 5352 ,
659 5290 756 5344 nisi
795 5293 1082 5360 praedicato
1112 5295 1180 5350 ibi
1215 5313 1309 5366 per
1333 5314 1456 5352 eum
1501 5302 1746 5369 primitus
1771 5304 1945 5358 Evan-

370 5375 506 5443 gelio
531 5378 814 5437 credidisse
849 5385 1078 5450 multos,
1106 5396 1160 5442 ct
1186 5389 1382 5445 multos
1419 5390 1657 5460 ejusdem
1691 5380 1810 5450 ﬁdei
1841 5397 1941 5451 ad-

433 5509 456 5595 ἶ
476 5516 781 5595 Απέῖῇἰξβῖξε
791 5525 889 5595 9P."
909 5531 1128 5595 9’3"?!“
1149 5533 1168 5571 -'
1191 5530 1320 5595 [ξαρ
1341 5535 1435 5583 "0"-
1449 5523 1704 5595 ίτνίάετυντ
1721 5529 1942 5595 Plerique

368 5575 498 5646 tias,
530 5572 682 5646 {alite
699 5572 887 5646 errm'e,
910 5579 1064 5646 inquit
1101 5572 1363 5646 apostolus,
1379 5572 1668 5640 sensit);
1686 5572 1937 5644 irridetur.

363 5633 714 5709 Came-{itione
737 5645 844 5708 μιν.
871 5633 1602 5709 ὸιῃίἰιίιῐιιιεξ-ίηριιίίίῳῦᾆῷωξ

431 5694 452 5723 ¹
475 5695 593 5765 aditi
615 5709 628 5744 :
647 5695 690 5746 si
713 5697 793 5749 cui
811 5702 994 5774 gratias
1015 5704 1114 5810 aqit
1132 5694 1194 5754 de
1215 5694 1678 5771 lioe’qubdipse'non
1700 5713 1826 5775 rem.
1850 5722 1940 5766 ua-

431 5764 598 5810 ιθα-ιιιιι
620 5759 845 5810 omittunt
869 5772 1048 5810 ilarticu
1070 5778 1140 5810 as.
1159 5768 1239 5810 de.
1264 5775 1334 5810 et.
1357 5770 1501 5810 αιιοιί-

371 5759 598 5818 ιιυεωιιιι
620 5759 845 5811 omittunt
869 5759 1140 5827 particulas,
1159 5768 1240 5829 de,
1264 5759 1502 5830 et,'quod'.

1255 329 1456 386 LIBER
1498 329 1586 384 DE
1625 325 2279 383 PREDES’I‘INATIONE
2311 327 2748 387 SANCTORUM.

3515 335 3620 394 990

2042 445 2305 500 versarios
2333 445 2599 502 exstitisse
2623 488 2639 515 ,
2666 447 2960 504 secundum
3007 447 3133 504 illud
3165 449 3372 504 Domini
3385 491 3412 529 υ,
3447 449 3613 508 Nemo

2041 537 2109 590 ad
2134 552 2212 589 me
2237 536 2392 603 venit,
2421 538 2518 592 nisi
2539 539 2621 592 cui
2649 539 2825 593 datum
2855 541 3006 612 fuerit
3034 558 3066 594 a
3095 539 3252 595 Patre
3277 558 3385 596 meo
3413 541 3613 612 (Joan.

2042 641 2117 690 γι,
2147 625 2251 697 66)
2291 643 2306 682 :
2347 636 2422 692 et,
2461 625 2611 683 Vobis
2648 630 2822 683 datum
2869 640 2940 685 est
2984 649 3129 686 nosse
3159 634 3444 703 mysterium
3475 633 3614 704 regni

2041 720 2279 773 coriorum
2302 736 2322 784 ,'
2347 721 2448 776 illis
2467 731 2632 775 autem
2655 739 2754 776 non
2781 733 2852 777 est
2881 724 3054 778 datum
3077 724 3299 794 (Matth.
3331 741 3446 791 sui,
3472 726 3530 779 ll
3553 724 3617 795 )?

2041 812 2247 866 Ostium
2277 827 2406 882 ergo
2434 822 2673 882 apertum
2704 823 2787 870 est
2827 815 2882 870 in
2923 819 3002 872 eis
3045 819 3237 887 quibus
3274 817 3455 872 datum
3492 827 3614 873 est:

2041 902 2332 958 adversarii
2359 914 2536 957 autem
2567 906 2714 958 inulti
2749 922 2813 960 ex
2841 907 2921 960 eis
2949 907 3138 976 quibus
3167 922 3271 960 non
3295 917 3383 962 est
3409 908 3618 961 datum.

2112 994 2202 1048 41.
2265 992 2503 1062 Itemque
2526 994 2592 1047 ad
2619 995 2835 1049 eosdem
2867 997 2918 1049 in
2949 996 3180 1050 secunda
3209 997 3444 1065 Epistula
3479 999 3616 1053 idem

2044 1085 2315 1153 apostolus
2348 1102 2359 1137 :
2389 1083 2513 1139 Cum
2543 1087 2805 1148 venissem,
2827 1087 3015 1156 inquit,
3034 1089 3084 1139 in
3103 1085 3354 1142 Troadem
3373 1091 3422 1143 in
3454 1088 3623 1143 Evan-

2043 1175 2226 1245 gelium
2251 1174 2458 1240 Christi,
2483 1185 2530 1229 et
2553 1179 2732 1230 ostium
2758 1177 2882 1228 mihi
2909 1189 3134 1246 apertum
3157 1189 3279 1233 esset
3302 1181 3350 1232 in
3379 1179 3618 1246 Domino,

2043 1284 2142 1321 non
2172 1268 2324 1321 habui
2347 1268 2559 1332 requiem
2588 1270 2784 1336 spiritui
2813 1286 2942 1332 meo,
2971 1287 3027 1324 eo
3053 1273 3187 1341 quod
3216 1289 3314 1326 non
3341 1273 3505 1326 inveni
3538 1273 3623 1326 Ti-

2043 1367 2149 1412 tum
2175 1363 2382 1428 fratrem
2410 1376 2573 1412 meum
2597 1373 2616 1414 :
2639 1361 2726 1414 sed
2754 1361 2861 1415 vale
2886 1361 2989 1415 illis
3019 1363 3208 1433 faciens
3238 1363 3335 1416 exii
3363 1363 3415 1417 in
3447 1363 3622 1418 Mace-

2044 1451 2266 1504 doniam.
2295 1451 2496 1520 Quibus
2519 1453 2634 1506 vale
2657 1450 2804 1519 fecit,
2839 1453 2941 1506 nisi
2969 1455 3047 1508 eis
3073 1457 3160 1523 qui
3183 1455 3541 1520 crediderant,
3569 1455 3620 1509 in

2043 1556 2269 1611 quorum
2309 1541 2513 1621 scilicet
2552 1543 2804 1598 cordibus
2845 1545 3226 1614 evangelizanti
3269 1555 3509 1614 apertum
3543 1552 3626 1600 cst

2044 1633 2279 1688 ostium?
2303 1633 2441 1702 Quid
2471 1643 2646 1689 autem
2676 1635 2928 1706 adjungat
2954 1636 3214 1691 attendite
3246 1653 3261 1692 :
3300 1635 3405 1690 Deo
3433 1646 3620 1702 autem,

2045 1723 2250 1795 inquit,
2290 1728 2514 1796 gratias,
2561 1726 2648 1796 qui
2687 1742 2883 1796 semper
2923 1727 3236 1797 triumphare
3277 1744 3366 1782 nos
3408 1728 3530 1797 facit
3571 1728 3626 1782 in

2045 1815 2275 1883 Christo,
2308 1825 2352 1870 et
2393 1817 2598 1872 odorem
2626 1819 2816 1872 notitiae
2858 1835 2964 1873 sua:
3011 1836 3100 1888 per
3124 1836 3215 1874 nos
3242 1819 3530 1892 manifestat
3571 1819 3625 1873 in

2045 1907 2180 1960 omni
2208 1908 2316 1960 loco
2347 1922 2366 1960 :
2393 1907 2511 1978 quia
2539 1907 2722 1962 Christi
2763 1909 2921 1963 bonus
2949 1909 3074 1963 odor
3099 1927 3271 1964 sumus
3300 1909 3440 1973 Deo,
3468 1911 3521 1963 in
3546 1910 3626 1963 his

2045 1997 2132 2067 qui
2155 1998 2280 2052 salvi
2304 1999 2454 2068 ﬁunt,
2477 2008 2522 2052 et
2547 1999 2599 2053 in
2621 2000 2698 2054 his
2723 2001 2809 2070 qui
2834 2011 3076 2072 pereunt;
3100 2001 3399 2072 quibusdam
3423 2001 3626 2072 quidem

2046 2091 2172 2144 odor
2198 2093 2372 2145 mortis
2397 2093 2450 2145 in
2479 2101 2686 2146 mortem
2707 2134 2724 2159 ,
2762 2093 3060 2164 quibusdam
3086 2102 3255 2162 autem
3283 2094 3408 2147 odor
3434 2094 3550 2146 vita!
3573 2092 3627 2146 in

2047 2184 2219 2237 vitam.
2250 2184 2386 2239 Ecce
2415 2185 2554 2239 unde
2579 2186 2775 2254 gratias
2811 2187 2918 2256 agit
2957 2185 3106 2240 miles
3129 2186 3420 2241 acerrimus
3445 2193 3500 2241 ct
3527 2184 3626 2240 de-

2047 2274 2228 2330 fensor
2253 2275 2631 2332 invictissimus
2657 2278 2841 2348 gratize
2873 2293 2890 2332 :
2919 2293 3045 2347 ecce
3071 2277 3212 2334 unde
3239 2279 3438 2348 gratias
3477 2279 3584 2347 agit
3609 2319 3624 2342 ,

2047 2368 2166 2437 quia
2195 2368 2394 2422 Christi
2426 2369 2598 2422 bonus
2623 2368 2756 2424 odor
2783 2378 2907 2424 sunt
2933 2370 3170 2439 Apostoli
3201 2370 3309 2424 Deo
3332 2411 3348 2435 ,
3377 2378 3433 2424 et
3460 2368 3514 2423 in
3542 2369 3625 2424 his

2046 2459 2135 2528 qni
2157 2460 2285 2514 salvi
2313 2461 2445 2514 ﬁunt
2469 2460 2634 2530 gratia
2661 2460 2796 2530 ejus,
2819 2470 2872 2514 et
2900 2461 2951 2515 in
2981 2462 3060 2515 his
3080 2461 3169 2532 qui
3190 2459 3627 2530 percuutjudicio

2048 2551 2183 2620 ejus.
2225 2551 2330 2606 Sed
2358 2562 2413 2606 ut
2450 2551 2625 2606 minus
2666 2563 3045 2606 succcnseatur
3075 2553 3190 2609 haec
3218 2567 3403 2621 parum
3433 2551 3628 2605 intelli-

2046 2643 2292 2713 gentibus
2319 2645 2359 2708 ¹,
2390 2645 2502 2714 ipse
2528 2643 2812 2708 admouet,
2844 2660 2966 2698 cum
2993 2644 3232 2714 adjungit
3272 2654 3329 2700 et
3369 2644 3526 2706 dicit,
3560 2641 3628 2697 Et

2047 2735 2116 2787 ad
2142 2735 2248 2788 hcc
2273 2735 2385 2804 quis
2423 2736 2632 2789 idoneus
2661 2735 2740 2808 (ll
2775 2736 2894 2801 Cor.
2922 2752 2992 2802 ιι,
3024 2735 3282 2806 12—16)?
3317 2735 3509 2790 Verum
3537 2750 3627 2790 re-

2051 2824 2270 2878 deamus
2294 2823 2358 2878 ad
2383 2825 2503 2878 ostii
2528 2825 2882 2896 apertionem,
2907 2841 3010 2896 qua
3037 2827 3240 2881 initium
3267 2826 3387 2882 ﬁdei
3409 2825 3627 2882 audien-

2051 2915 2179 2968 tium
2209 2917 2521 2985 signiﬁcavit
2547 2918 2854 2986 Apostolus.
2902 2917 3038 2986 Quid
3077 2927 3159 2973 est
3198 2919 3373 2984 enim,
3413 2916 3628 2974 Orantes

2049 3008 2199 3061 simul
2223 3017 2266 3060 et
2298 3025 2389 3078 pro
2415 3008 2577 3074 nobis,
2606 3018 2659 3062 ut
2686 3007 2825 3063 Deus
2850 3010 3044 3080 aperiat
3084 3010 3224 3064 nobis
3250 3012 3431 3064 ostium
3457 3010 3628 3073 verbi;

2050 3099 2150 3151 nisi
2176 3099 2512 3168 apertissima
2551 3099 2976 3165 demonstratio,
3016 3100 3176 3162 etiam
3219 3101 3391 3170 ipsum
3421 3100 3627 3154 initium

2050 3189 2171 3243 ﬁdei
2200 3204 2318 3243 esse
2347 3189 2544 3244 donum
2574 3189 2703 3244 Dei?
2728 3189 2842 3244 Non
2871 3190 3015 3246 enim
3044 3190 3246 3245 orando
3273 3199 3539 3261 poteretur
3562 3189 3629 3244 ab

2049 3295 2148 3345 eo,
2181 3281 2282 3334 nisi
2309 3281 2376 3335 ab
2403 3281 2518 3350 ipso
2548 3281 2705 3336 tribui
2733 3282 3062 3338 crederetur.
3094 3282 3206 3337 Iloc
3234 3285 3433 3338 donum
3463 3283 3631 3340 caele-

2049 3374 2147 3426 stis
2157 3373 2339 3442 gratiae,
2357 3373 2409 3426 in
2427 3373 2568 3427 illam
2593 3374 2958 3443 purpurat-iam
2975 3373 3348 3439 descenderat,
3368 3374 3473 3438 cui,
3494 3374 3631 3429 sicut

2048 3462 2318 3532 Scriptura
2341 3463 2470 3518 dicit
2497 3465 2547 3518 in
2574 3465 2794 3520 Actibus
2823 3465 3222 3533 Apostolorum,
3253 3463 3389 3519 Deus
3418 3482 3629 3534 aperue-

2049 3565 2127 3610 rat
2151 3573 2352 3611 sensum
2377 3557 2510 3629 ejus,
2540 3568 2585 3610 et
2613 3557 2896 3610 intendebat
2924 3557 2976 3610 in
3007 3573 3064 3610 ea
3093 3572 3206 3626 qua:
3234 3573 3265 3609 a
3291 3555 3458 3612 Paulo
3486 3557 3626 3611 dice-

2049 3647 2229 3702 bantur
2249 3648 2390 3719 (Act.
2414 3664 2526 3714 xw,
2556 3649 2619 3703 M
2635 3649 2673 3718 ).
2696 3648 2785 3702 Sic
2805 3649 2948 3704 enim
2967 3648 3271 3715 vocabatur,
3292 3657 3347 3702 ut
3361 3649 3623 3704 crederet.

2049 3741 2170 3810 Agit
2203 3741 2396 3811 quippe
2425 3741 2567 3795 Deus
2604 3741 2743 3809 quod
2775 3741 2884 3794 vult
2927 3741 2980 3794 in
3023 3740 3274 3796 cordibus
3305 3740 3620 3806 hominum,

2049 3833 2134 3888 vel
2156 3831 2473 3902 adjuvando,
2495 3832 2578 3887 vel
2600 3832 2907 3902 judicando,
2932 3833 3161 3887 utetiam
3183 3849 3275 3901 per
3294 3847 3385 3887 eos
3407 3831 3628 3901 implea-

2050 3931 2136 3976 tur
2159 3922 2299 3992 quod
2327 3937 2512 3976 manus
2537 3922 2655 3992 ejus
2683 3930 2738 3978 et
2773 3922 3051 3977 consilium
3083 3921 3472 3992 praedestinavit
3505 3921 3621 3976 ﬁeri

2052 4009 2172 4084 (Id.
2205 4027 2280 4077 ιν,
2308 4010 2432 4082 es).

2121 4103 2207 4157 42.
2249 4103 2466 4158 Frustra
2494 4103 2670 4174 itaque
2699 4103 2859 4158 etiam
2887 4102 3038 4169 illud,
3068 4101 3207 4173 quod
3237 4102 3542 4173 Regnorum
3571 4110 3627 4156 ct

2049 4195 2488 4266 Paralipomenon
2509 4195 2782 4266 Scriptura
2805 4205 2938 4251 teste
2960 4197 3318 4265 probavimus,
3340 4211 3459 4250 cum
3483 4196 3626 4250 Deus

2048 4288 2163 4342 vult
2191 4287 2303 4342 ﬁeri
2331 4287 2469 4358 quod
2501 4303 2608 4342 non
2634 4288 2734 4344 nisi
2765 4289 3062 4343 volentibus
3087 4288 3387 4343 hominibus
3413 4297 3626 4358 Oportet:

2049 4379 2186 4446 ﬁeri,
2218 4381 2460 4436 inclinari
2488 4396 2672 4436 eorum
2701 4381 2860 4436 corda
2889 4389 2948 4435 ut
2977 4383 3079 4436 hoc
3108 4381 3273 4437 velint
3303 4383 3356 4451 (I
3385 4380 3512 4452 Reg.
3547 4398 3578 4436 x
3603 4420 3621 4448 ,

2048 4469 2150 4537 26,
2181 4481 2228 4524 et
2253 4471 2272 4524 I
2302 4470 2481 4524 Paral.
2510 4487 2614 4535 xu,
2646 4470 2756 4540 18),
2779 4486 2844 4526 eo
2872 4472 3077 4526 scilicet
3120 4471 3408 4525 inclinante
3451 4471 3538 4540 qui
3571 4473 3625 4526 in

2048 4561 2203 4615 nobis
2227 4561 2453 4616 mirabili
2480 4561 2638 4616 modo
2666 4570 2719 4615 ct
2746 4561 2995 4616 ineﬂ‘abili
3023 4573 3276 4632 cperatur
3299 4573 3352 4617 et
3375 4562 3533 4627 velle,
3559 4563 3624 4616 ad

2047 4667 2262 4707 causam
2287 4651 2354 4706 de
2393 4667 2494 4720 qua
2541 4652 2851 4706 disserimus
2875 4694 2890 4718 ,
2925 4669 3027 4707 non
3075 4654 3340 4722 pertinere
3375 4653 3629 4708 dixerunt

2053 4741 2292 4814 (Supra,
2317 4743 2370 4795 in
2393 4741 2560 4812 Epist.
2590 4741 2802 4805 Hilarii,
2834 4760 2887 4796 η.
2919 4744 3014 4817 7).
3045 4743 3180 4811 Quid
3204 4753 3286 4799 est
3305 4743 3469 4809 aliud,
3494 4744 3626 4800 nihil

2048 4835 2246 4900 dicere,
2275 4843 2330 4889 et
2361 4844 2537 4888 tamen
2560 4833 2961 4889 contradicere?
2990 4836 3091 4889 nisi
3136 4835 3270 4890 forte
3296 4852 3391 4891 cur
3420 4837 3498 4892 eis
3525 4837 3628 4892 hoc

2049 4925 2218 4978 visum
2239 4924 2330 4988 sit,
2353 4924 2614 4978 rationem
2640 4924 2791 4978 vobis
2815 4925 3046 4994 aliquam
3075 4925 3442 4994 reddiderunt,
3466 4945 3624 4998 quam

2047 5029 2144 5068 vos
2171 5014 2222 5068 in
2252 5014 2442 5068 litteris
2466 5014 2659 5069 vestris
2692 5024 2868 5070 tacere
2910 5017 3189 5070 maluistis.
3235 5017 3339 5072 Sed
3380 5034 3498 5088 quze
3535 5018 3624 5073 illa

2047 5119 2166 5158 esse
2184 5103 2350 5173 possit
2363 5105 2567 5174 ignoro.
2593 5106 2674 5159 An
2696 5105 2831 5160 forte
2850 5107 2972 5176 quia
2987 5107 3318 5162 ostendimus
3341 5109 3440 5164 hoc
3458 5108 3622 5162 Deum

2046 5193 2218 5260 egisse
2255 5193 2308 5248 in
2337 5193 2587 5249 cordibus
2625 5194 2900 5250 hominum
2925 5236 2941 5262 ,
2971 5208 3024 5252 et
3064 5197 3130 5252 ad
3169 5197 3270 5252 hoc
3309 5198 3622 5268 perduxisse

2046 5298 2270 5352 quorum
2297 5284 2345 5338 ei
2389 5284 2585 5354 placuit
2619 5285 2918 5342 voluntates
2939 5326 2956 5352 ,
2987 5295 3046 5341 ut
3078 5303 3172 5342 rex
3209 5290 3622 5340 cmistitueretur

2046 5374 2172 5430 Saul
2202 5377 2316 5432 sive
2345 5377 2538 5443 David;
2569 5378 2688 5433 ideo
2713 5381 2828 5435 haec
2864 5381 3107 5449 exempla
3135 5396 3308 5434 causa:
3338 5380 3459 5432 huic
3484 5393 3619 5432 con-

2046 5469 2228 5523 venire
2253 5484 2370 5526 non.
2387 5479 2591 5538 putant,
2620 5472 2870 5540 quoniam
2902 5487 3006 5525 non
3035 5471 3137 5526 hoc
3157 5481 3236 5525 est
3258 5469 3618 5540 temporaliter

2047 5573 2268 5630 regnare
2297 5560 2349 5614 in
2380 5559 2480 5614 hoc
2503 5553 2720 5628 saeculo,
2749 5561 2887 5631 quod
2917 5572 2998 5616 est
3027 5562 3076 5615 in
3102 5571 3358 5615 :eternum
3391 5575 3613 5631 regnare

2109 5718 2125 5748 ι
2145 5715 2295 5785 ιειιὶιὶἰ
2313 5724 2647 5768 succcnseatur
2667 5719 2733 5768 ad
2754 5717 2860 5768 hac
2902 5730 3073 5785 parum
3096 5718 3481 5785 mtelligentibus.
3507 5729 3615 5770 rar-

2045 5777 2207 5836 ticula,
2230 5778 2314 5837 ad,
2341 5794 2431 5829 non
2455 5789 2613 5830 exstat
2633 5785 2680 5829 in
2695 5777 3045 5842 manuscriptis.
