4102 6490
498 326 597 385 991

497 453 623 495 cum
660 438 807 503 Deo;
845 449 907 493 ac
951 450 1045 506 per
1082 433 1182 489 hoc
1225 432 1532 490 existimant
1565 429 1632 486 ad
1673 445 1836 501 regna
1871 438 2080 484 terrena

503 532 742 588 facienda
766 531 930 585 Deum
953 528 1228 594 inclinare,
1267 524 1333 581 ad
1354 538 1574 597 regnum
1587 538 1719 580 vero
1734 523 1954 579 caeleste
1974 520 2074 577 ob-

502 620 776 679 tinendum
813 619 979 674 Deum
1020 632 1124 674 non
1158 617 1423 687 inclinare
1459 630 1685 687 quorum
1721 613 1950 670 voluerit
1986 626 2082 667 vo-

502 709 764 768 luntates?
793 708 899 764 Sed
944 717 1073 778 puto
1118 716 1335 778 propter
1380 721 1605 778 regnum
1647 705 1904 763 caelorum
1929 742 1947 770 ,
1972 717 2079 758 non

499 812 720 875 propter
747 813 968 870 regnum
1009 808 1283 854 terrenum
1328 810 1451 854 esse
1495 796 1695 852 dictum
1718 786 1967 864 ,Inclina
1996 810 2083 848 cor

498 906 663 948 incum
683 894 736 947 in
756 893 1038 947 testimonia
1064 900 1152 946 tua
1178 889 1352 961 (Psal.
1380 904 1569 956 cxvm,
1598 889 1734 959 36);
1766 887 1875 950 vel,
1906 887 1951 940 Α
1977 885 2083 941 Do-

500 986 634 1039 mino
670 999 872 1054 gressus
909 983 1126 1038 hominis
1174 982 1492 1053 diriguntur,
1539 990 1587 1035 et
1633 980 1765 1034 viam
1801 977 1914 1050 ejus
1955 975 2086 1030 volet

501 1076 525 1147 (
542 1072 687 1130 Psal.
719 1089 885 1128 xxx"
910 1115 924 1138 ,
955 1073 1091 1144 25);
1123 1074 1227 1138 vel,
1275 1071 1499 1126 Paratur
1525 1071 1754 1126 voluntas
1794 1085 1827 1121 a
1863 1066 2083 1122 Domino

500 1165 681 1238 (Prov.
710 1179 839 1231 vm,
884 1179 985 1218 sec.
1039 1163 1256 1233 LXX‘);
1302 1163 1422 1227 vel,
1455 1160 1575 1215 Fiat
1616 1160 1867 1214 Dominus
1914 1167 2083 1212 noster

499 1256 778 1324 nobiscum,
806 1255 934 1310 sicut
957 1261 1065 1308 erat
1092 1270 1208 1308 cum
1232 1254 1458 1324 patribus
1482 1253 1666 1306 nostris
1692 1266 1710 1305 :
1740 1267 1841 1304 non
1865 1249 2084 1305 derelin—

498 1356 619 1420 quat
645 1362 757 1413 nos,
790 1362 881 1401 nec
905 1354 1096 1401 avertat
1124 1360 1216 1399 nos
1239 1360 1272 1397 a
1300 1358 1385 1409 se;
1411 1344 1616 1397 inclinet
1641 1342 1797 1396 corda
1822 1347 1997 1394 nostra
2017 1338 2089 1393 ad

500 1457 574 1506 se,
597 1449 653 1495 ut
672 1456 845 1495 eamus
862 1441 915 1494 in
936 1438 1164 1494 omnibus
1180 1438 1273 1492 viis
1293 1438 1402 1509 ejus
1422 1434 1521 1508 (Ill
1547 1435 1676 1505 Reg.
1699 1449 1818 1501 vm,
1836 1434 1926 1500 57,
1949 1432 2083 1502 58);

502 1532 586 1587 vel
605 1572 619 1588 .
648 1530 794 1587 Dabo
824 1532 895 1585 eis
933 1546 1020 1585 cor
1047 1527 1379 1600 cognoscendi
1414 1543 1526 1596 me,
1558 1536 1605 1581 et
1632 1541 1780 1581 aures
1827 1524 2087 1583 audientes

502 1619 745 1693 (Baruclt
773 1637 830 1687 ιι,
861 1619 959 1692 51)
984 1637 998 1687 ;
1044 1619 1151 1687 vel,
1184 1618 1326 1673 Dabo
1366 1616 1436 1673 eis
1461 1634 1549 1672 cor
1571 1616 1715 1671 aliud
1737 1658 1753 1684 ,
1779 1624 1827 1670 et
1855 1616 2090 1687 spiritum

500 1726 684 1766 novum
710 1709 841 1765 dabo
868 1711 938 1765 eis
962 1711 980 1781 (
1003 1704 1193 1764 Ezeclt.
1221 1725 1296 1776 ιι,
1333 1708 1454 1779 l9).
1482 1708 1718 1763 Audiant
1739 1707 1902 1763 etiam
1933 1704 2085 1772 illud,

502 1802 759 1876 Spiritum
783 1818 947 1856 meum
971 1800 1101 1855 dabo
1119 1801 1175 1855 in
1201 1801 1361 1867 vobis,
1389 1809 1437 1854 et
1462 1800 1651 1872 faciam
1673 1808 1729 1854 ut
1757 1799 1811 1852 in
1827 1797 2087 1868 justiﬁca-

503 1893 720 1949 tionibus
740 1894 865 1946 meis
887 1891 1151 1946 ambuletis
1173 1931 1188 1957 ,
1218 1899 1267 1945 et
1282 1891 1483 1962 judicia
1510 1905 1622 1945 mea
1646 1889 1909 1944 observetis
1933 1897 1981 1942 et
2009 1892 2093 1960 fa-

501 1987 646 2042 ciatis
691 1984 826 2058 (Id.
853 1999 1025 2039 xxxvr
1045 2025 1060 2051 ,
1090 1982 1194 2055 27)
1226 2002 1240 2038 :
1268 1983 1507 2049 audiant,
1538 1980 1583 2036 Α
1605 1980 1825 2036 Domino
1860 1981 2092 2053 dirigun-

502 2088 586 2133 tur
628 2080 645 2111 ⁸
684 2066 884 2151 gressus
929 2078 1058 2143 viri;
1097 2075 1328 2131 mortalis
1369 2085 1539 2131 autem
1572 2075 1821 2147 quomodo
1857 2073 2091 2144 intelligit

501 2171 608 2225 uias
633 2186 752 2224 suas
781 2173 809 2241 (
827 2169 983 2224 Prov.
1018 2184 1112 2235 xx,
1140 2169 1242 2240 24)
1265 2170 1289 2222 ?
1316 2169 1556 2236 audiant,
1588 2167 1767 2223 Omnis
1794 2168 1868 2221 vir
1892 2164 2092 2220 videtur

502 2261 798 2332 sibimetipsi
828 2262 1039 2332 justus;
1081 2261 1256 2333 dirigit
1296 2270 1468 2315 autem
1504 2261 1658 2315 corda
1685 2258 1933 2314 Dominus
1960 2256 2087 2330 (Id.

507 2370 617 2422 xm,
640 2354 717 2426 2)
745 2370 758 2406 :
788 2354 1043 2423 audiant,
1071 2353 1402 2409 Crediderunt
1427 2361 1671 2429 quotquot
1698 2360 1840 2407 erant
1868 2351 2091 2406 ordinati

501 2448 557 2502 in
595 2448 749 2503 vitam
788 2457 1029 2503 cateruam
1070 2447 1223 2518 (Act.
1278 2463 1390 2512 XIII,
1441 2447 1567 2518 48).
1598 2445 1831 2501 Audiant
1858 2444 1975 2499 haec
1998 2485 2011 2508 ,
2036 2450 2092 2499 et

501 2538 604 2594 alla
644 2554 996 2610 quaecumque
1041 2554 1147 2593 non
1195 2538 1344 2605 dixi,
1392 2539 1583 2608 quibus
1613 2538 1911 2593 ostenditur
1943 2537 2086 2591 Deus

507 2628 576 2684 ad
602 2642 823 2699 regnum
852 2629 1010 2683 etiam
1041 2628 1297 2684 caelorum
1326 2636 1381 2683 et
1418 2628 1483 2683 ad
1515 2629 1678 2683 vitam
1706 2638 1960 2682 aeternam
1992 2641 2088 2695 pa-

505 2728 628 2774 rare
676 2726 732 2774 et
781 2728 1098 2774 convertere
1148 2718 1422 2773 hominum
1472 2718 1794 2773 voluntates.
1828 2717 2093 2787 ,Cogitate

507 2817 683 2864 autem
717 2809 875 2880 quale
903 2810 989 2875 sit,
1022 2818 1080 2864 ut
1105 2808 1386 2865 credamus
1418 2807 1483 2863 ad
1522 2807 1890 2863 constituenda
1930 2821 2092 2875 regna

509 2911 718 2959 terrena
746 2901 1021 2957 hominum
1043 2902 1347 2958 voluntates
1372 2901 1582 2972 operari
1614 2901 1803 2968 Deum,
1831 2909 1884 2956 et
1911 2900 1978 2956 ad
2004 2916 2095 2956 ca-

507 2991 831 3062 pessendum
861 3007 1084 3064 regnum
1108 2992 1369 3050 ctelorum
1394 2992 1644 3048 homines
1667 2992 1878 3063 operari
1905 2992 2096 3049 volun-

509 3090 648 3139 tates
672 3099 816 3141 suas.

579 3175 808 3233 CAPUT
836 3175 979 3233 XXI.
998 3178 1172 3234 -45.
1212 3178 1371 3233 Multa
1391 3177 1642 3246 diximus,
1665 3186 1719 3234 et
1742 3177 1968 3235 fortasse
1983 3178 2094 3250 jam

512 3267 712 3324 dudum
748 3270 1012 3338 potuimus
1040 3271 1362 3341 persuadere
1387 3286 1506 3342 quae
1533 3271 1811 3339 volumus,
1846 3280 1900 3327 et
1924 3271 2098 3327 adhuc

513 3367 619 3413 tam
667 3359 821 3415 bouis
865 3360 1090 3431 ingeniis
1138 3362 1216 3417 sic
1264 3362 1531 3433 loquimur
1578 3362 1732 3433 quasi
1786 3362 1993 3418 obtusis
2034 3364 2092 3430 ',

508 3450 704 3521 quibus
730 3463 783 3506 et
819 3452 959 3522 quod
1002 3452 1222 3508 nimium
1261 3461 1344 3509 est
1384 3469 1490 3509 non
1523 3462 1607 3509 est
1642 3454 1792 3510 satis.
1824 3453 1931 3510 Sed
1961 3453 2089 3509 dent

507 3542 747 3609 veniam;
795 3558 929 3599 nova
969 3545 1112 3600 enim
1148 3546 1374 3616 quaestio
1416 3545 1483 3600 ad
1526 3545 1630 3601 hoc
1670 3560 1769 3600 nos
1811 3546 2090 3617 compulit.

506 3631 640 3700 Quia
668 3647 787 3687 cum
820 3634 872 3687 in
902 3634 1173 3704 prioribus
1199 3635 1470 3706 opusculis
1500 3635 1700 3692 nostris
1727 3635 1859 3690 satis
1887 3635 2096 3691 idoneis

574 3747 588 3776 '
624 3753 674 3814 ιιι
708 3746 798 3797 hoc
830 3747 1073 3809 versiculo
1112 3749 1426 3814 manuscriptl
1467 3762 1640 3802 omnes
1679 3749 1890 3812 habent,
1937 3748 2096 3801 corri-

514 3812 711 3868 guntur.

575 3870 595 3900 ³
641 3877 768 3933 Mss,
791 3870 1018 3927 obtunsis.

1721 317 1780 374 S.
1822 314 2187 374 AUGUSTINI
2226 313 2525 371 EPISCOPl

3665 321 3773 379 992

2190 425 2507 481 testimoniis
2530 425 2835 496 egistsemus
2850 467 2864 492 ,
2895 425 3094 483 donum
3113 427 3207 484 Dei
3225 442 3346 485 esse
3374 427 3537 487 etiam
3567 428 3729 488 ﬁdem
3752 450 3772 488 :

2189 516 2459 593 inyentum
2484 526 2569 573 est
2593 510 2736 588 quod
2770 518 3245 587 contradiceretur,
3261 520 3330 576 ad
3346 519 3450 577 hoc
3476 522 3659 579 valere
3687 523 3774 580 illa

2188 610 2512 677 testimonia,
2529 618 2589 664 ut
2608 609 2892 666 ostendant
2912 611 3006 666 Dei
3025 610 3223 668 donum
3245 628 3366 669 esse
3386 613 3774 672 incrementum

2191 698 2333 766 ﬁdei;
2353 699 2563 755 initium
2585 715 2713 756 vero
2734 699 2857 756 fidei
2886 716 2993 771 quo
3018 701 3073 756 in
3098 700 3370 758 Christum
3395 704 3643 774 primitus
3660 720 3778 762 crc-

2188 793 2350 861 ditur,
2381 794 2449 849 ab
2477 794 2694 850 homine
2718 794 2837 864 ipso
2864 809 3003 860 esse,
3032 811 3133 852 nec
3158 810 3279 852 esse
3305 796 3507 853 donum
3534 798 3654 866 Dei,
3678 798 3776 854 sed

2192 886 2293 941 hoc
2320 886 2536 957 exigere
2576 886 2743 941 Deum
2767 927 2784 954 ,
2813 894 2874 941 ut
2912 902 3035 942 cum
3079 888 3133 944 id
3172 889 3544 959 prmcesserit,
3582 899 3774 947 etetera

2194 984 2441 1046 tanquam
2464 977 2565 1031 hoc
2586 977 2778 1031 merito
2796 989 3193 1049 consequantur
3206 995 3326 1050 quae
3349 981 3439 1036 Dei
3461 979 3603 1037 dona
3622 991 3765 1050 stitit:

2192 1080 2291 1120 nec
2317 1066 2481 1121 ullum
2508 1080 2694 1121 eorum
2721 1066 2837 1121 dari
2863 1068 3027 1138 gratis
3057 1069 3097 1135 ⁸,
3127 1084 3249 1124 cum
3273 1069 3328 1124 in
3356 1071 3436 1125 eis
3464 1071 3558 1126 Dei
3586 1072 3768 1142 gratia,

2190 1171 2309 1228 quae
2333 1170 2440 1212 non
2476 1156 2578 1212 nisi
2606 1160 2836 1227 gratuita
2874 1166 2956 1214 est
2978 1196 2995 1226 ,
3025 1158 3364 1229 praedicetur.
3404 1160 3559 1228 Quod
3586 1162 3771 1219 videtis

2190 1263 2348 1319 quam
2368 1249 2439 1304 sit
2455 1248 2779 1316 absurdum;
2813 1258 3031 1321 propter
3055 1251 3197 1322 quod
3223 1252 3513 1309 institimus
3538 1256 3581 1322 ',
3608 1270 3777 1326 quan-

2190 1348 2303 1394 tum
2344 1341 2611 1411 potuimus
2634 1383 2650 1409 ,
2676 1351 2739 1398 ut
2776 1343 2936 1399 etiam
2982 1344 3156 1414 ipsum
3187 1345 3393 1402 initium
3425 1346 3547 1403 fidei
3575 1348 3773 1405 donum

2191 1431 2288 1487 Dei
2324 1446 2445 1487 esse
2478 1432 2903 1489 ostenderemus.
2946 1433 3100 1503 Quod
3135 1436 3238 1491 etsi
3269 1436 3470 1493 diutius
3508 1436 3775 1506 fecimus,

2192 1537 2351 1594 quam
2380 1523 2600 1579 forsitan
2629 1525 2826 1581 vellent
2854 1525 2909 1579 hi
2952 1534 3172 1596 propter
3196 1542 3331 1598 quos
3368 1525 3621 1596 fecimus;
3653 1530 3777 1587 hinc

2192 1615 2261 1671 ab
2304 1614 2384 1671 eis
2427 1614 2750 1685 reprehendi
2790 1617 2959 1686 parati
3010 1632 3196 1673 sumus
3237 1618 3410 1674 :dum
3453 1629 3630 1676 tamen
3675 1622 3776 1677 etsi

2194 1707 2361 1763 multo
2382 1706 2580 1762 diutius
2603 1722 2763 1778 quam
2787 1707 3007 1776 vellent,
3033 1708 3137 1764 etsi
3156 1724 3278 1765 cum
3304 1709 3518 1766 fastidio
3534 1726 3599 1768 ac
3617 1712 3778 1769 taedio

2194 1798 2621 1871 intelligentium,
2650 1799 2913 1855 fateantur
2936 1814 3037 1856 nos
3064 1798 3258 1856 fecisse
3284 1802 3430 1872 quod
3454 1802 3700 1871 fecimus,
3724 1805 3778 1861 id

2192 1903 2276 1950 est
2299 1934 2317 1961 ,
2345 1894 2505 1952 etiam
2536 1893 2744 1950 initium
2776 1894 2921 1960 ﬁdei,
2953 1894 3092 1951 sicut
3118 1896 3502 1952 continentiam
3522 1939 3537 1964 ,
3566 1900 3780 1968 pallea-

2195 1988 2341 2051 tiam,
2369 1986 2651 2057 justitiam,
2678 1987 2928 2057 pietatem
2948 2028 2964 2054 ,
2993 1995 3048 2043 et
3075 1998 3268 2043 caetera
3289 2029 3304 2055 ,
3335 1988 3404 2044 de
3430 1989 3626 2060 quibus
3652 2004 3779 2045 cum

2195 2076 2278 2134 bis
2299 2079 2442 2133 nulla
2470 2080 2744 2135 contentio
2768 2087 2872 2145 est,
2898 2078 3097 2134 donum
3123 2078 3223 2135 Dei
3242 2080 3652 2138 esse‘docuisse.
3681 2082 3781 2139 llic

2194 2183 2325 2240 ergo
2352 2169 2422 2225 sit
2446 2168 2602 2241 hujus
2626 2152 2912 2227 voluminis
2941 2170 3200 2226 terminus
3222 2211 3239 2239 ,
3266 2185 3335 2227 ne
3363 2170 3600 2227 offendat
3624 2173 3780 2229 unius

2195 2264 2356 2320 nimia
2383 2264 2677 2337 longitudo.

2259 2381 2277 2412 ί
2297 2379 2408 2428 viro
2421 2379 2609 2441 cuidam
2633 2377 2822 2428 erudito
2847 2377 3112 2441 legendum
3145 2377 3356 2438 videtur,
3379 2376 3678 2441 nec_nullum
3698 2391 3778 2441 εο-
3820 2422 3823 2425 .

2194 2453 2305 2511 rum
2327 2440 2438 2491 dari
2459 2439 2642 2511 gratis;
2665 2441 2802 2503 quasi
2826 2439 3010 2511 postea
3052 2447 3367 2511 sequeretur,
3402 2439 3579 2511 quippe
3601 2440 3780 2511 eumin

2194 2505 2283 2564 eis,
2308 2512 2403 2554 etc.
2447 2501 2501 2551 St
2521 2501 2722 2553 veteres
2754 2501 2965 2564 codices,
2992 2501 3435 2564 qnokiuoyvidere
3457 2501 3598 2551 nobis
3619 2502 3773 2564 licuit,

2195 2560 2306 2629 cum
2328 2566 2470 2615 editis
2486 2565 2855 2629 consentientes
2877 2560 3057 2629 ferunt,
3073 2560 3160 2612 nec
3184 2560 3334 2629 ullum
3356 2576 3521 2612 eorum
3541 2562 3653 2614 dari
3665 2560 3780 2629 gra-

2197 2628 2293 2690 tis;
2316 2635 2370 2678 ut
2398 2627 2746 2690 subsequentis
2776 2627 3037 2690 sententiae
3075 2637 3253 2690 sensus
3275 2626 3367 2690 psit,
3395 2625 3700 2690 etantanteit
3725 2625 3780 2678 in

2195 2686 2284 2749 eis,
2304 2699 2400 2740 etc.
2427 2686 2641 2752 Movetur
2658 2688 2733 2736 vir
2749 2686 3136 2752 eruditus-quod
3160 2687 3549 2749 Semipelagiani,
3569 2698 3780 2752 excepto

2196 2752 2333 2803 initio
2365 2753 2505 2802 bonae
2541 2749 2803 2799 voluntatis
2830 2755 2914 2797 aut
2944 2748 3075 2807 fidei,
3115 2748 3240 2812 bona
3275 2748 3594 2812 quaecumque
3629 2748 3781 2812 opera

2195 2815 2364 2876 gratiae
2387 2816 2472 2864 Dei
2496 2813 2728 2876 gratuitae
2742 2810 3307 2876 assignenttutjulere’
3326 2817 3404 2860 est
3437 2810 3560 2872 apud
3595 2810 3778 2876 cassia-

2197 2872 2315 2926 num
2352 2878 2402 2926 in
2423 2872 2687 2925 collatione
2712 2874 2789 2934 13,
2813 2872 2951 2934 capp.
2979 2873 3056 2929 15,
3090 2874 3178 2934 17;
3211 2878 3343 2922 teste
3374 2885 3571 2934 quoque
3603 2872 3780 2922 Hilario

2197 2889 2315 2926 num
2352 2886 2402 2926 in
2423 2886 2687 2925 couauone
2712 2886 2789 2932 ιο,
2813 2886 2951 2934 capp.
2979 2886 3056 2929 ιο.
3090 2886 3178 2931 n;
3211 2886 3343 2922 tesw
3506 2886 3571 2922 ue
3603 2886 3779 2922 murto

2196 2950 2357 3002 supra,
2386 2939 2436 2987 in
2478 2934 2680 3002 epistola
2702 2933 2904 3002 θεμαά
2930 2933 3269 3002 .Augustinum,
3293 2946 3342 2981 ιι.
3372 2886 3530 3002 3:]
3551 2934 3635 2992 ait,
3666 2951 3691 2980 ι
3711 2933 3779 3002 ῳ

2205 3016 2229 3046 α
2252 2994 2437 3050 nullum
2458 2994 2581 3061 opus
2599 2995 2679 3061 vel
2692 2994 3044 3061 incipiendum,
3064 3011 3087 3040 ι
3108 3001 3205 3061 etc.
3246 3001 3423 3061 Verum
3464 2994 3514 3044 id
3551 2996 3779 3061 augusti-

2197 3074 2292 3112 nus
2312 3053 2560 3113 contendit
2574 3053 2813 3121 opinione
2828 3059 3060 3121 ipsorum,
3081 3053 3237 3106 velint
3257 3055 3425 3121 nolint,
3449 3053 3706 3121 contineri,
3718 3063 3783 3108 ut

2198 3132 2377 3174 caetera
2408 3124 2492 3173 Dei
2518 3117 2644 3170 don’a
2688 3119 2826 3180 initio
2850 3117 2967 3167 lldei
2999 3117 3224 3180 tauquam
3262 3117 3437 3180 merito
3467 3117 3782 3180 praecedente

2198 3193 2576 3249 consequantur,
2600 3193 2695 3230 nec
2714 3179 2868 3249 ullum
2910 3192 3080 3249 eorum
3098 3179 3252 3249 gratis
3285 3179 3445 3249 detur.
3469 3179 3624 3249 Quem
3639 3191 3783 3229 secu-

2200 3253 2280 3297 tus
2301 3238 2572 3296 Bonifacius
2585 3251 2620 3293 tl
2637 3254 2756 3305 papa
2778 3243 2828 3291 in
2853 3242 3057 3305 epistola
3078 3238 3137 3290 ait
3152 3241 3421 3305 ctesarium,
3441 3238 3626 3305 concilii
3639 3248 3785 3292 Arau-

2198 3310 2344 3358 sicani
2368 3308 2568 3358 secundi
2602 3299 2803 3354 decreta
2824 3299 3135 3362 confirmans,
3164 3303 3362 3351 scribit:
3396 3319 3419 3347 at
3443 3299 3548 3363 Illos
3591 3308 3778 3363 autem,

2208 3385 2230 3416 α
2250 3372 2337 3481 gul
2362 3369 2675 3431 przecedente
2698 3365 2812 3423 ﬁde,
2835 3372 3033 3423 caetera,
3057 3361 3183 3437 sicut
3204 3364 3399 3436 indicas,
3421 3361 3588 3414 volunt

2207 3448 2230 3478 α
2287 3438 2508 3487 epulare,
2525 3443 2614 3480 sua
2637 3426 2939 3487 professione
2961 3433 3354 3487 constringtmus,
3372 3433 3427 3475 ut
3446 3423 3599 3475 multo
3629 3436 3787 3487 magis

2207 3448 2230 3478 α
2250 3439 2508 3494 deputare,
2525 3443 2614 3480 sua
2637 3439 2939 3493 protesswne
2961 3439 3354 3488 CODStl'lnglmllS,
3372 3439 3427 3475 ιιι
3446 3439 3599 3475 mqu
3629 3439 3787 3487 magis

2207 3509 2231 3539 α
2252 3494 2381 3543 dono
2415 3493 2583 3557 gratiae
2622 3491 2768 3557 etiam
2801 3489 2962 3557 tidem
2994 3495 3229 3557 cogantur
3252 3487 3567 3557 adscribere,
3587 3492 3704 3557 _etc.
3739 3486 3787 3535 Si

2208 3525 2231 3601 ἰ
2252 3525 2389 3605 ἓίἱῖἒῗι
2407 3525 3783 3611 Eitﬁi'ﬁoﬁi'ié'éi'siin;quefﬁd"e2'3hté?n"?ﬁ§§éht€€h§

2207 3634 2231 3662 ι
2252 3627 2399 3681 getur
2423 3630 2492 3681 es
2514 3616 2697 3679 gratia;
2731 3612 2935 3681 nullum,
2960 3609 3097 3681 quod
3125 3609 3475 3681 a.l_)sit,_b_onum
3499 3609 3786 3681 eritgratiz

2209 3671 2596 3745 edeputandtt'm.
2623 3694 2646 3721 ι
2684 3671 2937 3745 Epistolatn
2960 3671 3181 3723 tionifacii
3217 3672 3509 3722 exhibemus
3546 3671 3787 3734 integram

2202 3743 2251 3791 in
2274 3734 2490 3792 secunda
2517 3747 2652 3802 parte
2672 3734 2973 3802 appendicis.
3467 3801 3485 3802 ί
3586 3793 3599 3802 ι
3661 3791 3689 3802 _.

2265 3807 2286 3837 ⁸
2311 3804 2396 3855 Hic
2430 3793 2680 3866 sequimur
2845 3798 2990 3860 Lugd.
3032 3805 3151 3847 Ven.
3194 3803 3305 3846 Lov.
3353 3803 3403 3846 tn
3465 3801 3533 3856 3.,
3577 3793 3787 3846 instituto

2201 3880 2324 3918 mus.
2390 3874 2448 3915 Μ.

1396 4344 1772 4408 EXPLICIT
1816 4334 2039 4406 ΤΟΜῖ
2062 4339 2337 4406 DEClMl
2380 4337 2578 4401 PARS
2608 4328 2864 4397 PRIOR.
