4102 6462
630 413 736 468 995

632 530 752 592 fuit,
784 524 1035 597 quamdiu
1075 520 1205 586 fuit;
1236 536 1356 576 cum
1388 532 1514 573 vero
1550 532 1670 572 esse
1695 517 1960 583 destitit’,
1996 532 2098 570 non
2132 526 2210 566 est

632 618 772 689 quod
822 612 1072 682 iuitzqui
1118 626 1247 667 vero
1291 626 1394 667 non
1440 608 1900 680 perseveraverit,
1943 607 2210 678 quomodo

633 718 984 778 perseverans
1013 702 1294 767 fuit;cum
1339 700 1729 772 perseverando
1772 701 1996 769 quisque
2033 708 2207 752 osten-

631 800 721 854 dat
745 811 803 852 se
840 800 1305 867 perseverantem,
1347 793 1487 862 quod
1530 793 1634 847 iste
1676 806 1784 848 non
1823 788 1987 844 fecit?
2014 787 2117 844 Sed
2144 803 2212 841 ne

633 888 913 958 quisquam
943 884 1232 941 reluctetur
1259 891 1315 938 et
1341 884 1482 937 dicat
1507 924 1521 946 ,
1550 882 1606 938 Si
1634 899 1700 937 ex
1727 898 1831 952 quo
1859 881 2033 935 ﬁdelis
2061 879 2208 949 quis-

631 995 736 1050 que
770 978 940 1034 factus
964 986 1067 1045 est,
1100 977 1261 1042 vixit,
1293 974 1441 1030 verbi
1477 974 1645 1044 gratia
1665 1015 1680 1039 ,
1711 974 1897 1028 decem
1936 988 2134 1036 annos,
2161 981 2214 1025 et

632 1084 818 1125 eorum
848 1068 1023 1124 medio
1048 1077 1287 1137 tempore
1311 1082 1340 1119 a
1364 1065 1467 1118 ﬁde
1497 1064 1677 1133 lapsus
1712 1072 1789 1117 est
1809 1104 1823 1127 ,
1857 1078 2031 1117 nonne
2056 1062 2213 1133 quin-

633 1175 738 1231 que
761 1174 931 1214 annos
958 1157 1358 1229 perseveravit?
1384 1155 1500 1211 Non
1538 1153 1802 1209 contendo
1830 1153 1897 1208 de
1926 1152 2102 1207 verbis
2124 1193 2140 1219 ,
2170 1152 2215 1204 si

641 1262 696 1307 ct
721 1253 808 1308 illa
842 1252 1238 1323 perseverantia
1276 1257 1491 1320 putatur
1519 1261 1644 1315 esse
1682 1245 1934 1311 dicenda,
1967 1254 2214 1314 tanquam

635 1343 891 1415 temporis
916 1343 995 1398 sui
1020 1361 1033 1395 :
1058 1342 1194 1397 hanc
1222 1350 1367 1395 certe
1395 1338 1465 1394 de
1491 1353 1597 1409 qua
1626 1352 1766 1392 nunc
1796 1336 2006 1407 agimus
2033 1349 2217 1405 perse-

634 1437 950 1502 verantiam,
977 1450 1079 1505 qua
1118 1435 1172 1489 in
1214 1432 1427 1488 Christo
1452 1438 1827 1503 perseveratur
1856 1442 2025 1499 usque
2066 1426 2124 1488 in
2153 1425 2216 1480 ﬁ-

635 1542 780 1593 nem,
809 1527 951 1582 nullo
980 1525 1140 1581 modo
1160 1523 1408 1578 habuisse
1427 1520 1685 1578 dicendus
1711 1530 1813 1589 est,
1843 1519 1934 1591 qui
1961 1534 2066 1575 non
2094 1532 2216 1588 per-

636 1617 962 1674 severaverit
1002 1630 1170 1684 usque
1210 1614 1261 1668 in
1299 1615 1498 1678 ﬁnem;
1540 1613 1818 1682 potiusque
1861 1611 1999 1666 hanc
2034 1609 2218 1665 habuit

634 1712 800 1774 unius
837 1711 961 1764 anni
991 1708 1164 1763 ﬁdelis
1182 1748 1196 1774 ,
1223 1716 1275 1763 et
1304 1714 1560 1776 quantum
1589 1703 1724 1759 infra
1753 1704 1975 1775 cogitari
2000 1709 2214 1774 potest,

642 1807 687 1860 si
729 1805 901 1861 donec
939 1812 1237 1858 moreretur
1279 1801 1504 1857 ﬁdeliter
1532 1799 1697 1863 vixit,
1729 1812 1888 1868 quam
1930 1795 2245 1866 multorum_

636 1912 922 1964 annorum,
950 1896 994 1949 si
1021 1895 1268 1965 exiguum
1299 1891 1552 1964 temporis
1598 1899 1726 1946 ante
1768 1896 1996 1944 mortem
2038 1902 2070 1941 a
2095 1884 2217 1940 ﬁdei

636 1988 922 2043 stabilitate
949 1986 1164 2042 defecit.

706 2079 933 2136 CAPUT
962 2079 1026 2134 ll.
1053 2110 1123 2120 -
1145 2079 1201 2133 2.
1243 2079 1360 2147 Quo
1386 2077 1695 2143 constituto,
1722 2073 2000 2131 videamus
2039 2079 2215 2127 utrum

637 2173 753 2229 haec
776 2172 1189 2244 perseverantia,
1217 2171 1285 2227 de
1313 2185 1414 2242 qua
1444 2170 1642 2225 dictum
1670 2176 1771 2234 est,
1804 2167 1905 2233 Qui
1932 2181 2218 2237 persevera-

634 2268 759 2329 verit
788 2283 945 2336 usque
970 2266 1022 2319 in
1051 2265 1241 2333 ﬁnem,
1272 2264 1353 2319 hic
1391 2262 1562 2318 salvus
1608 2261 1702 2316 erit
1733 2258 1958 2333 (Matth.
1986 2274 2042 2323 χ,
2070 2257 2179 2330 22)
2199 2299 2216 2326 ,

640 2361 840 2414 donum
868 2358 937 2412 sit
964 2357 1079 2412 Dei.
1104 2356 1256 2423 Quod
1295 2356 1341 2411 si
1369 2370 1476 2410 non
1503 2353 1606 2421 sit,
1636 2350 1905 2423 quomodo
1929 2365 2112 2405 verum
2139 2358 2220 2405 est

639 2450 782 2523 quod
827 2449 1113 2520 Apostolus
1140 2450 1248 2515 ait,
1284 2446 1436 2501 Vobis
1465 2448 1710 2501 donatum
1748 2454 1821 2499 est
1860 2459 1952 2514 pro
1978 2441 2178 2497 Christo
2199 2483 2215 2509 ,

638 2558 740 2594 non
764 2541 927 2595 solum
953 2549 1006 2593 ut
1032 2539 1247 2593 credatis
1271 2538 1324 2590 in
1352 2552 1485 2602 eum,
1514 2552 1685 2591 verum
1709 2535 1860 2590 etiam
1879 2542 1936 2588 ut
1957 2532 2218 2604 patiamini

640 2647 732 2700 pro
763 2647 820 2684 eo
848 2628 1104 2702 (Philipp.
1132 2644 1171 2695 ι,
1193 2625 1324 2700 29)?
1352 2626 1555 2682 Horum
1577 2626 1772 2697 quippe
1799 2639 1961 2681 unum
1988 2623 2220 2695 pertinet

639 2720 705 2773 ad
736 2720 970 2785 initium,
1000 2719 1226 2774 alterum
1256 2716 1323 2772 ad
1369 2716 1527 2772 ﬁnem
1553 2724 1873 2787 :utrumque
1918 2724 2093 2771 tamen
2136 2723 2220 2770 est

644 2812 738 2866 Dei
765 2811 985 2878 donum,
1015 2811 1139 2882 quia
1161 2818 1443 2881 utrumque
1464 2808 1665 2865 dictum
1688 2816 1771 2864 est
1795 2821 1915 2864 esse
1939 2806 2211 2873 donatum,

642 2908 780 2958 sicut
803 2912 858 2957 et
881 2902 1125 2972 superius
1146 2902 1255 2972 jam
1285 2901 1537 2956 diximus.
1563 2898 1716 2968 Quod
1735 2899 1877 2955 enim
1900 2907 1983 2954 est
2007 2898 2215 2953 initium

636 2995 817 3048 verius
843 2992 1135 3049 christiano
1154 3033 1168 3057 ,
1196 3007 1357 3062 quam
1397 2991 1621 3048 credere
1659 2991 1714 3045 in
1751 2990 2063 3046 Christum?
2087 2989 2218 3057 Quis

639 3088 761 3142 ﬁnis
786 3086 973 3141 melior
1012 3093 1123 3153 est,
1151 3099 1308 3156 quam
1348 3084 1458 3155 pati
1495 3098 1593 3155 pro
1626 3082 1842 3140 Christo
1861 3084 1917 3138 ’ἲ
1943 3083 2050 3139 Sed
2075 3083 2217 3154 quod

638 3178 707 3233 ad
733 3177 786 3235 id
812 3178 1037 3247 pertinet
1061 3183 1121 3232 ut
1142 3175 1390 3231 credatur
1412 3175 1465 3229 in
1489 3174 1756 3230 Christum
1779 3215 1795 3241 ,
1820 3173 2217 3245 qualiscumque

638 3272 853 3325 inventa
882 3277 967 3324 est
989 3266 1361 3333 contradictio,
1406 3273 1467 3320 ut
1494 3265 1693 3320 donum
1718 3265 1813 3320 Dei
1850 3279 1958 3320 non
1985 3263 2213 3332 initium,

638 3362 732 3417 sed
755 3369 1094 3432 augmentum
1121 3358 1248 3414 ﬁdei
1280 3357 1550 3415 diceretur
1572 3372 1586 3411 :
1608 3356 1696 3412 cui
1720 3356 1955 3428 οι)ίηίοηὶ
1985 3355 2217 3412 donante

641 3452 867 3509 Domino
911 3452 1041 3508 satis
1087 3458 1354 3521 superque
1404 3446 1797 3519 respondimus.
1845 3446 1982 3516 Quid
2038 3456 2216 3504 autem

636 3543 740 3600 dici
785 3550 1002 3613 potest,
1034 3556 1130 3596 cur
1169 3538 1567 3611 perseverantia
1594 3552 1765 3609 usque
1805 3538 1859 3592 in
1900 3536 2061 3594 ﬁnem
2105 3551 2217 3593 non

638 3634 866 3689 donetur
904 3632 959 3687 in
1001 3630 1216 3687 Christo
1239 3671 1255 3697 ,
1286 3630 1371 3685 cui
1410 3629 1641 3686 donatur
1679 3628 1788 3698 pati
1834 3643 1932 3699 pro
1967 3625 2213 3693 Christo,

633 3732 764 3790 aut,
815 3732 873 3778 ut
917 3721 1221 3793 expressius
1259 3721 1498 3792 eloquar,
1545 3719 1631 3776 cui
1671 3719 1898 3774 donatur
1935 3718 2071 3774 mori
2116 3733 2216 3792 pro

634 3813 882 3870 Christo?
902 3812 1033 3867 Nam
1054 3820 1109 3869 et
1131 3812 1319 3868 Petrus
1340 3810 1611 3882 apostolus
1629 3809 1827 3866 donum
1851 3809 1943 3866 Dei
1970 3809 2072 3866 hoc
2096 3823 2217 3866 esse

642 3905 1014 3960 demonstrans
1040 3922 1052 3959 :
1078 3902 1265 3958 Metius
1289 3910 1380 3969 est,
1412 3902 1600 3972 inquit,
1630 3901 1751 3957 bene
1775 3902 2035 3975 facientes,
2060 3902 2105 3957 si
2133 3917 2217 3957 ve-

640 3995 700 4053 lit
727 3995 958 4050 voluntas
982 3992 1111 4059 Dei,
1140 3993 1276 4063 pati,
1303 4007 1456 4064 quam
1482 3996 1615 4047 male
1641 3993 1878 4064 facientes
1898 3992 1941 4064 (ι
1966 3989 2108 4046 Petr.
2136 4006 2214 4055 tu,

638 4084 752 4156 17).
784 4084 916 4138 Cum
944 4083 1093 4148 dicit,
1126 4083 1169 4137 si
1194 4082 1311 4137 velit
1335 4084 1566 4137 voluntas
1592 4080 1690 4136 Dei
1709 4097 1729 4137 .°
1749 4081 1980 4139 ostendit
2006 4081 2108 4137 hoc
2132 4079 2215 4136 di-

634 4176 833 4231 vinitus
858 4175 1044 4231 donari
1066 4216 1083 4240 ,
1112 4189 1211 4230 nec
1249 4175 1497 4231 omnibus
1524 4175 1723 4230 sanctis
1742 4217 1756 4240 ,
1786 4185 1844 4230 ut
1879 4189 1978 4245 pro
2002 4174 2215 4230 Christo

636 4266 928 4336 patiantur.
956 4264 1140 4336 Neque
1179 4265 1322 4321 enim
1359 4280 1492 4336 quos
1526 4279 1635 4321 non
1674 4265 1784 4321 vult
1801 4266 2047 4322 voluntas
2076 4265 2214 4320 Dei'

639 4360 919 4431 pervenire
945 4359 1010 4415 ad
1037 4360 1421 4430 experientiam
1442 4358 1771 4431 gloriamque
1795 4348 2080 4431 passionis,
2105 4374 2214 4416 non

636 4450 954 4523 perveniunt
996 4448 1062 4505 ad
1107 4463 1329 4521 regnum
1378 4450 1512 4517 Dei,
1557 4449 1604 4505 si
1653 4449 2112 4521 perseveraverint
2161 4451 2214 4505 in

638 4543 854 4605 Christo
877 4556 1044 4613 usque
1079 4542 1133 4596 in
1160 4543 1343 4598 ﬁnem.
1375 4542 1479 4598 Sed
1505 4542 1624 4613 quis
1644 4541 1817 4608 dicat,
1845 4542 1962 4597 istis
1987 4556 2095 4597 non
2118 4541 2216 4598 do-

635 4635 751 4689 nari
774 4634 909 4696 hanc
928 4633 1400 4706 perseverantiam,
1427 4633 1517 4705 qui
1537 4634 1849 4706 aegritudine
1867 4634 2107 4706 corporis
2130 4635 2216 4690 vel

636 4738 971 4793 quocumque
1011 4737 1139 4778 casu
1185 4724 1484 4779 moriuntur
1524 4724 1580 4779 in
1617 4723 1863 4792 Christo;
1890 4739 2012 4780 cum
2056 4724 2215 4795 longe

635 4813 903 4871 difﬁcilior
935 4813 1162 4870 donetur
1189 4813 1330 4881 illis,
1360 4829 1390 4869 a
1417 4814 1610 4884 quibus
1648 4816 1934 4886 suscipitur
1972 4825 2028 4872 et
2066 4832 2213 4872 mors

635 4908 748 4976 ipsa
778 4920 874 4976 pro
896 4904 1150 4961 Christo?
1174 4906 1337 4962 Multo
1359 4906 1554 4980 quippe
1583 4906 1850 4962 difﬁcilius
1887 4923 2203 4978 persevera-

644 5008 750 5064 tur,
777 4995 867 5053 ubi
892 4996 993 5053 hoc
1013 4998 1123 5070 agit
1150 4998 1239 5069 qui
1274 4999 1612 5070 persequitur
1633 5014 1701 5055 ne
1728 5012 2118 5071 perseveretur,
2155 5010 2211 5058 et

638 5096 920 5159 propterea
946 5102 1114 5160 usque
1140 5088 1207 5144 ad
1228 5096 1456 5145 mortem
1484 5090 1776 5146 sustinetur
1800 5098 1859 5146 ut
1897 5108 2209 5163 persevere-

641 5191 745 5235 tur.
770 5179 922 5234 illam
947 5179 1167 5250 proinde
1182 5178 1453 5237 difﬁcilius
1474 5182 1943 5250 perseverantiam,
1960 5185 2113 5239 istam
2138 5186 2212 5240 fa-

634 5274 787 5331 cilius
812 5285 896 5330 est
926 5274 1158 5331 habere:
1184 5273 1281 5331 sed
1309 5275 1394 5330 cui
1418 5274 1550 5331 nihil
1571 5274 1790 5334 difﬁcile
1813 5288 1915 5345 est,
1948 5278 2101 5337 facile
2129 5292 2211 5339 est

635 5375 914 5436 utramque
937 5364 1156 5421 donare.
1190 5363 1337 5421 Hanc
1357 5366 1499 5422 enim
1528 5368 1774 5437 promisit
1798 5369 1957 5438 Deus,
1984 5371 2206 5429 dicens:

699 5589 713 5614 ι
743 5583 879 5641 Bditi,
906 5582 1107 5634 desistit.
1134 5590 1262 5643 ηδε..
1288 5584 1482 5638 destitit.

692 5646 802 5719 'tta
824 5645 1058 5719 caeditis
1072 5647 1325 5719 Euhagg.
1351 5654 1469 5719 _v_en.
1495 5654 1601 5699 ιον.
1630 5657 1678 5700 In
1701 5657 1748 5702 Β.
1777 5654 2020 5719 :Qui/inls
2041 5657 2210 5709 metior

632 5704 1031 5777 quaeratur!)
1060 5704 1290 5777 chum?
1351 5714 1406 5777 tl-

698 5766 1366 5846 isdiszeeemqw
1397 5782 1497 5846 ειοςι
1518 5773 1615 5825 υιικ
1642 5782 1785 5828 θεία.
1814 5785 1866 5830 Αι
1888 5787 1996 5831 κεε-
2021 5795 2033 5831 =

632 5828 904 5880 omnm
927 5828 1019 5884 non
1042 5828 1363 5884 vultvoluntas
1386 5832 1476 5888 Dei

1854 401 1910 457 S.
1952 397 2314 456 AUGUSTlNl
2357 397 2663 454 EPISCOPI

3799 406 3901 465 996

2321 512 2574 567 Timorem
2612 530 2775 566 meum
2800 513 2930 567 dabo
2958 514 3012 566 in
3037 530 3123 568 cor
3150 530 3354 583 eorum,
3384 526 3441 570 ut
3465 533 3498 570 a
3523 533 3601 573 me
3634 534 3738 574 non
3765 536 3903 576 rece-

2319 606 2440 660 dant
2474 605 2681 676 (Jerem.
2712 622 2887 672 χχχιι,
2914 606 3027 678 40).
3060 607 3210 675 Quod
3237 609 3364 679 quid
3393 620 3476 665 est
3502 611 3644 666 aliud
3669 654 3684 678 ,
3715 628 3901 682 quam,

2318 695 2462 753 Talis
2488 711 2550 751 ac
2576 706 2751 751 tantus
2778 698 2878 751 erit
2920 698 3079 751 timor
3122 714 3293 763 meus,
3337 716 3496 770 quem
3538 701 3680 757 dabo
3722 704 3780 758 in
3808 718 3904 760 cor

2318 804 2523 851 eorum,
2553 798 2611 844 ut
2639 788 2767 842 mihi
2797 799 3199 858 perseveranter
3223 790 3575 848 adhaereant?

2389 879 2442 933 5.
2484 878 2593 933 Cur
2620 888 2795 934 autem
2826 882 3217 948 perseverantia
3253 882 3352 937 ista
3376 885 3618 955 poscitur
3639 900 3670 940 a
3696 886 3829 955 Deo,
3856 890 3904 946 si

2319 984 2426 1027 non
2449 968 2604 1023 datur
2632 984 2662 1023 a
2691 968 2832 1023 Deo?
2861 970 2942 1023 An
2964 978 3017 1025 et
3042 969 3141 1025 ista
3164 970 3401 1028 irrisoria
3428 975 3623 1043 petitio
3651 986 3755 1042 est,
3781 994 3907 1035 cum

2322 1061 2374 1115 id
2402 1062 2469 1117 ab
2492 1076 2558 1117 eo
2585 1062 2781 1131 petitur
2799 1063 2940 1132 quod
2965 1063 3129 1118 scitur
3154 1079 3259 1120 non
3287 1065 3461 1135 ipsum
3487 1067 3637 1136 dare,
3661 1070 3758 1125 sed
3787 1071 3907 1143 ipso

2326 1168 2435 1207 non
2463 1152 2624 1207 dante
2661 1167 2782 1209 esse
2829 1154 2883 1208 in
2914 1153 3146 1211 hominis
3175 1165 3472 1227 potestate;
3502 1160 3638 1214 sicut
3668 1162 3908 1218 irrisoria

2324 1256 2405 1301 est
2451 1247 2609 1302 etiam
2652 1248 2739 1302 illa
2786 1248 2925 1303 actio
2964 1244 3252 1320 gratiarum
3278 1294 3292 1317 ,
3339 1253 3383 1308 si
3430 1269 3497 1309 ex
3537 1253 3639 1312 hoc
3663 1258 3680 1288 ¹
3720 1259 3908 1329 gratiae

2321 1348 2549 1410 aguntur
2587 1340 2721 1407 Deo,
2743 1341 2886 1410 quod
2925 1356 3031 1397 non
3070 1341 3286 1399 donavit
3315 1345 3447 1416 ipse,
3471 1362 3572 1403 nec
3591 1348 3761 1403 fecit?
3799 1350 3908 1406 Sed

2322 1431 2463 1501 quod
2496 1431 2567 1487 ibi
2610 1431 2718 1486 dixi
2755 1431 2844 1506 (In
2873 1432 3000 1487 libro
3030 1435 3316 1505 superiore,
3352 1454 3403 1490 η.
3434 1437 3561 1507 59),
3595 1439 3698 1496 hoc
3727 1452 3783 1496 et
3819 1441 3908 1499 hic

2322 1523 2460 1580 dico.
2491 1523 2667 1583 Nolite
2690 1541 2893 1592 errare,
2922 1525 3094 1596 inquit
3131 1528 3456 1599 Apostolus;
3488 1531 3622 1587 Deus
3650 1550 3752 1588 non
3788 1536 3910 1590 irri-

2322 1615 2468 1671 detur
2497 1615 2691 1689 (Galat.
2722 1633 2793 1683 vr,
2827 1615 2905 1691 7).
2931 1616 2976 1673 Ο
3010 1617 3189 1686 homo,
3230 1634 3336 1674 non
3375 1622 3663 1678 verborum
3692 1634 3905 1683 tuorum

2323 1714 2528 1763 tantum
2552 1748 2567 1776 ,
2591 1712 2774 1763 verum
2817 1708 2977 1764 etiam
3002 1710 3382 1780 cogitationum
3427 1714 3578 1768 testis
3603 1724 3687 1770 est
3731 1717 3904 1772 Deus:

2324 1797 2369 1851 si
2399 1797 2599 1868 aliquid
2628 1813 2660 1854 a
2691 1807 2838 1855 tanto
2862 1798 3025 1856 divite
3048 1802 3311 1878 veraciter
3337 1817 3399 1859 ac
3424 1804 3652 1862 ﬁdeliter
3689 1809 3903 1878 poscis;

2322 1888 2389 1943 ab
2427 1887 2537 1955 illo,
2561 1904 2591 1943 a
2631 1903 2737 1960 quo
2750 1890 2958 1960 poscis,
2986 1899 3039 1948 te
3071 1892 3314 1962 accipere
3337 1893 3499 1951 crede
3537 1897 3679 1967 quod
3707 1902 3903 1969 poscis.

2321 1981 2438 2037 Noli
2477 1998 2597 2039 eum
2638 1985 2791 2041 labiis
2830 1985 3129 2054 honorare,
3169 1996 3225 2044 et
3262 2005 3425 2061 super
3480 2008 3605 2048 eum
3641 1995 3806 2052 corde
3844 2007 3898 2054 te

2322 2073 2601 2142 extollere,
2645 2073 2871 2132 credens
2907 2091 2937 2130 a
2977 2084 3032 2133 te
3070 2076 3190 2147 ipso
3227 2078 3321 2135 tibi
3356 2094 3497 2151 esse,
3537 2083 3679 2153 quod
3720 2085 3790 2140 ab
3818 2086 3911 2142 illo

2323 2171 2377 2218 te
2402 2162 2558 2235 ﬁngis
2601 2178 2778 2221 orare.
2814 2167 2897 2221 An
2938 2166 3008 2223 ab
3055 2167 3149 2223 illo
3195 2173 3589 2239 perseverantia
3629 2172 3732 2230 ista
3772 2174 3912 2234 forte

2323 2270 2430 2312 non
2461 2255 2735 2326 poscitur?
2763 2256 2881 2313 Jam
2925 2257 3029 2315 hoc
3054 2260 3146 2330 qui
3176 2260 3325 2328 dicit,
3353 2277 3463 2319 non
3491 2265 3629 2321 meis
3656 2260 3911 2338 disputa-

2322 2346 2553 2403 tionibus
2582 2346 2927 2417 rel‘ellendus,
2958 2350 3053 2407 sed
3078 2361 3382 2408 sanctorum
3412 2356 3746 2414 orationibus
3769 2374 3907 2417 oue-

2321 2440 2519 2497 randus
2546 2449 2631 2498 est
2655 2444 2699 2497 ’.
2731 2444 2814 2498 An
2844 2458 2973 2499 vero
3003 2444 3285 2516 quisquam
3317 2461 3506 2503 eorum
3535 2457 3650 2515 est,
3679 2451 3775 2520 qui
3800 2466 3910 2513 non

2321 2532 2422 2588 sibi
2449 2542 2632 2604 poscat
2653 2548 2684 2589 a
2712 2533 2825 2590 Deo
2853 2543 2911 2590 ut
2939 2544 3247 2607 perseveret
3270 2536 3325 2592 in
3350 2553 3449 2606 eo;
3480 2554 3602 2594 cum
3630 2540 3743 2612 ipsa
3781 2557 3909 2599 ora-

2321 2623 2468 2680 tione
2491 2624 2512 2655 ³
2539 2640 2658 2696 qua:
2678 2625 2966 2683 «Dominica
2986 2637 3342 2699 nuncupatur,
3370 2629 3493 2700 quia
3511 2645 3630 2688 eam
3652 2631 3911 2688 Dominus

2321 2714 2523 2782 docuit,
2546 2717 2762 2788 quando
2782 2726 2965 2774 oratur
2981 2734 3013 2775 a
3036 2720 3255 2788 sanctis,
3274 2721 3407 2779 nihil
3429 2737 3566 2793 pene
3585 2723 3729 2780 aliud
3745 2739 3911 2795 quam

2321 2808 2716 2880 perseverantia
2748 2811 2896 2882 posci
2922 2812 3284 2884 intelligatur?

2391 2899 2446 2954 ὁ.
2488 2898 2670 2970 Legite
2696 2901 2965 2972 aliquanto
2994 2902 3249 2961 intentius
3273 2904 3389 2977 ejus
3427 2907 3823 2978 expositionem
3851 2908 3911 2970 in

2322 2987 2464 3043 beati
2488 2987 2741 3060 Cypriani
2770 2991 3025 3066 martyris
3052 2992 3212 3060 libro,
3240 3010 3400 3065 quem
3426 2995 3494 3052 de
3519 2996 3619 3053 hac
3638 3012 3701 3054 re
3725 2998 3911 3054 condis

2321 3079 2418 3148 dit,
2449 3080 2599 3150 cujus
2627 3089 2709 3137 est
2737 3074 2918 3138 titulus
2936 3103 2960 3152 ,'
2983 3083 3062 3140 De
3090 3083 3365 3143 Dominica
3403 3087 3697 3147 Oratione:
3724 3098 3780 3148 et
3818 3092 3909 3147 vi-

2319 3165 2444 3227 dete
2469 3178 2595 3227 ante
2620 3179 2747 3241 quot
2766 3187 2956 3241 annos,
2978 3183 3165 3231 contra
3193 3190 3256 3233 ea
3282 3192 3400 3248 qum
3423 3177 3601 3235 futura
3625 3189 3780 3237 erant
3805 3182 3911 3239 Pe-

2321 3262 2648 3334 lagianorum
2676 3279 2903 3333 venena,
2927 3267 3180 3337 quale-sit
3207 3269 3498 3327 antidotum
3519 3283 3908 3343 praeparatum.

2320 3350 2452 3407 Nam
2483 3353 2584 3407 tria
2612 3364 2770 3422 sunt,
2805 3363 2866 3412 ut
2890 3355 3070 3424 scitis,
3112 3373 3231 3429 quae
3258 3360 3487 3417 maxime
3528 3359 3784 3418 adversus
3811 3379 3913 3420 eos

2320 3443 2582 3500 catholica
2606 3442 2846 3500 defendit
2882 3447 3121 3504 Ecclesia
3146 3467 3160 3504 :
3183 3464 3406 3520 quorum
3436 3460 3520 3507 est
3544 3467 3706 3507 unum
3727 3494 3744 3520 ,
3774 3468 3909 3524 gra-

2322 3537 2450 3593 tiam
2477 3538 2569 3594 Dei
2596 3554 2703 3596 non
2729 3540 3020 3597 secundum
3046 3543 3235 3598 merita
3264 3551 3446 3599 nostra
3475 3543 3623 3609 dari;
3651 3546 3910 3615 quoniam

2321 3626 2416 3683 Dei
2445 3628 2583 3684 dona
2603 3639 2747 3698 sunt,
2767 3641 2823 3688 et
2848 3632 2942 3689 Dei
2966 3634 3134 3704 gratia
3159 3635 3503 3690 conferuntur
3527 3635 3688 3691 etiam
3714 3638 3906 3691 merita

2320 3717 2570 3775 universa
2608 3720 2874 3792 iustorum
2900 3740 2914 3778 :
2940 3723 3167 3780 alterum
3211 3734 3329 3790 est,
3376 3725 3432 3780 in
3480 3733 3908 3797 quantacumque

2316 3809 2521 3879 iustitia
2540 3852 2556 3879 ,
2587 3813 2707 3870 sine
2743 3815 3216 3886 qualibuscumque
3242 3818 3473 3888 peccatis
3499 3818 3552 3873 in
3593 3818 3696 3874 hoc
3719 3833 3905 3875 corru-

2320 3899 2492 3971 ptibili
2518 3916 2744 3975 corpore
2786 3906 3055 3963 neminem
3093 3908 3273 3963 vivere
3301 3925 3314 3961 :
3341 3908 3555 3963 tertium
3583 3918 3705 3978 est,
3734 3911 3904 3967 obno-

2320 3991 2466 4047 xium
2494 3994 2641 4049 nasci
2680 3993 2949 4052 hominem
2976 4005 3197 4066 peccato
3224 3997 3381 4068 primi
3410 3997 3643 4054 hominis
3662 4040 3679 4067 ,
3707 4008 3763 4055 et
3784 4002 3904 4056 vin-

2320 4080 2443 4137 culo
2471 4081 2826 4142 damnationis
2849 4085 3184 4155 obstrictum,
3211 4087 3311 4143 nisi
3339 4097 3537 4155 reatus,
3570 4090 3661 4159 qui
3681 4105 3880 4161 genera

2320 4173 2466 4230 tione
2517 4175 2847 4231 contrahitur
2868 4217 2884 4243 ,
2935 4178 3340 4249 regeneratione
3393 4179 3648 4236 solvatur.
3700 4180 3903 4238 Horum

2321 4267 2479 4321 trium
2510 4266 2644 4334 hoc,
2671 4268 2815 4339 quod
2844 4269 2965 4326 loco
2993 4270 3181 4327 ultimo
3204 4272 3395 4343 posui,
3445 4272 3620 4329 solum
3652 4288 3758 4330 non
3788 4283 3903 4331 tra-

2319 4365 2491 4413 ctatur
2515 4359 2570 4413 in
2597 4358 2900 4430 supradicto
2932 4360 3155 4432 gloriosi
3183 4362 3434 4435 martyris
3475 4362 3612 4420 libro
3636 4382 3649 4418 :
3671 4365 3742 4421 de
3766 4364 3905 4422 duo-

2319 4449 2421 4505 bus
2449 4464 2579 4506 vero
2602 4451 2812 4508 caeteris
2856 4461 3001 4508 tanta
3043 4452 3156 4510 illic
3188 4454 3567 4526 perspicuitate
3600 4455 3901 4527 disseritur,

2320 4549 2381 4595 ut
2407 4540 2696 4612 supradicti
2738 4543 3008 4612 haeretici,
3041 4545 3166 4601 novi
3208 4546 3410 4603 inimici
3434 4547 3620 4619 gratias
3661 4546 3901 4617 Christi,

2322 4634 2480 4709 longe
2499 4641 2623 4690 ante
2647 4637 2979 4706 reperiantur
2996 4638 3225 4694 convicti
3250 4654 3371 4695 esse
3390 4654 3550 4710 quam
3575 4639 3708 4694 uati.
3732 4637 3794 4695 In
3817 4638 3903 4696 his

2320 4738 2448 4795 ergo
2477 4725 2681 4781 meritis
2701 4735 3027 4794 sanctorum,
3054 4744 3171 4800 qua:
3192 4730 3336 4789 nulla
3364 4730 3467 4785 nisi
3485 4730 3579 4787 Dei
3599 4730 3739 4786 dona
3752 4740 3901 4799 sunt,

2320 4818 2479 4870 ctiam
2509 4819 2956 4887 perseverantiam
3001 4820 3200 4876 donum
3244 4820 3340 4878 Dei
3370 4836 3494 4877 esse
3529 4822 3607 4877 sic
3644 4821 3899 4893 loquitur.

2318 4903 2567 4973 Dicimus,
2600 4905 2791 4978 inquit,
2826 4907 3190 4980 Sanctiﬁcetur
3224 4926 3406 4967 nomen
3434 4920 3576 4967 tuum
3600 4927 3619 4967 :
3639 4928 3742 4967 non
3766 4912 3905 4982 quod

2319 5006 2546 5065 optemus
2574 4995 2683 5052 Deo
2705 5039 2720 5065 ,
2755 5009 2811 5055 ut
2836 5002 3183 5071 sanetiﬁcetur
3219 5003 3531 5060 orationibus
3558 5004 3779 5071 nostris;
3811 5003 3904 5059 sed

2316 5088 2452 5157 quod
2479 5098 2707 5159 petamus
2733 5090 2796 5144 ab
2822 5107 2901 5159 eo,
2929 5103 2986 5146 ut
3014 5109 3197 5148 nomen
3222 5095 3334 5165 ejus
3361 5096 3708 5162 saneti/icetur
3734 5096 3790 5151 in
3808 5112 3902 5151 no—

2318 5178 2412 5231 bis.
2443 5176 2687 5234 Catterum
2709 5197 2742 5233 a
2765 5197 2863 5252 quo
2898 5181 3031 5238 Deus
3050 5185 3419 5254 suncti/icatur,
3448 5187 3535 5257 qui
3571 5188 3683 5257 ipse
3704 5197 3899 5241 saucu-

2315 5270 2434 5339 βίαι
2449 5270 2475 5324 7
2485 5269 2593 5325 Sed
2599 5273 2718 5341 quia
2728 5273 2837 5342 ipse
2858 5274 3005 5340 dixit,
3033 5293 3052 5326 ι
3077 5274 3255 5331 Sancti
3272 5286 3442 5343 estote,
3455 5278 3693 5350 quoniam
3708 5288 3759 5334 et
3769 5294 3861 5350 ego
3875 5277 3900 5313 δ

2313 5370 2516 5420 sanctus
2539 5378 2654 5416 sum
2682 5379 2701 5415 ι
2736 5362 2917 5434 (Leuit.
2946 5380 3057 5434 xu,
3094 5365 3184 5437 2);
3207 5366 3261 5423 id
3290 5368 3503 5438 petimus
3539 5378 3587 5422 et
3637 5384 3898 5440 rogamus,

2378 5599 2395 5663 ε
2421 5602 2493 5649 Sic
2509 5604 2616 5649 Mss.
2637 5600 2773 5663 Editi,
2797 5604 2840 5655 si
2860 5604 2917 5655 ob
2939 5603 3047 5656 hoc.

2377 5662 2680 5730 {sicgomnes
2708 5662 2817 5730 Mss.
2842 5675 2898 5717 Αι
2921 5667 3066 5730 editi,
3087 5668 3382 5720 revocandus
3403 5675 3491 5719 est.

2380 5723 2400 5753 ³
2423 5728 2473 5771 tn
2490 5728 2620 5783 Mss,
2637 5725 2805 5777 oratio.

2375 5784 2827 5856 ‘_"?5-2..¢"0".'°d0
2880 5798 2925 5839 α
2966 5802 3069 5856 eam
3126 5791 3199 5839 sic
3248 5802 3392 5856 supra
3439 5797 3720 5856 caestuum
3768 5793 3901 5847 tete-

2317 5847 2434 5900 bant
2466 5848 2515 5897 in
2548 5845 2669 5898 libro
2690 5848 2755 5900 de
2776 5845 3087 5913 correptibne
3113 5859 3164 5905 et
3183 5845 3357 5916 Gratia,
3389 5866 3439 5904 ιι.
3477 5853 3552 5906 ω.
