4102 6506
212 380 333 436 99⁸3.

220 502 278 547 ιιι
305 492 471 562 quiin
496 489 760 561 Baptismo
776 483 1075 554 sanetiﬁeati
1116 497 1308 545 sumus,
1352 479 1406 533 in
1444 494 1503 533 ea
1528 476 1665 552 quod
1690 490 1795 529 esse

211 585 456 654 ccepimus
486 593 877 655 perseveremus.
908 575 976 629 Et
1002 574 1159 645 paulo
1188 580 1313 642 post
1350 570 1419 625 de
1458 570 1559 624 hac
1596 568 1707 637 ipsa
1736 581 1796 620 re

218 676 394 730 adhuc
414 674 713 743 disputans,
738 678 793 725 et
811 670 1008 724 docens
1026 680 1123 720 nos
1144 662 1592 734 perseverantiam
1615 665 1798 727 petere

213 781 242 819 a
272 765 531 829 Domino;
558 761 703 834 quod
734 759 881 815 nullo
909 755 1067 812 modo
1093 762 1236 810 recte
1271 769 1334 808 ac
1359 750 1623 807 veraciter
1651 748 1795 801 face-

214 865 315 920 ret,
343 857 444 911 nisi
468 855 587 926 ejus
609 855 810 910 donum
837 859 891 907 et
918 850 1021 905 hoc
1057 858 1239 903 esset:
1268 845 1415 910 Haec,
1451 841 1643 912 inquit,
1672 856 1795 893 san-

212 947 450 1016 ctiﬁcatio
478 955 534 999 ut
557 946 612 999 in
640 942 784 999 nobis
812 948 1102 1013 permaneat
1129 953 1331 994 oramus
1357 951 1375 989 :
1400 943 1446 988 et
1474 933 1592 1003 quia
1620 930 1799 984 Domi-

220 1052 318 1093 nus
341 1046 388 1091 et
407 1036 573 1108 judea:
597 1048 763 1090 noster
791 1046 972 1088 sanato
995 1048 1029 1085 a
1056 1048 1110 1086 se
1137 1039 1184 1085 et
1210 1028 1461 1097 viviﬁcato
1483 1028 1500 1058 ³
1529 1024 1800 1078 commina-

216 1137 300 1182 tur
336 1144 437 1181 non
476 1127 797 1198 delinquere,
828 1139 890 1178 ne
923 1122 1047 1194 quid
1085 1122 1132 1176 ei
1170 1120 1389 1174 deterius
1414 1117 1505 1187 ﬁat
1533 1116 1710 1189 (Joan.
1740 1131 1795 1182 ν,

128 1222 131 1225 ’
230 1220 319 1290 14)
347 1236 363 1275 :
396 1220 528 1274 Itane
552 1217 800 1273 continuis
837 1213 1145 1270 orationibus
1184 1228 1379 1284 precem
1422 1210 1640 1283 facimus
1659 1248 1675 1274 ,
1705 1208 1799 1262 hoc

217 1309 395 1366 diebus
421 1320 469 1365 et
496 1310 720 1364 noctibus
745 1307 1078 1376 postulamus,
1115 1314 1173 1359 ut
1197 1302 1531 1373 sanctiﬁcatio
1561 1310 1607 1355 et
1633 1300 1796 1369 vivi/i-

204 1402 354 1473 ‘eatio
378 1416 493 1470 quia
515 1401 579 1455 de
598 1399 694 1454 Dei
716 1400 883 1469 gratia
906 1398 1141 1464 sumitur,
1168 1396 1328 1466 ipsius
1353 1393 1662 1466 protectione
1687 1407 1797 1445 ser-

215 1501 371 1545 vetur.
405 1492 460 1546 ln
509 1489 932 1546 sanctiﬁcatione
975 1488 1135 1559 igitur
1178 1484 1650 1558 perseverantiam,
1696 1481 1799 1537 hoc

215 1589 318 1645 est,
350 1580 489 1635 utin
531 1578 957 1635 sanctiﬁcatione
1002 1592 1404 1649 perseveremus
1428 1617 1443 1641 ,
1486 1592 1585 1630 nos
1624 1575 1691 1630 ab
1731 1589 1797 1629 eo

220 1680 399 1740 petere
422 1671 527 1727 iste
550 1671 737 1727 doctor
758 1670 1023 1742 intelligit,
1054 1685 1174 1724 cum
1200 1667 1509 1723 sanctiﬁcati
1546 1666 1794 1730 dicimus,

223 1763 588 1832 Sanctiﬁeetur
615 1778 794 1817 nomen
820 1772 980 1815 tuum.
1010 1760 1145 1829 Quid
1170 1768 1253 1814 est
1279 1759 1419 1813 enim
1447 1756 1589 1812 aliud
1617 1765 1800 1826 petere

221 1853 367 1923 quod
395 1854 716 1924 accepimus,
747 1852 848 1908 nisi
873 1860 931 1908 ut
955 1851 1006 1906 id
1030 1866 1243 1923 quoque
1269 1848 1422 1904 nobis
1449 1855 1733 1919 praestetur
1753 1847 1795 1912 ',

221 1961 293 2001 ne
323 1945 522 2002 habere
545 1946 885 2001 desinamus?
914 1944 1062 2001 Sicut
1085 1959 1212 2015 ergo
1232 1940 1465 2008 saucius,
1488 1956 1608 1996 cum
1634 1940 1797 1994 Deum

217 2046 369 2107 rogat
399 2045 458 2091 ut
498 2045 715 2092 sanctus
739 2036 830 2104 sit,
862 2035 915 2091 id
947 2037 1124 2107 utique
1152 2044 1304 2105 rogat
1342 2042 1401 2088 ut
1437 2041 1649 2087 sanctus
1680 2045 1798 2086 esse

218 2138 531 2199 permaneat
555 2147 568 2184 :
594 2129 663 2184 ita
694 2129 874 2200 utique
898 2136 953 2184 et
976 2137 1175 2193 castus,
1203 2142 1325 2182 cum
1353 2133 1506 2196 rogat
1531 2134 1587 2179 ut
1615 2132 1798 2178 castus

216 2223 317 2288 sit;
350 2222 668 2290 continens,
702 2230 760 2277 ut
800 2222 1081 2278 continens
1108 2221 1214 2287 sit;
1240 2220 1450 2290 justus,
1485 2225 1545 2272 ut
1577 2217 1752 2287 justus
1779 2231 1794 2278 ;

218 2315 357 2384 pius,
387 2321 446 2368 ut
470 2314 624 2385 pius;
657 2323 712 2370 et
737 2321 952 2380 caetera,
976 2326 1095 2382 qua:
1120 2320 1307 2366 contra
1327 2308 1639 2379 Pelagianos
1662 2306 1801 2361 dona

220 2406 313 2462 Dei
336 2420 455 2461 esse
478 2405 811 2461 defendimus
837 2421 851 2459 :
876 2405 977 2459 hoc
1003 2404 1118 2460 sine
1145 2402 1306 2458 dubio
1330 2408 1533 2473 petunt,
1564 2406 1622 2453 ut
1646 2399 1698 2453 in
1723 2398 1801 2452 eis

227 2506 573 2567 perseverent
597 2498 771 2564 bonis,
800 2512 919 2568 quae
944 2511 1004 2552 se
1027 2495 1298 2566 accepisse
1324 2501 1604 2549 noverunt.
1647 2490 1800 2560 Quod

225 2589 273 2643 si
297 2588 595 2659 accipiunt,
631 2588 867 2658 profecto
905 2596 961 2644 et
997 2587 1166 2657 ipsam
1194 2585 1644 2656 perseverantiam
1684 2597 1800 2637 ma-

221 2694 379 2749 gnum
412 2680 502 2735 Dei
530 2672 732 2735 donum
759 2719 775 2747 ,
805 2694 912 2750 quo
940 2687 1132 2735 caetera
1158 2677 1295 2734 dona
1322 2677 1439 2747 ejus
1480 2688 1804 2761 conservans

224 2776 331 2836 tur,
358 2768 643 2839 accipiunt.

294 2864 348 2918 5.
376 2862 554 2930 Quid?
580 2877 701 2918 cum
730 2862 976 2930 dicimus,
1016 2861 1194 2917 Veniat
1221 2875 1435 2932 regnum
1464 2867 1641 2922 tuum;
1673 2872 1798 2911 num

225 2952 371 3008 aliud
410 2952 713 3022 poscimus,
759 2952 862 3008 nisi
906 2961 967 3007 ut
1006 2951 1184 3006 veniat
1211 2957 1266 3005 et
1288 2948 1473 3015 nobis,
1514 2945 1655 3018 quod
1685 2960 1805 3002 esse

224 3052 505 3100 venturum
550 3060 657 3100 non
698 3044 1002 3100 dubitamus
1042 3042 1287 3099 omnibus
1330 3040 1560 3097 sanctis?
1590 3040 1728 3110 Ergo
1751 3048 1807 3094 et

226 3137 346 3202 hic,
378 3137 467 3207 qui
503 3136 613 3207 jam
651 3137 823 3191 sancti
850 3144 1007 3201 sunt,
1051 3134 1177 3205 quid
1215 3142 1405 3198 orant,
1451 3132 1635 3187 nisiut
1661 3132 1714 3185 in
1742 3145 1805 3185 ea

224 3208 506 3283 sanctitate
534 3242 652 3298 qua:
678 3226 783 3281 illis
806 3225 927 3281 data
954 3233 1037 3281 est
1059 3222 1438 3296 perseverent?
1462 3221 1642 3292 Neque
1663 3220 1807 3276 enim

226 3320 383 3374 aliter
400 3318 479 3374 eis
497 3318 675 3374 veniet
689 3327 909 3388 regnum
933 3316 1047 3382 Dei,
1070 3315 1209 3387 quod
1231 3330 1337 3370 non
1357 3314 1493 3381 aliis,
1508 3315 1601 3369 sed
1619 3312 1701 3366 his
1718 3312 1807 3382 qui

225 3417 570 3480 perseverant
583 3423 752 3479 usque
774 3408 826 3462 in
845 3406 1022 3470 ﬁnem,
1040 3414 1243 3461 certum
1264 3414 1344 3459 est
1361 3417 1480 3459 esse
1501 3412 1805 3458 venturum.

300 3497 527 3554 CAPUT
563 3497 647 3553 lll.
672 3527 745 3539 νο-
767 3497 819 3553 6.
849 3497 1041 3553 Tcrtia'
1058 3495 1241 3567 petitio
1269 3503 1353 3551 est
1374 3535 1388 3560 ,
1438 3492 1558 3548 Fiat
1581 3493 1811 3547 voluntas

231 3602 321 3645 tua
346 3590 402 3644 in
436 3589 559 3645 creto
583 3599 629 3643 et
667 3591 720 3643 in
744 3598 913 3654 terra;
941 3588 1047 3654 vel,
1076 3586 1216 3658 quod
1244 3587 1298 3641 in
1326 3586 1591 3656 plerisque
1615 3584 1812 3640 codici-

230 3683 338 3738 bus
359 3681 571 3752 legitur,
589 3681 858 3752 magisque
883 3680 951 3735 ab
974 3679 1249 3734 orantibus
1275 3676 1659 3747 frequentatur,
1683 3677 1813 3731 sicut

233 3775 292 3827 in
322 3775 449 3828 caelo
478 3783 525 3828 et
552 3773 605 3827 in
649 3784 780 3827 terra
802 3788 821 3827 :
842 3772 981 3842 quod
1022 3772 1261 3843 plerique
1303 3769 1633 3843 intelligunt,
1665 3768 1814 3825 Sicut

232 3865 403 3921 sancti
436 3865 623 3937 Angeli
643 3866 664 3897 ⁸
684 3866 781 3937 (α),
810 3875 860 3920 et
888 3879 986 3920 nos
1016 3864 1269 3919 faciamus
1287 3839 1614 3918 voluntate’m
1646 3871 1810 3916 tuam.

246 3957 369 4012 Vult
394 3965 571 4012 autem
612 3956 703 4012 ille
742 3955 928 4012 doctor
955 3963 1009 4011 et
1032 3963 1265 4026 martyr,
1311 3954 1505 4010 ctelnm
1534 3960 1587 4008 et
1617 3960 1812 4007 terram

234 4047 454 4119 intelligi
484 4049 730 4118 spiritum
757 4057 812 4103 et
838 4062 1075 4109 carnem,
1104 4056 1160 4103 et
1186 4046 1287 4101 hoc
1311 4061 1408 4100 nos
1433 4060 1609 4109 orare,
1636 4054 1693 4099 ut
1716 4058 1814 4099 vo-

231 4140 489 4195 luntatem
515 4139 611 4195 Dei
640 4154 700 4194 re
728 4148 952 4210 utraque
976 4136 1337 4193 concordante
1364 4136 1637 4191 faciamus.
1672 4134 1817 4190 Vidit

233 4230 292 4285 in
316 4230 404 4284 bis
431 4231 611 4285 verbis
632 4240 690 4286 et
712 4231 941 4285 alterum
968 4243 1182 4284 sensum
1210 4227 1506 4282 sanissimae
1531 4226 1654 4281 ﬁdei
1683 4241 1815 4281 con-

232 4331 539 4393 gruentem,
569 4321 637 4377 de
658 4337 762 4393 quo
777 4322 886 4392 jam
910 4337 1069 4392 supra
1095 4322 1255 4376 locuti
1284 4335 1468 4375 sumus
1492 4339 1506 4375 :
1532 4328 1588 4374 ιιι
1615 4320 1817 4375 scilicet

234 4428 339 4483 pro
363 4411 671 4469 inﬁdelibus
693 4414 781 4484 qui
799 4420 922 4468 sunt
941 4413 1112 4468 adhuc
1133 4420 1294 4477 terra,
1320 4421 1589 4468 terrenum
1613 4420 1813 4466 tantum

234 4504 513 4560 hominem
560 4503 728 4574 prima
767 4503 1037 4559 nativitate
1083 4511 1377 4573 portantes,
1423 4515 1579 4556 crare
1624 4501 1815 4556 intelli-

234 4602 431 4665 gantur
470 4591 679 4661 ﬁdeles,
714 4593 805 4664 qui
848 4593 1048 4649 etulein
1083 4593 1297 4649 homine
1327 4591 1529 4658 induti,
1576 4606 1681 4646 non
1714 4591 1816 4645 im-

235 4684 431 4740 merito
481 4683 606 4740 caeli
661 4684 877 4740 nomine
927 4693 1318 4754 nuncupantur.
1375 4682 1477 4739 Ubi
1534 4681 1818 4738 evidenter

236 4774 503 4844 ostendit,
549 4787 606 4833 et
651 4776 860 4832 initium
900 4776 1022 4833 ﬁdei
1060 4791 1179 4833 esse
1207 4775 1406 4832 donum
1434 4776 1562 4842 Dei,
1603 4775 1815 4847 quando

237 4882 345 4922 non
373 4875 577 4923 tantum
615 4883 714 4939 pro
742 4867 989 4924 ﬁdelibus
1008 4877 1085 4924 ἰιι
1117 4877 1374 4940 augeatur
1397 4867 1451 4923 in
1478 4868 1557 4923 eis
1581 4868 1664 4923 vel
1692 4880 1815 4939 per-

238 4968 450 5015 severet
475 4958 606 5015 ﬁdes
630 5000 645 5027 ,
688 4974 873 5015 verum
899 4959 1060 5016 etiam
1091 4972 1188 5030 pro
1217 4958 1517 5015 inﬁdelibus
1541 4968 1599 5014 ut
1624 4957 1822 5016 habere

241 5050 496 5118 incipiant
518 5065 635 5105 eam
661 5066 820 5121 quam
852 5051 1063 5122 penitus
1090 5065 1198 5105 non
1226 5048 1525 5117 habebant,
1555 5059 1609 5106 et
1635 5059 1819 5106 contra

242 5156 403 5211 quam
430 5142 589 5197 corda
634 5144 851 5215 insuper
892 5142 1104 5198 inimica
1133 5142 1443 5214 gestabant,
1491 5153 1671 5198 sancta
1702 5150 1823 5198 orat

242 5231 504 5287 Ecclesia.
531 5231 725 5288 Verum
753 5248 892 5289 nunc
933 5249 1041 5289 non
1075 5234 1144 5290 de
1171 5234 1322 5290 initio
1347 5234 1469 5290 ﬁdei
1494 5275 1508 5300 ,
1538 5234 1605 5290 de
1634 5249 1739 5305 quo
1767 5235 1819 5291 in

238 5322 522 5393 superiore
550 5321 695 5401 libro»
723 5323 884 5378 multa
919 5324 1029 5395 jam
1060 5324 1325 5391 diximus;
1369 5324 1465 5380 sed
1495 5324 1562 5381 de
1587 5324 1673 5380 illa
1701 5340 1821 5396 qua;

239 5412 487 5469 habenda
514 5422 789 5484 estusque
831 5416 881 5470 in
930 5416 1092 5471 ﬁnem
1137 5416 1532 5487 perseverantia
1578 5415 1822 5487 disputa-

304 5572 342 5637 _'_
353 5572 563 5637 Vaticani
579 5577 706 5637 his”
724 5579 890 5637 sanato
910 5579 955 5624 et
969 5570 1256 5637 justiﬁcato.
1274 5579 1328 5624 Et
1343 5572 1487 5637 paulo
1504 5581 1626 5637 post,
1650 5579 1702 5626 ut
1716 5587 1826 5630 san-

239 5630 469 5698 ctiﬁcatio
486 5640 530 5683 et
538 5631 838 5698 iustiﬁcatio.

305 5697 328 5759 ξ
350 5695 422 5743 sic
443 5702 550 5744 Mss.
568 5695 714 5759 ωιιι,
737 5701 949 5759 praestet.
974 5757 984 5759 _
1010 5758 1015 5759 γ
1117 5756 1128 5759 _
1150 5715 1162 5759 _-

307 5756 329 5786 ³
351 5762 427 5802 ιιι.
452 5757 598 5818 Lugd.
626 5756 943 5808 Venicttov.
972 5757 1052 5808 hic
1073 5756 1271 5820 addunt,
1292 5757 1489 5819 faciunt.
1560 5766 1615 5807 ιι.

304 5836 382 5895 lu)
404 5837 629 5901 Subaudi,
652 5837 852 5901 ferimu.

1241 362 1444 424 LIBER
1482 364 1571 420 DE
1609 354 1788 443 DONO
1827 360 2442 424 PERSEVERANTIAZ.

1903 491 2058 540 mus,
2100 493 2256 548 quam
2287 490 2473 550 petunt
2517 483 2697 557 utique
2738 486 2897 543 etiam
2938 487 3108 545 sancti
3140 492 3232 561 qui
3282 490 3480 548 iaciunt

1906 566 2228 623 voluntatem
2256 569 2385 639 Dei,
2434 573 2673 630 dicentes
2698 577 2751 632 in
2776 576 3027 636 Oratione
3048 622 3063 647 ,
3104 580 3222 636 Fiat
3246 582 3478 637 uoluntas

1904 668 2012 714 tua.
2042 660 2176 715 Cum
2217 664 2357 718 enim
2385 666 2494 733 jam
2521 666 2660 721 facta
2684 669 2753 723 sit
2779 670 2834 724 in
2858 671 2954 739 eis,
2986 688 3083 728 cur
3106 681 3164 729 ut
3191 674 3279 730 ﬁat
3302 676 3478 732 adhuc

1906 757 2111 819 petunt,
2138 751 2238 807 nisi
2261 760 2320 807 ut
2344 766 2687 823 perseverent
2708 759 2761 814 in
2785 774 2850 816 eo
2869 762 3011 832 quod
3029 778 3149 820 esse
3168 770 3480 836 cmperunt?

1905 843 2158 909 Quamvis
2184 845 2270 900 hic
2298 845 2403 902 dici
2443 851 2631 917 possit,
2678 866 2784 907 non
2820 865 3002 925 petere
3030 867 3263 925 sanctos,
3297 868 3355 913 ut
3378 875 3478 913 vo-

1930 935 2102 991 luntas
2129 937 2222 993 Dei
2259 938 2352 994 ﬁat
2388 939 2440 994 in
2469 941 2636 1009 caelo;
2677 945 2771 999 sed
2798 953 2857 1000 ut
2884 946 2976 1000 ﬁat
3017 947 3068 1001 in
3107 956 3251 1005 terra
3275 950 3410 1007 sicut
3434 952 3487 1006 in

1904 1028 2157 1084 ctelozut
2205 1036 2345 1084 terra
2385 1031 2589 1087 scilicet
2632 1035 2868 1090 imitetur
2904 1037 3138 1105 coelum,
3182 1040 3235 1095 id
3278 1051 3381 1109 est,
3425 1054 3486 1096 ut

1906 1117 2069 1174 homo
2101 1120 2368 1191 angelum,
2399 1122 2483 1179 vel
2526 1122 2753 1180 inﬁdelis
2795 1126 3004 1183 ﬁdelem
3032 1148 3044 1183 :
3070 1144 3133 1185 ac
3160 1146 3256 1202 per
3276 1133 3379 1191 hoc
3427 1134 3478 1187 id

1904 1220 2116 1267 sanctos
2144 1226 2383 1282 poscere,
2409 1221 2470 1268 ιιι
2490 1214 2561 1269 sit
2586 1214 2727 1285 quod
2753 1216 2987 1273 nondum
3011 1228 3113 1287 est,
3139 1238 3244 1277 non
3273 1232 3331 1276 ut
3358 1238 3484 1293 pcr-

1905 1312 2116 1358 severet
2143 1302 2283 1373 quod
2301 1308 2401 1359 est.
2417 1304 2756 1372 Quantalibet
2775 1309 2919 1363 enim
2942 1310 3186 1368 homines
3206 1316 3484 1370 sanctitate

1906 1386 2269 1462 praepolleant,
2300 1395 2533 1451 nondum
2557 1405 2679 1452 sunt
2704 1397 2935 1468 mquales
2959 1402 3174 1471 Angelis
3196 1403 3290 1458 Dei
3316 1420 3329 1456 :
3354 1416 3486 1459 non-

1904 1482 2030 1537 dum
2062 1499 2190 1554 ergo
2217 1485 2355 1540 sicut
2382 1486 2434 1540 in
2463 1487 2603 1543 caelo
2632 1488 2685 1543 in
2715 1489 2796 1544 eis
2826 1489 2885 1544 ﬁt
2907 1490 3156 1548 voluntas
3180 1492 3296 1549 Dei.
3329 1495 3483 1562 Quod

1904 1575 1948 1629 si
1980 1575 2049 1629 ita
2076 1584 2185 1639 est,
2233 1578 2287 1631 in
2333 1593 2396 1633 ea
2425 1578 2638 1648 quidem
2683 1589 2832 1649 parte
2859 1596 2962 1652 qua
2992 1591 3237 1653 Optamus
3279 1594 3338 1640 ut
3381 1585 3484 1641 ho-

1905 1666 2075 1721 mines
2100 1681 2163 1721 ex
2190 1666 2493 1724 inﬁdelibus
2518 1670 2647 1724 ﬁant
2671 1670 2878 1739 ﬁdeles,
2909 1688 3016 1729 non
3049 1677 3445 1745 perseverantia
3468 1719 3482 1741 ,

1904 1756 1999 1813 sed
2037 1757 2246 1813 initium
2288 1759 2497 1814 videtur
2524 1762 2697 1831 optari
2728 1780 2742 1816 :
2776 1762 2829 1818 in
2857 1779 2921 1819 ea
2948 1780 3077 1821 vero
3105 1780 3208 1837 qua
3236 1776 3485 1837 optamus

1906 1857 1963 1903 ut
1989 1847 2230 1904 homines
2260 1849 2312 1903 in
2352 1848 2590 1906 facienda
2620 1844 2894 1910 voluntate
2926 1855 3021 1910 Dei
3065 1866 3344 1927 aequentur
3370 1860 3488 1914 An-

1904 1937 2039 2006 gelis
2066 1936 2199 2005 Dei,
2228 1953 2349 1993 cum
2379 1939 2483 1996 hoc
2506 1950 2661 1997 orant
2687 1944 2879 2012 sancti,
2908 1950 3363 2016 perseverantiam
3387 1950 3487 2006 de-

1906 2044 2269 2090 monstrantur
2296 2050 2480 2103 orare;
2508 2038 2757 2108 quoniam
2787 2054 2948 2099 nemo
2972 2043 3213 2111 pervenit
3238 2043 3306 2099 ad
3337 2045 3483 2100 illam

1906 2138 2167 2179 summam
2192 2166 2207 2191 ,
2251 2140 2371 2196 quae
2412 2126 2464 2181 in
2490 2141 2655 2197 regno
2679 2137 2795 2195 est,
2837 2128 3220 2188 beatitudinem
3242 2174 3260 2200 ,
3300 2134 3400 2189 nisi
3429 2134 3483 2188 in

1905 2229 1969 2270 ea
1995 2216 2273 2272 sanctitate
2296 2226 2457 2287 quam
2482 2218 2708 2290 sumpsit
2748 2219 2804 2275 in
2850 2229 2988 2277 terra
3013 2264 3029 2291 ,
3068 2227 3489 2295 perseveraverit

1908 2322 2077 2378 usque
2101 2308 2154 2363 in
2187 2308 2366 2364 ﬁnem.
3094 2382 3095 2385 η

1978 2397 2202 2456 CAPUT
2227 2399 2314 2455 1V.
2334 2430 2404 2442 --
2419 2402 2471 2456 7.
2495 2401 2691 2471 Quarta
2712 2403 2897 2474 petitio
2917 2414 3020 2472 est,
3041 2404 3237 2462 Panem
3258 2416 3489 2462 nostrum

1908 2489 2258 2559 quotidianum
2295 2489 2363 2544 da
2406 2491 2549 2546 nobis
2597 2492 2768 2547 hodie.
2820 2484 2921 2550 Ubi
2964 2495 3150 2552 beatus
3193 2495 3492 2569 Cyprianus

1908 2580 2142 2636 ostendit
2182 2582 2450 2652 quomodo
2492 2592 2547 2639 et
2590 2584 2678 2640 hic
2728 2585 3053 2658 intelligatur
3093 2592 3490 2659 perseverantia

1909 2670 2186 2742 postulari.
2224 2673 2314 2727 Ait
2355 2673 2552 2745 quippe
2596 2675 2737 2731 inter
2781 2686 2973 2733 caetera
3007 2696 3023 2734 :
3058 2698 3077 2730 ι
3112 2679 3265 2736 Hunc
3307 2690 3486 2738 autem

1909 2778 2102 2834 panem
2154 2763 2273 2820 dari
2318 2766 2474 2822 nobis
2520 2768 2757 2837 quntidie
2805 2770 3153 2840 postulamus,
3203 2784 3273 2831 ne
3307 2776 3400 2846 qui
3435 2776 3491 2831 in

1911 2852 2128 2911 Christo
2165 2870 2368 2923 sumus,
2409 2867 2465 2914 et
2510 2856 2899 2917 Eucharistiam
2943 2864 3181 2933 quotidie
3221 2865 3288 2920 ad
3314 2865 3492 2922 cibum

1911 2944 2098 3000 salutis
2124 2946 2447 3017 accipimus,
2494 2948 2857 3007 intercedente
2895 2952 3075 3023 aliquo
3115 2938 3359 3025 graviore
3399 2955 3495 3013 de-

1913 3036 2041 3092 licto
2059 3079 2074 3102 ,
2120 3037 2246 3093 dum
2273 3039 2503 3117 a'bstenti
2530 3049 2585 3097 et
2608 3057 2717 3098 non
2744 3046 3201 3103 communicantes
3225 3065 3257 3104 a
3284 3049 3495 3106 caelesti

1911 3142 2050 3198 pane
2095 3128 2480 3197 prohibemur,
2520 3146 2550 3184 a
2589 3131 2789 3189 Christi
2837 3149 3065 3206 corpore
3107 3153 3439 3209 separemur.
3471 3160 3490 3193 ι

1915 3218 2041 3274 lltec
2056 3220 2220 3275 verba
2236 3222 2406 3277 sancti
2424 3223 2652 3278 hominis
2670 3224 2785 3293 Dei,
2806 3229 3259 3296 perseverantiam
3275 3240 3498 3298 prorsus

1914 3325 1943 3365 a
1970 3311 2196 3369 Domino
2221 3323 2435 3370 sanctos
2473 3315 2709 3371 indicant
2749 3331 3002 3388 poscere,
3046 3320 3257 3390 quando
3282 3321 3381 3376 hac
3410 3323 3497 3378 in-

1917 3403 2153 3459 tentione
2181 3404 2384 3472 dicunt,
2415 3404 2609 3461 Panem
2635 3417 2860 3462 nostrum
2887 3410 3234 3478 quotidianum
3263 3412 3331 3466 da
3354 3414 3499 3469 nobis

1916 3494 2095 3558 hodie;
2124 3510 2193 3550 ne
2212 3510 2241 3550 a
2261 3495 2458 3551 Christi
2482 3513 2709 3568 corpore
2733 3509 3065 3568 separentur,
3094 3504 3186 3557 sed
3212 3504 3264 3558 in
3291 3517 3353 3559 ea
3374 3520 3499 3560 san-

1916 3582 2098 3639 etitate
2139 3596 2518 3654 permaneant,
2565 3603 2669 3659 qua
2716 3589 2922 3645 nullum
2951 3605 3056 3661 quo
3099 3593 3221 3649 inde
3260 3596 3499 3665 separari

1917 3683 2246 3739 mereantur,
2270 3676 2471 3732 crimen
2498 3677 2801 3734 admittant.

1991 3764 2215 3822 CAPUT
2260 3766 2490 3823 V.—8.
2531 3768 2726 3836 Quinto
2770 3772 3027 3828 orationis
3071 3772 3192 3830 loco
3234 3774 3495 3843 dicimus,

1920 3854 2131 3912 Dimitte
2154 3859 2295 3913 nobis
2323 3859 2489 3913 debita
2514 3870 2707 3927 nostra,
2741 3863 2868 3917 sicut
2896 3874 2944 3918 et
2970 3882 3063 3920 nos
3086 3865 3385 3924 dimittimus
3413 3870 3502 3925 de-

1921 3947 2160 4001 bitoribus
2200 3949 2400 4004 nostris.
2434 3946 2489 4004 In
2516 3966 2617 4022 qua
2656 3952 2768 4006 sola
2798 3953 3055 4022 petitione
3090 3971 3194 4011 non
3233 3957 3501 4015 invenitur
3569 3958 3579 3970 '

1922 4038 2069 4107 posci
2116 4040 2533 4108 perseverantia.
2582 4040 2855 4098 Prmterita
2899 4044 3041 4099 enim
3081 4053 3205 4100 sunt
3247 4057 3499 4116 peccata,

1923 4144 2039 4198 qua:
2068 4128 2222 4184 nobis
2249 4136 2307 4198 ut
2333 4130 2664 4187 dimittantur
2684 4146 2898 4187 oramus
2922 4150 2934 4187 :
2959 4138 3351 4204 perseverantia
3371 4153 3502 4194 vero

1922 4235 2041 4290 quae
2072 4221 2121 4275 in
2149 4232 2405 4277 mter-num
2431 4223 2604 4278 salvos
2635 4223 2791 4292 facit,
2839 4225 3065 4297 tempori
3103 4228 3315 4297 quidem
3343 4230 3502 4300 hujus

1921 4312 2065 4376 vitm,
2106 4327 2213 4366 non
2256 4324 2427 4368 tamen
2456 4323 2691 4384 peracto,
2723 4315 2817 4370 sed
2840 4317 2889 4371 ei
2930 4316 3070 4386 quod
3097 4333 3264 4389 usque
3289 4320 3357 4375 ad
3383 4322 3500 4390 ejus

1925 4403 2084 4459 ﬁnem
2111 4413 2296 4470 restat,
2324 4414 2406 4460 est
2432 4407 2749 4462 necessaria.
2767 4406 2954 4477 Opera:
2975 4410 3200 4478 pretium
3221 4421 3303 4467 est
3324 4422 3500 4468 tamen

1926 4495 2195 4564 paulisper
2245 4496 2477 4562 intueri,
2518 4497 2786 4567 quomodo
2810 4507 2865 4552 et
2889 4498 2941 4553 in
2971 4498 3070 4553 hac
3094 4500 3351 4568 petitione
3384 4501 3495 4571 jam

1927 4594 2051 4643 tunc
2081 4586 2253 4656 lingua
2275 4586 2544 4658 Cypriani,
2571 4596 2817 4658 tanquam
2845 4590 2952 4645 telo
2990 4590 3337 4649 invictissimo
3361 4594 3377 4625 ¹
3406 4609 3500 4649 ve-

1924 4676 2096 4733 ritatis
2116 4717 2131 4741 ,
2177 4677 2333 4747 longe
2363 4685 2544 4747 postea
2575 4678 2735 4734 futuri
2775 4678 3212 4737 confodiebantur
3241 4681 3499 4740 lucretici.

1925 4767 2095 4823 Etiam
2124 4766 2227 4822 hoc
2251 4767 2393 4822 enim
2421 4767 2688 4839 Pelagiani
2727 4769 2926 4826 audent
2953 4770 3131 4827 dicere
3154 4812 3171 4838 ,
3225 4772 3498 4831 hominem

1922 4857 2121 4928 justum
2153 4857 2206 4912 in
2236 4856 2336 4912 hac
2364 4857 2468 4913 vita
2498 4859 2700 4914 nullum
2730 4859 2927 4916 habere
2955 4863 3172 4933 omnino
3196 4873 3495 4934 peccatum,

1928 4960 1982 5005 et
2007 4950 2060 5004 in
2089 4949 2281 5004 talibus
2306 4949 2608 5006 hominibus
2652 4965 2771 5007 esse
2809 4951 2918 5022 jam
2961 4954 3213 5024 prmsenti
3258 4963 3502 5027 tempore

1930 5043 2220 5099 Ecclesiam
2241 5058 2346 5098 non
2365 5044 2646 5100 habentem
2669 5046 2949 5113 maculam,
2968 5054 3059 5101 aut
3078 5061 3283 5117 rugam,
3303 5049 3506 5105 autali-

1929 5135 2054 5206 quid
2072 5133 2331 5205 ejusmodi
2351 5134 2564 5208 (Ephes.
2587 5153 2637 5199 v,
2664 5137 2780 5209 27),
2803 5154 2922 5208 qua:
2944 5154 3046 5193 una
3070 5148 3125 5195 et
3147 5142 3261 5197 sola
3305 5157 3504 5211 sponsa

1930 5227 1999 5283 sit
2017 5227 2241 5283 Christi:
2258 5232 2505 5299 tanquam
2531 5243 2725 5299 sponsa
2745 5230 2859 5300 ejus
2879 5246 2985 5286 non
3008 5232 3096 5299 sit,
3128 5248 3246 5302 qua:
3276 5249 3368 5303 per
3388 5236 3505 5289 uni-

1931 5325 2352 5375 vcrsamterram
2377 5318 2520 5389 quod
2547 5321 2615 5376 ab
2639 5335 2706 5377 eo
2733 5320 2937 5387 didicit,
2961 5322 3109 5389 dicit,
3136 5323 3339 5380 Dimitte
3363 5325 3504 5380 nobis

1934 5414 2098 5468 debita
2116 5423 2305 5469 nostra.
2329 5412 2435 5470 Sed
2460 5413 2717 5471 attendite
2742 5416 3009 5486 quomodo
3030 5417 3160 5472 istos
3181 5417 3503 5487 gloriosissi-

1935 5519 2052 5560 mus
2068 5503 2366 5576 Cyprianus
2387 5504 2674 5560 interimat.
2696 5503 2828 5562 Cum
2851 5506 2990 5562 enim
3012 5506 3184 5561 locum
3211 5507 3382 5576 ipsum
3408 5506 3533 5561 do--

1930 5596 2141 5651 'minicae
2165 5595 2421 5650 orationis
2441 5606 2751 5667 exponeret,
2780 5598 2853 5652 ait
2877 5598 3014 5653 inter
3031 5608 3220 5654 cmtera
3247 5616 3260 5651 :
3291 5616 3312 5649 ι
3334 5597 3501 5665 Quam

1934 5685 2233 5740 necessarie
2278 5693 2484 5750 autem,
2534 5702 2692 5756 quam
2743 5687 3080 5756 providenter
3122 5696 3174 5743 et
3218 5687 3498 5743 salubriter

2001 5845 2010 5857 '
2053 5848 2104 5901 tn
2156 5848 2269 5890 ante
2319 5841 2497 5901 editis,
2554 5840 2897 5895 incertissima.
