4102 6528
566 422 676 482 ιθο

581 541 930 596 admonemur
950 521 1089 597 quod
1116 526 1422 591 peccatores
1448 521 1652 571 sumus,
1682 504 1768 574 qui
1802 514 1896 571 pro
1923 495 2153 567 peccatis

804 590 1210 689 compellimur:
1236 616 1292 662 ut
1320 605 1447 661 dum
1479 594 1799 700 indulgentia
1822 591 1889 645 de
1920 590 2027 700 Deo
2061 600 2155 685 pe-

558 677 726 783 ~titt'ir,
768 707 1105 768 conscientiae
1149 716 1258 757 sua:
1301 698 1508 753 animus
1548 686 1876 746 recordetur.
1920 680 1997 736 Ne
2039 677 2158 747 quis

579 770 872 877 'quasi
922 802 1177 855 innocens
1218 792 1443 862 placeat,
1493 794 1547 841 et
1588 798 1646 838 se
1693 773 1996 836 extollendo
2042 770 2158 877 plus

580 860 784 974 pereat,
812 890 1088 950 instruitur
1107 894 1161 942 et
1182 860 1408 938 ducetur
1427 892 1488 933 se
1509 887 1730 945 peccare
1750 864 2007 974 quotidie,
2031 860 2157 914 dum

584 954 817 1064 quotidie
844 999 940 1056 pro
969 976 1199 1053 peccatis
1237 972 1453 1044 jubetur
1498 979 1674 1020 orare.
1724 960 1820 1064 Sit:
1833 954 2080 1064 denique
2105 957 2159 1002 et

585 1042 819 1139 loannes
845 1042 913 1130 ἰιι
942 1042 1183 1143 έρὶειοιιι
1224 1042 1317 1120 sua
1337 1071 1555 1134 ponens
1583 1053 1751 1115 dixit,
1783 1047 1844 1103 Si
1887 1042 2159 1143 dixerimus

583 1175 699 1243 quia
726 1177 987 1241 peccatum
1015 1180 1117 1217 non
1158 1157 1394 1213 habemus
1418 1192 1432 1215 ,
1474 1165 1564 1203 nos
1592 1148 1728 1216 ipsos
1762 1136 2038 1205 decipimus
2058 1172 2072 1195 ,
2115 1138 2162 1183 et

582 1235 765 1323 ueritas
793 1263 847 1314 in
873 1257 1016 1313 nobis
1044 1269 1142 1307 non
1163 1258 1232 1304 est
1258 1267 1276 1300 ι
1310 1245 1354 1316 (l
1387 1242 1544 1297 Joan.
1574 1253 1612 1303 ι,
1640 1235 1694 1304 8)
1715 1240 1798 1285 :et
1825 1235 2019 1283 extera
2042 1236 2160 1292 qua:

582 1360 672 1416 hic
699 1356 939 1411 inserere
968 1347 1184 1414 longum
1208 1347 1310 1393 est.
1632 1393 1636 1397 ,
1710 1415 1718 1416 7
1905 1412 1914 1416 Δ
1969 1414 1980 1416 _
2116 1338 2151 1416 ’ί

654 1451 711 1507 9.
736 1447 853 1503 Jam
882 1455 1013 1496 vero
1049 1449 1170 1492 cum
1213 1430 1395 1485 dicunt
1435 1421 1636 1483 sancti,
1671 1415 1753 1470 Ne
1778 1430 1869 1467 nos
1897 1412 2088 1480 inferas
2110 1407 2163 1460 in

588 1499 911 1599 tentationem
930 1574 944 1597 ,
975 1529 1061 1585 sed
1088 1526 1243 1582 libera
1269 1535 1360 1574 nos
1390 1534 1421 1570 α
1448 1514 1583 1568 malo
1617 1506 1827 1583 (Matth.
1857 1520 1907 1558 vr
1932 1545 1948 1569 ,
1978 1499 2161 1570 9-15);

590 1634 722 1708 quid
765 1626 907 1685 aliud
936 1636 1094 1694 quam
1123 1614 1262 1684 utin
1304 1607 1585 1667 sanctitate
1625 1603 2019 1708 ιῖίιιιεειγριοπεξιιι,1
2043 1605 2166 1661 pre-

1126 1701 1146 1708 -
1209 1706 1216 1708 Α
1588 1686 1682 1708 ’,με
1733 1683 1832 1708 mn
1914 1679 1957 1708 ﬂ:
2027 1688 2132 1708 mm

842 1675 1259 1775 l‘lamwprofecto
1293 1704 1549 1751 concesso
1586 1686 1686 1741 sibi
1732 1683 1833 1736 isto
1864 1679 1960 1734 Dei
1988 1675 2163 1736 dono,

1235 1826 1265 1845 -.
1315 1800 1435 1843 eum
1482 1781 1550 1837 ab
1590 1779 1682 1833 illo
1723 1773 1995 1845 poscitur,
2041 1773 2170 1822 satis

599 1959 718 2061 Dei,
745 1959 819 2046 ne
843 1984 1136 2041 inferantur
1174 1976 1228 2029 in
1273 1967 1637 2027 tentationem,
1685 1970 1843 2013 nemo
1869 1959 2173 2051 sanctorum

604 2039 718 2140 nor;
736 2086 881 2136 tenet
897 2077 912 2107 ⁸
944 2085 1110 2141 usque
1131 2067 1184 2122 in
1207 2064 1365 2117 linem
1391 2048 1837 2128 perseverantiam
1859 2039 2170 2098 sanctitatis.

598 2134 785 2245 hie—que
814 2168 954 2227 enim
982 2134 1260 2234 quisquam
1309 2154 1365 2208 in
1405 2145 1675 2219 proposito
1703 2134 2024 2240 christiano'
2043 2147 2175 2245 per-

598 2225 845 2327 severare
868 2255 1095 2322 desistit,
1127 2250 1230 2307 nisi
1260 2249 1313 2302 in
1343 2240 1686 2314 tentationem
1715 2232 1959 2305 primitus
1984 2225 2179 2283 infera-

604 2375 711 2420 tur.
743 2359 801 2415 Si
831 2368 960 2424 ergo
984 2343 1305 2405 concedatur
1333 2338 1381 2394 ei
1408 2331 1551 2406 quod
1578 2336 1727 2394 orat,
1760 2334 1946 2380 utnon
1976 2319 2176 2374 infera-

758 2412 950 2517 vutiqu'e
994 2443 1046 2496 in
1095 2429 1538 2493 sanctiﬁcatione,
1590 2434 1750 2492 quam
1793 2418 1904 2471 Deo
1946 2412 2179 2468 donante

602 2543 861 2619 percepit,
892 2539 1003 2592 Deo
1029 2519 1541 2594 donante‘persistit.

928 2591 1015 2683 Vl.
1035 2620 1203 2676 ——i0.
1237 2635 1256 2668 ί
1275 2591 1382 2671 Sed
1402 2610 1610 2672 nolunt,
1637 2623 1657 2656 ι
1685 2611 1741 2658 ut
1762 2596 2015 2662 scribitis,
2050 2612 2070 2646 ι
2094 2591 2183 2646 isti

607 2732 836 2791 fratres,
882 2720 955 2774 ita
978 2715 1120 2770 hanc
1160 2700 1613 2780 perseverantiam
1653 2690 1959 2766 praedicari,
1990 2694 2049 2740 ut
2078 2699 2181 2737 non

610 2820 696 2877 vel
725 2781 1035 2885 suppliciter
1061 2799 1308 2862 emereri,
1338 2795 1425 2850 vel
1454 2789 1623 2847 amitti
1651 2781 2032 2843 contumaciter
2059 2790 2184 2885 p'us:

613 2866 959 2980 51151.}...
976 2903 1029 2956 in
1048 2893 1281 2969 Epistola
1298 2887 1505 2953 Hilarii,
1530 2901 1582 2937 η.
1611 2876 1770 2971 δφᾳι.
1787 2870 2057 2980 alaeam.
2084 2866 2187 2972 ubi

610 2960 961 3078 quid‘dicant,
988 2960 1176 3065 parum
1200 2986 1481 3055 diligenter
1504 2963 1802 3031 attendunt.
1828 2968 1904 3021 De
1930 2965 2016 3019 illa
2045 2960 2188 3062 enim

611 3066 1004 3169 perseverantia
1041 3080 1308 3152 loquimur
1330 3114 1346 3140 ,
1392 3077 1493 3142 qua
1535 3068 1902 3138 perseveratur
1945 3067 2110 3124 usque
2137 3066 2191 3153 ιιι

616 3158 776 3245 linem
800 3202 817 3240 :
841 3195 958 3251 qua:
1005 3176 1049 3232 si
1092 3174 1213 3228 data
1238 3175 1355 3232 est,
1386 3163 1785 3232 perseveratum
1828 3158 1910 3204 est
1938 3159 2108 3215 usque
2137 3158 2191 3196 ιιι

618 3282 778 3336 ﬁnem
796 3292 812 3342 ;
833 3237 878 3328 si
900 3277 1075 3326 autem
1098 3279 1205 3319 non
1227 3267 1309 3315 est
1326 3256 1720 3326 perseveratum
1741 3240 1985 3313 usquein
2008 3237 2186 3300 ﬁnem,

622 3330 856 3429 est
903 3362 1056 3425 data;
1105 3352 1245 3427 quod
1289 3351 1399 3420 jam
1444 3353 1500 3400 et
1549 3339 1793 3411 superius
1835 3332 1964 3388 satis
1993 3330 2197 3399 egimus

621 3465 843 3536 (Supra,
873 3475 928 3511 η.
964 3453 1039 3523 ι).
1065 3448 1183 3504 Νοιι
1229 3444 1406 3512 itaque
1447 3437 1624 3492 dicant
1655 3428 1917 3491 homines,
1944 3434 2198 3494 perseve-

621 3519 849 3612 rantiam
891 3519 1137 3618 cuiquam
1181 3538 1358 3594 datam
1404 3545 1572 3601 usque
1617 3528 1667 3581 in
1710 3526 1907 3588 linem,
1948 3519 2051 3574 nisi
2078 3530 2198 3572 cum

622 3650 739 3719 ipse
764 3639 974 3699 venerit
994 3612 1116 3690 linis
1135 3675 1151 3700 ,
1178 3638 1234 3686 et
1263 3635 1633 3699 perseverasse
1655 3659 1670 3683 ,
1700 3615 1783 3671 cui
1811 3612 1934 3669 data
1976 3619 2077 3673 est,
2108 3621 2200 3662 re-

626 3707 811 3811 pertus
838 3730 996 3789 fuerit
1026 3738 1192 3795 usque
1221 3721 1274 3775 in
1304 3719 1484 3773 finem.
1516 3712 1750 3767 Dicimus
1776 3707 1971 3777 quippe
1997 3708 2202 3811 castum

623 3790 1055 3903 quemtnovimus
1081 3824 1307 3879 castum,
1331 3810 1443 3866 sive
1466 3806 1553 3870 sit,
1581 3804 1692 3858 sive
1722 3815 1823 3855 non
1852 3797 1920 3899 sit
1945 3795 1996 3849 in
2019 3790 2205 3892 eadem

627 3881 872 3980 castitate
897 3923 1211 3971 mansurus;
1250 3912 1305 3959 et
1336 3900 1382 3957 si
1424 3896 1550 3969 quid
1578 3890 1723 3948 aliud
1764 3887 1935 3944 divini
1969 3881 2208 3938 muneris

633 3975 847 4077 habeat,
890 4003 1034 4078 quod
1080 3997 1245 4056 teneri
1289 4002 1345 4050 et
1371 3989 1541 4047 amitti
1584 3975 1789 4055 potest,
1835 3979 2060 4035 dicimus
2086 3988 2208 4029 eum

632 4065 1346 4170 quamdiucumque
1385 4080 1576 4142 habet;
1607 4083 1665 4131 et
1698 4075 1743 4128 si
1772 4068 2032 4133 amiserit,
2079 4065 2211 4120 dici-

637 4213 758 4255 mus
793 4159 1074 4249 habuisse:
1094 4173 1542 4255 perseverantiam
1566 4182 1698 4224 vero
1724 4178 1896 4234 usque
1936 4162 1991 4216 in
2021 4159 2177 4213 finem
2195 4195 2209 4220 ,

637 4285 889 4359 quoniam
929 4293 1036 4334 non
1081 4254 1241 4328 habet
1283 4267 1597 4338 quisquam,
1640 4256 1746 4313 nisi
1786 4254 1873 4325 qui
1910 4254 2216 4359 perseverat

636 4340 890 4448 iisque-in
920 4361 1110 4433 ﬁnem;
1152 4362 1305 4419 multi
1342 4371 1458 4414 eam
1504 4357 1729 4424 possunt
1769 4345 1966 4401 habere
1989 4383 2006 4407 ,
2038 4340 2217 4395 nullus

643 4435 908 4528 amittere.
938 4462 1120 4530 Neque
1147 4455 1289 4511 enim
1329 4444 1672 4505 metuendum
1700 4447 1817 4505 est,
1844 4451 1912 4491 ne
1938 4435 2074 4488 forte
2096 4444 2218 4486 cum

643 4523 1064 4636 perseveraverit
1099 4548 1259 4603 homo
1297 4553 1464 4611 usque
1506 4528 1561 4591 in
1601 4532 1796 4595 linem,
1845 4524 2022 4628 aliqua
2039 4523 2114 4636 oin
2155 4533 2221 4575 eo

644 4613 783 4711 rrnala
807 4648 1051 4704 voluntas
1075 4639 1298 4701 oriatur,
1339 4646 1407 4688 ne
1436 4630 1933 4700 perseveretusque
1957 4616 2011 4671 in
2039 4613 2219 4711 tinem:

648 4700 917 4809 {ioc—ergo
938 4700 1042 4790 Dei
1070 4730 1269 4786 donum
1287 4700 1616 4792 suppliciter
1648 4709 1873 4769 emereri
1904 4712 2108 4778 potest:
2128 4700 2225 4758 sed

650 4848 773 4890 cum
818 4799 997 4883 datum
1040 4819 1231 4883 fuerit,
1274 4812 1445 4868 amitti
1483 4801 1867 4867 contumaciter
1894 4811 2002 4851 non
2027 4799 2222 4865 potest.

648 4926 782 4983 Cum
822 4919 965 4976 enim
998 4904 1425 4987 perseveraverit
1461 4901 1687 4973 quisque
1725 4906 1894 4964 usque
1934 4889 1989 4945 in
2034 4886 2225 4950 linem,

653 5030 828 5088 neque
851 5013 954 5068 hoc
977 4983 1176 5064 donum
1206 5007 1381 5073 potest
1419 4992 1665 5049 amittere
1682 5028 1699 5054 ,
1729 5000 1828 5042 nec
1853 4983 1954 5039 alia
1974 4995 2101 5084 quae
2129 4991 2229 5049 po-

818 5109 942 5157 ante
966 5099 1148 5153 finem.
1179 5071 1456 5158 Quomodo
1484 5083 1644 5153 igitur
1668 5084 1847 5150 potest
1883 5071 2091 5138 amitti,
2134 5083 2230 5139 per

825 5194 885 5249 ﬁt
924 5199 985 5246 ut
1024 5200 1131 5243 non
1167 5183 1440 5239 amittatur
1462 5174 1622 5231 etiam
1650 5168 1790 5241 quod
1820 5174 1998 5238 posset
2027 5160 2234 5217 amitti?

732 5288 823 5343 11.
854 5282 960 5340 Sed
987 5295 1057 5335 ne
1082 5276 1220 5331 forte
1245 5271 1452 5327 dicatur
1470 5307 1486 5332 ,
1519 5275 1687 5333 usque
1715 5259 1767 5314 in
1797 5258 1956 5312 linem
1984 5265 2231 5343 perseve-

661 5342 891 5437 rantiam
923 5385 1029 5427 non
1066 5361 1237 5421 amitti
1277 5358 1514 5430 quidem,
1542 5365 1664 5409 cum
1689 5349 1813 5405 data
1837 5346 2017 5411 fuerit,
2053 5342 2106 5398 id
2132 5349 2234 5410 est,

813 5467 1213 5536 perseveratum
1256 5448 1421 5507 fuerit
1458 5457 1628 5516 usque
1670 5441 1725 5497 in
1770 5439 1929 5493 finem
1954 5453 1968 5490 :
1990 5432 2084 5491 sed
2115 5440 2241 5487 tunc

663 5531 834 5616 amitti
863 5552 1092 5626 quodam
1133 5543 1325 5611 modo,
1357 5537 1570 5612 quando
1597 5533 1707 5606 agit
1727 5531 1889 5587 homo
1927 5542 2022 5599 per
2046 5534 2241 5583 contu-

692 5745 696 5748 ’
732 5733 747 5763 ι
773 5727 911 5784 aditi,
930 5733 1070 5775 nemo
1089 5724 1362 5784 sanctorum
1389 5718 1459 5765 est
1490 5710 1574 5774 qui
1594 5721 1688 5760 non
1721 5711 1892 5759 teneat.
1924 5702 2244 5763 Manuscrioti,

669 5781 1385 5841 mosmictonmtnontenet.
1682 5829 1719 5841 ί,

738 5829 1408 5904 Γεᾰῖὂιῖἰῖιᾶιιιᾶηιιεαιριὶ.
1434 5841 1489 5887 At
1506 5833 1641 5895 editi,
1664 5829 2044 5882 Christianitatis.

1803 388 1861 442 b‘.
1901 375 2265 440 AUGUSTlNl
2308 368 2608 429 EPISCOPI

3716 356 3863 412 3000

2264 484 2510 548 maciam,
2544 488 2601 534 ut
2626 477 2691 533 ad
2730 490 2848 532 eam
2880 471 3157 544 pervenire
3184 484 3286 525 non
3314 467 3521 540 possit:
3547 465 3685 521 sicut
3713 465 3860 519 dici-

2266 592 2384 634 mus
2404 577 2697 638 hominem,
2716 575 2805 640 qul
2825 583 2930 621 non
2949 566 3376 636 perseveraverit
3391 574 3560 629 usque
3580 561 3635 612 in
3659 559 3858 622 finem,

2264 667 2505 722 amisisse
2532 663 2697 717 vitam
2726 667 2979 713 mtemam
3000 697 3014 721 ,
3055 654 3141 711 vel
3165 666 3406 723 regnum,
3418 651 3543 714 Dei;
3573 663 3681 703 non
3709 648 3860 717 quod

2262 759 2370 830 jam
2400 761 2680 824 acceperat
2705 761 2761 808 et
2782 749 3031 814 habebat,
3063 747 3159 802 sed
3200 744 3343 817 quod
3379 743 3645 813 acciperet
3673 750 3729 796 et
3756 740 3862 795 ha-

2266 849 2446 911 beret,
2477 846 2523 900 si
2550 847 2988 915 perseverasset:
3016 838 3299 893 verborum
3326 833 3723 894 controversias
3750 846 3859 885 au-

2266 939 2533 1001 feramus,
2566 942 2620 989 et
2647 931 2902 987 nonnulla
2932 930 3090 985 etiam
3121 942 3241 998 quae
3284 940 3389 980 non
3420 923 3687 979 habentur
3707 963 3723 988 ,
3754 921 3861 976 sed

2268 1027 2511 1085 habenda
2536 1024 2860 1095 sperantur‘,
2889 1036 3046 1092 posse
3069 1019 3310 1079 dicamus
3329 1016 3520 1071 amitti.
3544 1015 3693 1069 Dicat
3721 1014 3859 1067 mihi

2268 1118 2507 1191 quisquis
2532 1116 2725 1182 audet,
2756 1122 2934 1168 utrum
2966 1113 3104 1166 Deus
3125 1110 3254 1164 dare
3283 1124 3386 1162 non
3418 1106 3619 1177 possit,
3652 1104 3801 1174 quod
3828 1119 3862 1158 ει

2269 1226 2329 1266 se
2352 1209 2498 1280 posci
2530 1206 2827 1278 imperavit.
2858 1204 2970 1258 Hoc
2990 1211 3138 1257 certe
3163 1201 3254 1271 qui
3281 1199 3442 1268 sapit,
3472 1213 3579 1252 non
3606 1195 3729 1250 dico
3754 1195 3861 1250 de-

2270 1303 2414 1373 sipit,
2444 1300 2537 1356 sed
2563 1298 2777 1354 insanit.
2807 1295 3093 1367 Imperavit
3117 1301 3294 1347 autem
3325 1291 3488 1351 Deus.
3519 1300 3576 1343 ut
3604 1289 3653 1342 ei
3683 1287 3863 1341 sancti

2272 1393 2387 1463 ejus
2424 1391 2603 1447 dicant
2638 1396 2890 1455 orantes,
2940 1384 3023 1439 Ne
3065 1386 3257 1455 inferas
3287 1398 3378 1435 nos
3414 1381 3469 1434 in
3501 1370 3854 1452 tentationem.
3884 1419 3888 1423 ,

2275 1483 2526 1553 Quisquis
2567 1480 2728 1550 igitur
2752 1477 3033 1533 exauditur
3064 1476 3165 1531 hoc
3189 1487 3447 1545 poscens,
3493 1487 3598 1527 non
3628 1469 3865 1524 infertur

2274 1576 2327 1630 in
2352 1572 2699 1629 contumaciae
2730 1570 3106 1634 tentationem,
3135 1582 3237 1637 qua
3263 1566 3430 1636 possit
3454 1563 3541 1619 vel
3569 1563 3764 1633 dignus
3789 1562 3865 1616 sit

2275 1663 2726 1736 perseverantiam
2756 1661 3050 1716 sanctitatis
3075 1658 3339 1712 amittere.

2348 1755 2434 1809 12.
2493 1754 2561 1807 At
2609 1752 2781 1815 enim,
2838 1768 2856 1801 ι
2914 1750 3183 1803 voluntate
3230 1761 3327 1801 sua
3378 1745 3603 1816 quisque
3654 1743 3868 1798 deserit

2279 1846 2476 1910 Deum,
2507 1852 2564 1897 ut
2591 1844 2778 1896 merito
2806 1841 3082 1895 deseratur
3119 1853 3149 1892 a
3195 1838 3325 1891 Deo.
3361 1855 3380 1888 ι
3407 1837 3536 1901 Quis
3562 1834 3666 1890 hoc
3692 1849 3866 1905 nega-

2277 1936 2449 1992 verit?
2470 1934 2573 1989 Sed
2602 1932 2732 1987 ideo
2752 1931 2975 2001 petimus
3004 1944 3072 1983 ne
3097 1927 3387 1982 infer-amur
3410 1926 3464 1980 in
3489 1925 3864 1985 tentationem,

2279 2036 2339 2081 ut
2385 2027 2486 2079 hoc
2534 2039 2638 2077 non
2679 2024 2788 2076 fiat.
2827 2022 2895 2075 Et
2938 2022 2981 2074 si
3011 2018 3355 2082 exaudimur,
3408 2018 3590 2087 utique
3630 2031 3736 2071 non
3767 2016 3865 2080 ﬁt;

2280 2117 2402 2188 quia
2429 2117 2566 2170 Deus
2607 2130 2713 2168 non
2758 2111 3015 2182 permittit
3046 2118 3101 2164 ut
3146 2111 3255 2163 fiat.
3284 2108 3428 2163 Nihil
3452 2108 3593 2163 enim
3638 2107 3731 2172 fit,
3763 2107 3869 2161 nisi

2281 2207 2421 2278 quod
2461 2215 2550 2260 aut
2572 2205 2687 2275 ipse
2727 2202 2882 2268 facit,
2927 2211 3017 2256 aut
3063 2201 3173 2255 fieri
3217 2202 3330 2270 ipse
3355 2199 3631 2270 permittit.
3663 2198 3871 2254 Potens

2283 2313 2409 2369 ergo
2437 2307 2546 2363 est,
2579 2305 2631 2350 et
2657 2311 2683 2348 a
2715 2298 2855 2349 malo
2883 2293 2937 2347 in
2984 2292 3178 2367 bonum
3210 2290 3426 2345 flectere
3452 2291 3784 2363 voluntates,
3813 2298 3873 2343 et

2284 2391 2336 2445 in
2361 2392 2560 2459 lapsum
2589 2402 2779 2456 pronas
2808 2393 3117 2439 convertere
3137 2425 3152 2449 ,
3191 2397 3254 2436 ac
3276 2381 3505 2450 dirigere
3532 2381 3587 2435 in
3628 2380 3729 2434 sibi
3756 2379 3874 2450 pla-

2286 2483 2445 2537 citum
2492 2465 2760 2551 gressum.
2798 2477 2893 2532 Cui
2923 2492 3030 2530 non
3078 2474 3272 2530 frustra
3305 2474 3499 2528 dicitur
3524 2515 3540 2540 ,
3584 2472 3754 2539 Deus,
3812 2484 3873 2525 tu

2288 2581 2577 2626 convertens
2605 2568 2876 2638 viviﬁcabis
2902 2583 2992 2621 nos
3022 2564 3192 2638 (Psal.
3234 2580 3426 2619 uxxxv
3445 2605 3461 2631 ,
3490 2562 3546 2635 7)
3577 2581 3591 2617 :
3623 2578 3729 2618 non
3758 2562 3875 2618 frn-

2296 2674 2407 2720 stra
2433 2663 2644 2728 dicitur,
2677 2659 2761 2713 Ne
2789 2660 2873 2713 des
2898 2661 2964 2712 ad
2989 2656 3283 2729 mouendum
3303 2656 3665 2726 pedem‘meum
3696 2654 3871 2726 (Ρωι.

2291 2771 2416 2821 LXV,
2447 2755 2501 2826 9)
2538 2772 2549 2806 :
2581 2770 2686 2808 non
2713 2752 2906 2808 frustra
2938 2750 3161 2815 dicitur,
3192 2732 3274 2803 Ne
3298 2748 3470 2802 tradas
3492 2766 3600 2816 me,
3636 2747 3875 2815 Domine,

2292 2867 2323 2903 α
2352 2848 2596 2902 desiderio
2641 2862 2748 2899 meo
2792 2844 3043 2914 peccaturi
3071 2841 3240 2914 (Psal.
3268 2856 3497 2909 cxxnx,
3539 2840 3593 2912 9)
3624 2850 3880 2911 :postre-e

2296 2956 2382 2994 mo
2402 2981 2418 3006 ,
2447 2955 2513 2993 ne
2542 2937 2705 2991 multa
2742 2948 3155 2990 commemorem
3179 2972 3195 2998 ,
3242 2947 3363 2987 cum
3404 2931 3553 2987 vobis
3583 2931 3731 3000 plura
3767 2929 3881 2985 fur-

2297 3033 2454 3088 tassis
2478 3038 2787 3096 occurrant,
2820 3042 2927 3082 non
2977 3027 3172 3081 frustra
3200 3024 3424 3089 dicitur,
3487 3023 3569 3079 Ne
3605 3039 3695 3077 nos
3744 3025 3883 3094 infe-

2297 3140 2382 3178 ras
2417 3123 2471 3176 in
2496 3122 2836 3176 tentationem.
2866 3117 2996 3172 Nam
3029 3116 3266 3185 quisquis
3296 3116 3356 3177 in
3385 3116 3728 3171 tentationem
3770 3130 3884 3169 non

2299 3213 2539 3277 infertur,
2570 3210 2806 3281 profecto
2828 3222 2924 3263 nec
2951 3207 3002 3261 in
3023 3207 3363 3260 tentationem
3379 3219 3488 3271 sum
3506 3204 3661 3258 mala:
3688 3203 3886 3259 volun-

2303 3304 2422 3359 tatis
2449 3301 2672 3356 infertur
2703 3316 2716 3351 :
2748 3307 2801 3353 et
2820 3298 2907 3368 qui
2931 3298 2982 3352 in
3014 3296 3351 3351 tentationem
3377 3308 3486 3349 sua:
3515 3294 3667 3348 mala:
3689 3294 3890 3348 volun-

2302 3396 2425 3451 tatis
2451 3408 2558 3448 non
2584 3391 2811 3446 infertur
2829 3430 2844 3456 ,
2881 3390 2933 3443 in
2960 3390 3157 3443 nullam
3180 3401 3392 3456 prorsus
3421 3383 3664 3440 infertur.
3701 3382 3890 3438 Unus-

2303 3487 2510 3557 quisque
2548 3486 2687 3539 enim
2707 3491 2943 3545 tentatur,
2968 3487 3024 3532 ut
3040 3478 3291 3547 scriptum
3311 3484 3410 3541 est,
3432 3492 3465 3528 a
3482 3474 3890 3543 concupiScentia

2211 3586 2223 3596 ‘
2306 3595 2398 3633 sua
2451 3576 2729 3630 abstractus
2773 3581 2820 3627 et
2871 3572 3069 3625 illectus
3127 3586 3145 3624 :
3194 3568 3333 3623 Deus
3402 3576 3565 3620 autem
3639 3564 3890 3618 neminem
3965 3595 3975 3602 -

2310 3678 2465 3725 tentat
2510 3666 2710 3739 (Jacobi
2748 3681 2800 3731 ι,
2832 3663 3088 3732 14,15);
3140 3659 3429 3716 lentatione
3471 3658 3672 3713 scilicet
3699 3655 3886 3710 noxia.

2311 3760 2441 3815 Nam
2473 3767 2629 3812 estet
2658 3756 2830 3822 utilis,
2872 3768 2976 3822 qua
3020 3766 3123 3807 non
3151 3749 3448 3820 decipimur
3474 3749 3494 3779 ²
3524 3743 3892 3815 velopprimi-

2312 3865 2466 3915 mur,
2513 3844 2607 3901 sal
2653 3843 2967 3915 probamur,
3015 3839 3308 3895 secundum
3345 3836 3487 3907 quod
3527 3836 3725 3890 dictum
3767 3842 3888 3898 est,

2317 3941 2489 3996 Proba
2517 3955 2595 3992 me
2615 3980 2629 4005 ,
2666 3936 2880 3990 Domine
2900 3976 2915 4001 ,
2943 3942 2992 3987 et
3032 3942 3168 3987 tenta
3195 3919 3274 3985 ine
3319 3928 3489 4001 (Psal.
3527 3943 3631 3980 xxv
3652 3966 3667 3992 ,
3697 3925 3773 3995 2).
3800 3925 3892 3979 Illa

2317 4047 2444 4103 ergo
2470 4030 2626 4086 noxia
2649 4026 2941 4084 tentatione
2959 4066 2974 4090 ,
3003 4038 3162 4094 quam
3187 4022 3452 4091 significat
3477 4017 3789 4087 Apostolus,
3815 4017 3895 4070 di-

2318 4139 2446 4181 cens
2467 4163 2481 4186 ,
2527 4120 2612 4175 Ne
2655 4119 2783 4188 forte
2813 4114 3071 4171 tentauerit
3096 4128 3183 4166 vos
3212 4112 3298 4179 qui
3340 4118 3492 4163 teutat
3517 4148 3532 4174 ,
3569 4118 3617 4161 et
3642 4108 3807 4161 inanis
3831 4108 3895 4159 sit

2322 4218 2463 4272 labor
2484 4223 2648 4268 noster
2674 4209 2720 4277 (ι
2745 4208 2923 4263 Thess.
2952 4221 3038 4268 ιιι,
3066 4204 3154 4273 5),
3182 4203 3321 4257 Deus
3339 4242 3355 4269 ,
3378 4208 3434 4255 ut
3461 4198 3604 4264 dixi,
3630 4197 3896 4254 neminem

2323 4315 2491 4365 tentat
2508 4346 2524 4373 ,
2551 4304 2653 4359 hoc
2679 4310 2789 4367 est,
2817 4297 3083 4353 neminem
3112 4292 3272 4350 infert
3300 4291 3382 4347 vel
3421 4289 3622 4346 inducit
3649 4289 3704 4343 in
3729 4296 3898 4342 tenta-

2324 4400 2550 4453 tionem.
2581 4393 2713 4449 Nam
2742 4388 2936 4447 tentari
2964 4396 3018 4443 et
3062 4386 3115 4441 in
3159 4384 3507 4440 tentationem
3534 4395 3640 4436 non
3679 4379 3852 4459 inferri
3887 4420 3901 4440 .

2328 4506 2433 4547 non
2455 4497 2537 4546 est
2564 4486 2763 4542 malum
2784 4523 2802 4551 ,
2828 4484 2936 4538 imo
2960 4480 3122 4537 etiam
3149 4478 3348 4534 bonum
3371 4462 3454 4531 est
3480 4492 3493 4528 :
3524 4474 3626 4530 hoc
3652 4482 3736 4529 est
3761 4473 3919 4527 enim.

2328 4578 2566 4652 probari.
2596 4574 2749 4644 Quod
2778 4573 2955 4644 itaque
2982 4569 3207 4627 dicimus
3233 4568 3343 4623 Deo
3363 4606 3376 4633 ,
3413 4565 3496 4621 Ne
3532 4580 3621 4619 nos
3644 4563 3830 4635 inferas
3847 4565 3901 4615 in

2331 4670 2691 4731 tentationem;
2717 4664 2843 4737 quid
2882 4662 3141 4726 dicimus,
3172 4659 3305 4724 nisi,
3350 4656 3427 4712 Ne
3458 4671 3555 4710 nos
3599 4653 3780 4710 inferri
3826 4653 3904 4706 si-

2333 4761 2462 4818 nas?
2488 4757 2641 4816 Unde
2664 4756 2743 4812 sic
2773 4762 2930 4810 orant
2954 4750 3224 4816 nonnulli,
3256 4756 3309 4803 et
3338 4747 3530 4818 legitur
3553 4745 3606 4802 in
3636 4743 3904 4800 codicibus

2332 4850 2608 4924 pluribus,
2639 4856 2693 4902 et
2737 4845 2839 4900 hoc
2861 4844 2937 4899 sic
2979 4841 3157 4912 posuit
3192 4837 3530 4894 beatissimus
3570 4834 3856 4907 Cyprianus
3887 4851 3903 4889 :

2339 4946 2423 5001 Ne
2462 4943 2672 5016 patiaris
2710 4956 2801 4994 nos
2839 4937 3014 4992 induci
3049 4936 3103 4989 in
3147 4935 3486 4988 tentationem.
3508 4928 3587 4999 ,1η
3628 4926 3908 4997 Evangelia

2339 5048 2518 5095 tamen
2542 5047 2717 5106 graeco
2747 5043 3006 5099 nusquam
3036 5026 3234 5092 inveni,
3262 5024 3363 5079 nisi
3383 5065 3399 5091 ,
3429 5021 3513 5077 Ne
3536 5037 3626 5076 nos
3648 5018 3830 5089 inferas
3854 5018 3909 5075 iu

2341 5113 2684 5185 tentationem;
2724 5122 2967 5178 Tutiores
3010 5119 3168 5190 igitur
3214 5116 3474 5181 vivimus,
3529 5114 3573 5169 si
3607 5120 3772 5168 totum
3805 5111 3910 5164 Deo

2341 5220 2563 5283 damus;
2610 5230 2717 5271 non
2765 5221 2942 5267 autem
2990 5223 3088 5265 nos
3114 5208 3189 5263 illi
3233 5222 3299 5262 ex
3342 5214 3524 5276 parte,
3565 5214 3619 5259 et
3668 5202 3815 5258 nobis
3845 5216 3912 5256 ex

2343 5318 2495 5383 parte
2536 5304 2917 5363 committimus
2968 5314 2990 5360 :
3050 5298 3193 5371 quod
3254 5298 3386 5353 vidit
3438 5297 3540 5352 iste
3601 5293 3915 5350 venerabilis

2344 5409 2568 5472 martyr.
2608 5398 2740 5453 Nam
2782 5410 2904 5451 cum
2976 5391 3222 5448 eumdem
3284 5389 3458 5443 locum
3509 5384 3771 5442 Orationis
3826 5399 3920 5438 ex-

2348 5489 2700 5563 poneret,ait
2751 5494 2873 5557 post
2920 5492 3114 5538 caetera
3169 5498 3185 5535 :
3239 5498 3258 5533 ι
3321 5476 3544 5547 Quando
3598 5484 3773 5532 autem
3828 5490 3919 5530 ro-

2349 5596 2568 5654 gamus,
2637 5593 2704 5633 ne
2768 5577 2820 5631 in
2890 5574 3237 5629 tentationem
3308 5568 3614 5633 veniamus;
3672 5564 3924 5622 admone-

2352 5689 2471 5730 mur
2514 5668 2831 5726 infirmitatis
2886 5673 2939 5721 et
2995 5661 3368 5719 imbecillitatis
3396 5667 3635 5743 nostrae,
3675 5657 3798 5714 dum
3846 5657 3924 5713 sic

2417 5768 2435 5797 ι
2470 5763 2587 5812 Editi
2605 5796 2620 5820 ,
2644 5760 2727 5810 sed
2754 5755 2919 5807 animi
2936 5759 3208 5820 sperantur.

2419 5829 2439 5856 ί
2464 5810 2569 5873 Am.
2591 5810 2662 5871 ér.
2690 5828 2741 5871 et
2761 5828 2842 5871 ais:
2910 5810 3102 5878 quando
3124 5827 3215 5864 non
3240 5810 3524 5876 decipimur.
