4102 6472
305 380 442 438 1001

301 507 586 566 rogamus,
616 507 685 548 ne
711 489 831 561 quis
855 503 914 544 se
938 487 1226 544 insolenter
1261 487 1516 554 extollat,
1543 503 1612 545 ne
1635 486 1753 557 quis
1783 483 1890 541 sibi

300 585 534 657 superbe
597 593 652 640 et
710 590 1022 652 arroganter
1071 580 1270 651 aliquid
1323 589 1593 645 assumat,
1645 593 1713 633 ne
1769 578 1889 648 quis

302 690 396 735 aut
423 677 778 735 confessionis
801 685 892 732 aut
923 675 1184 746 passionis
1205 675 1425 746 gloriam
1455 690 1603 731 suam
1634 673 1792 728 ducat
1820 673 1836 704 ¹
1875 690 1889 729 :

301 785 426 827 cum
455 769 712 824 Dominus
739 769 855 838 ipse
882 767 1235 823 humilitatem
1265 766 1464 823 docens
1488 809 1501 832 ,
1530 765 1758 834 dixerit,
1800 763 1890 818 Vi-

301 864 459 935 gilatc
501 872 549 918 et
616 870 786 926 orate,
844 878 908 916 ne
944 862 1155 918 veniatis
1191 863 1244 915 in
1289 862 1641 925 tentationem;
1683 857 1890 928 spiritus

301 956 507 1027 quidem
528 965 790 1027 promptus
810 963 903 1021 est,
931 972 1051 1010 caro
1079 965 1246 1010 autem
1270 955 1475 1022 inﬁrma
1502 949 1718 1024 (Matth.
1739 966 1888 1019 xxvr,

303 1047 398 1119 tl)
428 1065 442 1101 :
471 1055 528 1101 ut
549 1045 676 1101 dum
699 1045 950 1114 praecedit
976 1045 1187 1100 humilis
1214 1053 1267 1100 et
1292 1043 1555 1098 submissa
1582 1040 1851 1098 confessio
1871 1081 1886 1110 ,

307 1149 364 1196 et
385 1141 543 1196 datur
567 1149 730 1194 totum
761 1138 900 1205 Deo,
928 1137 1179 1207 quidquid
1210 1135 1521 1206 suppliciter
1547 1149 1671 1190 cum
1700 1133 1890 1189 timore

310 1232 408 1287 Dei
439 1232 661 1301 petitur,
692 1229 858 1298 ipsius
888 1229 1083 1298 pietate
1114 1235 1418 1298 priestetur.
1457 1245 1476 1280 ι

387 1323 612 1380 CAPUT
651 1319 758 1376 Vll.
791 1322 978 1376 -15.
1018 1321 1072 1377 Si
1116 1336 1245 1391 ergo
1274 1321 1378 1374 alia
1418 1320 1738 1376 documenta
1783 1332 1891 1374 non

312 1424 496 1473 essent
514 1458 530 1481 ,
581 1415 694 1469 haec
721 1413 987 1470 dominica
1016 1415 1189 1469 oratio
1232 1413 1388 1469 nobis
1428 1414 1495 1468 ad
1525 1427 1743 1469 causam
1768 1427 1894 1482 gra-

312 1508 433 1574 tiae,
464 1523 620 1578 quam
667 1505 1039 1573 defendimus,
1094 1507 1207 1562 sola
1249 1505 1522 1562 sufficeret
1554 1522 1565 1558 :
1597 1505 1719 1574 quia
1763 1504 1893 1558 nihil

307 1599 466 1654 nobis
487 1600 702 1670 reliquit
727 1601 771 1668 ³,
800 1599 853 1654 in
882 1614 989 1668 quo
1015 1606 1264 1668 tanquam
1291 1597 1343 1651 in
1375 1605 1561 1652 nostro
1579 1596 1890 1667 gloriemur.

307 1683 582 1760 Siquidem
612 1701 666 1745 et
695 1699 752 1745 ut
779 1705 884 1746 non
910 1688 1247 1747 discedamus
1276 1703 1306 1742 a
1336 1688 1448 1743 Deo
1468 1730 1482 1753 ,
1514 1703 1620 1742 non
1661 1685 1895 1742 ostendit

309 1780 549 1836 dandum
576 1796 698 1836 esse
724 1781 824 1836 nisi
850 1797 879 1835 a
911 1781 1051 1848 Deo,
1097 1795 1218 1835 cum
1250 1779 1573 1850 poscendum
1603 1778 1836 1834 ostendit
1864 1791 1894 1830 a

308 1872 442 1928 Deo.
469 1873 567 1941 Qui
592 1874 735 1928 enim
762 1889 868 1928 non
896 1871 1120 1933 infertur
1149 1873 1200 1926 in
1231 1873 1576 1937 lentationem
1597 1913 1612 1938 ,
1643 1887 1750 1926 non
1782 1870 1894 1925 dis-

310 1965 455 2020 cedit
481 1980 510 2020 a
541 1965 671 2019 Deo.
701 1964 819 2020 Non
841 1973 924 2020 est
949 1963 1053 2019 hoc
1079 1963 1295 2018 omnino
1318 1962 1373 2017 in
1402 1963 1602 2017 viribus
1632 1960 1785 2016 liberi
1809 1975 1899 2014 ar-

314 2057 460 2112 bitrii
479 2099 495 2124 ,
523 2056 710 2128 quales
733 2073 876 2111 nunc
901 2064 1060 2111 sunt:
1089 2055 1259 2110 fuerat
1285 2054 1338 2109 in
1365 2054 1583 2109 homine
1611 2063 1896 2122 antequam

312 2148 546 2206 caderet.
579 2150 709 2216 Quae
741 2159 916 2204 tamen
958 2149 1174 2203 libertas
1197 2145 1484 2202 voluntatis
1527 2147 1580 2199 in
1614 2145 1756 2199 illius
1785 2143 1897 2214 pri-

311 2258 416 2298 mae
440 2242 764 2299 conditionis
807 2241 1113 2312 praestantia
1161 2248 1416 2311 quantum
1440 2237 1695 2302 valuerit,
1735 2249 1901 2306 appa-

312 2334 423 2390 ruit
462 2335 516 2390 in
560 2333 805 2405 Angelis,
836 2335 958 2404 qui,
995 2333 1208 2388 diabolo
1231 2347 1352 2387 cum
1382 2331 1493 2387 suis
1536 2329 1761 2387 cadente
1785 2371 1801 2398 ,
1843 2328 1899 2384 in

315 2430 540 2484 veritate
581 2436 870 2494 steterunt,
903 2435 958 2482 et
983 2426 1051 2482 ad
1077 2428 1418 2483 securitatem
1451 2431 1759 2495 perpetuam
1790 2437 1897 2479 non

319 2521 579 2589 cadendi,
622 2521 674 2576 in
713 2535 815 2591 qua
864 2533 1007 2574 nunc
1043 2534 1138 2576 eos
1182 2532 1302 2574 esse
1345 2516 1630 2595 certissimi
1672 2529 1856 2570 sumus
1881 2557 1896 2583 ,

322 2613 604 2684 pervenire
661 2620 988 2669 meruerunt.
1057 2613 1184 2668 Post
1247 2626 1428 2666 casum
1479 2618 1658 2665 autem
1723 2608 1898 2663 homi-

321 2705 447 2771 nis,
494 2705 701 2759 nonnisi
745 2703 810 2759 ad
857 2703 1081 2774 gratiam
1133 2717 1283 2758 suam
1331 2702 1471 2756 Deus
1529 2701 1692 2756 voluit
1735 2699 1902 2770 perti-

321 2813 487 2865 nere,
518 2807 574 2853 ut
599 2798 756 2852 homo
796 2796 1013 2852 accedat
1041 2796 1107 2850 ad
1149 2812 1304 2862 eum;
1353 2810 1527 2867 neque
1552 2795 1655 2850 nisi
1680 2793 1747 2849 ad
1775 2783 1926 2865 ενι-⁸

319 2889 448 2944 tiam
491 2904 640 2945 suam
694 2889 860 2945 voluit
900 2889 1198 2960 pertinere,
1247 2896 1308 2944 ut
1335 2889 1493 2944 homo
1536 2901 1644 2942 non
1687 2884 1905 2943 recedat

316 2980 387 3036 ab
413 2995 499 3037 eo.

389 3075 477 3130 14.
524 3073 675 3131 Hanc
717 3074 943 3145 gratiam
987 3074 1165 3143 posuit
1203 3073 1260 3129 in
1302 3073 1429 3142 illo,
1461 3073 1512 3127 in
1552 3088 1658 3144 quo
1701 3079 1902 3130 sortem

315 3165 589 3222 consecuti
640 3180 856 3234 sumus,
910 3165 1269 3236 praedestinati
1317 3163 1610 3220 secundum
1654 3164 1901 3236 proposi-

317 3267 428 3314 tum
476 3258 592 3329 ejus
643 3259 732 3329 qui
777 3257 1024 3313 universa
1070 3265 1341 3328 Operatur.
1391 3256 1470 3311 Ac
1496 3271 1592 3326 per
1616 3254 1724 3312 hoc
1767 3254 1907 3312 sicut

319 3360 570 3422 operatur
597 3357 658 3406 ut
682 3349 1001 3406 accedamus
1019 3392 1035 3418 ,
1062 3349 1140 3404 sic
1177 3359 1428 3421 operatur
1456 3363 1524 3404 ne
1543 3348 1902 3404 discedamus.

322 3441 548 3514 Propter
590 3442 732 3513 quod
778 3443 827 3499 ei
870 3457 966 3512 per
1004 3440 1318 3512 prophetam
1344 3440 1366 3473 ³
1389 3441 1589 3496 dictum
1617 3449 1734 3509 est,
1783 3438 1906 3494 Fiat

323 3552 505 3592 manus
535 3545 621 3589 tua
655 3552 804 3606 super
828 3536 988 3590 uirum
1018 3535 1237 3589 dextera!
1279 3544 1410 3602 tua,
1458 3544 1505 3590 et
1549 3550 1703 3604 super
1745 3532 1898 3604 ftiun'

326 3628 545 3682 hominis
568 3645 714 3698 quem
732 3628 1038 3697 conﬁrmasti
1065 3626 1192 3694 tibi;
1241 3635 1288 3681 et
1311 3642 1414 3681 non
1445 3626 1748 3681 discedimus
1790 3643 1823 3680 a
1858 3633 1907 3681 te

326 3717 496 3790 (Psat.
529 3735 718 3786 Luix,
752 3718 970 3785 18,19).
1005 3718 1108 3773 Iste
1156 3726 1301 3774 certe
1345 3732 1449 3774 non
1487 3726 1569 3773 est
1596 3717 1764 3772 Adam
1796 3717 1905 3786 pri-

324 3826 475 3879 mus,
524 3812 576 3865 in
622 3826 727 3880 quo
755 3810 1098 3865 discessimus
1127 3809 1194 3864 ab
1219 3824 1285 3865 eo
1318 3827 1330 3862 :
1359 3809 1454 3864 sed
1485 3808 1650 3864 Adam
1682 3807 1910 3862 novissi-

322 3919 471 3967 mus,
494 3919 658 3973 super
681 3918 838 3972 quem
868 3904 924 3956 lit
949 3916 1136 3955 manus
1163 3901 1313 3970 ejus,
1344 3911 1403 3955 ut
1431 3916 1536 3954 non
1567 3899 1906 3956 discedamus

320 3995 388 4051 ab
432 4011 516 4051 eo.
562 3995 807 4050 Christus
835 3995 979 4049 enim
1022 4002 1163 4048 totus
1191 4008 1312 4048 cum
1352 3993 1606 4049 membris
1645 3993 1756 4048 suis
1782 4001 1902 4060 est,

322 4095 539 4158 propter
585 4085 883 4140 Ecslesiam
905 4126 920 4150 ,
967 4100 1087 4155 qua:
1134 4091 1216 4140 est
1241 4099 1436 4154 corpus
1461 4082 1608 4154 ejus,
1637 4082 1907 4152 plenitudo

322 4178 462 4247 ejus.
490 4177 622 4233 Cum
653 4193 780 4249 ergo
808 4178 866 4232 lit
887 4191 1047 4246 super
1071 4191 1192 4230 eum
1223 4191 1409 4229 manus
1439 4174 1553 4238 Dei,
1582 4183 1639 4230 ut
1663 4190 1767 4230 non
1795 4174 1901 4230 dis-

328 4270 578 4325 cedamus
614 4285 644 4324 a
691 4272 834 4337 Deo,
887 4270 952 4325 ad
998 4285 1096 4324 nos
1141 4269 1323 4338 utique
1367 4268 1607 4337 pervenit
1649 4283 1784 4338 opus
1815 4267 1907 4323 Dei

336 4361 463 4434 (hoc
507 4370 590 4416 est
632 4363 775 4417 enim
802 4360 826 4394 ⁸
850 4377 1038 4418 manus
1080 4359 1195 4432 Dei)
1235 4357 1419 4430 :quo'
1446 4375 1608 4429 opere
1654 4359 1748 4414 Dei
1774 4359 1830 4413 ﬁt
1851 4367 1909 4414 ut

331 4453 498 4506 simus
520 4451 573 4506 in
595 4453 806 4507 Christo
833 4459 1198 4522 permanentes
1226 4467 1346 4506 cum
1375 4451 1521 4517 Deo;
1555 4466 1658 4506 non
1690 4451 1826 4506 sicut
1854 4451 1908 4506 in

331 4543 530 4609 Adam,
579 4543 909 4598 discedentes
955 4560 983 4597 a
1029 4545 1156 4599 Deo.
1189 4542 1243 4598 ln
1287 4541 1499 4597 Christo
1526 4541 1668 4596 enim
1708 4552 1908 4598 sortem

328 4638 606 4694 consecuti
650 4651 868 4704 sumus,
920 4636 1276 4706 praedestinati
1319 4633 1613 4691 secundum
1659 4636 1908 4705 proposi-

329 4740 440 4786 tum
486 4731 605 4802 ejus
648 4731 738 4801 qui
781 4730 1022 4786 universa
1065 4738 1334 4800 operatur.
1376 4729 1561 4783 Manus
1610 4728 1769 4799 igitur
1814 4729 1908 4783 Dei

329 4831 412 4876 est
438 4821 569 4885 ista,
597 4836 706 4875 non
751 4831 930 4876 nostra
952 4862 967 4887 ,
1001 4828 1058 4875 ut
1086 4836 1192 4876 non
1219 4819 1555 4876 discedamus
1580 4835 1611 4874 a
1641 4819 1769 4874 Deo.
1802 4820 1910 4874 Ma—

329 4926 462 4979 lus,
514 4913 762 4983 inquam,
812 4912 928 4984 ejus
976 4920 1060 4968 est
1106 4912 1238 4977 ista,
1294 4910 1384 4980 qui
1435 4911 1596 4977 dixit,
1654 4910 1910 4966 Timorem

333 5025 491 5062 meum
517 5007 646 5062 dabo
675 5008 728 5061 in
747 5023 834 5062 cor
857 5023 1051 5072 eorum,
1072 5014 1130 5060 ut
1153 5022 1186 5060 a
1212 5021 1290 5061 me
1314 5022 1415 5060 non
1440 5004 1675 5060 recedant
1692 5003 1904 5077 (Jerem.

332 5113 482 5152 χιιι]
504 5139 521 5166 ,
543 5097 656 5172 ιθ).

409 5190 495 5244 15.
527 5190 748 5259 Propter
787 5189 930 5260 quod
958 5199 1014 5246 et
1055 5190 1198 5261 posci
1228 5205 1258 5243 a
1284 5205 1343 5245 se
1370 5190 1566 5258 voluit,
1600 5204 1668 5245 ne
1711 5188 1911 5246 infera-

333 5295 454 5334 tnur
481 5279 537 5334 in
561 5281 904 5338 tentationem
936 5299 950 5336 :
979 5281 1102 5353 quia
1127 5288 1181 5337 et
1221 5281 1266 5336 si
1292 5296 1398 5336 non
1425 5281 1703 5337 inferimur
1721 5320 1738 5349 ,
1766 5280 1908 5336 nulla

394 5515 412 5550 ί
447 5516 596 5568 tidem
613 5517 824 5580 codices,
845 5514 996 5580 dicat.

392 5580 415 5644 ξ
438 5580 636 5644 Aliquot
656 5587 785 5639 Itss.,
809 5577 1060 5644 relinquit.

393 5641 417 5675 ³
447 5640 898 5707 Aliquot_ttss.,_per
919 5640 1235 5707 prophetiam.

393 5707 416 5736 δ
449 5702 700 5763 Particula,
723 5702 872 5764 enim,
894 5702 1040 5764 abeS't
1067 5717 1096 5753 a
1118 5704 1277 5754 veteri
1301 5703 1465 5753 codice
1489 5703 1782 5753 corbeiensi.

389 5767 410 5800 ³
442 5767 517 5829 sic
536 5762 692 5818 nostri
703 5762 941 5818 omneéet
963 5762 1143 5828 Belgici
1165 5771 1269 5816 tres
1290 5765 1617 5828 manuscripti.
1643 5765 1759 5816 Editi
1773 5778 1910 5829 vero,

441 5937 449 5942 ·
769 5910 998 5978 Sacr.
1042 5911 1322 5976 Ancon.
1366 5911 1449 5972 Χ..

1329 373 1530 430 LIBER
1567 373 1654 429 DE
1695 368 1872 428 ΒΟΝο
1908 369 2532 431 ΡΕΒΞΕἾΕΒΑΝΤΙΑΞ.

3440 379 3578 438 1003

1995 483 2063 538 ab
2085 498 2149 538 eo
2173 484 2380 540 ratione
2405 485 2750 543 discedimus.
2779 486 2929 554 Quod
2962 497 3168 559 poterat
3197 489 3349 545 nobis
3377 496 3432 546 et
3461 507 3573 548 non

1997 576 2270 632 orantibus
2307 577 2419 632 dari
2464 596 2478 632 :
2527 579 2622 635 sed
2659 581 2900 636 oratione
2939 592 3118 638 nostra
3148 598 3246 638 nos
3278 584 3444 640 voluit
3472 585 3572 641 ad-

1997 666 2223 734 moneri,
2249 683 2278 722 a
2304 685 2408 738 quo
2431 671 2747 739 accipiamus
2775 672 2891 729 haec
2909 673 3186 730 beneficia.
3209 675 3254 731 A
3279 691 3385 746 quo
3407 677 3576 746 enim,

1998 756 2099 810 nisi
2126 758 2195 814 ab
2215 758 2308 814 illo
2330 760 2650 829 accipimus,
2682 777 2712 817 a
2733 779 2838 835 quo
2862 765 3070 834 jussum
3098 775 3179 822 est
3205 775 3263 823 ut
3293 770 3578 838 petamus?

1998 850 2226 908 Prorsus
2267 853 2320 907 in
2365 853 2464 908 hac
2507 871 2564 909 re
2613 872 2720 912 non
2765 872 3020 928 operosae
3065 859 3452 930 dieputationes
3477 877 3576 918 ex-

1998 952 2203 1013 spectet
2231 945 2468 1002 Ecclesia
2502 964 2515 1000 :
2546 948 2640 1004 sed
2668 951 2905 1006 attendat
2948 952 3282 1021 quotidianas
3306 955 3578 1011 orationes

1998 1051 2142 1092 suas.
2164 1038 2325 1105 Orat,
2354 1047 2412 1094 ut
2437 1041 2693 1097 increduli
2733 1044 2956 1098 credant
2985 1061 2997 1096 :
3029 1045 3169 1098 Deus
3199 1061 3325 1116 ergo
3349 1062 3578 1103 conver-

1998 1129 2061 1184 tit
2086 1129 2153 1184 ad
2180 1131 2335 1186 ﬁdem
2364 1132 2404 1188 ί.
2431 1132 2589 1198 Orat,
2622 1142 2678 1188 ut
2704 1133 2986 1189 credentes
3022 1145 3363 1204 perseverent
3393 1157 3404 1192 :
3435 1139 3578 1194 Deus

1998 1234 2128 1290 ergo
2155 1220 2318 1276 donat
2338 1223 2786 1292 perseverantiam
2812 1239 2975 1294 usque
3000 1225 3051 1278 in
3079 1226 3259 1282 finem.
3290 1228 3414 1283 Haec
3439 1229 3580 1283 Deus

2000 1311 2261 1368 facturum
2292 1331 2350 1369 se
2378 1330 2499 1371 esse
2530 1317 2794 1386 praescivit
2821 1317 2842 1349 ³
2873 1335 2887 1372 :
2919 1316 3036 1387 Ipsa
3065 1328 3148 1376 est
3185 1320 3582 1390 praedestinatio

2001 1416 2305 1462 sanctorum
2326 1450 2340 1474 ,
2371 1423 2507 1478 quos
2529 1409 2675 1480 elegit
2716 1410 2770 1462 in
2806 1407 3007 1464 Christo
3036 1421 3151 1465 ante
3177 1413 3584 1466 constitutionem

2001 1497 2212 1565 mundi,
2242 1508 2297 1552 ut
2319 1509 2499 1564 essent
2520 1501 2684 1554 sancti
2706 1509 2755 1555 et
2782 1502 3089 1556 immaculatt
3110 1519 3163 1558 in
3187 1513 3453 1575 conspectu
3475 1505 3586 1574 ejus

2001 1589 2055 1642 in
2101 1589 2385 1656 charitate;
2425 1593 2784 1661 prazdestinans
2811 1595 2906 1650 éos
2928 1595 2981 1648 in
3017 1595 3336 1666 adeptionem
3364 1597 3588 1666 ﬁliorum

2004 1698 2094 1752 per
2115 1681 2292 1738 Jesum
2321 1682 2576 1739 Christum
2608 1686 2660 1739 in
2697 1685 2863 1756 ipsum
2881 1729 2898 1753 ,
2923 1688 3200 1742 secundum
3229 1688 3475 1760 placitum
3501 1705 3588 1744 uo-

2003 1773 2210 1830 luntatis
2237 1791 2343 1831 suis
2368 1777 2422 1831 in
2452 1777 2652 1832 laudem
2680 1779 2856 1850 gloria:
2879 1781 3056 1851 gratim
3082 1797 3217 1847 sua,
3255 1781 3309 1835 iu
3333 1799 3432 1851 qua
3468 1799 3589 1852 gra-

2003 1867 2208 1936 tiﬁcavit
2236 1883 2328 1923 eos
2351 1869 2403 1923 in
2429 1869 2611 1924 dilecto
2633 1868 2773 1924 Filio
2797 1888 2888 1926 suo
2908 1913 2922 1940 ,
2954 1872 3005 1925 in
3031 1889 3130 1942 quo
3156 1871 3355 1929 habent
3389 1872 3590 1928 redem-

2005 1959 2225 2029 ptionem
2254 1977 2342 2028 per
2365 1961 2657 2030 sanguinem
2683 1961 2845 2032 ipsius
2865 2004 2879 2027 ,
2902 1963 3246 2018 remissionem
3266 1973 3587 2034 peccatorum

2003 2050 2278 2104 secundum
2315 2051 2516 2106 divitias
2544 2053 2722 2122 gratia:
2750 2055 2893 2125 ejus,
2943 2070 3058 2121 qua
3077 2056 3353 2110 abundavit
3395 2056 3451 2110 in
3492 2072 3589 2112 eos

2003 2140 2058 2195 in
2082 2142 2219 2195 omni
2247 2143 2492 2212 sapientia
2516 2152 2559 2195 et
2586 2144 2890 2214 prudentia;
2919 2153 2975 2198 ut
3001 2147 3276 2200 ostenderet
3301 2145 3380 2201 eis
3404 2156 3592 2217 myste-

2005 2231 2140 2285 rium
2193 2232 2464 2287 voluntatis
2524 2251 2632 2289 sua:
2694 2235 2967 2290 secundum
3039 2236 3220 2291 bonam
3283 2237 3590 2292 voluntatem

2004 2339 2182 2389 suum,
2211 2341 2360 2394 quam
2400 2326 2658 2397 proposuit
2694 2328 2747 2380 in
2771 2327 2893 2392 illo,
2925 2328 2980 2381 in
3018 2329 3389 2396 dispensatione
3430 2329 3592 2399 pleni-

2006 2414 2193 2469 tudinis
2214 2424 2492 2484 temporum
2512 2458 2526 2480 ,
2552 2417 2836 2470 instaurare
2871 2418 3040 2472 omnia
3076 2419 3130 2472 in
3151 2417 3349 2474 Christo
3391 2435 3509 2489 quis
3536 2419 3588 2475 in

2004 2507 2143 2560 catis
2169 2515 2355 2562 suntet
2379 2523 2493 2578 qua:
2520 2508 2573 2561 in
2596 2509 2739 2562 terris
2763 2508 2816 2562 in
2838 2508 2984 2578 ipso;
3011 2510 3064 2563 in
3091 2527 3190 2580 quo
3224 2511 3374 2565 etiam
3402 2521 3449 2565 et
3477 2528 3593 2566 sor-

2007 2605 2108 2653 tem
2137 2603 2385 2653 consecuti
2413 2615 2588 2653 sumus
2609 2639 2625 2664 ,
2676 2599 3018 2668 prwdestinati
3057 2603 3334 2655 secundum
3363 2602 3596 2672 proposi-

2008 2699 2115 2745 tum
2159 2692 2247 2762 qui
2283 2692 2516 2746 universa
2557 2701 2795 2763 operatur
2825 2691 3042 2764 (Ephes.
3096 2710 3147 2762 1,
3178 2695 3356 2766 4-H).
3398 2697 3596 2751 Contra

2007 2780 2163 2838 istam
2206 2784 2448 2840 veritatis
2494 2794 2600 2840 tam
2638 2785 2835 2840 claram
2881 2786 3096 2854 tubam,
3141 2788 3258 2858 quis
3301 2787 3462 2844 homo
3508 2804 3594 2844 so-

2007 2873 2140 2934 briae
2181 2877 2552 2948 vigilantisque
2578 2877 2700 2933 ﬁdei
2739 2892 2900 2935 voces
2946 2879 3082 2938 ullas
3127 2879 3372 2936 admittat
3409 2882 3597 2936 huma-

2007 2969 2139 3025 nas?

2080 3061 2307 3120 CAPUT
2336 3063 2471 3119 Vlll.
2501 3093 2572 3104 -—
2593 3063 2680 3120 l6.
2726 3063 2834 3120 Sed
2865 3082 2886 3116 ‹
2914 3080 3043 3133 cur,
3080 3085 3108 3122 ι,
3128 3066 3299 3137 inquit
3319 3108 3332 3134 ,
3368 3085 3388 3120 ‹
3423 3069 3592 3138 gratia

2010 3155 2111 3212 Dei
2166 3173 2270 3212 non
2319 3157 2611 3213 secundum
2654 3158 2842 3213 merita
2888 3157 3166 3215 hominum
3213 3160 3402 3215 datur?
3438 3179 3457 3213 ι
3493 3161 3597 3217 Be-

2009 3249 2268 3318 spondeo,
2296 3248 2556 3318 Quoniam
2587 3249 2726 3304 Deus
2756 3250 3061 3307 misericors
3087 3262 3188 3307 est.
3214 3270 3234 3304 ε
3257 3251 3368 3308 Cur
3391 3268 3539 3322 ergo,
3572 3272 3592 3306 ι

2010 3339 2210 3412 inquit,
2249 3359 2270 3393 ι
2307 3355 2415 3395 non
2463 3341 2750 3398 omnibus?
2780 3360 2799 3394 ι
2832 3341 2902 3401 Ει
2946 3341 3033 3398 hic
3078 3344 3378 3414 respondeo
3400 3386 3416 3411 ,
3449 3344 3596 3414 Quo-

2010 3430 2152 3485 niam
2184 3430 2326 3486 Deus
2347 3429 2515 3499 judex
2559 3440 2641 3486 est
2669 3431 2710 3484 ³.
2762 3432 2840 3488 Ac
2881 3447 2976 3502 per
3019 3431 3121 3488 hoc
3149 3442 3203 3488 et
3245 3435 3411 3505 gratis
3435 3434 3503 3488 ab
3533 3451 3597 3490 co

2010 3519 2169 3578 datur
2192 3521 2386 3592 gratia;
2419 3530 2472 3577 et
2491 3521 2638 3593 justo
2659 3522 2774 3592 ejus
2809 3523 2862 3577 in
2889 3523 3004 3578 aliis
3025 3523 3225 3594 judicio
3251 3523 3592 3580 demonstra-

2013 3620 2133 3679 tur,
2161 3611 2286 3681 quid
2310 3612 2362 3666 in
2385 3610 2409 3644 δ
2435 3614 2513 3667 eis
2551 3612 2743 3682 quibus
2787 3611 2945 3668 datur
2969 3613 3212 3669 conferat
3253 3616 3442 3685 gratia.
3477 3615 3594 3670 Non

2013 3705 2191 3775 itaque
2219 3704 2388 3759 simus
2417 3704 2645 3775 ingrati,
2693 3704 2835 3775 quod
2877 3706 3169 3760 secundum
3211 3707 3461 3775 placitum
3505 3721 3600 3762 vo-

2013 3797 2229 3854 luntatis
2256 3812 2366 3853 suae
2387 3839 2400 3864 ,
2431 3798 2483 3852 in
2510 3797 2720 3852 laudem
2748 3797 2931 3867 gloriae
2970 3800 3153 3868 gratiae
3190 3813 3301 3854 suae
3327 3808 3435 3854 tam
3455 3800 3596 3856 mul-

2011 3898 2097 3946 tos
2121 3890 2312 3946 liberat
2340 3890 2645 3946 misericors
2673 3891 2813 3945 Deus
2838 3890 2906 3945 de
2929 3899 3036 3945 tam
3061 3891 3242 3947 debita
3273 3892 3606 3962 perditione,

2014 3995 2069 4040 ut
2096 3985 2141 4039 si
2165 3984 2289 4040 inde
2317 3985 2589 4040 neminem
2617 3983 2904 4050 liberaret,
2935 4000 3039 4040 non
3073 3994 3218 4042 esset
3247 3986 3492 4057 injustas.
3517 3988 3599 4043 Ex

2013 4091 2120 4131 uno
2141 4077 2334 4145 quippe
2374 4090 2560 4130 omnes
2589 4075 2640 4129 in
2672 4076 3169 4131 condemnationem
3213 4092 3318 4132 non
3349 4077 3598 4147 injustam

2009 4167 2226 4238 judicati
2247 4175 2370 4222 sunt
2397 4168 2496 4230 ire,
2525 4166 2618 4222 sed
2643 4167 2859 4236 justam.
2885 4167 2985 4234 Qui
3007 4182 3134 4238 ergo
3155 4167 3411 4223 liberatur
3431 4210 3444 4232 ,
3472 4184 3566 4239 gra

2014 4262 2139 4314 tiam
2162 4260 2363 4331 diligat,
2383 4261 2471 4330 qui
2490 4274 2595 4314 non
2623 4259 2899 4326 liberatur,
2919 4259 3156 4315 debitum
3172 4269 3442 4331 agnoscat.
3467 4260 3521 4316 Si
3544 4263 3596 4315 in

2013 4351 2332 4408 remittendo
2347 4351 2526 4406 debito
2539 4351 2825 4414 bonitas,in
2842 4351 3102 4422 exigendo
3121 4354 3344 4421 aequitas
3358 4351 3595 4422 intelligi-

2016 4454 2118 4509 tur,
2161 4458 2422 4512 nuSquam
2451 4458 2569 4498 esse
2601 4443 2736 4512 apud
2768 4444 2931 4498 Deum
2957 4445 3207 4514 iniquitas
3233 4443 3521 4498 invenitur.

2086 4534 2171 4588 l7.
2207 4552 2228 4585 ‹
2260 4532 2364 4590 Sed
2395 4549 2518 4600 cur,
2552 4553 2571 4586 ι
2605 4534 2806 4603 inquit,
2843 4552 2861 4586 ι
2900 4549 3004 4588 non
3041 4534 3212 4588 solum
3259 4534 3312 4589 in
3354 4536 3587 4606 parvulo

2013 4641 2162 4690 rum,
2196 4641 2378 4680 verum
2407 4627 2566 4681 etiam
2593 4626 2647 4680 in
2684 4626 3015 4696 geminorum
3077 4643 3177 4680 una
3214 4638 3371 4698 atque
3411 4629 3598 4685 eadem

2014 4733 2211 4786 causa,
2265 4729 2372 4773 tam
2434 4717 2702 4774 diversum
2757 4719 3052 4788 judicium?
3098 4739 3118 4772 ι
3169 4720 3357 4776 Nonne
3409 4723 3599 4780 similis

2017 4811 2240 4883 quaestio
2286 4821 2402 4878 est,
2448 4827 2546 4869 cur
2592 4814 2643 4867 in
2675 4813 2883 4868 diversa
2930 4829 3088 4869 causa
3136 4815 3275 4871 idem
3298 4816 3603 4886 judicium?

2015 4903 2335 4959 Recolamus
2360 4904 2519 4974 igitur
2549 4905 2671 4960 illos
2695 4906 2967 4974 operarios
2999 4907 3050 4960 in
3076 4907 3230 4961 vinea
3258 4909 3346 4978 qui
3375 4919 3484 4964 toto
3514 4911 3601 4965 dic

2016 4996 2427 5062 laboraverunt,
2457 5006 2510 5052 et
2531 5011 2624 5052 eos
2649 4997 2739 5066 qui
2766 4997 2894 5052 hora
2922 5014 3025 5052 una
3056 5017 3070 5054 :
3099 5016 3290 5070 nempe
3314 5018 3473 5058 causa
3513 5004 3596 5058 di.

2015 5106 2168 5147 versa
2211 5099 2293 5146 est
2318 5091 2542 5162 impensi
2590 5091 2812 5154 laboris,
2861 5099 2915 5146 et
2944 5101 3123 5147 tamen
3167 5094 3303 5149 idem
3341 5096 3598 5165 judicium

2016 5181 2070 5237 in
2112 5182 2410 5238 redditione
2434 5183 2456 5216 ⁸
2481 5181 2768 5249 mercedis.
2814 5181 3080 5253 Numquid
3113 5193 3166 5240 et
3191 5185 3277 5240 hic
3317 5188 3599 5242 audierunt

2079 5337 2096 5368 ι
2129 5335 2265 5397 mliti,
2316 5334 2542 5386 cmvertit
2576 5348 2656 5388 eos
2692 5335 2757 5388 ad
2801 5333 2968 5400 fidem.
3007 5337 3310 5399 lanuscriptt
3354 5344 3597 5399 emunt,

2014 5410 2298 5532 “iamet
2319 5465 2426 5532 tam:
2457 5467 2554 5509 Hoc
2581 5467 2708 5532 gens
2723 5459 3333 5532 futurumesse‘prwscivit‘.
3359 5465 3597 5532 Comere-.-

2014 5528 2130 5572 tunt
2156 5523 2492 5584 ,bovanienses
2514 5519 2902 5584 enBelgicorum
2927 5530 3031 5571 MSS.
3059 5520 3152 5570 ﬁde
3169 5554 3185 5580 ,
3226 5521 3404 5583 quibus
3433 5519 3595 5572 Gallici

2015 5583 2168 5634 nostri
2181 5589 2245 5646 et
2257 5583 2464 5646 Vaticani
2486 5582 2830 5646 sulfraga'ntur.

2079 5645 2102 5708 9
2133 5644 2275 5708 Editi,
2292 5642 2456 5708 judea:
2468 5642 2736 5708 jusktsftast.
2764 5646 2928 5708 abest,
2941 5643 3133 5708 justus,
3173 5656 3198 5708 a
3246 5646 3594 5708 manuscriptis.

2078 5705 2268 5817 “Egisti,
2293 5703 2408 5769 quid
2454 5703 2521 5758 eis
2567 5705 2736 5770 quibus
2757 5705 2924 5768 datur;
2945 5703 3152 5765 emisso,
3175 5703 3244 5766 in,
3268 5707 3396 5769 quod
3439 5703 3602 5759 existat

2321 5836 2448 5891 Mss,
2473 5827 2802 5882 redhibitione.

2843 5915 3361 5992 {ﬂente—deum.)
3451 5945 3506 6006 Γ..
3544 5918 3568 5955 -ξ
3621 5946 3623 5950 ,
