4102 6472
617 325 756 382 1005

615 443 1011 495 murmurantes
1057 449 1086 487 a
1131 426 1545 500 patret'amiiias,
1587 424 1720 490 nisi,
1768 421 1881 480 Hoc
1919 423 2076 479 volo?
2118 421 2193 478 ιω

615 532 815 604 quippe
833 529 947 600 ejus
972 539 1091 596 erga
1117 523 1250 578 alios
1272 521 1370 576 fuit
1395 505 1632 590 largitas,
1663 524 1728 573 ut
1743 532 1870 590 erga
1891 517 2026 574 alios
2053 517 2198 574 nulla

615 599 765 680 esset
786 599 1054 688 iniquitas.
1086 613 1154 668 Et
1175 611 1262 667 isti
1285 607 1500 684 quidem
1535 607 1748 678 utrique
1778 609 1829 662 in
1852 607 2009 664 bonis
2033 619 2196 665 sunt:

614 721 980 779 verumtamen
1015 713 1270 779 quantum
1319 705 1386 760 ad
1424 703 1684 776 justitiam
1736 709 1943 773 spectat
1984 711 2038 758 et
2079 717 2200 774 gra-

614 793 740 862 uiam
761 776 980 876 ,“potest'
1006 776 1060 856 et
1098 799 1164 855 de
1209 814 1304 856 reo
1332 797 1420 870 qui
1446 797 1740 862 liberatur,
1771 804 1919 852 recte
1955 783 2062 854 dici
2105 813 2198 852 reo

614 893 700 968 qui
732 881 1013 974 damnatur
1042 883 1084 962 ε’,
1111 879 1260 946 Tolle
1297 883 1435 962 quod
1481 898 1624 942 tuum
1651 897 1752 955 est,
1782 896 1830 942 et
1871 887 2036 974 uade;
2083 889 2198 942 huic

617 967 778 1042 iutem
801 967 912 1040 volo
933 983 1078 1056 quod
1101 999 1204 1038 non
1231 981 1454 1038 debetur
1479 979 1690 1036 donare.
1722 981 1801 1034 An
1827 997 1928 1035 non
1948 967 2062 1036 licet
2104 979 2200 1034 mi-

609 1078 664 1134 r'ti
689 1081 857 1149 facere
877 1075 1016 1146 quod
1051 1070 1202 1130 volo!
1238 1071 1318 1128 Au
1342 1063 1516 1128 oculus
1545 1079 1660 1126 tuus
1688 1061 1901 1142 nequam
1937 1077 2010 1126 est
2033 1058 2060 1138 ,I
2079 1071 2200 1143 quia

608 1185 702 1242 ego
732 1150 912 1223 bonus“
937 1183 1050 1221 sum
1080 1163 1292 1236 (Matth.
1317 1181 1388 1222 xx
1407 1205 1421 1229 ,
1450 1160 1646 1236 1-15)?
1676 1163 1772 1218 Hic
1813 1163 1902 1218 ille
1931 1163 1976 1218 si
2016 1161 2156 1218 dicat
2181 1204 2196 1229 ,

611 1259 722 1316 Cur
750 1275 858 1315 non
885 1267 939 1335 et
962 1255 1135 1313 mihi?
1163 1255 1358 1314 merito
1381 1253 1592 1319 audiet,
1627 1254 1672 1308 Ο
1698 1247 1846 1309 homo
1869 1295 1885 1320 ,
1915 1264 1969 1308 tu
1992 1255 2103 1326 quis
2123 1245 2205 1319 es,

611 1353 700 1423 qui
747 1351 1054 1424 respondeas
1097 1348 1204 1404 Deo
1248 1347 1422 1426 (Rom.
1451 1365 1533 1417 tx,
1562 1345 1692 1418 20)?
1737 1346 1910 1417 Quem
1955 1357 2102 1404 certe
2143 1347 2198 1402 in

613 1457 724 1502 uno
786 1451 1024 1500 vestrum
1097 1441 1532 1514 benignissimum
1599 1439 1940 1510 largitorem,
2021 1437 2076 1495 in
2144 1445 2200 1494 te

613 1551 744 1594 vero
787 1543 1090 1594 exactorem
1141 1535 1528 1606 iustissimum,
1573 1533 1626 1587 in
1666 1532 1814 1586 nullo
1861 1540 2033 1599 tamen
2082 1545 2200 1585 cer-

614 1631 700 1688 nis
765 1629 1039 1702 injustum.
1099 1627 1233 1698 Cum
1299 1625 1437 1682 enim
1500 1623 1675 1695 justus
1747 1633 1923 1688 esset,
1989 1621 2198 1679 etiamsi

612 1734 900 1795 utrumque
946 1721 1156 1794 puniret
1204 1737 1219 1774 :
1267 1719 1360 1792 qui
1388 1717 1676 1784 iiber‘atur,
1727 1717 1888 1770 habet
1913 1713 2052 1771 unde
2082 1730 2198 1785 gra-

614 1817 718 1872 tias
737 1821 892 1888 agat;
937 1813 1026 1886 qui
1053 1801 1380 1878 damnatur,
1413 1824 1521 1864 non
1555 1807 1712 1863 habet
1737 1807 1877 1879 quod
1905 1806 2199 1877 reprehen-

614 1906 726 1962 dat.
781 1891 786 1898 ’

687 1984 776 2053 18.
809 2015 830 2050 «
865 1993 967 2054 Sed
1011 1993 1056 2050 si
1095 1993 1205 2066 jam
1228 2035 1241 2060 ,
1291 2011 1313 2046 ι
1347 1990 1550 2063 inquit,
1581 2009 1600 2043 ‹
1637 1989 1744 2046 hoc
1789 1989 2096 2061 oportebat,
2143 1997 2202 2044 ut

613 2069 882 2146 damnatis
932 2103 1039 2144 non
1097 2084 1381 2151 omnibus,
1429 2083 1556 2153 quid
1619 2083 1866 2140 omnibus
1917 2083 2200 2138 deberetur

612 2177 956 2246 ostenderet,
1003 2184 1164 2249 atque
1208 2177 1278 2232 ita
1323 2176 1526 2248 gratius
1566 2191 1714 2230 suam
1759 2175 1980 2245 gratiam
2009 2173 2198 2230 vasis'

611 2267 992 2327 misericordiae
1021 2261 1453 2333 commendaret;
1483 2283 1578 2322 cur
1621 2267 1675 2321 in
1707 2265 1893 2321 eadem
1922 2281 2079 2320 causa
2115 2279 2202 2320 me

611 2378 771 2434 quam
799 2359 945 2417 illum
977 2361 1148 2430 potius
1179 2359 1398 2430 puniet,
1427 2367 1518 2414 aut
1546 2357 1692 2412 illum
1725 2373 1882 2428 quam
1915 2372 2001 2412 me
2024 2357 2200 2428 potius

612 2439 896 2508 liberabit?
930 2449 1090 2506 sHoc
1126 2465 1232 2505 non
1279 2447 1402 2504 dico
1450 2463 1464 2502 :
1513 2450 1556 2504 si
1605 2450 1801 2520 qum-ris
1829 2463 2029 2520 quare;
2077 2450 2200 2520 quia

611 2545 786 2601 fateor
814 2561 899 2600 me
930 2561 1032 2600 non
1061 2543 1301 2600 invenire
1329 2541 1455 2615 quid
1493 2541 1686 2598 dicam.
1721 2543 1776 2600 Si
1802 2554 1853 2598 et
1881 2543 1981 2598 hoc
2001 2529 2202 2618 qumris

611 2652 810 2708 quare;
853 2637 973 2708 quia
1005 2635 1058 2690 in
1105 2635 1205 2690 hac
1232 2651 1292 2690 re
1321 2629 1456 2691 sicut
1487 2635 1631 2705 justa
1657 2642 1740 2690 est
1765 2635 1841 2690 ira
1867 2636 2015 2704 ejus,
2063 2625 2206 2691 sicut

523 2771 528 2775 .
611 2742 802 2799 magna
829 2708 928 2784 est.
949 2720 1310 2783 misericordia
1339 2725 1485 2797 ejus,
1511 2718 1586 2782 ita
1619 2726 1974 2781 inscrutabilia
2001 2716 2204 2796 judicia

617 2819 756 2891 ei“.
884 2813 890 2819 .
1484 2807 1490 2816 .

679 2909 768 2969 19.
799 2911 986 2967 Adhuc
1021 2921 1207 2984 pergat
1233 2921 1287 2968 et
1317 2909 1490 2978 dicat,
1523 2909 1628 2967 Cur
1653 2911 1952 2982 quibusdam
1974 2914 2062 2984 qui
2086 2929 2200 2968 cum

609 3003 870 3058 solumut
901 3005 1030 3058 bona
1059 3003 1181 3072 ﬁde,
1210 3019 1525 3075 perseverare
1547 3019 1703 3071 usque
1727 3003 1780 3057 in
1805 3001 1956 3072 ﬁnem
1982 3020 2081 3058 non
2107 2989 2202 3058 de:

608 3081 728 3148 dit?
753 3082 860 3147 Cur
885 3099 1073 3164 putas,
1101 3093 1211 3147 nisi
1240 3093 1362 3162 quia
1391 3107 1495 3148 non
1524 3093 1776 3148 mentitur
1803 3095 1892 3164 qui
1931 3094 2086 3160 dicit,
2119 3095 2202 3151 Ea:

607 3172 752 3241 nobis
772 3175 1000 3241 exierunt
1018 3226 1032 3250 ,
1064 3187 1151 3240 sed
1171 3202 1270 3240 non
1309 3172 1450 3240 erant
1479 3202 1541 3241 ex
1567 3180 1749 3254 nobis;
1775 3203 1894 3242 nam
1918 3189 1962 3243 si
1989 3191 2202 3260 fuissent

609 3292 676 3332 ea:
696 3275 840 3332 nobis
857 3318 872 3345 ,
900 3277 1198 3332 mansissent
1227 3279 1397 3349 utique
1426 3277 1682 3333 nobiscum
1709 3273 1752 3351 (l
1779 3271 1936 3334 Ioan.
1962 3295 1998 3336 tt
2018 3323 2032 3347 ,
2067 3279 2201 3354 l9)?

606 3356 874 3441 Numquid
904 3383 1032 3440 ergo
1068 3368 1338 3424 hominum
1381 3379 1583 3425 natura:
1607 3370 1726 3426 dum
1755 3370 1914 3427 sunt?
1939 3373 2108 3428 Absit.
2141 3363 2197 3430 Si

607 3459 730 3516 duae
752 3470 957 3516 naturae
981 3467 1163 3516 essent
1181 3501 1194 3526 ,
1217 3447 1520 3530 gratia'ulla
1549 3476 1656 3517 non
1681 3473 1823 3518 esset
1850 3480 1864 3517 :
1889 3463 2016 3519 nulli
2055 3464 2194 3520 enim

606 3551 826 3608 daretur
868 3543 1094 3624 gratuita
1135 3551 1406 3619 Iiberatio,
1435 3553 1480 3606 si
1511 3564 1713 3610 naturae
1737 3555 1911 3612 debita
1941 3555 2196 3613 reddere-

603 3651 713 3703 tur.
743 3644 1058 3701 Hominibus
1083 3653 1261 3701 autem
1284 3643 1492 3700 videtur
1512 3688 1525 3711 ,
1555 3661 1742 3704 omnes
1761 3649 1849 3721 qui
1885 3647 2008 3705 boni
2035 3667 2199 3722 appa-

603 3746 726 3794 rent
754 3734 970 3806 iideles,
1001 3738 1450 3808 perseverantiam
1479 3752 1648 3808 usque
1687 3737 1738 3795 in
1769 3737 1926 3796 linem
1952 3737 2196 3812 accipere

601 3827 871 3885 debuisse.
911 3823 1050 3884 Deus
1076 3837 1252 3884 autem
1289 3824 1479 3884 melius
1505 3845 1626 3886 esse
1649 3827 1941 3901 judicavit,
1969 3833 2195 3890 miscere

603 3917 862 3991 quosdam
891 3934 994 3974 non
1017 3927 1449 3988 perseveraturos
1469 3928 1620 3976 certo
1641 3935 1866 3976 numero
1889 3931 2191 3978 sanctorum

602 4025 855 4078 suorum;
889 4017 946 4066 ut
984 4011 1176 4082 quibus
1200 4027 1305 4066 non
1331 4011 1547 4082 expedit
1577 4013 1628 4067 in
1673 4005 1830 4084 hujus
1853 4014 1976 4070 vitae
2015 4025 2190 4071 tenta-

602 4104 746 4160 tione
771 4101 1060 4171 securitas,
1092 4115 1196 4158 non
1227 4103 1432 4174 possint
1457 4119 1577 4160 esse
1607 4106 1801 4162 securi.
1830 4105 2022 4162 Multos
2050 4108 2190 4164 enim

602 4211 634 4250 a
681 4193 976 4266 perniciosa
1002 4193 1230 4250 elatione
1267 4191 1513 4264 reprimit
1553 4196 1694 4268 quod
1741 4190 1817 4251 ait
1845 4196 2132 4267 Apostolus
2173 4217 2190 4254 :

606 4291 957 4357 QuaprOpter,
995 4285 1080 4350 qui
1109 4284 1306 4340 videtur
1331 4293 1484 4350 stare,
1511 4286 1677 4341 videat
1723 4303 1786 4342 ne
1817 4288 1965 4342 cadat
1991 4287 2036 4360 (i
2068 4287 2188 4346 Cor.

602 4395 677 4448 x,
709 4374 818 4450 ιε).
851 4373 1138 4432 Voiuutate
1161 4386 1340 4432 autem
1369 4390 1461 4431 sua
1488 4374 1662 4445 cadit,
1694 4377 1780 4447 qui
1807 4377 1984 4444 cadit;
2012 4388 2067 4435 et
2097 4396 2192 4435 vo-

601 4471 804 4526 luntate
833 4467 925 4524 Dei
963 4477 1104 4538 stat,
1133 4466 1224 4538 qui
1259 4475 1381 4524 stat.
1413 4465 1600 4522 Potens
1625 4477 1697 4524 est
1725 4469 1856 4523 enim
1901 4468 2039 4526 Deus
2084 4481 2191 4527 sta-

601 4573 738 4618 tuere
754 4562 898 4617 illum
921 4559 1092 4634 (Rom.
1123 4575 1238 4629 xtv,
1261 4557 1316 4635 4)
1345 4578 1358 4614 :
1388 4575 1494 4616 non
1515 4575 1642 4630 ergo
1660 4575 1720 4616 se
1749 4561 1762 4614 i
1771 4575 1882 4630 pse,
1905 4561 1999 4618 sed
2026 4564 2184 4621 Deus.

599 4653 977 4708 Verumtamen
1003 4654 1200 4708 bonum
1227 4660 1308 4708 est
1331 4667 1436 4707 non
1457 4653 1622 4706 altum
1643 4667 1850 4723 sapere,
1881 4651 1973 4709 sed
2001 4655 2188 4712 timere

601 4745 713 4817 (Id.
741 4761 798 4800 xt
819 4785 834 4811 ,
857 4744 976 4817 20).
1005 4746 1064 4800 in
1092 4744 1410 4816 cogitatione
1429 4754 1604 4800 autem
1633 4761 1727 4800 sua
1768 4745 1850 4801 vel
1875 4748 2015 4802 cadit
2037 4749 2186 4818 quis-

599 4853 724 4910 que,
747 4833 831 4894 vel
857 4843 982 4892 stat.
1005 4835 1151 4892 Sicut
1178 4845 1355 4892 autem
1378 4837 1661 4908 Apostolus
1687 4837 1779 4901 ait,
1804 4839 1942 4908 quod
1972 4839 2025 4894 in
2049 4836 2186 4896 libro

600 4929 878 5000 superiore
899 4929 1208 4992 memoravi,
1233 4925 1354 4982 Non
1369 4945 1544 4984 sumus
1567 4929 1736 4982 idonei
1762 4931 1981 5002 cogitare
1994 4925 2188 5002 aliquid

601 5021 745 5093 quasi
775 5037 838 5076 ea:
875 5017 1272 5091 nobismetipsis,
1299 5020 1389 5073 sed
1427 5019 1722 5090 sufﬁcientia
1761 5031 1933 5074 nostra
1969 5037 2032 5076 ea:
2076 5021 2185 5079 Deo

600 5122 673 5168 est
693 5109 762 5184 (li
787 5110 904 5166 Cor.
937 5125 993 5166 ιιι
1011 5151 1026 5178 ,
1051 5110 1128 5180 5).
1149 5107 1318 5181 Quem
1345 5119 1559 5164 secutus
1585 5121 1639 5164 et
1668 5107 1852 5164 beatus
1873 5111 2186 5170 Ambrosius

599 5203 760 5260 audet
803 5212 859 5260 et
899 5201 1027 5257 dicit
1066 5218 1081 5256 :
1123 5197 1244 5255 Non
1283 5199 1417 5254 enim
1439 5201 1492 5254 in
1521 5209 1760 5273 potestate
1785 5209 1957 5256 nostra
1985 5219 2071 5258 cor
2095 5222 2186 5259 no-

599 5309 781 5367 stram,
805 5307 854 5356 et
879 5303 1069 5360 nostrae
1099 5294 1444 5368 cogitationes.
1473 5293 1624 5361 Quod
1654 5295 1828 5364 omnis
1855 5297 1943 5366 qui
1973 5296 2186 5359 humili.

599 5399 684 5446 ter
699 5398 756 5448 et
780 5385 1043 5446 veraciter
1073 5385 1190 5458 pius
1213 5392 1330 5453 est,
1361 5399 1480 5442 esse
1503 5383 1834 5440 verissimum
1861 5386 2042 5441 sentit.

669 5481 760 5538 20.
788 5479 904 5538 Hoc
943 5486 1124 5536 autem
1173 5475 1484 5534 Ambrosius
1511 5484 1568 5534 ut
1592 5475 1826 5546 diceret,
1874 5479 2020 5556 meo
2047 5477 2183 5539 libro

664 5665 681 5697 ι
715 5662 788 5713 Sic
814 5653 1455 5728 lss.A_t_editi,rectedici,
1488 5651 1822 5721 roto:potest
1854 5656 2064 5712 etdeeo
2097 5657 2186 5728 qui

599 5719 1188 5850 misfiu‘aﬁ
1197 5789 1330 5846 In,
1350 5780 1403 5834 in
1422 5778 1565 5834 casis.

1815 311 1874 367 S.
1913 309 2288 396 AUGUSTiNl
2318 310 2618 368 EPISCOPI

2315 423 2628 494 loquebatur
2650 437 2808 495 quem
2827 423 2896 482 de
2913 424 3060 498 Fuga
3083 427 3264 485 saeculi
3289 431 3528 504 scripsit,
3551 433 3752 510 docens,
3774 443 3852 504 hoc

2309 515 2561 572 saeculum
2592 529 2697 571 non
2722 531 2947 588 corpore
2968 559 2984 586 ,
3033 517 3128 574 sed
3161 519 3324 578 corde
3367 521 3670 594 fugiendum
3697 546 3714 586 :
3739 536 3850 604 quod

2307 610 2408 664 nisi
2437 609 2637 666 auxilio
2663 605 2756 666 Dei
2796 611 2910 668 ﬂeri
2943 627 3051 693 non
3089 628 3248 684 posse
3271 612 3546 674 disseruit.
3577 619 3663 676 Ait
3695 625 3848 686 enim:

2309 699 2570 775 Frequens
2609 702 2755 758 nobis
2789 701 2854 758 de
2889 705 3130 778 fugiendo
3167 708 3354 764 stucqu
3379 709 3486 788 isto.
3511 725 3704 778 sermo;
3737 727 3854 790 atque

2307 792 2500 848 utinam
2520 807 2671 865 quam
2697 795 2864 865 facilis
2889 811 3052 852 sermo
3073 838 3090 865 ,
3122 806 3228 853 tam
3249 808 3431 856 cautus
3469 810 3518 856 et
3539 803 3764 863 sollicitus
3786 817 3849 880 of.

2306 883 2465 953 fectus
2487 897 2508 938 :
2530 887 2620 940 sed
2642 927 2658 953 ,
2689 886 2826 956 quod
2843 887 2990 958 peius
3015 893 3090 944 est
3103 931 3118 956 ,
3163 893 3455 962 frequenter
3474 893 3647 966 irrepit
3669 905 3852 956 terreno-

2306 991 2424 1056 rum
2453 977 2688 1032 itlecebra
2720 980 3080 1051 cupiditatum,
3127 989 3179 1037 et
3205 985 3490 1042 sanitatum
3531 985 3704 1056 o/fusio
3744 1010 3852 1050 men.

2307 1075 2406 1120 tem
2431 1076 2668 1140 occupat;
2695 1076 2750 1124 ut
2775 1074 2908 1140 quod
2931 1071 3136 1128 studeas
3159 1074 3334 1143 vitare,
3365 1075 3466 1132 hoc
3489 1077 3670 1150 cogites
3690 1084 3851 1141 animo-

2305 1173 2401 1228 que
2417 1157 2605 1214 volvas.
2641 1158 2794 1228 Quod
2817 1177 2992 1218 cavere
3025 1163 3228 1236 diﬁlcite
3249 1176 3322 1221 est
3343 1166 3544 1223 homini
3562 1211 3578 1237 ,
3601 1163 3767 1229 exuere
3785 1193 3850 1231 au-

2312 1257 2409 1304 tem
2432 1249 2758 1321 impossibile.
2789 1251 3018 1325 Denique
3034 1255 3136 1310 voti
3162 1256 3324 1329 magis
3349 1273 3464 1312 eam
3488 1275 3593 1336 esse
3618 1279 3714 1318 rem
3733 1281 3850 1336 quam

2320 1337 2547 1409 eiectus,
2570 1348 2782 1397 testatur
2799 1345 3046 1416 propheta
3071 1344 3285 1402 dicendo
3307 1389 3324 1414 ,
3357 1365 3379 1402 ε
3392 1333 3601 1406 Declina
3619 1367 3700 1408 cor
3722 1333 3849 1414 meum

2305 1428 2358 1482 in
2385 1430 2666 1485 testimonia
2691 1442 2800 1502 tua,
2824 1442 2873 1489 et
2913 1449 3016 1490 non
3052 1437 3107 1492 in
3149 1439 3421 1495 auaritiam
3457 1439 3668 1518 {(Psat.
3689 1461 3847 1518 cxvm,

2307 1519 2418 1591 36).
2477 1520 2601 1577 Non
2645 1525 2777 1580 enim
2821 1525 2877 1581 in
2917 1536 3160 1600 potestate
3186 1543 3364 1588 nostra
3382 1515 3484 1588 cor‘
3498 1545 3712 1593 nostrum
3733 1551 3772 1595 et
3792 1515 3849 1598 et

2303 1612 2570 1680 gitationes
2604 1625 2819 1682 nostrai,
2849 1634 2964 1690 qua:
2996 1620 3268 1692 improviso
3309 1621 3496 1692 oﬁ'uste
3528 1639 3726 1684 mentem
3761 1635 3846 1687 atti-

2304 1720 2538 1776 mumque
2559 1710 2899 1779 confundunt,
2926 1722 3078 1786 atque
3100 1713 3204 1770 alio
3225 1717 3440 1772 trahunt
3462 1733 3610 1790 quam
3633 1730 3682 1776 tu
3698 1705 3846 1796 propo-

2303 1797 2464 1851 sueris
2490 1811 2512 1852 :
2536 1799 2604 1852 ad
2631 1801 2897 1856 saecularia
2923 1813 3160 1860 revocant
3179 1847 3194 1872 ,
3222 1807 3494 1863 mundana
3525 1809 3764 1880 inserunt,
3789 1831 3846 1870 oo-

2306 1888 2564 1958 luptuoria
2585 1891 2822 1963 ingemat
2838 1893 2872 1940 ιι
2889 1935 2907 1964 ,
2945 1895 3239 1954 illecebrosa
3264 1899 3506 1957 intexunt
3529 1901 3572 1970 ⁸,
3598 1903 3783 1978 ipsoque
3808 1908 3845 1964 is

2305 1987 2526 2052 tempore
2549 1997 2652 2054 quo
2670 1983 2862 2040 elevare
2879 1995 3101 2042 mentem
3119 2005 3382 2061 paramus,
3414 1991 3592 2048 inserti
3613 1993 3634 2027 ³
3654 1986 3846 2054 inanibus

2305 2073 2687 2144 cogitationibus
2707 2076 2776 2130 ad
2795 2087 2993 2134 terrena
3011 2079 3308 2157 plerumque
3326 2083 3598 2158 deficimur
3617 2088 3634 2160 (
3641 2084 3709 2144 De
3729 2087 3846 2164 Fuga

2304 2164 2477 2218 seaculi
2499 2205 2514 2230 ,
2557 2179 2672 2238 cap.
2700 2168 2779 2240 1).
2810 2167 2925 2225 Non
2964 2170 3142 2244 itaque
3170 2173 3224 2230 in
3251 2175 3532 2232 hominum
3552 2219 3567 2244 ,
3594 2180 3680 2234 sed
3706 2181 3750 2236 in
3774 2181 3842 2238 Dei

2304 2263 2387 2308 est
2434 2263 2733 2326 potestate,
2783 2267 2843 2314 ut
2884 2259 3117 2318 habeant
3167 2265 3417 2322 homines
3463 2276 3753 2338 potestatem
3775 2271 3844 2328 lilii

2305 2344 2398 2398 Dei
2423 2347 2535 2401 ticri
2567 2347 2746 2420 (Joan.
2768 2365 2784 2405 ι
2805 2391 2820 2416 ,
2851 2351 2961 2423 12).
2991 2353 3075 2410 Ab
3099 2355 3215 2426 ipso
3235 2358 3437 2430 quippe
3465 2362 3713 2432 accipiunt
3733 2378 3838 2433 eam,

2305 2438 2394 2509 qui
2415 2439 2502 2494 dat
2525 2442 2674 2496 cordi
2695 2441 2928 2500 humano
2955 2448 3304 2518 cogitationes
3338 2451 3484 2522 pias,
3516 2467 3608 2522 per
3639 2469 3753 2525 quas
3767 2455 3840 2510 ha-

2304 2529 2426 2615 beat
2451 2529 2611 2586 tidem
2630 2573 2645 2600 ,
2671 2548 2790 2604 quae
2827 2546 3081 2606 operetur
3106 2554 3204 2610 per
3227 2539 3572 2600 dilectionem
3597 2543 3765 2618 (Galot.
3786 2560 3837 2612 ν,

2304 2621 2365 2694 6)
2395 2639 2411 2677 :
2436 2622 2503 2678 ad
2529 2624 2672 2695 quod
2699 2626 2896 2682 bonum
2917 2629 3234 2687 sumendum
3259 2642 3314 2689 et
3347 2634 3646 2703 tenendum,
3665 2643 3714 2692 et
3733 2638 3841 2693 ineo

2303 2709 2708 2785 perseveranter
2731 2731 2899 2790 usque
2926 2719 2979 2774 in
3010 2719 3169 2776 ﬂnem
3212 2723 3598 2793 proﬁciendum
3615 2768 3630 2794 ,
3657 2739 3744 2782 nan
3767 2741 3838 2784 su-

2303 2817 2424 2861 mus
2459 2805 2640 2862 idonei
2674 2809 2910 2879 cogitare
2935 2810 3134 2882 aliquid
3163 2815 3314 2884 quasi
3349 2829 3418 2870 ex
3462 2817 3837 2888 nobismetipsis,

2303 2895 2401 2950 sed
2424 2894 2739 2954 sufﬁcientia
2769 2908 2950 2956 nostra
2989 2919 3054 2958 ex
3087 2905 3194 2958 Deo
3222 2914 3338 2972 est;
3373 2906 3426 2962 in
3463 2909 3607 2978 cujus
3627 2916 3702 2965 est
3719 2918 3836 2980 pcto-

2304 2993 2441 3042 state
2465 3002 2558 3041 cor
2582 2998 2823 3045 nostrum
2862 3001 2918 3046 et
2941 2994 3293 3064 cogitationes
3322 3007 3544 3054 nostrae.
3731 3005 3738 3012 '

2373 3078 2602 3136 CAPUT
2634 3079 2727 3137 ιχ.
2752 3081 2937 3140 -21,
2962 3084 3042 3140 Ex
3070 3085 3281 3143 duobus
3319 3089 3503 3161 itaque
3526 3091 3736 3160 parvulis
3752 3090 3835 3147 ori-

2302 3170 2462 3242 ginali
2486 3182 2703 3242 peccato
2726 3175 2924 3244 pariter
2949 3176 3222 3234 obstrictis
3239 3221 3254 3247 ,
3296 3194 3405 3236 cur
3431 3182 3531 3239 iste
3550 3189 3834 3248 assumatur,

2302 3261 2394 3316 ille
2422 3263 2784 3335 relinquatur;
2828 3278 2883 3322 et
2911 3283 2976 3324 ex
3019 3269 3228 3327 duobus
3268 3282 3434 3330 atate
3469 3274 3575 3346 jam
3602 3273 3834 3345 grandibus

2301 3351 2482 3424 impiis
2504 3393 2518 3419 ,
2546 3369 2642 3410 cur
2683 3358 2783 3413 iste
2812 3359 2882 3414 ita
2910 3371 3165 3429 vocetur,
3194 3373 3254 3420 ut
3281 3375 3560 3423 vocantem
3599 3374 3833 3439 sequatur,

2301 3443 2393 3499 ille
2415 3453 2594 3502 autem
2623 3455 2714 3502 aut
2750 3464 2859 3506 non
2883 3463 3105 3508 vocetur
3122 3495 3136 3519 ,
3164 3463 3256 3510 aut
3279 3470 3396 3513 non
3423 3458 3490 3512 ita
3512 3467 3738 3524 vocetur;
3769 3457 3833 3513 in-

2299 3537 2601 3598 scrutabilia
2641 3549 2766 3594 sunt
2798 3541 2996 3610 judicia
3037 3545 3154 3600 Dei.
3183 3546 3263 3601 Ex
3291 3547 3507 3605 duobus
3541 3558 3702 3604 autem
3727 3546 3832 3619 piil.

2297 3641 2396 3682 cur
2424 3627 2550 3684 huic
2587 3629 2819 3687 donetur
2855 3641 3251 3704 perseverantia
3283 3653 3462 3712 usque
3501 3640 3552 3696 in
3578 3638 3748 3703 tinem,
3779 3636 3832 3692 illi

2298 3733 2408 3774 non
2431 3719 2693 3789 donetur;
2733 3723 3160 3784 inscrutabiiiora
3204 3739 3332 3786 sunt
3378 3731 3570 3802 judicia
3598 3729 3699 3786 Dei.
3731 3725 3834 3786 illud

2299 3819 2476 3868 tamen
2505 3813 2750 3872 ﬁdelibus
2777 3817 2937 3874 debet
2964 3833 3086 3876 esse
3113 3822 3498 3892 certissimum,
3522 3825 3652 3881 hunc
3667 3833 3832 3880 esseet

2297 3903 2690 3976 praedestinatis
2708 3948 2722 3974 ,
2751 3909 2900 3965 illum
2941 3925 3048 3968 non
3075 3927 3216 3970 esse.
3242 3913 3391 3970 Nam
3413 3917 3461 3973 si
3482 3918 3678 3990 fuissent
3699 3929 3754 3970 es
3770 3927 3833 3968 so-

2297 3995 2391 4063 ln's,
2419 3998 2494 4052 ait
2520 4013 2654 4054 unus
2676 4001 3198 4074 praedestinatorum,
3221 4007 3314 4078 qui
3335 4009 3412 4066 de
3438 4017 3642 4082 pectore
3664 4005 3829 4064 Domini

2294 4089 2502 4146 biberat
2541 4091 2645 4148 hoc
2687 4105 2954 4152 secretum
2977 4137 2995 4162 ,
3048 4101 3350 4156 mansissent
3401 4104 3567 4175 utique
3603 4102 3827 4157 nobiscum.

2293 4179 2430 4247 Quid
2457 4192 2538 4237 est
2561 4223 2577 4250 ,
2604 4179 2805 4254 quieso,
2831 4183 2952 4241 Non
2977 4199 3123 4243 erant
3151 4206 3216 4246 ea:
3237 4191 3409 4262 nobis;
3429 4210 3542 4250 nam
3566 4193 3610 4248 si
3627 4191 3825 4266 fuissem,

2293 4276 2591 4331 mansissent
2643 4279 2816 4351 utique
2860 4281 3164 4340 nobiscum!
3210 4284 3402 4343 Nonne
3445 4288 3645 4358 utrique
3682 4301 3709 4340 a
3746 4283 3827 4339 Deo

2293 4367 2488 4433 creati,
2519 4369 2730 4440 utrique
2751 4385 2820 4426 ex
2849 4372 3019 4428 Adam
3041 4376 3180 4442 nati,
3222 4379 3438 4449 utrique
3463 4377 3532 4435 de
3569 4386 3696 4434 terra
3730 4373 3824 4430 iactl

2291 4467 2466 4528 erant,
2487 4468 2543 4515 et
2567 4461 2637 4517 ab
2655 4477 2722 4518 eo
2745 4463 2832 4533 qui
2854 4463 3006 4532 dixit,
3037 4465 3250 4522 Omnem
3276 4470 3462 4542 [totum
3481 4485 3569 4543 ego
3591 4469 3681 4541 feci
3707 4465 3823 4541 (Issi.

2291 4563 2396 4606 Lm
2414 4591 2430 4617 ,
2462 4551 2589 4624 16),
2631 4554 2788 4610 unius
2815 4555 3162 4630 ejusdemque
3192 4569 3398 4620 natura;
3423 4564 3622 4620 animas
3641 4575 3823 4630 accepe-

2289 4643 2444 4698 rant?
2469 4643 2660 4700 Nonne
2689 4654 2962 4716 postremo
2995 4651 3205 4722 utrique
3239 4655 3410 4710 vocati
3435 4655 3661 4724 fuerant,
3687 4661 3733 4708 et
3749 4657 3822 4705 ἀο-

2289 4743 2498 4790 cantem
2529 4737 2695 4792 secuti
2715 4777 2731 4803 ,
2761 4739 2970 4810 utrique
2993 4755 3057 4795 ex
3081 4742 3258 4814 impiis
3273 4745 3562 4813 justiilcati,
3588 4754 3638 4801 et
3659 4735 3744 4815 per
3762 4741 3823 4796 la-

2291 4841 2505 4882 vacrum
2549 4831 2968 4900 regenerationis
3002 4833 3214 4906 utrique
3241 4839 3522 4893 renovati?
3544 4836 3642 4894 Sed
3664 4835 3703 4890 si
3736 4832 3823 4887 hac

2289 4918 2496 4974 audiret
2534 4921 2654 4987 ille,
2694 4923 2783 4992 qui
2813 4923 3011 4980 sciebat
3038 4911 3228 4996 procul
3261 4927 3424 4986 dubio
3451 4927 3586 5002 quod
3618 4925 3820 4988 dicebat,

2288 5011 2614 5080 respondere
2645 5024 2823 5084 posset
2847 5025 2902 5070 et
2929 5016 3112 5074 dicere
3137 5037 3152 5075 :
3185 5019 3321 5076 Vera
3358 5031 3481 5090 sunt
3503 5020 3640 5086 haec,
3667 5027 3823 5071 secun-

2288 5101 2414 5156 dum
2442 5102 2558 5159 haec
2584 5107 2762 5160 omnia
2787 5123 2852 5162 ex
2875 5109 3030 5164 nobis
3073 5119 3262 5180 erant;
3289 5121 3644 5170 verumtamen
3667 5120 3823 5163 secun-

2287 5193 2414 5248 dum
2435 5193 2595 5250 aliam
2625 5197 2908 5267 quamdam
2935 5199 3314 5260 discretionem
3343 5218 3449 5261 non
3473 5210 3620 5259 erant
3651 5214 3710 5256 ex
3746 5207 3822 5250 n0-

2287 5287 2404 5354 bis;
2433 5303 2556 5344 nam
2584 5291 2630 5345 si
2666 5289 2895 5348 fuissent
2919 5307 2985 5348 ex
3013 5295 3197 5364 nobis,
3225 5297 3542 5354 mansissent
3564 5293 3726 5363 utique
3743 5300 3818 5341 no-

2289 5379 2511 5436 biscum.
2536 5379 2666 5451 Qum
2689 5393 2766 5438 est
2800 5383 3014 5442 tandem
3035 5384 3059 5418 ⁸
3082 5387 3182 5444 ista
3201 5387 3488 5446 discretio?
3512 5387 3684 5444 Patent
3705 5373 3818 5434 Libri

2288 5469 2416 5536 Dei;
2459 5487 2564 5527 non
2589 5483 2890 5531 avertamus
2925 5487 3198 5548 aspectum
3227 5480 3456 5557 :clamat
3482 5477 3729 5554 scriptura
3752 5466 3818 5524 ἀί·

2351 5600 2373 5696 :
3201 5616 3330 5676 ωσι
3343 5604 3600 5690 ww

2407 5669 3189 5727 Nostriomnesmss.,contexmt.
3313 5669 3327 5676 ’

2355 5725 2376 5789 3
2405 5721 2688 5776 uoalliensis
2707 5733 2814 5789 παθη
2838 5721 3045 5788 insertis.

2352 5785 2374 5817 δ
2403 5795 2581 5837 «mnes
2601 5793 2729 5850 Mss,
2746 5785 2921 5842 tanien.
