  <div class='ocr_page' id='page_1' title='image "/cluster/home/n/w/nwhite01/storage/ocr_20150623/44-45/uva.x000217727/509.png"; bbox 0 0 4102 6522; ppageno 0'>
   <div class='ocr_carea' id='block_1_1' title="bbox 507 363 643 422">
    <p class='ocr_par' dir='ltr' id='par_1_1' title="bbox 507 363 643 422">
     <span class='ocr_line' id='line_1_1' title="bbox 507 363 643 422; baseline -0.044 0"><span class='ocrx_word' id='word_1_1' title='bbox 507 363 643 422; x_wconf 75' lang='grc'><strong>1007</strong></span> 
     </span>
    </p>
   </div>
   <div class='ocr_carea' id='block_1_2' title="bbox 503 463 2080 544">
    <p class='ocr_par' dir='ltr' id='par_1_2' title="bbox 503 463 2080 544">
     <span class='ocr_line' id='line_1_2' title="bbox 503 463 2080 544; baseline -0.011 -11"><span class='ocrx_word' id='word_1_2' title='bbox 503 477 708 542; x_wconf 83' lang='lat' dir='ltr'><strong>ﬁdeles,</strong></span> <span class='ocrx_word' id='word_1_3' title='bbox 736 489 803 530; x_wconf 93' lang='lat' dir='ltr'><strong>ne</strong></span> <span class='ocrx_word' id='word_1_4' title='bbox 823 471 1029 544; x_wconf 77' lang='lat' dir='ltr'><strong>gravius</strong></span> <span class='ocrx_word' id='word_1_5' title='bbox 1053 469 1364 538; x_wconf 83' lang='lat' dir='ltr'><strong>punirentur</strong></span> <span class='ocrx_word' id='word_1_6' title='bbox 1387 480 1506 519; x_wconf 88' lang='lat' dir='ltr'><strong>cum</strong></span> <span class='ocrx_word' id='word_1_7' title='bbox 1534 474 1718 534; x_wconf 88' lang='lat' dir='ltr'><strong>postea</strong></span> <span class='ocrx_word' id='word_1_8' title='bbox 1747 465 1931 519; x_wconf 87' lang='lat' dir='ltr'><strong>tierent</strong></span> <span class='ocrx_word' id='word_1_9' title='bbox 1961 463 2080 516; x_wconf 91' lang='lat' dir='ltr'><strong>inﬁ-</strong></span> 
     </span>
    </p>
   </div>
   <div class='ocr_carea' id='block_1_3' title="bbox 505 558 2082 638">
    <p class='ocr_par' dir='ltr' id='par_1_3' title="bbox 505 558 2082 638">
     <span class='ocr_line' id='line_1_3' title="bbox 505 558 2082 638; baseline -0.011 -11"><span class='ocrx_word' id='word_1_10' title='bbox 505 570 676 634; x_wconf 89' lang='lat' dir='ltr'><strong>deles,</strong></span> <span class='ocrx_word' id='word_1_11' title='bbox 698 565 839 638; x_wconf 90' lang='lat' dir='ltr'><strong>quod</strong></span> <span class='ocrx_word' id='word_1_12' title='bbox 865 578 957 620; x_wconf 90' lang='lat' dir='ltr'><strong>eos</strong></span> <span class='ocrx_word' id='word_1_13' title='bbox 983 561 1190 616; x_wconf 79' lang='lat' dir='ltr'><strong>futuros</strong></span> <span class='ocrx_word' id='word_1_14' title='bbox 1213 561 1370 615; x_wconf 78' lang='lat' dir='ltr'><strong>fuisse</strong></span> <span class='ocrx_word' id='word_1_15' title='bbox 1399 558 1688 628; x_wconf 75' lang='lat' dir='ltr'><strong>praascivit;</strong></span> <span class='ocrx_word' id='word_1_16' title='bbox 1718 559 1847 612; x_wconf 89' lang='lat' dir='ltr'><strong>satis</strong></span> <span class='ocrx_word' id='word_1_17' title='bbox 1871 564 2082 625; x_wconf 54' lang='lat' dir='ltr'><strong>aperte-</strong></span> 
     </span>
    </p>
   </div>
   <div class='ocr_carea' id='block_1_4' title="bbox 507 647 2078 731">
    <p class='ocr_par' dir='ltr' id='par_1_4' title="bbox 507 647 2078 731">
     <span class='ocr_line' id='line_1_4' title="bbox 507 647 2078 731; baseline -0.01 -15"><span class='ocrx_word' id='word_1_18' title='bbox 507 675 610 731; x_wconf 92' lang='lat' dir='ltr'><strong>que</strong></span> <span class='ocrx_word' id='word_1_19' title='bbox 639 663 982 720; x_wconf 71' lang='lat' dir='ltr'><strong>monstratur,</strong></span> <span class='ocrx_word' id='word_1_20' title='bbox 1026 651 1094 707; x_wconf 92' lang='lat' dir='ltr'><strong>de</strong></span> <span class='ocrx_word' id='word_1_21' title='bbox 1133 651 1217 707; x_wconf 88' lang='lat' dir='ltr'><strong>his</strong></span> <span class='ocrx_word' id='word_1_22' title='bbox 1259 650 1492 722; x_wconf 74' lang='lat' dir='ltr'><strong>peccatis</strong></span> <span class='ocrx_word' id='word_1_23' title='bbox 1541 647 1809 702; x_wconf 88' lang='lat' dir='ltr'><strong>neminem</strong></span> <span class='ocrx_word' id='word_1_24' title='bbox 1851 647 2078 716; x_wconf 89' lang='lat' dir='ltr'><strong>judicari</strong></span> 
     </span>
    </p>
   </div>
   <div class='ocr_carea' id='block_1_5' title="bbox 501 738 2076 816">
    <p class='ocr_par' dir='ltr' id='par_1_5' title="bbox 501 738 2076 816">
     <span class='ocr_line' id='line_1_5' title="bbox 501 738 2076 816; baseline -0.009 -9"><span class='ocrx_word' id='word_1_25' title='bbox 501 761 855 815; x_wconf 90' lang='lat' dir='ltr'><strong>mortuorum,</strong></span> <span class='ocrx_word' id='word_1_26' title='bbox 883 760 1002 816; x_wconf 65' lang='lat' dir='ltr'><strong>qua:</strong></span> <span class='ocrx_word' id='word_1_27' title='bbox 1028 744 1292 814; x_wconf 78' lang='lat' dir='ltr'><strong>praescivit</strong></span> <span class='ocrx_word' id='word_1_28' title='bbox 1321 743 1485 798; x_wconf 80' lang='lat' dir='ltr'><strong>fuisse</strong></span> <span class='ocrx_word' id='word_1_29' title='bbox 1523 741 1802 804; x_wconf 81' lang='lat' dir='ltr'><strong>facturum,</strong></span> <span class='ocrx_word' id='word_1_30' title='bbox 1831 738 1874 792; x_wconf 90' lang='lat' dir='ltr'><strong>si</strong></span> <span class='ocrx_word' id='word_1_31' title='bbox 1902 739 2076 806; x_wconf 82' lang='lat' dir='ltr'><strong>aliquo</strong></span> 
     </span>
    </p>
   </div>
   <div class='ocr_carea' id='block_1_6' title="bbox 501 829 2076 901">
    <p class='ocr_par' dir='ltr' id='par_1_6' title="bbox 501 829 2076 901">
     <span class='ocr_line' id='line_1_6' title="bbox 501 829 2076 901; baseline -0.009 -4"><span class='ocrx_word' id='word_1_32' title='bbox 501 841 659 897; x_wconf 91' lang='lat' dir='ltr'><strong>modo</strong></span> <span class='ocrx_word' id='word_1_33' title='bbox 684 839 734 896; x_wconf 88' lang='lat' dir='ltr'><strong>ei</strong></span> <span class='ocrx_word' id='word_1_34' title='bbox 763 853 828 892; x_wconf 91' lang='lat' dir='ltr'><strong>ne</strong></span> <span class='ocrx_word' id='word_1_35' title='bbox 857 837 942 891; x_wconf 87' lang='lat' dir='ltr'><strong>illa</strong></span> <span class='ocrx_word' id='word_1_36' title='bbox 971 835 1127 890; x_wconf 78' lang='lat' dir='ltr'><strong>faciat</strong></span> <span class='ocrx_word' id='word_1_37' title='bbox 1155 835 1504 890; x_wconf 84' lang='lat' dir='ltr'><strong>subvenitur:</strong></span> <span class='ocrx_word' id='word_1_38' title='bbox 1533 834 1668 887; x_wconf 84' lang='lat' dir='ltr'><strong>sicut</strong></span> <span class='ocrx_word' id='word_1_39' title='bbox 1697 831 1870 901; x_wconf 74' lang='lat' dir='ltr'><strong>Tyriis</strong></span> <span class='ocrx_word' id='word_1_40' title='bbox 1897 839 1950 900; x_wconf 79' lang='lat' dir='ltr'><strong>et</strong></span> <span class='ocrx_word' id='word_1_41' title='bbox 1989 829 2076 884; x_wconf 82' lang='lat' dir='ltr'><strong>Si-</strong></span> 
     </span>
    </p>
   </div>
   <div class='ocr_carea' id='block_1_7' title="bbox 499 921 2075 994">
    <p class='ocr_par' dir='ltr' id='par_1_7' title="bbox 499 921 2075 994">
     <span class='ocr_line' id='line_1_7' title="bbox 499 921 2075 994; baseline -0.009 -8"><span class='ocrx_word' id='word_1_42' title='bbox 499 932 691 994; x_wconf 90' lang='lat' dir='ltr'><strong>doniis,</strong></span> <span class='ocrx_word' id='word_1_43' title='bbox 722 930 764 984; x_wconf 91' lang='lat' dir='ltr'><strong>si</strong></span> <span class='ocrx_word' id='word_1_44' title='bbox 805 927 1067 983; x_wconf 88' lang='lat' dir='ltr'><strong>sententia</strong></span> <span class='ocrx_word' id='word_1_45' title='bbox 1097 927 1182 980; x_wconf 92' lang='lat' dir='ltr'><strong>illa</strong></span> <span class='ocrx_word' id='word_1_46' title='bbox 1229 941 1350 979; x_wconf 88' lang='lat' dir='ltr'><strong>vera</strong></span> <span class='ocrx_word' id='word_1_47' title='bbox 1381 935 1483 990; x_wconf 85' lang='lat' dir='ltr'><strong>est,</strong></span> <span class='ocrx_word' id='word_1_48' title='bbox 1530 923 1840 978; x_wconf 71' lang='lat' dir='ltr'><strong>subvenisse</strong></span> <span class='ocrx_word' id='word_1_49' title='bbox 1883 921 2075 975; x_wconf 87' lang='lat' dir='ltr'><strong>dicitur</strong></span> 
     </span>
    </p>
   </div>
   <div class='ocr_carea' id='block_1_8' title="bbox 496 1016 2070 1092">
    <p class='ocr_par' dir='ltr' id='par_1_8' title="bbox 496 1016 2070 1092">
     <span class='ocr_line' id='line_1_8' title="bbox 496 1016 2070 1092; baseline -0.008 -13"><span class='ocrx_word' id='word_1_50' title='bbox 496 1024 760 1086; x_wconf 88' lang='lat' dir='ltr'><strong>Christus,</strong></span> <span class='ocrx_word' id='word_1_51' title='bbox 794 1037 928 1092; x_wconf 90' lang='lat' dir='ltr'><strong>quos</strong></span> <span class='ocrx_word' id='word_1_52' title='bbox 973 1021 1158 1076; x_wconf 84' lang='lat' dir='ltr'><strong>maluit</strong></span> <span class='ocrx_word' id='word_1_53' title='bbox 1190 1034 1292 1074; x_wconf 94' lang='lat' dir='ltr'><strong>non</strong></span> <span class='ocrx_word' id='word_1_54' title='bbox 1319 1021 1578 1073; x_wconf 86' lang='lat' dir='ltr'><strong>accedere</strong></span> <span class='ocrx_word' id='word_1_55' title='bbox 1604 1016 1668 1070; x_wconf 92' lang='lat' dir='ltr'><strong>ad</strong></span> <span class='ocrx_word' id='word_1_56' title='bbox 1699 1016 1878 1082; x_wconf 87' lang='lat' dir='ltr'><strong>ﬁdem,</strong></span> <span class='ocrx_word' id='word_1_57' title='bbox 1915 1029 2070 1084; x_wconf 90' lang='lat' dir='ltr'><strong>quam</strong></span> 
     </span>
    </p>
   </div>
   <div class='ocr_carea' id='block_1_9' title="bbox 495 1105 2071 1184">
    <p class='ocr_par' dir='ltr' id='par_1_9' title="bbox 495 1105 2071 1184">
     <span class='ocr_line' id='line_1_9' title="bbox 495 1105 2071 1184; baseline -0.008 -12"><span class='ocrx_word' id='word_1_58' title='bbox 495 1116 700 1172; x_wconf 75' lang='lat' dir='ltr'><strong>scelere</strong></span> <span class='ocrx_word' id='word_1_59' title='bbox 727 1115 892 1168; x_wconf 92' lang='lat' dir='ltr'><strong>multo</strong></span> <span class='ocrx_word' id='word_1_60' title='bbox 918 1113 1158 1184; x_wconf 78' lang='lat' dir='ltr'><strong>graviore</strong></span> <span class='ocrx_word' id='word_1_61' title='bbox 1183 1111 1456 1166; x_wconf 86' lang='lat' dir='ltr'><strong>discedere</strong></span> <span class='ocrx_word' id='word_1_62' title='bbox 1481 1124 1510 1162; x_wconf 90' lang='lat' dir='ltr'><strong>a</strong></span> <span class='ocrx_word' id='word_1_63' title='bbox 1541 1108 1661 1171; x_wconf 91' lang='lat' dir='ltr'><strong>ﬁde,</strong></span> <span class='ocrx_word' id='word_1_64' title='bbox 1707 1107 1846 1177; x_wconf 85' lang='lat' dir='ltr'><strong>quod</strong></span> <span class='ocrx_word' id='word_1_65' title='bbox 1879 1121 1994 1170; x_wconf 89' lang='lat' dir='ltr'><strong>eos,</strong></span> <span class='ocrx_word' id='word_1_66' title='bbox 2027 1105 2071 1159; x_wconf 77' lang='lat' dir='ltr'><strong>si</strong></span> 
     </span>
    </p>
   </div>
   <div class='ocr_carea' id='block_1_10' title="bbox 494 1198 2072 1274">
    <p class='ocr_par' dir='ltr' id='par_1_10' title="bbox 494 1198 2072 1274">
     <span class='ocr_line' id='line_1_10' title="bbox 494 1198 2072 1274; baseline -0.006 -12"><span class='ocrx_word' id='word_1_67' title='bbox 494 1207 864 1272; x_wconf 72' lang='lat' dir='ltr'><strong>accessissent,</strong></span> <span class='ocrx_word' id='word_1_68' title='bbox 899 1205 1211 1274; x_wconf 65' lang='lat' dir='ltr'><strong>praeviderat</strong></span> <span class='ocrx_word' id='word_1_69' title='bbox 1239 1201 1400 1259; x_wconf 81' lang='lat' dir='ltr'><strong>fuisse</strong></span> <span class='ocrx_word' id='word_1_70' title='bbox 1441 1199 1688 1255; x_wconf 86' lang='lat' dir='ltr'><strong>facturos.</strong></span> <span class='ocrx_word' id='word_1_71' title='bbox 1739 1198 1990 1264; x_wconf 85' lang='lat' dir='ltr'><strong>Quamvis</strong></span> <span class='ocrx_word' id='word_1_72' title='bbox 2027 1198 2072 1252; x_wconf 88' lang='lat' dir='ltr'><strong>si</strong></span> 
     </span>
    </p>
   </div>
   <div class='ocr_carea' id='block_1_11' title="bbox 493 1288 2074 1364">
    <p class='ocr_par' dir='ltr' id='par_1_11' title="bbox 493 1288 2074 1364">
     <span class='ocr_line' id='line_1_11' title="bbox 493 1288 2074 1364; baseline -0.006 -13"><span class='ocrx_word' id='word_1_73' title='bbox 493 1296 718 1364; x_wconf 86' lang='lat' dir='ltr'><strong>dicatur,</strong></span> <span class='ocrx_word' id='word_1_74' title='bbox 747 1296 852 1351; x_wconf 88' lang='lat' dir='ltr'><strong>Cur</strong></span> <span class='ocrx_word' id='word_1_75' title='bbox 893 1309 999 1349; x_wconf 92' lang='lat' dir='ltr'><strong>non</strong></span> <span class='ocrx_word' id='word_1_76' title='bbox 1030 1295 1226 1354; x_wconf 80' lang='lat' dir='ltr'><strong>factum</strong></span> <span class='ocrx_word' id='word_1_77' title='bbox 1253 1302 1333 1347; x_wconf 91' lang='lat' dir='ltr'><strong>est</strong></span> <span class='ocrx_word' id='word_1_78' title='bbox 1374 1299 1430 1344; x_wconf 93' lang='lat' dir='ltr'><strong>ut</strong></span> <span class='ocrx_word' id='word_1_79' title='bbox 1468 1289 1747 1344; x_wconf 86' lang='lat' dir='ltr'><strong>crederent</strong></span> <span class='ocrx_word' id='word_1_80' title='bbox 1789 1288 1986 1357; x_wconf 81' lang='lat' dir='ltr'><strong>potius,</strong></span> <span class='ocrx_word' id='word_1_81' title='bbox 2019 1295 2074 1342; x_wconf 92' lang='lat' dir='ltr'><strong>et</strong></span> 
     </span>
    </p>
   </div>
   <div class='ocr_carea' id='block_1_12' title="bbox 495 1382 2064 1460">
    <p class='ocr_par' dir='ltr' id='par_1_12' title="bbox 495 1382 2064 1460">
     <span class='ocr_line' id='line_1_12' title="bbox 495 1382 2064 1460; baseline -0.007 -15"><span class='ocrx_word' id='word_1_82' title='bbox 495 1390 599 1447; x_wconf 90' lang='lat' dir='ltr'><strong>hoc</strong></span> <span class='ocrx_word' id='word_1_83' title='bbox 619 1391 696 1446; x_wconf 90' lang='lat' dir='ltr'><strong>eis</strong></span> <span class='ocrx_word' id='word_1_84' title='bbox 717 1395 1076 1460; x_wconf 62' lang='lat' dir='ltr'><strong>praestaretur,</strong></span> <span class='ocrx_word' id='word_1_85' title='bbox 1106 1396 1162 1441; x_wconf 92' lang='lat' dir='ltr'><strong>ut</strong></span> <span class='ocrx_word' id='word_1_86' title='bbox 1187 1395 1468 1454; x_wconf 86' lang='lat' dir='ltr'><strong>antequam</strong></span> <span class='ocrx_word' id='word_1_87' title='bbox 1499 1382 1656 1438; x_wconf 89' lang='lat' dir='ltr'><strong>ﬁdem</strong></span> <span class='ocrx_word' id='word_1_88' title='bbox 1684 1382 2064 1452; x_wconf 79' lang='lat' dir='ltr'><strong>relinquerent,</strong></span> 
     </span>
    </p>
   </div>
   <div class='ocr_carea' id='block_1_13' title="bbox 491 1472 2066 1552">
    <p class='ocr_par' dir='ltr' id='par_1_13' title="bbox 491 1472 2066 1552">
     <span class='ocr_line' id='line_1_13' title="bbox 491 1472 2066 1552; baseline -0.008 -14"><span class='ocrx_word' id='word_1_89' title='bbox 491 1498 559 1539; x_wconf 81' lang='lat' dir='ltr'><strong>ex</strong></span> <span class='ocrx_word' id='word_1_90' title='bbox 579 1483 678 1537; x_wconf 87' lang='lat' dir='ltr'><strong>hac</strong></span> <span class='ocrx_word' id='word_1_91' title='bbox 695 1483 801 1537; x_wconf 88' lang='lat' dir='ltr'><strong>vita</strong></span> <span class='ocrx_word' id='word_1_92' title='bbox 820 1477 1142 1552; x_wconf 79' lang='lat' dir='ltr'><strong>migrarent?</strong></span> <span class='ocrx_word' id='word_1_93' title='bbox 1159 1477 1284 1548; x_wconf 91' lang='lat' dir='ltr'><strong>quid</strong></span> <span class='ocrx_word' id='word_1_94' title='bbox 1305 1474 1616 1546; x_wconf 76' lang='lat' dir='ltr'><strong>re5p0nderi</strong></span> <span class='ocrx_word' id='word_1_95' title='bbox 1643 1475 1828 1544; x_wconf 90' lang='lat' dir='ltr'><strong>possit,</strong></span> <span class='ocrx_word' id='word_1_96' title='bbox 1859 1472 2066 1542; x_wconf 83' lang='lat' dir='ltr'><strong>ignoro.</strong></span> 
     </span>
    </p>
   </div>
   <div class='ocr_carea' id='block_1_14' title="bbox 491 1565 2066 1642">
    <p class='ocr_par' dir='ltr' id='par_1_14' title="bbox 491 1565 2066 1642">
     <span class='ocr_line' id='line_1_14' title="bbox 491 1565 2066 1642; baseline -0.009 -12"><span class='ocrx_word' id='word_1_97' title='bbox 491 1574 592 1642; x_wconf 86' lang='lat' dir='ltr'><strong>Qui</strong></span> <span class='ocrx_word' id='word_1_98' title='bbox 621 1575 762 1628; x_wconf 93' lang='lat' dir='ltr'><strong>enim</strong></span> <span class='ocrx_word' id='word_1_99' title='bbox 789 1572 937 1638; x_wconf 90' lang='lat' dir='ltr'><strong>dicit,</strong></span> <span class='ocrx_word' id='word_1_100' title='bbox 971 1570 1230 1626; x_wconf 81' lang='lat' dir='ltr'><strong>relicturis</strong></span> <span class='ocrx_word' id='word_1_101' title='bbox 1263 1568 1418 1623; x_wconf 90' lang='lat' dir='ltr'><strong>ﬁdem</strong></span> <span class='ocrx_word' id='word_1_102' title='bbox 1443 1565 1705 1622; x_wconf 88' lang='lat' dir='ltr'><strong>beneﬁcio</strong></span> <span class='ocrx_word' id='word_1_103' title='bbox 1749 1565 1908 1619; x_wconf 80' lang='lat' dir='ltr'><strong>fuisse</strong></span> <span class='ocrx_word' id='word_1_104' title='bbox 1935 1578 2066 1617; x_wconf 86' lang='lat' dir='ltr'><strong>con-</strong></span> 
     </span>
    </p>
   </div>
   <div class='ocr_carea' id='block_1_15' title="bbox 491 1656 2068 1732">
    <p class='ocr_par' dir='ltr' id='par_1_15' title="bbox 491 1656 2068 1732">
     <span class='ocr_line' id='line_1_15' title="bbox 491 1656 2068 1732; baseline -0.007 -13"><span class='ocrx_word' id='word_1_105' title='bbox 491 1679 723 1732; x_wconf 90' lang='lat' dir='ltr'><strong>cessum,</strong></span> <span class='ocrx_word' id='word_1_106' title='bbox 749 1681 816 1719; x_wconf 91' lang='lat' dir='ltr'><strong>ne</strong></span> <span class='ocrx_word' id='word_1_107' title='bbox 841 1663 1037 1718; x_wconf 88' lang='lat' dir='ltr'><strong>habere</strong></span> <span class='ocrx_word' id='word_1_108' title='bbox 1059 1662 1350 1732; x_wconf 85' lang='lat' dir='ltr'><strong>inciperent</strong></span> <span class='ocrx_word' id='word_1_109' title='bbox 1372 1659 1510 1729; x_wconf 87' lang='lat' dir='ltr'><strong>quod</strong></span> <span class='ocrx_word' id='word_1_110' title='bbox 1533 1658 1773 1728; x_wconf 79' lang='lat' dir='ltr'><strong>graviore</strong></span> <span class='ocrx_word' id='word_1_111' title='bbox 1799 1656 2068 1724; x_wconf 84' lang='lat' dir='ltr'><strong>impietate</strong></span> 
     </span>
    </p>
   </div>
   <div class='ocr_carea' id='block_1_16' title="bbox 489 1749 2068 1822">
    <p class='ocr_par' dir='ltr' id='par_1_16' title="bbox 489 1749 2068 1822">
     <span class='ocr_line' id='line_1_16' title="bbox 489 1749 2068 1822; baseline -0.008 -9"><span class='ocrx_word' id='word_1_112' title='bbox 489 1758 822 1822; x_wconf 89' lang='lat' dir='ltr'><strong>desererent,</strong></span> <span class='ocrx_word' id='word_1_113' title='bbox 854 1757 981 1812; x_wconf 87' lang='lat' dir='ltr'><strong>satis</strong></span> <span class='ocrx_word' id='word_1_114' title='bbox 1011 1755 1208 1810; x_wconf 87' lang='lat' dir='ltr'><strong>indicat</strong></span> <span class='ocrx_word' id='word_1_115' title='bbox 1235 1769 1341 1807; x_wconf 91' lang='lat' dir='ltr'><strong>non</strong></span> <span class='ocrx_word' id='word_1_116' title='bbox 1365 1751 1591 1822; x_wconf 76' lang='lat' dir='ltr'><strong>iudicari</strong></span> <span class='ocrx_word' id='word_1_117' title='bbox 1613 1749 1884 1804; x_wconf 85' lang='lat' dir='ltr'><strong>hominem</strong></span> <span class='ocrx_word' id='word_1_118' title='bbox 1917 1763 1980 1801; x_wconf 76' lang='lat' dir='ltr'><strong>ex</strong></span> <span class='ocrx_word' id='word_1_119' title='bbox 2003 1761 2068 1801; x_wconf 93' lang='lat' dir='ltr'><strong>eo</strong></span> 
     </span>
    </p>
   </div>
   <div class='ocr_carea' id='block_1_17' title="bbox 487 1840 2068 1921">
    <p class='ocr_par' dir='ltr' id='par_1_17' title="bbox 487 1840 2068 1921">
     <span class='ocr_line' id='line_1_17' title="bbox 487 1840 2068 1921; baseline -0.011 -15"><span class='ocrx_word' id='word_1_120' title='bbox 487 1851 628 1920; x_wconf 93' lang='lat' dir='ltr'><strong>quod</strong></span> <span class='ocrx_word' id='word_1_121' title='bbox 655 1850 1004 1921; x_wconf 58' lang='lat' dir='ltr'><strong>praenoscitur</strong></span> <span class='ocrx_word' id='word_1_122' title='bbox 1033 1845 1170 1900; x_wconf 90' lang='lat' dir='ltr'><strong>male</strong></span> <span class='ocrx_word' id='word_1_123' title='bbox 1193 1844 1352 1898; x_wconf 80' lang='lat' dir='ltr'><strong>fuisse</strong></span> <span class='ocrx_word' id='word_1_124' title='bbox 1381 1842 1637 1908; x_wconf 82' lang='lat' dir='ltr'><strong>facturus,</strong></span> <span class='ocrx_word' id='word_1_125' title='bbox 1667 1840 1712 1895; x_wconf 92' lang='lat' dir='ltr'><strong>si</strong></span> <span class='ocrx_word' id='word_1_126' title='bbox 1739 1841 1788 1895; x_wconf 91' lang='lat' dir='ltr'><strong>ei</strong></span> <span class='ocrx_word' id='word_1_127' title='bbox 1815 1853 2068 1908; x_wconf 90' lang='lat' dir='ltr'><strong>quocum-</strong></span> 
     </span>
    </p>
   </div>
   <div class='ocr_carea' id='block_1_18' title="bbox 486 1933 2062 2012">
    <p class='ocr_par' dir='ltr' id='par_1_18' title="bbox 486 1933 2062 2012">
     <span class='ocr_line' id='line_1_18' title="bbox 486 1933 2062 2012; baseline -0.009 -13"><span class='ocrx_word' id='word_1_128' title='bbox 486 1959 590 2012; x_wconf 89' lang='lat' dir='ltr'><strong>que</strong></span> <span class='ocrx_word' id='word_1_129' title='bbox 618 1943 875 1998; x_wconf 87' lang='lat' dir='ltr'><strong>beneﬁcio</strong></span> <span class='ocrx_word' id='word_1_130' title='bbox 903 1951 961 1996; x_wconf 91' lang='lat' dir='ltr'><strong>ut</strong></span> <span class='ocrx_word' id='word_1_131' title='bbox 991 1939 1040 1994; x_wconf 91' lang='lat' dir='ltr'><strong>id</strong></span> <span class='ocrx_word' id='word_1_132' title='bbox 1071 1955 1174 1993; x_wconf 94' lang='lat' dir='ltr'><strong>non</strong></span> <span class='ocrx_word' id='word_1_133' title='bbox 1210 1937 1366 1992; x_wconf 81' lang='lat' dir='ltr'><strong>faciat</strong></span> <span class='ocrx_word' id='word_1_134' title='bbox 1393 1934 1720 1990; x_wconf 84' lang='lat' dir='ltr'><strong>consulatur.</strong></span> <span class='ocrx_word' id='word_1_135' title='bbox 1753 1933 2062 1988; x_wconf 83' lang='lat' dir='ltr'><strong>Consultum</strong></span> 
     </span>
    </p>
   </div>
   <div class='ocr_carea' id='block_1_19' title="bbox 485 2023 2063 2104">
    <p class='ocr_par' dir='ltr' id='par_1_19' title="bbox 485 2023 2063 2104">
     <span class='ocr_line' id='line_1_19' title="bbox 485 2023 2063 2104; baseline -0.009 -16"><span class='ocrx_word' id='word_1_136' title='bbox 485 2042 566 2089; x_wconf 90' lang='lat' dir='ltr'><strong>est</strong></span> <span class='ocrx_word' id='word_1_137' title='bbox 597 2034 752 2104; x_wconf 78' lang='lat' dir='ltr'><strong>igitur</strong></span> <span class='ocrx_word' id='word_1_138' title='bbox 781 2039 834 2087; x_wconf 91' lang='lat' dir='ltr'><strong>et</strong></span> <span class='ocrx_word' id='word_1_139' title='bbox 861 2033 958 2096; x_wconf 92' lang='lat' dir='ltr'><strong>illi,</strong></span> <span class='ocrx_word' id='word_1_140' title='bbox 988 2031 1076 2100; x_wconf 93' lang='lat' dir='ltr'><strong>qui</strong></span> <span class='ocrx_word' id='word_1_141' title='bbox 1101 2039 1278 2099; x_wconf 84' lang='lat' dir='ltr'><strong>raptus</strong></span> <span class='ocrx_word' id='word_1_142' title='bbox 1297 2037 1388 2092; x_wconf 82' lang='lat' dir='ltr'><strong>est,</strong></span> <span class='ocrx_word' id='word_1_143' title='bbox 1423 2043 1486 2080; x_wconf 83' lang='lat' dir='ltr'><strong>ne</strong></span> <span class='ocrx_word' id='word_1_144' title='bbox 1519 2025 1717 2078; x_wconf 82' lang='lat' dir='ltr'><strong>malitia</strong></span> <span class='ocrx_word' id='word_1_145' title='bbox 1743 2033 1956 2078; x_wconf 78' lang='lat' dir='ltr'><strong>mutaret</strong></span> <span class='ocrx_word' id='word_1_146' title='bbox 1985 2023 2063 2075; x_wconf 87' lang='lat' dir='ltr'><strong>in-</strong></span> 
     </span>
    </p>
   </div>
   <div class='ocr_carea' id='block_1_20' title="bbox 485 2115 2062 2195">
    <p class='ocr_par' dir='ltr' id='par_1_20' title="bbox 485 2115 2062 2195">
     <span class='ocr_line' id='line_1_20' title="bbox 485 2115 2062 2195; baseline -0.006 -19"><span class='ocrx_word' id='word_1_147' title='bbox 485 2124 734 2178; x_wconf 78' lang='lat' dir='ltr'><strong>tellectum</strong></span> <span class='ocrx_word' id='word_1_148' title='bbox 754 2125 862 2192; x_wconf 78' lang='lat' dir='ltr'><strong>ejus</strong></span> <span class='ocrx_word' id='word_1_149' title='bbox 884 2121 1036 2195; x_wconf 85' lang='lat' dir='ltr'><strong>(Sup.</strong></span> <span class='ocrx_word' id='word_1_150' title='bbox 1067 2137 1138 2187; x_wconf 82' lang='lat' dir='ltr'><strong>tv,</strong></span> <span class='ocrx_word' id='word_1_151' title='bbox 1171 2117 1280 2190; x_wconf 81' lang='grc'><strong>11).</strong></span> <span class='ocrx_word' id='word_1_152' title='bbox 1299 2116 1403 2173; x_wconf 86' lang='lat' dir='ltr'><strong>Sed</strong></span> <span class='ocrx_word' id='word_1_153' title='bbox 1426 2132 1520 2172; x_wconf 90' lang='lat' dir='ltr'><strong>cur</strong></span> <span class='ocrx_word' id='word_1_154' title='bbox 1545 2131 1648 2170; x_wconf 87' lang='lat' dir='ltr'><strong>non</strong></span> <span class='ocrx_word' id='word_1_155' title='bbox 1674 2115 1741 2170; x_wconf 90' lang='lat' dir='ltr'><strong>ita</strong></span> <span class='ocrx_word' id='word_1_156' title='bbox 1763 2115 2062 2169; x_wconf 90' lang='lat' dir='ltr'><strong>consultum</strong></span> 
     </span>
    </p>
   </div>
   <div class='ocr_carea' id='block_1_21' title="bbox 481 2210 2056 2289">
    <p class='ocr_par' dir='ltr' id='par_1_21' title="bbox 481 2210 2056 2289">
     <span class='ocr_line' id='line_1_21' title="bbox 481 2210 2056 2289; baseline -0.008 -17"><span class='ocrx_word' id='word_1_157' title='bbox 481 2215 643 2272; x_wconf 82' lang='lat' dir='ltr'><strong>fuerit</strong></span> <span class='ocrx_word' id='word_1_158' title='bbox 665 2215 838 2289; x_wconf 85' lang='lat' dir='ltr'><strong>Tyriis</strong></span> <span class='ocrx_word' id='word_1_159' title='bbox 870 2231 932 2269; x_wconf 89' lang='lat' dir='ltr'><strong>ac</strong></span> <span class='ocrx_word' id='word_1_160' title='bbox 957 2213 1211 2278; x_wconf 89' lang='lat' dir='ltr'><strong>Sidoniis,</strong></span> <span class='ocrx_word' id='word_1_161' title='bbox 1241 2221 1298 2264; x_wconf 91' lang='lat' dir='ltr'><strong>ut</strong></span> <span class='ocrx_word' id='word_1_162' title='bbox 1326 2210 1606 2265; x_wconf 88' lang='lat' dir='ltr'><strong>crederent</strong></span> <span class='ocrx_word' id='word_1_163' title='bbox 1641 2219 1695 2263; x_wconf 89' lang='lat' dir='ltr'><strong>et</strong></span> <span class='ocrx_word' id='word_1_164' title='bbox 1728 2217 2056 2276; x_wconf 87' lang='lat' dir='ltr'><strong>raperentur,</strong></span> 
     </span>
    </p>
   </div>
   <div class='ocr_carea' id='block_1_22' title="bbox 483 2300 2059 2367">
    <p class='ocr_par' dir='ltr' id='par_1_22' title="bbox 483 2300 2059 2367">
     <span class='ocr_line' id='line_1_22' title="bbox 483 2300 2059 2367; baseline -0.006 -4"><span class='ocrx_word' id='word_1_165' title='bbox 483 2323 550 2363; x_wconf 89' lang='lat' dir='ltr'><strong>ne</strong></span> <span class='ocrx_word' id='word_1_166' title='bbox 575 2308 775 2363; x_wconf 91' lang='lat' dir='ltr'><strong>malitia</strong></span> <span class='ocrx_word' id='word_1_167' title='bbox 805 2315 1033 2361; x_wconf 89' lang='lat' dir='ltr'><strong>mutaret</strong></span> <span class='ocrx_word' id='word_1_168' title='bbox 1077 2304 1405 2359; x_wconf 91' lang='lat' dir='ltr'><strong>intellectum</strong></span> <span class='ocrx_word' id='word_1_169' title='bbox 1437 2317 1654 2367; x_wconf 87' lang='lat' dir='ltr'><strong>eorum;</strong></span> <span class='ocrx_word' id='word_1_170' title='bbox 1702 2300 1921 2354; x_wconf 80' lang='lat' dir='ltr'><strong>forsitan</strong></span> <span class='ocrx_word' id='word_1_171' title='bbox 1973 2315 2059 2354; x_wconf 86' lang='lat' dir='ltr'><strong>re-</strong></span> 
     </span>
    </p>
   </div>
   <div class='ocr_carea' id='block_1_23' title="bbox 481 2391 2062 2471">
    <p class='ocr_par' dir='ltr' id='par_1_23' title="bbox 481 2391 2062 2471">
     <span class='ocr_line' id='line_1_23' title="bbox 481 2391 2062 2471; baseline -0.005 -18"><span class='ocrx_word' id='word_1_172' title='bbox 481 2399 768 2471; x_wconf 91' lang='lat' dir='ltr'><strong>sponderet</strong></span> <span class='ocrx_word' id='word_1_173' title='bbox 805 2399 913 2460; x_wconf 89' lang='lat' dir='ltr'><strong>ille,</strong></span> <span class='ocrx_word' id='word_1_174' title='bbox 947 2398 1030 2454; x_wconf 89' lang='lat' dir='ltr'><strong>cui</strong></span> <span class='ocrx_word' id='word_1_175' title='bbox 1076 2397 1274 2467; x_wconf 89' lang='lat' dir='ltr'><strong>placuit</strong></span> <span class='ocrx_word' id='word_1_176' title='bbox 1323 2395 1426 2450; x_wconf 86' lang='lat' dir='ltr'><strong>isto</strong></span> <span class='ocrx_word' id='word_1_177' title='bbox 1469 2394 1630 2450; x_wconf 92' lang='lat' dir='ltr'><strong>modo</strong></span> <span class='ocrx_word' id='word_1_178' title='bbox 1675 2393 1812 2448; x_wconf 89' lang='lat' dir='ltr'><strong>hanc</strong></span> <span class='ocrx_word' id='word_1_179' title='bbox 1852 2391 2062 2446; x_wconf 90' lang='lat' dir='ltr'><strong>solvere</strong></span> 
     </span>
    </p>
   </div>
   <div class='ocr_carea' id='block_1_24' title="bbox 479 2483 2056 2560">
    <p class='ocr_par' dir='ltr' id='par_1_24' title="bbox 479 2483 2056 2560">
     <span class='ocr_line' id='line_1_24' title="bbox 479 2483 2056 2560; baseline -0.006 -14"><span class='ocrx_word' id='word_1_180' title='bbox 479 2491 830 2560; x_wconf 72' lang='lat' dir='ltr'><strong>qumstionem</strong></span> <span class='ocrx_word' id='word_1_181' title='bbox 857 2508 868 2543; x_wconf 91' lang='lat'><strong>:</strong></span> <span class='ocrx_word' id='word_1_182' title='bbox 898 2504 996 2559; x_wconf 94' lang='lat' dir='ltr'><strong>ego</strong></span> <span class='ocrx_word' id='word_1_183' title='bbox 1023 2503 1150 2542; x_wconf 91' lang='lat' dir='ltr'><strong>vero</strong></span> <span class='ocrx_word' id='word_1_184' title='bbox 1178 2497 1434 2557; x_wconf 91' lang='lat' dir='ltr'><strong>quantum</strong></span> <span class='ocrx_word' id='word_1_185' title='bbox 1461 2485 1525 2540; x_wconf 92' lang='lat' dir='ltr'><strong>ad</strong></span> <span class='ocrx_word' id='word_1_186' title='bbox 1555 2487 1656 2540; x_wconf 90' lang='lat' dir='ltr'><strong>hoc</strong></span> <span class='ocrx_word' id='word_1_187' title='bbox 1676 2483 1816 2554; x_wconf 82' lang='lat' dir='ltr'><strong>quod</strong></span> <span class='ocrx_word' id='word_1_188' title='bbox 1847 2499 1945 2553; x_wconf 87' lang='lat' dir='ltr'><strong>ago</strong></span> <span class='ocrx_word' id='word_1_189' title='bbox 1975 2493 2056 2537; x_wconf 89' lang='lat' dir='ltr'><strong>at-</strong></span> 
     </span>
    </p>
   </div>
   <div class='ocr_carea' id='block_1_25' title="bbox 479 2576 2059 2648">
    <p class='ocr_par' dir='ltr' id='par_1_25' title="bbox 479 2576 2059 2648">
     <span class='ocr_line' id='line_1_25' title="bbox 479 2576 2059 2648; baseline -0.004 -14"><span class='ocrx_word' id='word_1_190' title='bbox 479 2581 632 2648; x_wconf 85' lang='lat' dir='ltr'><strong>tinet,</strong></span> <span class='ocrx_word' id='word_1_191' title='bbox 663 2580 910 2634; x_wconf 85' lang='lat' dir='ltr'><strong>sut‘ﬁcere</strong></span> <span class='ocrx_word' id='word_1_192' title='bbox 938 2579 1113 2646; x_wconf 92' lang='lat' dir='ltr'><strong>video,</strong></span> <span class='ocrx_word' id='word_1_193' title='bbox 1142 2587 1200 2632; x_wconf 93' lang='lat' dir='ltr'><strong>ut</strong></span> <span class='ocrx_word' id='word_1_194' title='bbox 1219 2577 1510 2633; x_wconf 91' lang='lat' dir='ltr'><strong>secundum</strong></span> <span class='ocrx_word' id='word_1_195' title='bbox 1537 2576 1688 2629; x_wconf 88' lang='lat' dir='ltr'><strong>istam</strong></span> <span class='ocrx_word' id='word_1_196' title='bbox 1707 2589 1916 2644; x_wconf 89' lang='lat' dir='ltr'><strong>quoque</strong></span> <span class='ocrx_word' id='word_1_197' title='bbox 1933 2589 2059 2628; x_wconf 90' lang='lat' dir='ltr'><strong>sen-</strong></span> 
     </span>
    </p>
   </div>
   <div class='ocr_carea' id='block_1_26' title="bbox 481 2667 2060 2738">
    <p class='ocr_par' dir='ltr' id='par_1_26' title="bbox 481 2667 2060 2738">
     <span class='ocr_line' id='line_1_26' title="bbox 481 2667 2060 2738; baseline -0.004 -10"><span class='ocrx_word' id='word_1_198' title='bbox 481 2673 718 2738; x_wconf 85' lang='lat' dir='ltr'><strong>tentiam,</strong></span> <span class='ocrx_word' id='word_1_199' title='bbox 747 2672 1182 2728; x_wconf 76' lang='lat' dir='ltr'><strong>demonstrentur</strong></span> <span class='ocrx_word' id='word_1_200' title='bbox 1212 2671 1456 2725; x_wconf 82' lang='lat' dir='ltr'><strong>homines</strong></span> <span class='ocrx_word' id='word_1_201' title='bbox 1485 2684 1592 2723; x_wconf 93' lang='lat' dir='ltr'><strong>non</strong></span> <span class='ocrx_word' id='word_1_202' title='bbox 1628 2667 1856 2736; x_wconf 87' lang='lat' dir='ltr'><strong>judicari</strong></span> <span class='ocrx_word' id='word_1_203' title='bbox 1885 2667 1951 2722; x_wconf 92' lang='lat' dir='ltr'><strong>de</strong></span> <span class='ocrx_word' id='word_1_204' title='bbox 1976 2667 2060 2721; x_wconf 92' lang='lat' dir='ltr'><strong>his</strong></span> 
     </span>
    </p>
   </div>
   <div class='ocr_carea' id='block_1_27' title="bbox 477 2759 2053 2836">
    <p class='ocr_par' dir='ltr' id='par_1_27' title="bbox 477 2759 2053 2836">
     <span class='ocr_line' id='line_1_27' title="bbox 477 2759 2053 2836; baseline -0.004 -17"><span class='ocrx_word' id='word_1_205' title='bbox 477 2781 594 2836; x_wconf 66' lang='lat' dir='ltr'><strong>qua:</strong></span> <span class='ocrx_word' id='word_1_206' title='bbox 619 2780 724 2818; x_wconf 92' lang='lat' dir='ltr'><strong>non</strong></span> <span class='ocrx_word' id='word_1_207' title='bbox 747 2763 1005 2830; x_wconf 83' lang='lat' dir='ltr'><strong>fecerunt,</strong></span> <span class='ocrx_word' id='word_1_208' title='bbox 1031 2764 1235 2818; x_wconf 82' lang='lat' dir='ltr'><strong>etiamsi</strong></span> <span class='ocrx_word' id='word_1_209' title='bbox 1267 2761 1457 2817; x_wconf 83' lang='lat' dir='ltr'><strong>facturi</strong></span> <span class='ocrx_word' id='word_1_210' title='bbox 1484 2760 1648 2815; x_wconf 83' lang='lat' dir='ltr'><strong>fuisse</strong></span> <span class='ocrx_word' id='word_1_211' title='bbox 1673 2759 1880 2827; x_wconf 83' lang='lat' dir='ltr'><strong>praevisi</strong></span> <span class='ocrx_word' id='word_1_212' title='bbox 1910 2767 2053 2812; x_wconf 90' lang='lat' dir='ltr'><strong>sunt.</strong></span> 
     </span>
    </p>
   </div>
   <div class='ocr_carea' id='block_1_28' title="bbox 476 2852 2055 2928">
    <p class='ocr_par' dir='ltr' id='par_1_28' title="bbox 476 2852 2055 2928">
     <span class='ocr_line' id='line_1_28' title="bbox 476 2852 2055 2928; baseline -0.002 -19"><span class='ocrx_word' id='word_1_213' title='bbox 476 2855 810 2928; x_wconf 84' lang='lat' dir='ltr'><strong>Quanquam,</strong></span> <span class='ocrx_word' id='word_1_214' title='bbox 840 2865 898 2911; x_wconf 91' lang='lat' dir='ltr'><strong>ut</strong></span> <span class='ocrx_word' id='word_1_215' title='bbox 923 2857 1052 2922; x_wconf 75' lang='lat' dir='ltr'><strong>dixi,</strong></span> <span class='ocrx_word' id='word_1_216' title='bbox 1085 2855 1220 2910; x_wconf 87' lang='lat' dir='ltr'><strong>hanc</strong></span> <span class='ocrx_word' id='word_1_217' title='bbox 1245 2855 1570 2924; x_wconf 86' lang='lat' dir='ltr'><strong>opinionem,</strong></span> <span class='ocrx_word' id='word_1_218' title='bbox 1604 2869 1704 2922; x_wconf 85' lang='lat' dir='ltr'><strong>qua</strong></span> <span class='ocrx_word' id='word_1_219' title='bbox 1737 2861 1982 2920; x_wconf 90' lang='lat' dir='ltr'><strong>putantur</strong></span> <span class='ocrx_word' id='word_1_220' title='bbox 2003 2852 2055 2906; x_wconf 93' lang='lat' dir='ltr'><strong>in</strong></span> 
     </span>
    </p>
   </div>
   <div class='ocr_carea' id='block_1_29' title="bbox 477 2945 2059 3015">
    <p class='ocr_par' dir='ltr' id='par_1_29' title="bbox 477 2945 2059 3015">
     <span class='ocr_line' id='line_1_29' title="bbox 477 2945 2059 3015; baseline -0.001 -15"><span class='ocrx_word' id='word_1_221' title='bbox 477 2947 826 3003; x_wconf 88' lang='lat' dir='ltr'><strong>morientibus</strong></span> <span class='ocrx_word' id='word_1_222' title='bbox 848 2947 930 3003; x_wconf 92' lang='lat' dir='ltr'><strong>vel</strong></span> <span class='ocrx_word' id='word_1_223' title='bbox 957 2947 1178 3001; x_wconf 84' lang='lat' dir='ltr'><strong>mortuis</strong></span> <span class='ocrx_word' id='word_1_224' title='bbox 1199 2945 1452 3002; x_wconf 88' lang='lat' dir='ltr'><strong>vindicari</strong></span> <span class='ocrx_word' id='word_1_225' title='bbox 1481 2954 1692 3015; x_wconf 85' lang='lat' dir='ltr'><strong>peccata</strong></span> <span class='ocrx_word' id='word_1_226' title='bbox 1717 2947 1754 3008; x_wconf 67' lang='grc' dir='ltr'><strong>ι,</strong></span> <span class='ocrx_word' id='word_1_227' title='bbox 1788 2963 1903 3015; x_wconf 80' lang='lat' dir='ltr'><strong>qua.-</strong></span> <span class='ocrx_word' id='word_1_228' title='bbox 1922 2959 2059 3014; x_wconf 69' lang='lat' dir='ltr'><strong>prte-</strong></span> 
     </span>
    </p>
   </div>
   <div class='ocr_carea' id='block_1_30' title="bbox 475 3035 2059 3107">
    <p class='ocr_par' dir='ltr' id='par_1_30' title="bbox 475 3035 2059 3107">
     <span class='ocr_line' id='line_1_30' title="bbox 475 3035 2059 3107; baseline -0.002 -15"><span class='ocrx_word' id='word_1_229' title='bbox 475 3038 596 3092; x_wconf 85' lang='lat' dir='ltr'><strong>sciti</strong></span> <span class='ocrx_word' id='word_1_230' title='bbox 626 3047 750 3095; x_wconf 90' lang='lat' dir='ltr'><strong>sunt</strong></span> <span class='ocrx_word' id='word_1_231' title='bbox 773 3039 960 3093; x_wconf 86' lang='lat' dir='ltr'><strong>facturi</strong></span> <span class='ocrx_word' id='word_1_232' title='bbox 990 3053 1110 3093; x_wconf 84' lang='lat' dir='ltr'><strong>esse</strong></span> <span class='ocrx_word' id='word_1_233' title='bbox 1137 3038 1180 3091; x_wconf 92' lang='lat' dir='ltr'><strong>si</strong></span> <span class='ocrx_word' id='word_1_234' title='bbox 1207 3037 1468 3100; x_wconf 85' lang='lat' dir='ltr'><strong>viverent,</strong></span> <span class='ocrx_word' id='word_1_235' title='bbox 1496 3037 1656 3092; x_wconf 89' lang='lat' dir='ltr'><strong>etiam</strong></span> <span class='ocrx_word' id='word_1_236' title='bbox 1689 3035 1937 3091; x_wconf 82' lang='lat' dir='ltr'><strong>refellere</strong></span> <span class='ocrx_word' id='word_1_237' title='bbox 1959 3050 2059 3107; x_wconf 87' lang='lat' dir='ltr'><strong>pu-</strong></span> 
     </span>
    </p>
   </div>
   <div class='ocr_carea' id='block_1_31' title="bbox 475 3130 2058 3200">
    <p class='ocr_par' dir='ltr' id='par_1_31' title="bbox 475 3130 2058 3200">
     <span class='ocr_line' id='line_1_31' title="bbox 475 3130 2058 3200; baseline 0.003 -17"><span class='ocrx_word' id='word_1_238' title='bbox 475 3131 620 3198; x_wconf 86' lang='lat' dir='ltr'><strong>deat,</strong></span> <span class='ocrx_word' id='word_1_239' title='bbox 671 3146 740 3188; x_wconf 88' lang='lat' dir='ltr'><strong>ne</strong></span> <span class='ocrx_word' id='word_1_240' title='bbox 779 3131 1058 3187; x_wconf 86' lang='lat' dir='ltr'><strong>videamur</strong></span> <span class='ocrx_word' id='word_1_241' title='bbox 1102 3139 1157 3186; x_wconf 90' lang='lat' dir='ltr'><strong>et</strong></span> <span class='ocrx_word' id='word_1_242' title='bbox 1203 3145 1303 3185; x_wconf 86' lang='lat' dir='ltr'><strong>nos</strong></span> <span class='ocrx_word' id='word_1_243' title='bbox 1331 3130 1667 3186; x_wconf 80' lang='lat' dir='ltr'><strong>existimasse</strong></span> <span class='ocrx_word' id='word_1_244' title='bbox 1694 3130 1917 3200; x_wconf 89' lang='lat' dir='ltr'><strong>alicujus</strong></span> <span class='ocrx_word' id='word_1_245' title='bbox 1938 3145 2058 3187; x_wconf 88' lang='lat' dir='ltr'><strong>esse</strong></span> 
     </span>
    </p>
   </div>
   <div class='ocr_carea' id='block_1_32' title="bbox 483 3224 2053 3296">
    <p class='ocr_par' dir='ltr' id='par_1_32' title="bbox 483 3224 2053 3296">
     <span class='ocr_line' id='line_1_32' title="bbox 483 3224 2053 3296; baseline 0.002 -17"><span class='ocrx_word' id='word_1_246' title='bbox 483 3226 772 3294; x_wconf 87' lang='lat' dir='ltr'><strong>momenti,</strong></span> <span class='ocrx_word' id='word_1_247' title='bbox 816 3241 973 3296; x_wconf 89' lang='lat' dir='ltr'><strong>quam</strong></span> <span class='ocrx_word' id='word_1_248' title='bbox 1023 3225 1309 3281; x_wconf 90' lang='lat' dir='ltr'><strong>maluimus</strong></span> <span class='ocrx_word' id='word_1_249' title='bbox 1360 3225 1717 3296; x_wconf 87' lang='lat' dir='ltr'><strong>disputatione</strong></span> <span class='ocrx_word' id='word_1_250' title='bbox 1765 3224 2053 3291; x_wconf 90' lang='lat' dir='ltr'><strong>cohibere,</strong></span> 
     </span>
    </p>
   </div>
   <div class='ocr_carea' id='block_1_33' title="bbox 477 3317 1198 3386">
    <p class='ocr_par' dir='ltr' id='par_1_33' title="bbox 477 3317 1198 3386">
     <span class='ocr_line' id='line_1_33' title="bbox 477 3317 1198 3386; baseline 0.003 -18"><span class='ocrx_word' id='word_1_251' title='bbox 477 3332 634 3386; x_wconf 60' lang='lat' dir='ltr'><strong>«luam</strong></span> <span class='ocrx_word' id='word_1_252' title='bbox 667 3317 879 3372; x_wconf 91' lang='lat' dir='ltr'><strong>silentio</strong></span> <span class='ocrx_word' id='word_1_253' title='bbox 909 3319 1198 3386; x_wconf 66' lang='lat' dir='ltr'><strong>praiterire.</strong></span> 
     </span>
    </p>
   </div>
   <div class='ocr_carea' id='block_1_34' title="bbox 551 3406 2056 3479">
    <p class='ocr_par' dir='ltr' id='par_1_34' title="bbox 551 3406 2056 3479">
     <span class='ocr_line' id='line_1_34' title="bbox 551 3406 2056 3479; baseline 0.001 -17"><span class='ocrx_word' id='word_1_254' title='bbox 551 3406 776 3466; x_wconf 84' lang='lat' dir='ltr'><strong>CAPUT</strong></span> <span class='ocrx_word' id='word_1_255' title='bbox 817 3408 908 3464; x_wconf 82' lang='lat' dir='ltr'><strong>XI.</strong></span> <span class='ocrx_word' id='word_1_256' title='bbox 935 3439 1010 3449; x_wconf 98' lang='lat'><strong>—</strong></span> <span class='ocrx_word' id='word_1_257' title='bbox 1051 3407 1142 3464; x_wconf 77' lang='lat'><strong>25.</strong></span> <span class='ocrx_word' id='word_1_258' title='bbox 1183 3408 1436 3478; x_wconf 85' lang='lat' dir='ltr'><strong>Proinde,</strong></span> <span class='ocrx_word' id='word_1_259' title='bbox 1483 3408 1620 3465; x_wconf 86' lang='lat' dir='ltr'><strong>sicut</strong></span> <span class='ocrx_word' id='word_1_260' title='bbox 1647 3409 1935 3479; x_wconf 81' lang='lat' dir='ltr'><strong>Apostolus</strong></span> <span class='ocrx_word' id='word_1_261' title='bbox 1959 3410 2056 3476; x_wconf 88' lang='lat' dir='ltr'><strong>ait,</strong></span> 
     </span>
    </p>
   </div>
   <div class='ocr_carea' id='block_1_35' title="bbox 479 3497 2059 3570">
    <p class='ocr_par' dir='ltr' id='par_1_35' title="bbox 479 3497 2059 3570">
     <span class='ocr_line' id='line_1_35' title="bbox 479 3497 2059 3570; baseline 0.001 -18"><span class='ocrx_word' id='word_1_262' title='bbox 479 3497 600 3555; x_wconf 84' lang='lat' dir='ltr'><strong>Non</strong></span> <span class='ocrx_word' id='word_1_263' title='bbox 645 3498 856 3555; x_wconf 66' lang='lat' dir='ltr'><strong>volentis</strong></span> <span class='ocrx_word' id='word_1_264' title='bbox 901 3516 1060 3570; x_wconf 79' lang='lat' dir='ltr'><strong>neque</strong></span> <span class='ocrx_word' id='word_1_265' title='bbox 1093 3501 1359 3568; x_wconf 79' lang='lat' dir='ltr'><strong>currentis,</strong></span> <span class='ocrx_word' id='word_1_266' title='bbox 1398 3499 1490 3556; x_wconf 79' lang='lat' dir='ltr'><strong>sed</strong></span> <span class='ocrx_word' id='word_1_267' title='bbox 1517 3499 1796 3556; x_wconf 71' lang='lat' dir='ltr'><strong>miserantis</strong></span> <span class='ocrx_word' id='word_1_268' title='bbox 1840 3510 1911 3554; x_wconf 80' lang='lat' dir='ltr'><strong>est</strong></span> <span class='ocrx_word' id='word_1_269' title='bbox 1958 3497 2059 3554; x_wconf 86' lang='lat' dir='ltr'><strong>Dei</strong></span> 
     </span>
    </p>
   </div>
   <div class='ocr_carea' id='block_1_36' title="bbox 478 3589 2054 3664">
    <p class='ocr_par' dir='ltr' id='par_1_36' title="bbox 478 3589 2054 3664">
     <span class='ocr_line' id='line_1_36' title="bbox 478 3589 2054 3664; baseline 0 -18"><span class='ocrx_word' id='word_1_270' title='bbox 478 3589 653 3664; x_wconf 85' lang='lat' dir='ltr'><strong>(Rom.</strong></span> <span class='ocrx_word' id='word_1_271' title='bbox 684 3592 872 3663; x_wconf 70' lang='lat' dir='ltr'><strong>tx,16)</strong></span> <span class='ocrx_word' id='word_1_272' title='bbox 894 3610 906 3646; x_wconf 95' lang='lat'><strong>:</strong></span> <span class='ocrx_word' id='word_1_273' title='bbox 931 3592 1020 3663; x_wconf 90' lang='lat' dir='ltr'><strong>qui</strong></span> <span class='ocrx_word' id='word_1_274' title='bbox 1048 3600 1103 3646; x_wconf 89' lang='lat' dir='ltr'><strong>et</strong></span> <span class='ocrx_word' id='word_1_275' title='bbox 1131 3591 1363 3663; x_wconf 85' lang='lat' dir='ltr'><strong>parvulis</strong></span> <span class='ocrx_word' id='word_1_276' title='bbox 1387 3591 1576 3662; x_wconf 87' lang='lat' dir='ltr'><strong>quibus</strong></span> <span class='ocrx_word' id='word_1_277' title='bbox 1599 3591 1734 3659; x_wconf 86' lang='lat' dir='ltr'><strong>vult,</strong></span> <span class='ocrx_word' id='word_1_278' title='bbox 1762 3592 1921 3648; x_wconf 87' lang='lat' dir='ltr'><strong>etiam</strong></span> <span class='ocrx_word' id='word_1_279' title='bbox 1948 3607 2054 3647; x_wconf 92' lang='lat' dir='ltr'><strong>non</strong></span> 
     </span>
    </p>
   </div>
   <div class='ocr_carea' id='block_1_37' title="bbox 479 3683 2036 3756">
    <p class='ocr_par' dir='ltr' id='par_1_37' title="bbox 479 3683 2036 3756">
     <span class='ocr_line' id='line_1_37' title="bbox 479 3683 2036 3756; baseline 0.003 -18"><span class='ocrx_word' id='word_1_280' title='bbox 479 3683 778 3740; x_wconf 89' lang='lat' dir='ltr'><strong>volentibus</strong></span> <span class='ocrx_word' id='word_1_281' title='bbox 799 3699 970 3755; x_wconf 90' lang='lat' dir='ltr'><strong>neque</strong></span> <span class='ocrx_word' id='word_1_282' title='bbox 983 3685 1321 3741; x_wconf 89' lang='lat' dir='ltr'><strong>currentibus</strong></span> <span class='ocrx_word' id='word_1_283' title='bbox 1338 3685 1605 3754; x_wconf 85' lang='lat' dir='ltr'><strong>subvenit,</strong></span> <span class='ocrx_word' id='word_1_284' title='bbox 1631 3701 1767 3756; x_wconf 84' lang='lat' dir='ltr'><strong>quos</strong></span> <span class='ocrx_word' id='word_1_285' title='bbox 1790 3695 1916 3741; x_wconf 75' lang='lat' dir='ltr'><strong>ante</strong></span> <span class='ocrx_word' id='word_1_286' title='bbox 1934 3701 2036 3742; x_wconf 76' lang='lat' dir='ltr'><strong>con</strong></span> 
     </span>
    </p>
   </div>
   <div class='ocr_carea' id='block_1_38' title="bbox 479 3776 2055 3850">
    <p class='ocr_par' dir='ltr' id='par_1_38' title="bbox 479 3776 2055 3850">
     <span class='ocr_line' id='line_1_38' title="bbox 479 3776 2055 3850; baseline 0 -17"><span class='ocrx_word' id='word_1_287' title='bbox 479 3777 806 3835; x_wconf 86' lang='lat' dir='ltr'><strong>stitutionem</strong></span> <span class='ocrx_word' id='word_1_288' title='bbox 833 3777 1016 3834; x_wconf 84' lang='lat' dir='ltr'><strong>mundi</strong></span> <span class='ocrx_word' id='word_1_289' title='bbox 1041 3779 1204 3850; x_wconf 82' lang='lat' dir='ltr'><strong>elegit</strong></span> <span class='ocrx_word' id='word_1_290' title='bbox 1229 3780 1284 3835; x_wconf 90' lang='lat' dir='ltr'><strong>in</strong></span> <span class='ocrx_word' id='word_1_291' title='bbox 1311 3776 1546 3844; x_wconf 89' lang='lat' dir='ltr'><strong>Christo,</strong></span> <span class='ocrx_word' id='word_1_292' title='bbox 1577 3779 1724 3836; x_wconf 75' lang='lat' dir='ltr'><strong>datu:</strong></span> <span class='ocrx_word' id='word_1_293' title='bbox 1751 3794 1796 3834; x_wconf 81' lang='lat' dir='ltr'><strong>IS</strong></span> <span class='ocrx_word' id='word_1_294' title='bbox 1821 3780 1899 3836; x_wconf 92' lang='lat' dir='ltr'><strong>eis</strong></span> <span class='ocrx_word' id='word_1_295' title='bbox 1929 3795 2055 3850; x_wconf 88' lang='lat' dir='ltr'><strong>gra-</strong></span> 
     </span>
    </p>
   </div>
   <div class='ocr_carea' id='block_1_39' title="bbox 477 3867 2056 3942">
    <p class='ocr_par' dir='ltr' id='par_1_39' title="bbox 477 3867 2056 3942">
     <span class='ocr_line' id='line_1_39' title="bbox 477 3867 2056 3942; baseline 0 -18"><span class='ocrx_word' id='word_1_296' title='bbox 477 3869 606 3925; x_wconf 85' lang='lat' dir='ltr'><strong>tiam</strong></span> <span class='ocrx_word' id='word_1_297' title='bbox 629 3870 814 3942; x_wconf 89' lang='lat' dir='ltr'><strong>gratis,</strong></span> <span class='ocrx_word' id='word_1_298' title='bbox 855 3872 958 3924; x_wconf 88' lang='lat' dir='ltr'><strong>hoc</strong></span> <span class='ocrx_word' id='word_1_299' title='bbox 983 3879 1086 3934; x_wconf 90' lang='lat' dir='ltr'><strong>est,</strong></span> <span class='ocrx_word' id='word_1_300' title='bbox 1117 3869 1278 3924; x_wconf 90' lang='lat' dir='ltr'><strong>nullis</strong></span> <span class='ocrx_word' id='word_1_301' title='bbox 1305 3885 1491 3926; x_wconf 91' lang='lat' dir='ltr'><strong>eorum</strong></span> <span class='ocrx_word' id='word_1_302' title='bbox 1533 3867 1620 3926; x_wconf 85' lang='lat' dir='ltr'><strong>vel</strong></span> <span class='ocrx_word' id='word_1_303' title='bbox 1665 3869 1786 3925; x_wconf 76' lang='lat' dir='ltr'><strong>ﬁdei</strong></span> <span class='ocrx_word' id='word_1_304' title='bbox 1813 3871 1898 3926; x_wconf 79' lang='lat' dir='ltr'><strong>vel</strong></span> <span class='ocrx_word' id='word_1_305' title='bbox 1924 3884 2056 3941; x_wconf 85' lang='lat' dir='ltr'><strong>Ope-</strong></span> 
     </span>
    </p>
   </div>
   <div class='ocr_carea' id='block_1_40' title="bbox 477 3959 2056 4032">
    <p class='ocr_par' dir='ltr' id='par_1_40' title="bbox 477 3959 2056 4032">
     <span class='ocr_line' id='line_1_40' title="bbox 477 3959 2056 4032; baseline -0.002 -14"><span class='ocrx_word' id='word_1_306' title='bbox 477 3976 596 4018; x_wconf 90' lang='lat' dir='ltr'><strong>rum</strong></span> <span class='ocrx_word' id='word_1_307' title='bbox 640 3961 845 4017; x_wconf 88' lang='lat' dir='ltr'><strong>meritis</strong></span> <span class='ocrx_word' id='word_1_308' title='bbox 873 3959 1333 4031; x_wconf 71' lang='lat' dir='ltr'><strong>przecedentibus:</strong></span> <span class='ocrx_word' id='word_1_309' title='bbox 1357 3971 1410 4017; x_wconf 91' lang='lat' dir='ltr'><strong>et</strong></span> <span class='ocrx_word' id='word_1_310' title='bbox 1438 3961 1727 4032; x_wconf 89' lang='lat' dir='ltr'><strong>majoribus</strong></span> <span class='ocrx_word' id='word_1_311' title='bbox 1767 3962 1926 4016; x_wconf 90' lang='lat' dir='ltr'><strong>etiam</strong></span> <span class='ocrx_word' id='word_1_312' title='bbox 1971 3960 2056 4015; x_wconf 90' lang='lat' dir='ltr'><strong>his</strong></span> 
     </span>
    </p>
   </div>
   <div class='ocr_carea' id='block_1_41' title="bbox 477 4051 2058 4124">
    <p class='ocr_par' dir='ltr' id='par_1_41' title="bbox 477 4051 2058 4124">
     <span class='ocr_line' id='line_1_41' title="bbox 477 4051 2058 4124; baseline -0.001 -16"><span class='ocrx_word' id='word_1_313' title='bbox 477 4069 608 4124; x_wconf 85' lang='lat' dir='ltr'><strong>quos</strong></span> <span class='ocrx_word' id='word_1_314' title='bbox 635 4053 896 4124; x_wconf 66' lang='lat' dir='ltr'><strong>praividit,</strong></span> <span class='ocrx_word' id='word_1_315' title='bbox 921 4053 966 4108; x_wconf 91' lang='lat' dir='ltr'><strong>si</strong></span> <span class='ocrx_word' id='word_1_316' title='bbox 995 4052 1134 4123; x_wconf 89' lang='lat' dir='ltr'><strong>apud</strong></span> <span class='ocrx_word' id='word_1_317' title='bbox 1162 4069 1254 4110; x_wconf 87' lang='lat' dir='ltr'><strong>eos</strong></span> <span class='ocrx_word' id='word_1_318' title='bbox 1281 4053 1411 4107; x_wconf 82' lang='lat' dir='ltr'><strong>facta</strong></span> <span class='ocrx_word' id='word_1_319' title='bbox 1433 4061 1633 4118; x_wconf 89' lang='lat' dir='ltr'><strong>essent,</strong></span> <span class='ocrx_word' id='word_1_320' title='bbox 1656 4052 1767 4106; x_wconf 92' lang='lat' dir='ltr'><strong>suis</strong></span> <span class='ocrx_word' id='word_1_321' title='bbox 1789 4051 2058 4106; x_wconf 88' lang='lat' dir='ltr'><strong>miraculis</strong></span> 
     </span>
    </p>
   </div>
   <div class='ocr_carea' id='block_1_42' title="bbox 479 4143 2051 4216">
    <p class='ocr_par' dir='ltr' id='par_1_42' title="bbox 479 4143 2051 4216">
     <span class='ocr_line' id='line_1_42' title="bbox 479 4143 2051 4216; baseline -0.003 -14"><span class='ocrx_word' id='word_1_322' title='bbox 479 4145 798 4210; x_wconf 88' lang='lat' dir='ltr'><strong>credituros,</strong></span> <span class='ocrx_word' id='word_1_323' title='bbox 827 4146 1019 4216; x_wconf 84' lang='lat' dir='ltr'><strong>quibus</strong></span> <span class='ocrx_word' id='word_1_324' title='bbox 1048 4159 1151 4200; x_wconf 92' lang='lat' dir='ltr'><strong>non</strong></span> <span class='ocrx_word' id='word_1_325' title='bbox 1183 4145 1296 4198; x_wconf 89' lang='lat' dir='ltr'><strong>vult</strong></span> <span class='ocrx_word' id='word_1_326' title='bbox 1319 4143 1620 4211; x_wconf 87' lang='lat' dir='ltr'><strong>subvenire,</strong></span> <span class='ocrx_word' id='word_1_327' title='bbox 1643 4159 1748 4197; x_wconf 90' lang='lat' dir='ltr'><strong>non</strong></span> <span class='ocrx_word' id='word_1_328' title='bbox 1773 4143 2051 4210; x_wconf 80' lang='lat' dir='ltr'><strong>subvenit;</strong></span> 
     </span>
    </p>
   </div>
   <div class='ocr_carea' id='block_1_43' title="bbox 477 4233 2056 4308">
    <p class='ocr_par' dir='ltr' id='par_1_43' title="bbox 477 4233 2056 4308">
     <span class='ocr_line' id='line_1_43' title="bbox 477 4233 2056 4308; baseline -0.003 -14"><span class='ocrx_word' id='word_1_329' title='bbox 477 4237 546 4294; x_wconf 87' lang='lat' dir='ltr'><strong>de</strong></span> <span class='ocrx_word' id='word_1_330' title='bbox 571 4239 762 4308; x_wconf 89' lang='lat' dir='ltr'><strong>quibus</strong></span> <span class='ocrx_word' id='word_1_331' title='bbox 787 4239 838 4292; x_wconf 92' lang='lat' dir='ltr'><strong>in</strong></span> <span class='ocrx_word' id='word_1_332' title='bbox 868 4253 962 4292; x_wconf 90' lang='lat' dir='ltr'><strong>sua</strong></span> <span class='ocrx_word' id='word_1_333' title='bbox 987 4236 1452 4306; x_wconf 67' lang='lat' dir='ltr'><strong>praedestinatione</strong></span> <span class='ocrx_word' id='word_1_334' title='bbox 1477 4235 1680 4290; x_wconf 85' lang='lat' dir='ltr'><strong>occnlte</strong></span> <span class='ocrx_word' id='word_1_335' title='bbox 1705 4234 1942 4304; x_wconf 86' lang='lat' dir='ltr'><strong>quidem,</strong></span> <span class='ocrx_word' id='word_1_336' title='bbox 1961 4233 2056 4290; x_wconf 90' lang='lat' dir='ltr'><strong>sed</strong></span> 
     </span>
    </p>
   </div>
   <div class='ocr_carea' id='block_1_44' title="bbox 474 4326 2056 4401">
    <p class='ocr_par' dir='ltr' id='par_1_44' title="bbox 474 4326 2056 4401">
     <span class='ocr_line' id='line_1_44' title="bbox 474 4326 2056 4401; baseline -0.003 -16"><span class='ocrx_word' id='word_1_337' title='bbox 474 4330 618 4401; x_wconf 89' lang='lat' dir='ltr'><strong>juste</strong></span> <span class='ocrx_word' id='word_1_338' title='bbox 660 4329 802 4385; x_wconf 88' lang='lat' dir='ltr'><strong>aliud</strong></span> <span class='ocrx_word' id='word_1_339' title='bbox 842 4329 1116 4397; x_wconf 86' lang='lat' dir='ltr'><strong>judicavit.</strong></span> <span class='ocrx_word' id='word_1_340' title='bbox 1165 4328 1280 4382; x_wconf 87' lang='lat' dir='ltr'><strong>Non</strong></span> <span class='ocrx_word' id='word_1_341' title='bbox 1324 4328 1464 4382; x_wconf 90' lang='lat' dir='ltr'><strong>enim</strong></span> <span class='ocrx_word' id='word_1_342' title='bbox 1507 4335 1590 4382; x_wconf 91' lang='lat' dir='ltr'><strong>est</strong></span> <span class='ocrx_word' id='word_1_343' title='bbox 1639 4327 1889 4396; x_wconf 82' lang='lat' dir='ltr'><strong>iniquitas</strong></span> <span class='ocrx_word' id='word_1_344' title='bbox 1916 4326 2056 4397; x_wconf 89' lang='lat' dir='ltr'><strong>apud</strong></span> 
     </span>
    </p>
   </div>
   <div class='ocr_carea' id='block_1_45' title="bbox 483 4419 2058 4490">
    <p class='ocr_par' dir='ltr' id='par_1_45' title="bbox 483 4419 2058 4490">
     <span class='ocr_line' id='line_1_45' title="bbox 483 4419 2058 4490; baseline -0.002 -12"><span class='ocrx_word' id='word_1_345' title='bbox 483 4423 682 4490; x_wconf 88' lang='lat' dir='ltr'><strong>Deum;</strong></span> <span class='ocrx_word' id='word_1_346' title='bbox 705 4423 796 4477; x_wconf 89' lang='lat' dir='ltr'><strong>sed</strong></span> <span class='ocrx_word' id='word_1_347' title='bbox 821 4421 1180 4476; x_wconf 88' lang='lat' dir='ltr'><strong>inscrutabilia</strong></span> <span class='ocrx_word' id='word_1_348' title='bbox 1218 4429 1341 4474; x_wconf 88' lang='lat' dir='ltr'><strong>sunt</strong></span> <span class='ocrx_word' id='word_1_349' title='bbox 1357 4419 1553 4490; x_wconf 91' lang='lat' dir='ltr'><strong>judicia</strong></span> <span class='ocrx_word' id='word_1_350' title='bbox 1579 4419 1714 4490; x_wconf 86' lang='lat' dir='ltr'><strong>ejus,</strong></span> <span class='ocrx_word' id='word_1_351' title='bbox 1747 4429 1800 4475; x_wconf 93' lang='lat' dir='ltr'><strong>et</strong></span> <span class='ocrx_word' id='word_1_352' title='bbox 1840 4421 2058 4478; x_wconf 80' lang='lat' dir='ltr'><strong>investi-</strong></span> 
     </span>
    </p>
   </div>
   <div class='ocr_carea' id='block_1_46' title="bbox 477 4511 2056 4586">
    <p class='ocr_par' dir='ltr' id='par_1_46' title="bbox 477 4511 2056 4586">
     <span class='ocr_line' id='line_1_46' title="bbox 477 4511 2056 4586; baseline -0.001 -16"><span class='ocrx_word' id='word_1_353' title='bbox 477 4515 678 4586; x_wconf 87' lang='lat' dir='ltr'><strong>gabiles</strong></span> <span class='ocrx_word' id='word_1_354' title='bbox 701 4515 800 4570; x_wconf 71' lang='lat' dir='ltr'><strong>via:</strong></span> <span class='ocrx_word' id='word_1_355' title='bbox 828 4515 942 4585; x_wconf 89' lang='lat' dir='ltr'><strong>ejus</strong></span> <span class='ocrx_word' id='word_1_356' title='bbox 968 4513 1078 4586; x_wconf 84' lang='lat' dir='ltr'><strong>(Id.</strong></span> <span class='ocrx_word' id='word_1_357' title='bbox 1105 4530 1180 4580; x_wconf 75' lang='grc' dir='ltr'><strong>ιι,</strong></span> <span class='ocrx_word' id='word_1_358' title='bbox 1205 4511 1296 4584; x_wconf 80' lang='lat'><strong>5&#39;5)</strong></span> <span class='ocrx_word' id='word_1_359' title='bbox 1319 4531 1330 4566; x_wconf 93' lang='lat'>:</span> <span class='ocrx_word' id='word_1_360' title='bbox 1357 4514 1614 4568; x_wconf 72' lang='lat' dir='ltr'><strong>universae</strong></span> <span class='ocrx_word' id='word_1_361' title='bbox 1639 4523 1814 4568; x_wconf 88' lang='lat' dir='ltr'><strong>autem</strong></span> <span class='ocrx_word' id='word_1_362' title='bbox 1833 4513 1931 4568; x_wconf 71' lang='lat' dir='ltr'><strong>vite</strong></span> <span class='ocrx_word' id='word_1_363' title='bbox 1949 4513 2056 4568; x_wconf 89' lang='lat' dir='ltr'><strong>Do-</strong></span> 
     </span>
    </p>
   </div>
   <div class='ocr_carea' id='block_1_47' title="bbox 479 4603 2054 4677">
    <p class='ocr_par' dir='ltr' id='par_1_47' title="bbox 479 4603 2054 4677">
     <span class='ocr_line' id='line_1_47' title="bbox 479 4603 2054 4677; baseline -0.001 -15"><span class='ocrx_word' id='word_1_364' title='bbox 479 4609 608 4662; x_wconf 90' lang='lat' dir='ltr'><strong>mini</strong></span> <span class='ocrx_word' id='word_1_365' title='bbox 641 4607 1002 4662; x_wconf 87' lang='lat' dir='ltr'><strong>misericordia</strong></span> <span class='ocrx_word' id='word_1_366' title='bbox 1033 4615 1086 4661; x_wconf 90' lang='lat' dir='ltr'><strong>et</strong></span> <span class='ocrx_word' id='word_1_367' title='bbox 1113 4606 1308 4660; x_wconf 91' lang='lat' dir='ltr'><strong>veritas</strong></span> <span class='ocrx_word' id='word_1_368' title='bbox 1337 4603 1506 4677; x_wconf 69' lang='lat' dir='ltr'><strong>(Paul.</strong></span> <span class='ocrx_word' id='word_1_369' title='bbox 1539 4619 1686 4671; x_wconf 74' lang='lat' dir='ltr'><strong>xxrv,</strong></span> <span class='ocrx_word' id='word_1_370' title='bbox 1737 4603 1848 4675; x_wconf 73' lang='lat'><strong>10).</strong></span> <span class='ocrx_word' id='word_1_371' title='bbox 1901 4605 2054 4661; x_wconf 88' lang='lat' dir='ltr'><strong>luve-</strong></span> 
     </span>
    </p>
   </div>
   <div class='ocr_carea' id='block_1_48' title="bbox 480 4695 2055 4771">
    <p class='ocr_par' dir='ltr' id='par_1_48' title="bbox 480 4695 2055 4771">
     <span class='ocr_line' id='line_1_48' title="bbox 480 4695 2055 4771; baseline -0.003 -15"><span class='ocrx_word' id='word_1_372' title='bbox 480 4700 738 4771; x_wconf 86' lang='lat' dir='ltr'><strong>stigabilis</strong></span> <span class='ocrx_word' id='word_1_373' title='bbox 767 4713 894 4769; x_wconf 90' lang='lat' dir='ltr'><strong>ergo</strong></span> <span class='ocrx_word' id='word_1_374' title='bbox 918 4705 1002 4753; x_wconf 90' lang='lat' dir='ltr'><strong>est</strong></span> <span class='ocrx_word' id='word_1_375' title='bbox 1031 4697 1408 4762; x_wconf 82' lang='lat' dir='ltr'><strong>misericordia,</strong></span> <span class='ocrx_word' id='word_1_376' title='bbox 1441 4712 1539 4765; x_wconf 91' lang='lat' dir='ltr'><strong>qua</strong></span> <span class='ocrx_word' id='word_1_377' title='bbox 1568 4695 1718 4766; x_wconf 72' lang='lat' dir='ltr'><strong>cujus</strong></span> <span class='ocrx_word' id='word_1_378' title='bbox 1755 4695 1862 4750; x_wconf 90' lang='lat' dir='ltr'><strong>vult</strong></span> <span class='ocrx_word' id='word_1_379' title='bbox 1889 4697 2055 4752; x_wconf 92' lang='lat' dir='ltr'><strong>mise-</strong></span> 
     </span>
    </p>
   </div>
   <div class='ocr_carea' id='block_1_49' title="bbox 478 4787 2054 4860">
    <p class='ocr_par' dir='ltr' id='par_1_49' title="bbox 478 4787 2054 4860">
     <span class='ocr_line' id='line_1_49' title="bbox 478 4787 2054 4860; baseline -0.004 -14"><span class='ocrx_word' id='word_1_380' title='bbox 478 4801 650 4858; x_wconf 85' lang='lat' dir='ltr'><strong>retur,</strong></span> <span class='ocrx_word' id='word_1_381' title='bbox 677 4791 832 4844; x_wconf 89' lang='lat' dir='ltr'><strong>nullis</strong></span> <span class='ocrx_word' id='word_1_382' title='bbox 857 4789 972 4860; x_wconf 87' lang='lat' dir='ltr'><strong>ejus</strong></span> <span class='ocrx_word' id='word_1_383' title='bbox 1001 4788 1419 4858; x_wconf 65' lang='lat' dir='ltr'><strong>praecedentibus</strong></span> <span class='ocrx_word' id='word_1_384' title='bbox 1443 4787 1674 4841; x_wconf 91' lang='lat' dir='ltr'><strong>meritis:</strong></span> <span class='ocrx_word' id='word_1_385' title='bbox 1697 4797 1751 4843; x_wconf 90' lang='lat' dir='ltr'><strong>et</strong></span> <span class='ocrx_word' id='word_1_386' title='bbox 1771 4787 2054 4858; x_wconf 87' lang='lat' dir='ltr'><strong>investiga-</strong></span> 
     </span>
    </p>
   </div>
   <div class='ocr_carea' id='block_1_50' title="bbox 481 4877 2052 4950">
    <p class='ocr_par' dir='ltr' id='par_1_50' title="bbox 481 4877 2052 4950">
     <span class='ocr_line' id='line_1_50' title="bbox 481 4877 2052 4950; baseline -0.003 -13"><span class='ocrx_word' id='word_1_387' title='bbox 481 4881 606 4938; x_wconf 89' lang='lat' dir='ltr'><strong>bilis</strong></span> <span class='ocrx_word' id='word_1_388' title='bbox 632 4881 849 4947; x_wconf 87' lang='lat' dir='ltr'><strong>veritas,</strong></span> <span class='ocrx_word' id='word_1_389' title='bbox 883 4895 982 4949; x_wconf 91' lang='lat' dir='ltr'><strong>qua</strong></span> <span class='ocrx_word' id='word_1_390' title='bbox 1012 4893 1170 4949; x_wconf 90' lang='lat' dir='ltr'><strong>quem</strong></span> <span class='ocrx_word' id='word_1_391' title='bbox 1211 4879 1322 4932; x_wconf 91' lang='lat' dir='ltr'><strong>vult</strong></span> <span class='ocrx_word' id='word_1_392' title='bbox 1363 4877 1588 4932; x_wconf 87' lang='lat' dir='ltr'><strong>obdurat</strong></span> <span class='ocrx_word' id='word_1_393' title='bbox 1617 4877 1790 4950; x_wconf 86' lang='lat' dir='ltr'><strong>(Rom.</strong></span> <span class='ocrx_word' id='word_1_394' title='bbox 1833 4895 1906 4944; x_wconf 79' lang='lat' dir='ltr'><strong>Ix,</strong></span> <span class='ocrx_word' id='word_1_395' title='bbox 1939 4877 2052 4948; x_wconf 80' lang='grc'><strong>18),</strong></span> 
     </span>
    </p>
   </div>
   <div class='ocr_carea' id='block_1_51' title="bbox 485 4970 2054 5046">
    <p class='ocr_par' dir='ltr' id='par_1_51' title="bbox 485 4970 2054 5046">
     <span class='ocr_line' id='line_1_51' title="bbox 485 4970 2054 5046; baseline -0.005 -14"><span class='ocrx_word' id='word_1_396' title='bbox 485 4975 602 5046; x_wconf 90' lang='lat' dir='ltr'><strong>ejus</strong></span> <span class='ocrx_word' id='word_1_397' title='bbox 627 4973 840 5044; x_wconf 90' lang='lat' dir='ltr'><strong>quidem</strong></span> <span class='ocrx_word' id='word_1_398' title='bbox 865 4971 1288 5044; x_wconf 69' lang='lat' dir='ltr'><strong>praecedentibus</strong></span> <span class='ocrx_word' id='word_1_399' title='bbox 1311 4971 1534 5035; x_wconf 86' lang='lat' dir='ltr'><strong>meritis,</strong></span> <span class='ocrx_word' id='word_1_400' title='bbox 1557 4972 1650 5027; x_wconf 91' lang='lat' dir='ltr'><strong>sed</strong></span> <span class='ocrx_word' id='word_1_401' title='bbox 1673 4987 1792 5027; x_wconf 90' lang='lat' dir='ltr'><strong>cum</strong></span> <span class='ocrx_word' id='word_1_402' title='bbox 1820 4987 1884 5026; x_wconf 92' lang='lat' dir='ltr'><strong>eo</strong></span> <span class='ocrx_word' id='word_1_403' title='bbox 1905 4970 2054 5040; x_wconf 89' lang='lat' dir='ltr'><strong>cujus</strong></span> 
     </span>
    </p>
   </div>
   <div class='ocr_carea' id='block_1_52' title="bbox 483 5063 2056 5135">
    <p class='ocr_par' dir='ltr' id='par_1_52' title="bbox 483 5063 2056 5135">
     <span class='ocr_line' id='line_1_52' title="bbox 483 5063 2056 5135; baseline -0.003 -14"><span class='ocrx_word' id='word_1_404' title='bbox 483 5067 768 5122; x_wconf 87' lang='lat' dir='ltr'><strong>miseretur</strong></span> <span class='ocrx_word' id='word_1_405' title='bbox 795 5065 1107 5135; x_wconf 91' lang='lat' dir='ltr'><strong>plerumque</strong></span> <span class='ocrx_word' id='word_1_406' title='bbox 1129 5063 1517 5118; x_wconf 86' lang='lat' dir='ltr'><strong>communibus.</strong></span> <span class='ocrx_word' id='word_1_407' title='bbox 1549 5063 1696 5118; x_wconf 91' lang='lat' dir='ltr'><strong>Sicut</strong></span> <span class='ocrx_word' id='word_1_408' title='bbox 1723 5063 1946 5117; x_wconf 88' lang='lat' dir='ltr'><strong>duorum</strong></span> <span class='ocrx_word' id='word_1_409' title='bbox 1964 5077 2056 5132; x_wconf 88' lang='lat' dir='ltr'><strong>ge-</strong></span> 
     </span>
    </p>
   </div>
   <div class='ocr_carea' id='block_1_53' title="bbox 483 5157 2054 5227">
    <p class='ocr_par' dir='ltr' id='par_1_53' title="bbox 483 5157 2054 5227">
     <span class='ocr_line' id='line_1_53' title="bbox 483 5157 2054 5227; baseline -0.004 -11"><span class='ocrx_word' id='word_1_410' title='bbox 483 5159 772 5226; x_wconf 90' lang='lat' dir='ltr'><strong>minorum,</strong></span> <span class='ocrx_word' id='word_1_411' title='bbox 799 5173 1024 5227; x_wconf 86' lang='lat' dir='ltr'><strong>quorum</strong></span> <span class='ocrx_word' id='word_1_412' title='bbox 1052 5173 1188 5212; x_wconf 90' lang='lat' dir='ltr'><strong>unus</strong></span> <span class='ocrx_word' id='word_1_413' title='bbox 1215 5158 1521 5224; x_wconf 88' lang='lat' dir='ltr'><strong>assumitur,</strong></span> <span class='ocrx_word' id='word_1_414' title='bbox 1554 5171 1690 5210; x_wconf 88' lang='lat' dir='ltr'><strong>unus</strong></span> <span class='ocrx_word' id='word_1_415' title='bbox 1715 5157 2054 5226; x_wconf 90' lang='lat' dir='ltr'><strong>relinquitur,</strong></span> 
     </span>
    </p>
   </div>
   <div class='ocr_carea' id='block_1_54' title="bbox 476 5248 2054 5324">
    <p class='ocr_par' dir='ltr' id='par_1_54' title="bbox 476 5248 2054 5324">
     <span class='ocr_line' id='line_1_54' title="bbox 476 5248 2054 5324; baseline -0.004 -16"><span class='ocrx_word' id='word_1_416' title='bbox 476 5253 662 5324; x_wconf 87' lang='lat' dir='ltr'><strong>dispar</strong></span> <span class='ocrx_word' id='word_1_417' title='bbox 681 5264 764 5309; x_wconf 90' lang='lat' dir='ltr'><strong>est</strong></span> <span class='ocrx_word' id='word_1_418' title='bbox 791 5251 980 5316; x_wconf 75' lang='lat' dir='ltr'><strong>exitus,</strong></span> <span class='ocrx_word' id='word_1_419' title='bbox 1013 5252 1200 5307; x_wconf 92' lang='lat' dir='ltr'><strong>merita</strong></span> <span class='ocrx_word' id='word_1_420' title='bbox 1227 5248 1559 5306; x_wconf 90' lang='lat' dir='ltr'><strong>communia:</strong></span> <span class='ocrx_word' id='word_1_421' title='bbox 1583 5248 1635 5302; x_wconf 91' lang='lat' dir='ltr'><strong>in</strong></span> <span class='ocrx_word' id='word_1_422' title='bbox 1661 5248 1852 5317; x_wconf 88' lang='lat' dir='ltr'><strong>quibus</strong></span> <span class='ocrx_word' id='word_1_423' title='bbox 1879 5257 2054 5302; x_wconf 88' lang='lat' dir='ltr'><strong>tamen</strong></span> 
     </span>
    </p>
   </div>
   <div class='ocr_carea' id='block_1_55' title="bbox 479 5337 2052 5414">
    <p class='ocr_par' dir='ltr' id='par_1_55' title="bbox 479 5337 2052 5414">
     <span class='ocr_line' id='line_1_55' title="bbox 479 5337 2052 5414; baseline -0.006 -15"><span class='ocrx_word' id='word_1_424' title='bbox 479 5345 558 5400; x_wconf 91' lang='lat' dir='ltr'><strong>sic</strong></span> <span class='ocrx_word' id='word_1_425' title='bbox 582 5343 716 5399; x_wconf 87' lang='lat' dir='ltr'><strong>alter</strong></span> <span class='ocrx_word' id='word_1_426' title='bbox 757 5357 944 5414; x_wconf 91' lang='lat' dir='ltr'><strong>magna</strong></span> <span class='ocrx_word' id='word_1_427' title='bbox 972 5341 1066 5396; x_wconf 89' lang='lat' dir='ltr'><strong>Dei</strong></span> <span class='ocrx_word' id='word_1_428' title='bbox 1095 5341 1330 5395; x_wconf 90' lang='lat' dir='ltr'><strong>bonitate</strong></span> <span class='ocrx_word' id='word_1_429' title='bbox 1355 5339 1632 5404; x_wconf 85' lang='lat' dir='ltr'><strong>liberatur,</strong></span> <span class='ocrx_word' id='word_1_430' title='bbox 1663 5345 1719 5392; x_wconf 89' lang='lat' dir='ltr'><strong>ut</strong></span> <span class='ocrx_word' id='word_1_431' title='bbox 1749 5337 1882 5391; x_wconf 86' lang='lat' dir='ltr'><strong>alter</strong></span> <span class='ocrx_word' id='word_1_432' title='bbox 1909 5337 2052 5391; x_wconf 91' lang='lat' dir='ltr'><strong>nulla</strong></span> 
     </span>
    </p>
   </div>
   <div class='ocr_carea' id='block_1_56' title="bbox 477 5427 2058 5506">
    <p class='ocr_par' dir='ltr' id='par_1_56' title="bbox 477 5427 2058 5506">
     <span class='ocr_line' id='line_1_56' title="bbox 477 5427 2058 5506; baseline -0.007 -13"><span class='ocrx_word' id='word_1_433' title='bbox 477 5435 596 5506; x_wconf 85' lang='lat' dir='ltr'><strong>ejus</strong></span> <span class='ocrx_word' id='word_1_434' title='bbox 617 5433 894 5506; x_wconf 87' lang='lat' dir='ltr'><strong>iniquitate</strong></span> <span class='ocrx_word' id='word_1_435' title='bbox 910 5433 1210 5488; x_wconf 91' lang='lat' dir='ltr'><strong>damnetur.</strong></span> <span class='ocrx_word' id='word_1_436' title='bbox 1238 5427 1502 5498; x_wconf 86' lang='lat' dir='ltr'><strong>Numquid</strong></span> <span class='ocrx_word' id='word_1_437' title='bbox 1527 5429 1669 5484; x_wconf 87' lang='lat' dir='ltr'><strong>enim</strong></span> <span class='ocrx_word' id='word_1_438' title='bbox 1699 5429 1946 5499; x_wconf 86' lang='lat' dir='ltr'><strong>iniquitas</strong></span> <span class='ocrx_word' id='word_1_439' title='bbox 1973 5435 2058 5482; x_wconf 91' lang='lat' dir='ltr'><strong>est</strong></span> 
     </span>
    </p>
   </div>
   <div class='ocr_carea' id='block_1_57' title="bbox 479 5519 2051 5600">
    <p class='ocr_par' dir='ltr' id='par_1_57' title="bbox 479 5519 2051 5600">
     <span class='ocr_line' id='line_1_57' title="bbox 479 5519 2051 5600; baseline -0.008 -18"><span class='ocrx_word' id='word_1_440' title='bbox 479 5527 618 5600; x_wconf 89' lang='lat' dir='ltr'><strong>apud</strong></span> <span class='ocrx_word' id='word_1_441' title='bbox 647 5527 850 5582; x_wconf 83' lang='lat' dir='ltr'><strong>Deum?</strong></span> <span class='ocrx_word' id='word_1_442' title='bbox 869 5525 1020 5580; x_wconf 84' lang='lat' dir='ltr'><strong>Absit</strong></span> <span class='ocrx_word' id='word_1_443' title='bbox 1042 5542 1053 5578; x_wconf 93' lang='lat'><strong>:</strong></span> <span class='ocrx_word' id='word_1_444' title='bbox 1077 5523 1172 5580; x_wconf 90' lang='lat' dir='ltr'><strong>sed</strong></span> <span class='ocrx_word' id='word_1_445' title='bbox 1201 5520 1594 5592; x_wconf 84' lang='lat' dir='ltr'><strong>investigabiles</strong></span> <span class='ocrx_word' id='word_1_446' title='bbox 1615 5529 1738 5573; x_wconf 88' lang='lat' dir='ltr'><strong>sunt</strong></span> <span class='ocrx_word' id='word_1_447' title='bbox 1753 5519 1852 5574; x_wconf 85' lang='lat' dir='ltr'><strong>viae</strong></span> <span class='ocrx_word' id='word_1_448' title='bbox 1869 5519 2051 5588; x_wconf 90' lang='lat' dir='ltr'><strong>ipsius.</strong></span> 
     </span>
    </p>
   </div>
   <div class='ocr_carea' id='block_1_58' title="bbox 483 5610 2055 5690">
    <p class='ocr_par' dir='ltr' id='par_1_58' title="bbox 483 5610 2055 5690">
     <span class='ocr_line' id='line_1_58' title="bbox 483 5610 2055 5690; baseline -0.006 -17"><span class='ocrx_word' id='word_1_449' title='bbox 483 5619 662 5690; x_wconf 87' lang='lat' dir='ltr'><strong>Itaque</strong></span> <span class='ocrx_word' id='word_1_450' title='bbox 691 5615 1110 5674; x_wconf 87' lang='lat' dir='ltr'><strong>misericordiam</strong></span> <span class='ocrx_word' id='word_1_451' title='bbox 1138 5614 1254 5686; x_wconf 89' lang='lat' dir='ltr'><strong>ejus</strong></span> <span class='ocrx_word' id='word_1_452' title='bbox 1299 5613 1352 5668; x_wconf 91' lang='lat' dir='ltr'><strong>in</strong></span> <span class='ocrx_word' id='word_1_453' title='bbox 1384 5613 1467 5666; x_wconf 90' lang='lat' dir='ltr'><strong>his</strong></span> <span class='ocrx_word' id='word_1_454' title='bbox 1513 5610 1604 5682; x_wconf 86' lang='lat' dir='ltr'><strong>qui</strong></span> <span class='ocrx_word' id='word_1_455' title='bbox 1647 5611 1956 5678; x_wconf 82' lang='lat' dir='ltr'><strong>liberantur,</strong></span> <span class='ocrx_word' id='word_1_456' title='bbox 1999 5617 2055 5665; x_wconf 87' lang='lat' dir='ltr'><strong>et</strong></span> 
     </span>
    </p>
   </div>
   <div class='ocr_carea' id='block_1_59' title="bbox 541 5767 2052 5834">
    <p class='ocr_par' dir='ltr' id='par_1_59' title="bbox 541 5767 2052 5834">
     <span class='ocr_line' id='line_1_59' title="bbox 541 5767 2052 5834; baseline -0.004 -13"><span class='ocrx_word' id='word_1_457' title='bbox 541 5775 558 5806; x_wconf 81' lang='grc' dir='ltr'>ι</span> <span class='ocrx_word' id='word_1_458' title='bbox 593 5773 819 5834; x_wconf 61' lang='lat' dir='ltr'><strong>Plerique</strong></span> <span class='ocrx_word' id='word_1_459' title='bbox 857 5779 964 5822; x_wconf 82' lang='lat' dir='ltr'><strong>Mss.</strong></span> <span class='ocrx_word' id='word_1_460' title='bbox 987 5805 1004 5833; x_wconf 88' lang='lat'><strong>,</strong></span> <span class='ocrx_word' id='word_1_461' title='bbox 1029 5767 1268 5824; x_wconf 72' lang='lat' dir='ltr'><strong>uindicari</strong></span> <span class='ocrx_word' id='word_1_462' title='bbox 1310 5781 1418 5833; x_wconf 69' lang='lat' dir='ltr'><strong>qua:</strong></span> <span class='ocrx_word' id='word_1_463' title='bbox 1441 5767 1652 5832; x_wconf 71' lang='lat' dir='ltr'><strong>prtesciti</strong></span> <span class='ocrx_word' id='word_1_464' title='bbox 1675 5776 1816 5828; x_wconf 78' lang='lat' dir='ltr'><strong>sunt;</strong></span> <span class='ocrx_word' id='word_1_465' title='bbox 1849 5767 2052 5827; x_wconf 88' lang='lat' dir='ltr'><strong>omisso,</strong></span> 
     </span>
    </p>
   </div>
   <div class='ocr_carea' id='block_1_60' title="bbox 1733 347 2526 408">
    <p class='ocr_par' dir='ltr' id='par_1_60' title="bbox 1733 347 2526 408">
     <span class='ocr_line' id='line_1_60' title="bbox 1733 347 2526 408; baseline -0.005 0"><span class='ocrx_word' id='word_1_466' title='bbox 1733 351 1791 408; x_wconf 94' lang='lat' dir='ltr'><strong>S.</strong></span> <span class='ocrx_word' id='word_1_467' title='bbox 1831 349 2191 408; x_wconf 81' lang='lat' dir='ltr'><strong>AUGUSTINI</strong></span> <span class='ocrx_word' id='word_1_468' title='bbox 2229 347 2526 406; x_wconf 82' lang='lat' dir='ltr'><strong>EPISCOPI</strong></span> 
     </span>
    </p>
   </div>
   <div class='ocr_carea' id='block_1_61' title="bbox 3626 353 3762 410">
    <p class='ocr_par' dir='ltr' id='par_1_61' title="bbox 3626 353 3762 410">
     <span class='ocr_line' id='line_1_61' title="bbox 3626 353 3762 410; baseline 0.015 -2"><span class='ocrx_word' id='word_1_469' title='bbox 3626 353 3762 410; x_wconf 74' lang='lat'><strong>{008</strong></span> 
     </span>
    </p>
   </div>
   <div class='ocr_carea' id='block_1_62' title="bbox 2189 461 3755 534">
    <p class='ocr_par' dir='ltr' id='par_1_62' title="bbox 2189 461 3755 534">
     <span class='ocr_line' id='line_1_62' title="bbox 2189 461 3755 534; baseline 0.003 -18"><span class='ocrx_word' id='word_1_470' title='bbox 2189 464 2462 520; x_wconf 88' lang='lat' dir='ltr'><strong>veritatem</strong></span> <span class='ocrx_word' id='word_1_471' title='bbox 2489 468 2541 517; x_wconf 87' lang='lat' dir='ltr'><strong>tn</strong></span> <span class='ocrx_word' id='word_1_472' title='bbox 2571 463 2654 520; x_wconf 89' lang='lat' dir='ltr'><strong>his</strong></span> <span class='ocrx_word' id='word_1_473' title='bbox 2677 462 2768 534; x_wconf 90' lang='lat' dir='ltr'><strong>qui</strong></span> <span class='ocrx_word' id='word_1_474' title='bbox 2797 461 3102 532; x_wconf 91' lang='lat' dir='ltr'><strong>puniuntur,</strong></span> <span class='ocrx_word' id='word_1_475' title='bbox 3135 463 3250 520; x_wconf 90' lang='lat' dir='ltr'><strong>sine</strong></span> <span class='ocrx_word' id='word_1_476' title='bbox 3275 463 3610 520; x_wconf 86' lang='lat' dir='ltr'><strong>dubitatione</strong></span> <span class='ocrx_word' id='word_1_477' title='bbox 3635 481 3755 521; x_wconf 85' lang='lat' dir='ltr'><strong>cre-</strong></span> 
     </span>
    </p>
   </div>
   <div class='ocr_carea' id='block_1_63' title="bbox 2185 555 3758 629">
    <p class='ocr_par' dir='ltr' id='par_1_63' title="bbox 2185 555 3758 629">
     <span class='ocr_line' id='line_1_63' title="bbox 2185 555 3758 629; baseline 0.003 -18"><span class='ocrx_word' id='word_1_478' title='bbox 2185 555 2372 612; x_wconf 87' lang='lat' dir='ltr'><strong>damus</strong></span> <span class='ocrx_word' id='word_1_479' title='bbox 2397 575 2408 609; x_wconf 88' lang='lat'>:</span> <span class='ocrx_word' id='word_1_480' title='bbox 2434 570 2608 626; x_wconf 88' lang='lat' dir='ltr'><strong>neque</strong></span> <span class='ocrx_word' id='word_1_481' title='bbox 2635 555 2994 610; x_wconf 88' lang='lat' dir='ltr'><strong>inscrutabilia</strong></span> <span class='ocrx_word' id='word_1_482' title='bbox 3020 556 3262 622; x_wconf 89' lang='lat' dir='ltr'><strong>scrutari,</strong></span> <span class='ocrx_word' id='word_1_483' title='bbox 3297 567 3388 611; x_wconf 89' lang='lat' dir='ltr'><strong>aut</strong></span> <span class='ocrx_word' id='word_1_484' title='bbox 3415 557 3758 629; x_wconf 85' lang='lat' dir='ltr'><strong>investigahi-</strong></span> 
     </span>
    </p>
   </div>
   <div class='ocr_carea' id='block_1_64' title="bbox 2183 647 3760 719">
    <p class='ocr_par' dir='ltr' id='par_1_64' title="bbox 2183 647 3760 719">
     <span class='ocr_line' id='line_1_64' title="bbox 2183 647 3760 719; baseline 0 -15"><span class='ocrx_word' id='word_1_485' title='bbox 2183 649 2251 704; x_wconf 88' lang='lat' dir='ltr'><strong>lia</strong></span> <span class='ocrx_word' id='word_1_486' title='bbox 2280 649 2540 719; x_wconf 85' lang='lat' dir='ltr'><strong>vestigare</strong></span> <span class='ocrx_word' id='word_1_487' title='bbox 2567 661 2840 702; x_wconf 92' lang='lat' dir='ltr'><strong>conemur.</strong></span> <span class='ocrx_word' id='word_1_488' title='bbox 2865 647 2943 702; x_wconf 83' lang='lat' dir='ltr'><strong>Ex</strong></span> <span class='ocrx_word' id='word_1_489' title='bbox 2971 662 3064 703; x_wconf 92' lang='lat' dir='ltr'><strong>ore</strong></span> <span class='ocrx_word' id='word_1_490' title='bbox 3090 650 3284 718; x_wconf 89' lang='lat' dir='ltr'><strong>quippe</strong></span> <span class='ocrx_word' id='word_1_491' title='bbox 3303 647 3584 703; x_wconf 75' lang='lat' dir='ltr'><strong>infantium</strong></span> <span class='ocrx_word' id='word_1_492' title='bbox 3609 659 3664 704; x_wconf 88' lang='lat' dir='ltr'><strong>et</strong></span> <span class='ocrx_word' id='word_1_493' title='bbox 3685 652 3760 704; x_wconf 87' lang='lat' dir='ltr'><strong>la-</strong></span> 
     </span>
    </p>
   </div>
   <div class='ocr_carea' id='block_1_65' title="bbox 2182 739 3758 814">
    <p class='ocr_par' dir='ltr' id='par_1_65' title="bbox 2182 739 3758 814">
     <span class='ocr_line' id='line_1_65' title="bbox 2182 739 3758 814; baseline 0.001 -15"><span class='ocrx_word' id='word_1_494' title='bbox 2182 743 2434 799; x_wconf 81' lang='lat' dir='ltr'><strong>ctentium</strong></span> <span class='ocrx_word' id='word_1_495' title='bbox 2478 757 2627 798; x_wconf 90' lang='lat' dir='ltr'><strong>suam</strong></span> <span class='ocrx_word' id='word_1_496' title='bbox 2681 741 2918 811; x_wconf 70' lang='lat' dir='ltr'><strong>perﬁcit‘</strong></span> <span class='ocrx_word' id='word_1_497' title='bbox 2950 741 3158 796; x_wconf 88' lang='lat' dir='ltr'><strong>laudem</strong></span> <span class='ocrx_word' id='word_1_498' title='bbox 3213 739 3382 814; x_wconf 73' lang='lat' dir='ltr'><strong>(Paul.</strong></span> <span class='ocrx_word' id='word_1_499' title='bbox 3433 757 3549 808; x_wconf 86' lang='lat' dir='ltr'><strong>vm,</strong></span> <span class='ocrx_word' id='word_1_500' title='bbox 3581 743 3676 814; x_wconf 79' lang='lat'><strong>3):</strong></span> <span class='ocrx_word' id='word_1_501' title='bbox 3703 753 3758 800; x_wconf 86' lang='lat' dir='ltr'><strong>ut</strong></span> 
     </span>
    </p>
   </div>
   <div class='ocr_carea' id='block_1_66' title="bbox 2179 835 3756 908">
    <p class='ocr_par' dir='ltr' id='par_1_66' title="bbox 2179 835 3756 908">
     <span class='ocr_line' id='line_1_66' title="bbox 2179 835 3756 908; baseline 0.003 -18"><span class='ocrx_word' id='word_1_502' title='bbox 2179 837 2318 908; x_wconf 92' lang='lat' dir='ltr'><strong>quod</strong></span> <span class='ocrx_word' id='word_1_503' title='bbox 2336 837 2390 890; x_wconf 91' lang='lat' dir='ltr'><strong>in</strong></span> <span class='ocrx_word' id='word_1_504' title='bbox 2407 837 2490 890; x_wconf 88' lang='lat' dir='ltr'><strong>his</strong></span> <span class='ocrx_word' id='word_1_505' title='bbox 2509 836 2747 890; x_wconf 89' lang='lat' dir='ltr'><strong>videmus</strong></span> <span class='ocrx_word' id='word_1_506' title='bbox 2768 851 2993 906; x_wconf 87' lang='lat' dir='ltr'><strong>quorum</strong></span> <span class='ocrx_word' id='word_1_507' title='bbox 3019 835 3386 891; x_wconf 88' lang='lat' dir='ltr'><strong>liberationem</strong></span> <span class='ocrx_word' id='word_1_508' title='bbox 3413 835 3552 891; x_wconf 89' lang='lat' dir='ltr'><strong>bona</strong></span> <span class='ocrx_word' id='word_1_509' title='bbox 3567 852 3756 894; x_wconf 89' lang='lat' dir='ltr'><strong>eorum</strong></span> 
     </span>
    </p>
   </div>
   <div class='ocr_carea' id='block_1_67' title="bbox 2179 927 3758 998">
    <p class='ocr_par' dir='ltr' id='par_1_67' title="bbox 2179 927 3758 998">
     <span class='ocr_line' id='line_1_67' title="bbox 2179 927 3758 998; baseline 0.001 -15"><span class='ocrx_word' id='word_1_510' title='bbox 2179 930 2365 984; x_wconf 89' lang='lat' dir='ltr'><strong>merita</strong></span> <span class='ocrx_word' id='word_1_511' title='bbox 2391 929 2532 982; x_wconf 89' lang='lat' dir='ltr'><strong>nulla</strong></span> <span class='ocrx_word' id='word_1_512' title='bbox 2562 927 2888 998; x_wconf 65' lang='lat' dir='ltr'><strong>praecedunt,</strong></span> <span class='ocrx_word' id='word_1_513' title='bbox 2928 937 2981 983; x_wconf 89' lang='lat' dir='ltr'><strong>et</strong></span> <span class='ocrx_word' id='word_1_514' title='bbox 3007 927 3059 982; x_wconf 92' lang='lat' dir='ltr'><strong>in</strong></span> <span class='ocrx_word' id='word_1_515' title='bbox 3088 927 3169 982; x_wconf 88' lang='lat' dir='ltr'><strong>his</strong></span> <span class='ocrx_word' id='word_1_516' title='bbox 3197 943 3426 998; x_wconf 90' lang='lat' dir='ltr'><strong>quorum</strong></span> <span class='ocrx_word' id='word_1_517' title='bbox 3455 927 3758 984; x_wconf 88' lang='lat' dir='ltr'><strong>damnatio-</strong></span> 
     </span>
    </p>
   </div>
   <div class='ocr_carea' id='block_1_68' title="bbox 2179 1017 3750 1090">
    <p class='ocr_par' dir='ltr' id='par_1_68' title="bbox 2179 1017 3750 1090">
     <span class='ocr_line' id='line_1_68' title="bbox 2179 1017 3750 1090; baseline -0.001 -16"><span class='ocrx_word' id='word_1_518' title='bbox 2179 1037 2299 1074; x_wconf 89' lang='lat' dir='ltr'><strong>nem</strong></span> <span class='ocrx_word' id='word_1_519' title='bbox 2349 1020 2587 1089; x_wconf 83' lang='lat' dir='ltr'><strong>utrisque</strong></span> <span class='ocrx_word' id='word_1_520' title='bbox 2613 1021 2914 1075; x_wconf 91' lang='lat' dir='ltr'><strong>communia</strong></span> <span class='ocrx_word' id='word_1_521' title='bbox 2945 1017 3218 1090; x_wconf 89' lang='lat' dir='ltr'><strong>originalia</strong></span> <span class='ocrx_word' id='word_1_522' title='bbox 3251 1019 3364 1074; x_wconf 90' lang='lat' dir='ltr'><strong>sola</strong></span> <span class='ocrx_word' id='word_1_523' title='bbox 3411 1019 3750 1090; x_wconf 42' lang='lat' dir='ltr'><strong>praecedunt;</strong></span> 
     </span>
    </p>
   </div>
   <div class='ocr_carea' id='block_1_69' title="bbox 2178 1110 3758 1181">
    <p class='ocr_par' dir='ltr' id='par_1_69' title="bbox 2178 1110 3758 1181">
     <span class='ocr_line' id='line_1_69' title="bbox 2178 1110 3758 1181; baseline 0.003 -17"><span class='ocrx_word' id='word_1_524' title='bbox 2178 1111 2280 1167; x_wconf 93' lang='lat' dir='ltr'><strong>hoc</strong></span> <span class='ocrx_word' id='word_1_525' title='bbox 2304 1119 2358 1166; x_wconf 90' lang='lat' dir='ltr'><strong>et</strong></span> <span class='ocrx_word' id='word_1_526' title='bbox 2385 1112 2433 1164; x_wconf 92' lang='lat' dir='ltr'><strong>in</strong></span> <span class='ocrx_word' id='word_1_527' title='bbox 2462 1111 2753 1181; x_wconf 90' lang='lat' dir='ltr'><strong>majoribus</strong></span> <span class='ocrx_word' id='word_1_528' title='bbox 2779 1110 2891 1165; x_wconf 90' lang='lat' dir='ltr'><strong>ﬁeri</strong></span> <span class='ocrx_word' id='word_1_529' title='bbox 2923 1125 3256 1181; x_wconf 88' lang='lat' dir='ltr'><strong>nequaquam</strong></span> <span class='ocrx_word' id='word_1_530' title='bbox 3288 1111 3506 1165; x_wconf 91' lang='lat' dir='ltr'><strong>omnino</strong></span> <span class='ocrx_word' id='word_1_531' title='bbox 3543 1119 3758 1168; x_wconf 85' lang='lat' dir='ltr'><strong>cuncte-</strong></span> 
     </span>
    </p>
   </div>
   <div class='ocr_carea' id='block_1_70' title="bbox 2177 1203 3758 1274">
    <p class='ocr_par' dir='ltr' id='par_1_70' title="bbox 2177 1203 3758 1274">
     <span class='ocr_line' id='line_1_70' title="bbox 2177 1203 3758 1274; baseline 0.001 -14"><span class='ocrx_word' id='word_1_532' title='bbox 2177 1221 2316 1271; x_wconf 89' lang='lat' dir='ltr'><strong>mur,</strong></span> <span class='ocrx_word' id='word_1_533' title='bbox 2359 1205 2412 1259; x_wconf 91' lang='lat' dir='ltr'><strong>id</strong></span> <span class='ocrx_word' id='word_1_534' title='bbox 2451 1215 2552 1270; x_wconf 91' lang='lat' dir='ltr'><strong>est,</strong></span> <span class='ocrx_word' id='word_1_535' title='bbox 2583 1219 2685 1260; x_wconf 95' lang='lat' dir='ltr'><strong>non</strong></span> <span class='ocrx_word' id='word_1_536' title='bbox 2716 1211 2980 1274; x_wconf 87' lang='lat' dir='ltr'><strong>putantes,</strong></span> <span class='ocrx_word' id='word_1_537' title='bbox 3013 1203 3099 1260; x_wconf 89' lang='lat' dir='ltr'><strong>vel</strong></span> <span class='ocrx_word' id='word_1_538' title='bbox 3125 1203 3416 1258; x_wconf 88' lang='lat' dir='ltr'><strong>secundum</strong></span> <span class='ocrx_word' id='word_1_539' title='bbox 3447 1217 3542 1259; x_wconf 91' lang='lat' dir='ltr'><strong>sua</strong></span> <span class='ocrx_word' id='word_1_540' title='bbox 3567 1205 3758 1263; x_wconf 79' lang='lat' dir='ltr'><strong>merita</strong></span> 
     </span>
    </p>
   </div>
   <div class='ocr_carea' id='block_1_71' title="bbox 2175 1297 3754 1368">
    <p class='ocr_par' dir='ltr' id='par_1_71' title="bbox 2175 1297 3754 1368">
     <span class='ocr_line' id='line_1_71' title="bbox 2175 1297 3754 1368; baseline 0 -17"><span class='ocrx_word' id='word_1_541' title='bbox 2175 1299 2395 1368; x_wconf 90' lang='lat' dir='ltr'><strong>gratiam</strong></span> <span class='ocrx_word' id='word_1_542' title='bbox 2423 1299 2666 1367; x_wconf 88' lang='lat' dir='ltr'><strong>cuiquam</strong></span> <span class='ocrx_word' id='word_1_543' title='bbox 2697 1297 2831 1364; x_wconf 92' lang='lat' dir='ltr'><strong>dari,</strong></span> <span class='ocrx_word' id='word_1_544' title='bbox 2881 1297 2966 1352; x_wconf 87' lang='lat' dir='ltr'><strong>vel</strong></span> <span class='ocrx_word' id='word_1_545' title='bbox 3013 1297 3112 1350; x_wconf 89' lang='lat' dir='ltr'><strong>nisi</strong></span> <span class='ocrx_word' id='word_1_546' title='bbox 3161 1297 3272 1352; x_wconf 89' lang='lat' dir='ltr'><strong>suis</strong></span> <span class='ocrx_word' id='word_1_547' title='bbox 3313 1297 3522 1352; x_wconf 85' lang='lat' dir='ltr'><strong>meritis</strong></span> <span class='ocrx_word' id='word_1_548' title='bbox 3569 1313 3754 1368; x_wconf 90' lang='lat' dir='ltr'><strong>quem-</strong></span> 
     </span>
    </p>
   </div>
   <div class='ocr_carea' id='block_1_72' title="bbox 2175 1387 3756 1459">
    <p class='ocr_par' dir='ltr' id='par_1_72' title="bbox 2175 1387 3756 1459">
     <span class='ocr_line' id='line_1_72' title="bbox 2175 1387 3756 1459; baseline 0.001 -17"><span class='ocrx_word' id='word_1_549' title='bbox 2175 1404 2330 1458; x_wconf 92' lang='lat' dir='ltr'><strong>quam</strong></span> <span class='ocrx_word' id='word_1_550' title='bbox 2371 1389 2565 1459; x_wconf 91' lang='lat' dir='ltr'><strong>puniri,</strong></span> <span class='ocrx_word' id='word_1_551' title='bbox 2611 1389 2724 1458; x_wconf 85' lang='lat' dir='ltr'><strong>sive</strong></span> <span class='ocrx_word' id='word_1_552' title='bbox 2773 1403 2928 1458; x_wconf 91' lang='lat' dir='ltr'><strong>pares</strong></span> <span class='ocrx_word' id='word_1_553' title='bbox 2977 1389 3066 1458; x_wconf 92' lang='lat' dir='ltr'><strong>qui</strong></span> <span class='ocrx_word' id='word_1_554' title='bbox 3110 1387 3405 1442; x_wconf 90' lang='lat' dir='ltr'><strong>liberantur</strong></span> <span class='ocrx_word' id='word_1_555' title='bbox 3448 1397 3608 1458; x_wconf 85' lang='lat' dir='ltr'><strong>atque</strong></span> <span class='ocrx_word' id='word_1_556' title='bbox 3652 1403 3756 1458; x_wconf 83' lang='lat' dir='ltr'><strong>pu-</strong></span> 
     </span>
    </p>
   </div>
   <div class='ocr_carea' id='block_1_73' title="bbox 2173 1479 3754 1550">
    <p class='ocr_par' dir='ltr' id='par_1_73' title="bbox 2173 1479 3754 1550">
     <span class='ocr_line' id='line_1_73' title="bbox 2173 1479 3754 1550; baseline 0 -16"><span class='ocrx_word' id='word_1_557' title='bbox 2173 1481 2410 1548; x_wconf 89' lang='lat' dir='ltr'><strong>niuntnr,</strong></span> <span class='ocrx_word' id='word_1_558' title='bbox 2458 1481 2569 1536; x_wconf 90' lang='lat' dir='ltr'><strong>sive</strong></span> <span class='ocrx_word' id='word_1_559' title='bbox 2607 1481 2847 1550; x_wconf 88' lang='lat' dir='ltr'><strong>dispares</strong></span> <span class='ocrx_word' id='word_1_560' title='bbox 2877 1480 3108 1535; x_wconf 89' lang='lat' dir='ltr'><strong>habeant</strong></span> <span class='ocrx_word' id='word_1_561' title='bbox 3135 1493 3322 1534; x_wconf 89' lang='lat' dir='ltr'><strong>causas</strong></span> <span class='ocrx_word' id='word_1_562' title='bbox 3351 1479 3546 1546; x_wconf 89' lang='lat' dir='ltr'><strong>malas;</strong></span> <span class='ocrx_word' id='word_1_563' title='bbox 3579 1487 3638 1534; x_wconf 89' lang='lat' dir='ltr'><strong>ut</strong></span> <span class='ocrx_word' id='word_1_564' title='bbox 3663 1480 3754 1548; x_wconf 90' lang='lat' dir='ltr'><strong>qui</strong></span> 
     </span>
    </p>
   </div>
   <div class='ocr_carea' id='block_1_74' title="bbox 2175 1568 3755 1642">
    <p class='ocr_par' dir='ltr' id='par_1_74' title="bbox 2175 1568 3755 1642">
     <span class='ocr_line' id='line_1_74' title="bbox 2175 1568 3755 1642; baseline 0.001 -18"><span class='ocrx_word' id='word_1_565' title='bbox 2175 1571 2382 1625; x_wconf 90' lang='lat' dir='ltr'><strong>videtur</strong></span> <span class='ocrx_word' id='word_1_566' title='bbox 2411 1581 2572 1638; x_wconf 90' lang='lat' dir='ltr'><strong>stare,</strong></span> <span class='ocrx_word' id='word_1_567' title='bbox 2599 1570 2778 1625; x_wconf 91' lang='lat' dir='ltr'><strong>videat</strong></span> <span class='ocrx_word' id='word_1_568' title='bbox 2807 1587 2873 1624; x_wconf 92' lang='lat' dir='ltr'><strong>ne</strong></span> <span class='ocrx_word' id='word_1_569' title='bbox 2896 1570 3050 1625; x_wconf 87' lang='lat' dir='ltr'><strong>cadat</strong></span> <span class='ocrx_word' id='word_1_570' title='bbox 3080 1569 3121 1640; x_wconf 91' lang='lat' dir='ltr'><strong>(l</strong></span> <span class='ocrx_word' id='word_1_571' title='bbox 3149 1568 3270 1625; x_wconf 88' lang='lat' dir='ltr'><strong>Cor.</strong></span> <span class='ocrx_word' id='word_1_572' title='bbox 3305 1586 3360 1637; x_wconf 77' lang='grc' dir='ltr'><strong>ι,</strong></span> <span class='ocrx_word' id='word_1_573' title='bbox 3406 1569 3496 1641; x_wconf 69' lang='grc'><strong>12)</strong></span> <span class='ocrx_word' id='word_1_574' title='bbox 3520 1585 3535 1636; x_wconf 88' lang='grc'><strong>;</strong></span> <span class='ocrx_word' id='word_1_575' title='bbox 3583 1581 3638 1625; x_wconf 91' lang='lat' dir='ltr'><strong>et</strong></span> <span class='ocrx_word' id='word_1_576' title='bbox 3663 1571 3755 1642; x_wconf 90' lang='lat' dir='ltr'><strong>qui</strong></span> 
     </span>
    </p>
   </div>
   <div class='ocr_carea' id='block_1_75' title="bbox 2172 1663 3756 1734">
    <p class='ocr_par' dir='ltr' id='par_1_75' title="bbox 2172 1663 3756 1734">
     <span class='ocr_line' id='line_1_75' title="bbox 2172 1663 3756 1734; baseline 0.001 -17"><span class='ocrx_word' id='word_1_577' title='bbox 2172 1664 2445 1732; x_wconf 87' lang='lat' dir='ltr'><strong>gloriatur,</strong></span> <span class='ocrx_word' id='word_1_578' title='bbox 2505 1681 2608 1718; x_wconf 91' lang='lat' dir='ltr'><strong>non</strong></span> <span class='ocrx_word' id='word_1_579' title='bbox 2658 1665 2709 1719; x_wconf 91' lang='lat' dir='ltr'><strong>in</strong></span> <span class='ocrx_word' id='word_1_580' title='bbox 2759 1680 2817 1719; x_wconf 87' lang='lat' dir='ltr'><strong>se</strong></span> <span class='ocrx_word' id='word_1_581' title='bbox 2861 1666 3000 1734; x_wconf 91' lang='lat' dir='ltr'><strong>ipso,</strong></span> <span class='ocrx_word' id='word_1_582' title='bbox 3043 1663 3138 1719; x_wconf 91' lang='lat' dir='ltr'><strong>sed</strong></span> <span class='ocrx_word' id='word_1_583' title='bbox 3165 1663 3222 1718; x_wconf 87' lang='lat' dir='ltr'><strong>in</strong></span> <span class='ocrx_word' id='word_1_584' title='bbox 3249 1663 3476 1719; x_wconf 90' lang='lat' dir='ltr'><strong>Domino</strong></span> <span class='ocrx_word' id='word_1_585' title='bbox 3500 1663 3756 1734; x_wconf 89' lang='lat' dir='ltr'><strong>glorietur</strong></span> 
     </span>
    </p>
   </div>
   <div class='ocr_carea' id='block_1_76' title="bbox 2176 1754 2478 1828">
    <p class='ocr_par' dir='ltr' id='par_1_76' title="bbox 2176 1754 2478 1828">
     <span class='ocr_line' id='line_1_76' title="bbox 2176 1754 2478 1828; baseline -0.003 -20"><span class='ocrx_word' id='word_1_586' title='bbox 2176 1754 2284 1828; x_wconf 85' lang='lat' dir='ltr'><strong>(Id.</strong></span> <span class='ocrx_word' id='word_1_587' title='bbox 2304 1772 2340 1820; x_wconf 86' lang='grc' dir='ltr'><strong>ι,</strong></span> <span class='ocrx_word' id='word_1_588' title='bbox 2365 1755 2478 1826; x_wconf 75' lang='lat' dir='ltr'><strong>si).</strong></span> 
     </span>
    </p>
   </div>
   <div class='ocr_carea' id='block_1_77' title="bbox 2240 1845 3752 1917">
    <p class='ocr_par' dir='ltr' id='par_1_77' title="bbox 2240 1845 3752 1917">
     <span class='ocr_line' id='line_1_77' title="bbox 2240 1845 3752 1917; baseline 0 -15"><span class='ocrx_word' id='word_1_589' title='bbox 2240 1847 2327 1902; x_wconf 77' lang='grc'><strong>26.</strong></span> <span class='ocrx_word' id='word_1_590' title='bbox 2371 1847 2476 1900; x_wconf 87' lang='lat' dir='ltr'><strong>Cur</strong></span> <span class='ocrx_word' id='word_1_591' title='bbox 2499 1856 2674 1901; x_wconf 90' lang='lat' dir='ltr'><strong>autem</strong></span> <span class='ocrx_word' id='word_1_592' title='bbox 2705 1865 2722 1898; x_wconf 85' lang='grc'><em>‹</em></span> <span class='ocrx_word' id='word_1_593' title='bbox 2753 1861 2968 1901; x_wconf 89' lang='lat' dir='ltr'><strong>causam</strong></span> <span class='ocrx_word' id='word_1_594' title='bbox 2999 1847 3336 1917; x_wconf 89' lang='lat' dir='ltr'><strong>parvulorum</strong></span> <span class='ocrx_word' id='word_1_595' title='bbox 3357 1845 3424 1900; x_wconf 86' lang='lat' dir='ltr'><strong>ad</strong></span> <span class='ocrx_word' id='word_1_596' title='bbox 3447 1847 3752 1914; x_wconf 79' lang='lat' dir='ltr'><strong>exemplum</strong></span> 
     </span>
    </p>
   </div>
   <div class='ocr_carea' id='block_1_78' title="bbox 2173 1937 3742 2008">
    <p class='ocr_par' dir='ltr' id='par_1_78' title="bbox 2173 1937 3742 2008">
     <span class='ocr_line' id='line_1_78' title="bbox 2173 1937 3742 2008; baseline 0.002 -18"><span class='ocrx_word' id='word_1_597' title='bbox 2173 1938 2453 2008; x_wconf 87' lang='lat' dir='ltr'><strong>majorum,</strong></span> <span class='ocrx_word' id='word_1_598' title='bbox 2493 1957 2512 1990; x_wconf 72' lang='grc' dir='ltr'><strong><em>ι</em></strong></span> <span class='ocrx_word' id='word_1_599' title='bbox 2543 1939 2678 1992; x_wconf 89' lang='lat' dir='ltr'><strong>sicut</strong></span> <span class='ocrx_word' id='word_1_600' title='bbox 2726 1939 2956 1992; x_wconf 74' lang='lat' dir='ltr'><strong>scribitis</strong></span> <span class='ocrx_word' id='word_1_601' title='bbox 2978 1979 2990 2002; x_wconf 93' lang='lat'><strong>,</strong></span> <span class='ocrx_word' id='word_1_602' title='bbox 3041 1957 3057 1988; x_wconf 85' lang='grc'><strong><em>‹</em></strong></span> <span class='ocrx_word' id='word_1_603' title='bbox 3094 1952 3198 1993; x_wconf 92' lang='lat' dir='ltr'><strong>non</strong></span> <span class='ocrx_word' id='word_1_604' title='bbox 3228 1937 3498 2007; x_wconf 87' lang='lat' dir='ltr'><strong>patiuntur</strong></span> <span class='ocrx_word' id='word_1_605' title='bbox 3523 1937 3700 1993; x_wconf 77' lang='lat' dir='ltr'><strong>afferri</strong></span> <span class='ocrx_word' id='word_1_606' title='bbox 3719 1956 3742 1992; x_wconf 69' lang='grc' dir='ltr'><strong><em>ι</em></strong></span> 
     </span>
    </p>
   </div>
   <div class='ocr_carea' id='block_1_79' title="bbox 2173 2029 3748 2104">
    <p class='ocr_par' dir='ltr' id='par_1_79' title="bbox 2173 2029 3748 2104">
     <span class='ocr_line' id='line_1_79' title="bbox 2173 2029 3748 2104; baseline 0.001 -18"><span class='ocrx_word' id='word_1_607' title='bbox 2173 2030 2389 2103; x_wconf 84' lang='lat' dir='ltr'><strong>(Supra,</strong></span> <span class='ocrx_word' id='word_1_608' title='bbox 2413 2033 2465 2084; x_wconf 86' lang='lat' dir='ltr'><strong>in</strong></span> <span class='ocrx_word' id='word_1_609' title='bbox 2489 2031 2655 2102; x_wconf 83' lang='lat' dir='ltr'><strong>Epist.</strong></span> <span class='ocrx_word' id='word_1_610' title='bbox 2687 2031 2896 2098; x_wconf 77' lang='lat' dir='ltr'><strong>Hilarii,</strong></span> <span class='ocrx_word' id='word_1_611' title='bbox 2925 2048 2979 2086; x_wconf 79' lang='grc' dir='ltr'><strong>η.</strong></span> <span class='ocrx_word' id='word_1_612' title='bbox 3019 2029 3075 2104; x_wconf 87' lang='grc'><strong>8)</strong></span> <span class='ocrx_word' id='word_1_613' title='bbox 3117 2031 3381 2099; x_wconf 90' lang='lat' dir='ltr'><strong>homines,</strong></span> <span class='ocrx_word' id='word_1_614' title='bbox 3421 2033 3508 2102; x_wconf 92' lang='lat' dir='ltr'><strong>qui</strong></span> <span class='ocrx_word' id='word_1_615' title='bbox 3557 2039 3748 2087; x_wconf 74' lang='lat' dir='ltr'><strong>contra</strong></span> 
     </span>
    </p>
   </div>
   <div class='ocr_carea' id='block_1_80' title="bbox 2167 2123 3748 2194">
    <p class='ocr_par' dir='ltr' id='par_1_80' title="bbox 2167 2123 3748 2194">
     <span class='ocr_line' id='line_1_80' title="bbox 2167 2123 3748 2194; baseline 0.001 -18"><span class='ocrx_word' id='word_1_616' title='bbox 2167 2123 2480 2194; x_wconf 82' lang='lat' dir='ltr'><strong>Pelagianos</strong></span> <span class='ocrx_word' id='word_1_617' title='bbox 2525 2139 2631 2178; x_wconf 94' lang='lat' dir='ltr'><strong>non</strong></span> <span class='ocrx_word' id='word_1_618' title='bbox 2676 2123 2922 2178; x_wconf 88' lang='lat' dir='ltr'><strong>dubitant</strong></span> <span class='ocrx_word' id='word_1_619' title='bbox 2969 2138 3087 2179; x_wconf 87' lang='lat' dir='ltr'><strong>esse</strong></span> <span class='ocrx_word' id='word_1_620' title='bbox 3134 2132 3408 2193; x_wconf 88' lang='lat' dir='ltr'><strong>peccatum</strong></span> <span class='ocrx_word' id='word_1_621' title='bbox 3465 2123 3748 2194; x_wconf 90' lang='lat' dir='ltr'><strong>originale,</strong></span> 
     </span>
    </p>
   </div>
   <div class='ocr_carea' id='block_1_81' title="bbox 2169 2215 3746 2291">
    <p class='ocr_par' dir='ltr' id='par_1_81' title="bbox 2169 2215 3746 2291">
     <span class='ocr_line' id='line_1_81' title="bbox 2169 2215 3746 2291; baseline -0.003 -17"><span class='ocrx_word' id='word_1_622' title='bbox 2169 2220 2308 2291; x_wconf 91' lang='lat' dir='ltr'><strong>quod</strong></span> <span class='ocrx_word' id='word_1_623' title='bbox 2339 2237 2435 2290; x_wconf 92' lang='lat' dir='ltr'><strong>per</strong></span> <span class='ocrx_word' id='word_1_624' title='bbox 2475 2235 2634 2274; x_wconf 91' lang='lat' dir='ltr'><strong>unum</strong></span> <span class='ocrx_word' id='word_1_625' title='bbox 2664 2219 2934 2273; x_wconf 89' lang='lat' dir='ltr'><strong>hominem</strong></span> <span class='ocrx_word' id='word_1_626' title='bbox 2959 2217 3175 2272; x_wconf 86' lang='lat' dir='ltr'><strong>intravit</strong></span> <span class='ocrx_word' id='word_1_627' title='bbox 3203 2217 3256 2270; x_wconf 92' lang='lat' dir='ltr'><strong>in</strong></span> <span class='ocrx_word' id='word_1_628' title='bbox 3295 2215 3576 2280; x_wconf 91' lang='lat' dir='ltr'><strong>mundum,</strong></span> <span class='ocrx_word' id='word_1_629' title='bbox 3601 2224 3656 2270; x_wconf 89' lang='lat' dir='ltr'><strong>et</strong></span> <span class='ocrx_word' id='word_1_630' title='bbox 3678 2230 3746 2270; x_wconf 83' lang='lat' dir='ltr'><strong>ex</strong></span> 
     </span>
    </p>
   </div>
   <div class='ocr_carea' id='block_1_82' title="bbox 2167 2303 3748 2378">
    <p class='ocr_par' dir='ltr' id='par_1_82' title="bbox 2167 2303 3748 2378">
     <span class='ocr_line' id='line_1_82' title="bbox 2167 2303 3748 2378; baseline -0.005 -12"><span class='ocrx_word' id='word_1_631' title='bbox 2167 2327 2274 2366; x_wconf 92' lang='lat' dir='ltr'><strong>uno</strong></span> <span class='ocrx_word' id='word_1_632' title='bbox 2298 2327 2479 2365; x_wconf 85' lang='lat' dir='ltr'><strong>omnes</strong></span> <span class='ocrx_word' id='word_1_633' title='bbox 2511 2313 2614 2366; x_wconf 83' lang='lat' dir='ltr'><strong>isse</strong></span> <span class='ocrx_word' id='word_1_634' title='bbox 2637 2311 2687 2365; x_wconf 94' lang='lat' dir='ltr'><strong>in</strong></span> <span class='ocrx_word' id='word_1_635' title='bbox 2718 2309 3212 2365; x_wconf 91' lang='lat' dir='ltr'><strong>condemnationem</strong></span> <span class='ocrx_word' id='word_1_636' title='bbox 3237 2306 3410 2378; x_wconf 86' lang='lat' dir='ltr'><strong>(Rom.</strong></span> <span class='ocrx_word' id='word_1_637' title='bbox 3433 2323 3485 2371; x_wconf 85' lang='grc' dir='ltr'><strong>ν,</strong></span> <span class='ocrx_word' id='word_1_638' title='bbox 3515 2306 3604 2372; x_wconf 70' lang='grc' dir='ltr'><strong>η,</strong></span> <span class='ocrx_word' id='word_1_639' title='bbox 3631 2303 3748 2376; x_wconf 72' lang='lat'><strong>16)?</strong></span> 
     </span>
    </p>
   </div>
   <div class='ocr_carea' id='block_1_83' title="bbox 2171 2395 3746 2471">
    <p class='ocr_par' dir='ltr' id='par_1_83' title="bbox 2171 2395 3746 2471">
     <span class='ocr_line' id='line_1_83' title="bbox 2171 2395 3746 2471; baseline -0.006 -12"><span class='ocrx_word' id='word_1_640' title='bbox 2171 2403 2320 2471; x_wconf 83' lang='lat' dir='ltr'><strong>Quod</strong></span> <span class='ocrx_word' id='word_1_641' title='bbox 2349 2414 2402 2458; x_wconf 91' lang='lat' dir='ltr'><strong>et</strong></span> <span class='ocrx_word' id='word_1_642' title='bbox 2431 2402 2705 2456; x_wconf 85' lang='lat' dir='ltr'><strong>Manichaei</strong></span> <span class='ocrx_word' id='word_1_643' title='bbox 2739 2417 2842 2454; x_wconf 91' lang='lat' dir='ltr'><strong>non</strong></span> <span class='ocrx_word' id='word_1_644' title='bbox 2865 2400 3151 2468; x_wconf 83' lang='lat' dir='ltr'><strong>accipiunt,</strong></span> <span class='ocrx_word' id='word_1_645' title='bbox 3185 2398 3273 2468; x_wconf 91' lang='lat' dir='ltr'><strong>qui</strong></span> <span class='ocrx_word' id='word_1_646' title='bbox 3303 2413 3406 2450; x_wconf 89' lang='lat' dir='ltr'><strong>non</strong></span> <span class='ocrx_word' id='word_1_647' title='bbox 3433 2395 3608 2450; x_wconf 89' lang='lat' dir='ltr'><strong>solum</strong></span> <span class='ocrx_word' id='word_1_648' title='bbox 3628 2410 3746 2450; x_wconf 87' lang='lat' dir='ltr'><strong>om-</strong></span> 
     </span>
    </p>
   </div>
   <div class='ocr_carea' id='block_1_84' title="bbox 2169 2483 3746 2560">
    <p class='ocr_par' dir='ltr' id='par_1_84' title="bbox 2169 2483 3746 2560">
     <span class='ocr_line' id='line_1_84' title="bbox 2169 2483 3746 2560; baseline -0.003 -14"><span class='ocrx_word' id='word_1_649' title='bbox 2169 2509 2262 2546; x_wconf 90' lang='lat' dir='ltr'><strong>nes</strong></span> <span class='ocrx_word' id='word_1_650' title='bbox 2294 2493 2501 2548; x_wconf 84' lang='lat' dir='ltr'><strong>Veteris</strong></span> <span class='ocrx_word' id='word_1_651' title='bbox 2528 2491 2872 2547; x_wconf 89' lang='lat' dir='ltr'><strong>lnstrumenti</strong></span> <span class='ocrx_word' id='word_1_652' title='bbox 2899 2489 3190 2560; x_wconf 86' lang='lat' dir='ltr'><strong>scripturas</strong></span> <span class='ocrx_word' id='word_1_653' title='bbox 3215 2489 3268 2542; x_wconf 92' lang='lat' dir='ltr'><strong>in</strong></span> <span class='ocrx_word' id='word_1_654' title='bbox 3294 2487 3400 2541; x_wconf 89' lang='lat' dir='ltr'><strong>ulla</strong></span> <span class='ocrx_word' id='word_1_655' title='bbox 3429 2483 3746 2542; x_wconf 83' lang='lat' dir='ltr'><strong>auctoritate</strong></span> 
     </span>
    </p>
   </div>
   <div class='ocr_carea' id='block_1_85' title="bbox 2167 2579 3748 2651">
    <p class='ocr_par' dir='ltr' id='par_1_85' title="bbox 2167 2579 3748 2651">
     <span class='ocr_line' id='line_1_85' title="bbox 2167 2579 3748 2651; baseline -0.004 -12"><span class='ocrx_word' id='word_1_656' title='bbox 2167 2600 2272 2640; x_wconf 90' lang='lat' dir='ltr'><strong>non</strong></span> <span class='ocrx_word' id='word_1_657' title='bbox 2317 2584 2544 2649; x_wconf 89' lang='lat' dir='ltr'><strong>habent;</strong></span> <span class='ocrx_word' id='word_1_658' title='bbox 2585 2599 2770 2639; x_wconf 90' lang='lat' dir='ltr'><strong>verum</strong></span> <span class='ocrx_word' id='word_1_659' title='bbox 2799 2584 2956 2638; x_wconf 87' lang='lat' dir='ltr'><strong>etiam</strong></span> <span class='ocrx_word' id='word_1_660' title='bbox 2999 2597 3090 2636; x_wconf 90' lang='lat' dir='ltr'><strong>eas</strong></span> <span class='ocrx_word' id='word_1_661' title='bbox 3118 2596 3238 2651; x_wconf 60' lang='lat' dir='ltr'><strong>quae</strong></span> <span class='ocrx_word' id='word_1_662' title='bbox 3265 2579 3332 2634; x_wconf 89' lang='lat' dir='ltr'><strong>ad</strong></span> <span class='ocrx_word' id='word_1_663' title='bbox 3357 2579 3563 2634; x_wconf 90' lang='lat' dir='ltr'><strong>Novum</strong></span> <span class='ocrx_word' id='word_1_664' title='bbox 3587 2579 3748 2648; x_wconf 87' lang='lat' dir='ltr'><strong>perti-</strong></span> 
     </span>
    </p>
   </div>
   <div class='ocr_carea' id='block_1_86' title="bbox 2167 2671 3748 2744">
    <p class='ocr_par' dir='ltr' id='par_1_86' title="bbox 2167 2671 3748 2744">
     <span class='ocr_line' id='line_1_86' title="bbox 2167 2671 3748 2744; baseline -0.003 -14"><span class='ocrx_word' id='word_1_665' title='bbox 2167 2687 2292 2730; x_wconf 89' lang='lat' dir='ltr'><strong>nent</strong></span> <span class='ocrx_word' id='word_1_666' title='bbox 2320 2676 2718 2730; x_wconf 88' lang='lat' dir='ltr'><strong>Testamentum</strong></span> <span class='ocrx_word' id='word_1_667' title='bbox 2746 2675 2822 2730; x_wconf 93' lang='lat' dir='ltr'><strong>sic</strong></span> <span class='ocrx_word' id='word_1_668' title='bbox 2847 2675 3133 2744; x_wconf 91' lang='lat' dir='ltr'><strong>accipiunt,</strong></span> <span class='ocrx_word' id='word_1_669' title='bbox 3167 2682 3224 2727; x_wconf 92' lang='lat' dir='ltr'><strong>ut</strong></span> <span class='ocrx_word' id='word_1_670' title='bbox 3261 2687 3358 2727; x_wconf 92' lang='lat' dir='ltr'><strong>suo</strong></span> <span class='ocrx_word' id='word_1_671' title='bbox 3382 2671 3614 2742; x_wconf 89' lang='lat' dir='ltr'><strong>quodam</strong></span> <span class='ocrx_word' id='word_1_672' title='bbox 3639 2671 3748 2742; x_wconf 88' lang='lat' dir='ltr'><strong>pri-</strong></span> 
     </span>
    </p>
   </div>
   <div class='ocr_carea' id='block_1_87' title="bbox 2165 2762 3744 2838">
    <p class='ocr_par' dir='ltr' id='par_1_87' title="bbox 2165 2762 3744 2838">
     <span class='ocr_line' id='line_1_87' title="bbox 2165 2762 3744 2838; baseline -0.004 -16"><span class='ocrx_word' id='word_1_673' title='bbox 2165 2767 2376 2838; x_wconf 84' lang='lat' dir='ltr'><strong>vilegio,</strong></span> <span class='ocrx_word' id='word_1_674' title='bbox 2408 2767 2516 2820; x_wconf 91' lang='lat' dir='ltr'><strong>imo</strong></span> <span class='ocrx_word' id='word_1_675' title='bbox 2556 2766 2856 2836; x_wconf 88' lang='lat' dir='ltr'><strong>sacrilegio,</strong></span> <span class='ocrx_word' id='word_1_676' title='bbox 2903 2765 3044 2836; x_wconf 92' lang='lat' dir='ltr'><strong>quod</strong></span> <span class='ocrx_word' id='word_1_677' title='bbox 3087 2764 3272 2819; x_wconf 91' lang='lat' dir='ltr'><strong>volunt</strong></span> <span class='ocrx_word' id='word_1_678' title='bbox 3318 2771 3554 2828; x_wconf 89' lang='lat' dir='ltr'><strong>sumant,</strong></span> <span class='ocrx_word' id='word_1_679' title='bbox 3605 2762 3744 2832; x_wconf 91' lang='lat' dir='ltr'><strong>quod</strong></span> 
     </span>
    </p>
   </div>
   <div class='ocr_carea' id='block_1_88' title="bbox 2166 2851 3742 2928">
    <p class='ocr_par' dir='ltr' id='par_1_88' title="bbox 2166 2851 3742 2928">
     <span class='ocr_line' id='line_1_88' title="bbox 2166 2851 3742 2928; baseline -0.004 -14"><span class='ocrx_word' id='word_1_680' title='bbox 2166 2859 2352 2914; x_wconf 93' lang='lat' dir='ltr'><strong>nolunt</strong></span> <span class='ocrx_word' id='word_1_681' title='bbox 2381 2858 2623 2928; x_wconf 80' lang='lat' dir='ltr'><strong>rejiciant</strong></span> <span class='ocrx_word' id='word_1_682' title='bbox 2647 2876 2658 2910; x_wconf 88' lang='lat'>:</span> <span class='ocrx_word' id='word_1_683' title='bbox 2683 2867 2868 2912; x_wconf 89' lang='lat' dir='ltr'><strong>contra</strong></span> <span class='ocrx_word' id='word_1_684' title='bbox 2898 2871 3032 2927; x_wconf 89' lang='lat' dir='ltr'><strong>quos</strong></span> <span class='ocrx_word' id='word_1_685' title='bbox 3060 2856 3280 2924; x_wconf 85' lang='lat' dir='ltr'><strong>agebam</strong></span> <span class='ocrx_word' id='word_1_686' title='bbox 3307 2855 3361 2909; x_wconf 94' lang='lat' dir='ltr'><strong>in</strong></span> <span class='ocrx_word' id='word_1_687' title='bbox 3389 2854 3536 2909; x_wconf 92' lang='lat' dir='ltr'><strong>libris</strong></span> <span class='ocrx_word' id='word_1_688' title='bbox 3565 2852 3632 2907; x_wconf 90' lang='lat' dir='ltr'><strong>de</strong></span> <span class='ocrx_word' id='word_1_689' title='bbox 3649 2851 3742 2907; x_wconf 86' lang='lat' dir='ltr'><strong>Li-</strong></span> 
     </span>
    </p>
   </div>
   <div class='ocr_carea' id='block_1_89' title="bbox 2169 2943 3740 3017">
    <p class='ocr_par' dir='ltr' id='par_1_89' title="bbox 2169 2943 3740 3017">
     <span class='ocr_line' id='line_1_89' title="bbox 2169 2943 3740 3017; baseline -0.006 -11"><span class='ocrx_word' id='word_1_690' title='bbox 2169 2951 2296 3006; x_wconf 90' lang='lat' dir='ltr'><strong>bero</strong></span> <span class='ocrx_word' id='word_1_691' title='bbox 2320 2949 2572 3016; x_wconf 82' lang='lat' dir='ltr'><strong>Arbitrio,</strong></span> <span class='ocrx_word' id='word_1_692' title='bbox 2601 2949 2738 3003; x_wconf 89' lang='lat' dir='ltr'><strong>unde</strong></span> <span class='ocrx_word' id='word_1_693' title='bbox 2761 2949 2847 3002; x_wconf 80' lang='lat' dir='ltr'><strong>isti</strong></span> <span class='ocrx_word' id='word_1_694' title='bbox 2879 2948 3030 3004; x_wconf 91' lang='lat' dir='ltr'><strong>nobis</strong></span> <span class='ocrx_word' id='word_1_695' title='bbox 3057 2943 3508 3017; x_wconf 66' lang='lat' dir='ltr'><strong>praescribendum</strong></span> <span class='ocrx_word' id='word_1_696' title='bbox 3536 2953 3740 3014; x_wconf 87' lang='lat' dir='ltr'><strong>putant.</strong></span> 
     </span>
    </p>
   </div>
   <div class='ocr_carea' id='block_1_90' title="bbox 2165 3036 3742 3114">
    <p class='ocr_par' dir='ltr' id='par_1_90' title="bbox 2165 3036 3742 3114">
     <span class='ocr_line' id='line_1_90' title="bbox 2165 3036 3742 3114; baseline -0.005 -16"><span class='ocrx_word' id='word_1_697' title='bbox 2165 3043 2288 3098; x_wconf 92' lang='lat' dir='ltr'><strong>ldeo</strong></span> <span class='ocrx_word' id='word_1_698' title='bbox 2317 3043 2638 3114; x_wconf 69' lang='lat' dir='ltr'><strong>quaestiones</strong></span> <span class='ocrx_word' id='word_1_699' title='bbox 2683 3041 3088 3110; x_wconf 84' lang='lat' dir='ltr'><strong>operosissimas</strong></span> <span class='ocrx_word' id='word_1_700' title='bbox 3127 3039 3423 3094; x_wconf 87' lang='lat' dir='ltr'><strong>incidentes</strong></span> <span class='ocrx_word' id='word_1_701' title='bbox 3466 3036 3742 3092; x_wconf 79' lang='lat' dir='ltr'><strong>enucleate</strong></span> 
     </span>
    </p>
   </div>
   <div class='ocr_carea' id='block_1_91' title="bbox 2163 3130 3740 3205">
    <p class='ocr_par' dir='ltr' id='par_1_91' title="bbox 2163 3130 3740 3205">
     <span class='ocr_line' id='line_1_91' title="bbox 2163 3130 3740 3205; baseline -0.006 -11"><span class='ocrx_word' id='word_1_702' title='bbox 2163 3139 2369 3194; x_wconf 85' lang='lat' dir='ltr'><strong>solvere</strong></span> <span class='ocrx_word' id='word_1_703' title='bbox 2398 3137 2563 3202; x_wconf 93' lang='lat' dir='ltr'><strong>nolui,</strong></span> <span class='ocrx_word' id='word_1_704' title='bbox 2596 3151 2662 3190; x_wconf 92' lang='lat' dir='ltr'><strong>ne</strong></span> <span class='ocrx_word' id='word_1_705' title='bbox 2693 3135 2912 3189; x_wconf 90' lang='lat' dir='ltr'><strong>nimium</strong></span> <span class='ocrx_word' id='word_1_706' title='bbox 2941 3135 3158 3205; x_wconf 90' lang='lat' dir='ltr'><strong>longum</strong></span> <span class='ocrx_word' id='word_1_707' title='bbox 3189 3147 3322 3202; x_wconf 92' lang='lat' dir='ltr'><strong>opus</strong></span> <span class='ocrx_word' id='word_1_708' title='bbox 3349 3141 3512 3198; x_wconf 89' lang='lat' dir='ltr'><strong>esset,</strong></span> <span class='ocrx_word' id='word_1_709' title='bbox 3538 3130 3630 3186; x_wconf 91' lang='lat' dir='ltr'><strong>ubi</strong></span> <span class='ocrx_word' id='word_1_710' title='bbox 3651 3143 3740 3185; x_wconf 89' lang='lat' dir='ltr'><strong>me</strong></span> 
     </span>
    </p>
   </div>
   <div class='ocr_carea' id='block_1_92' title="bbox 2163 3223 3744 3298">
    <p class='ocr_par' dir='ltr' id='par_1_92' title="bbox 2163 3223 3744 3298">
     <span class='ocr_line' id='line_1_92' title="bbox 2163 3223 3744 3298; baseline -0.006 -14"><span class='ocrx_word' id='word_1_711' title='bbox 2163 3229 2418 3284; x_wconf 86' lang='lat' dir='ltr'><strong>adversus</strong></span> <span class='ocrx_word' id='word_1_712' title='bbox 2439 3237 2545 3282; x_wconf 88' lang='lat' dir='ltr'><strong>tam</strong></span> <span class='ocrx_word' id='word_1_713' title='bbox 2563 3241 2844 3298; x_wconf 89' lang='lat' dir='ltr'><strong>perversos</strong></span> <span class='ocrx_word' id='word_1_714' title='bbox 2861 3226 3289 3282; x_wconf 87' lang='lat' dir='ltr'><strong>testimoniorum</strong></span> <span class='ocrx_word' id='word_1_715' title='bbox 3315 3223 3618 3278; x_wconf 89' lang='lat' dir='ltr'><strong>divinorum</strong></span> <span class='ocrx_word' id='word_1_716' title='bbox 3637 3234 3744 3276; x_wconf 88' lang='lat' dir='ltr'><strong>non</strong></span> 
     </span>
    </p>
   </div>
   <div class='ocr_carea' id='block_1_93' title="bbox 2164 3311 3742 3391">
    <p class='ocr_par' dir='ltr' id='par_1_93' title="bbox 2164 3311 3742 3391">
     <span class='ocr_line' id='line_1_93' title="bbox 2164 3311 3742 3391; baseline -0.006 -15"><span class='ocrx_word' id='word_1_717' title='bbox 2164 3319 2448 3391; x_wconf 89' lang='lat' dir='ltr'><strong>adjuvabat</strong></span> <span class='ocrx_word' id='word_1_718' title='bbox 2475 3319 2782 3374; x_wconf 87' lang='lat' dir='ltr'><strong>auctoritas.</strong></span> <span class='ocrx_word' id='word_1_719' title='bbox 2817 3317 2883 3372; x_wconf 88' lang='lat' dir='ltr'><strong>Et</strong></span> <span class='ocrx_word' id='word_1_720' title='bbox 2909 3325 3171 3388; x_wconf 91' lang='lat' dir='ltr'><strong>poteram,</strong></span> <span class='ocrx_word' id='word_1_721' title='bbox 3213 3315 3352 3370; x_wconf 91' lang='lat' dir='ltr'><strong>sicut</strong></span> <span class='ocrx_word' id='word_1_722' title='bbox 3381 3313 3503 3382; x_wconf 82' lang='lat' dir='ltr'><strong>feci,</strong></span> <span class='ocrx_word' id='word_1_723' title='bbox 3529 3311 3742 3384; x_wconf 90' lang='lat' dir='ltr'><strong>quodli-</strong></span> 
     </span>
    </p>
   </div>
   <div class='ocr_carea' id='block_1_94' title="bbox 2163 3408 3740 3481">
    <p class='ocr_par' dir='ltr' id='par_1_94' title="bbox 2163 3408 3740 3481">
     <span class='ocr_line' id='line_1_94' title="bbox 2163 3408 3740 3481; baseline -0.004 -15"><span class='ocrx_word' id='word_1_724' title='bbox 2163 3413 2254 3467; x_wconf 89' lang='lat' dir='ltr'><strong>bet</strong></span> <span class='ocrx_word' id='word_1_725' title='bbox 2283 3412 2477 3467; x_wconf 86' lang='lat' dir='ltr'><strong>horum</strong></span> <span class='ocrx_word' id='word_1_726' title='bbox 2499 3427 2686 3466; x_wconf 90' lang='lat' dir='ltr'><strong>verum</strong></span> <span class='ocrx_word' id='word_1_727' title='bbox 2711 3419 2874 3477; x_wconf 90' lang='lat' dir='ltr'><strong>esset,</strong></span> <span class='ocrx_word' id='word_1_728' title='bbox 2905 3425 3026 3481; x_wconf 74' lang='lat' dir='ltr'><strong>quae</strong></span> <span class='ocrx_word' id='word_1_729' title='bbox 3045 3425 3156 3464; x_wconf 89' lang='lat' dir='ltr'><strong>non</strong></span> <span class='ocrx_word' id='word_1_730' title='bbox 3181 3409 3401 3464; x_wconf 89' lang='lat' dir='ltr'><strong>deﬁnite</strong></span> <span class='ocrx_word' id='word_1_731' title='bbox 3431 3408 3740 3476; x_wconf 80' lang='lat' dir='ltr'><strong>interpone-</strong></span> 
     </span>
    </p>
   </div>
   <div class='ocr_carea' id='block_1_95' title="bbox 2163 3495 3746 3568">
    <p class='ocr_par' dir='ltr' id='par_1_95' title="bbox 2163 3495 3746 3568">
     <span class='ocr_line' id='line_1_95' title="bbox 2163 3495 3746 3568; baseline -0.006 -10"><span class='ocrx_word' id='word_1_732' title='bbox 2163 3504 2305 3568; x_wconf 90' lang='lat' dir='ltr'><strong>bam,</strong></span> <span class='ocrx_word' id='word_1_733' title='bbox 2354 3511 2498 3560; x_wconf 86' lang='lat' dir='ltr'><strong>certa</strong></span> <span class='ocrx_word' id='word_1_734' title='bbox 2537 3511 2716 3558; x_wconf 87' lang='lat' dir='ltr'><strong>tamen</strong></span> <span class='ocrx_word' id='word_1_735' title='bbox 2759 3502 2964 3556; x_wconf 91' lang='lat' dir='ltr'><strong>ratione</strong></span> <span class='ocrx_word' id='word_1_736' title='bbox 3009 3499 3346 3564; x_wconf 89' lang='lat' dir='ltr'><strong>concludere,</strong></span> <span class='ocrx_word' id='word_1_737' title='bbox 3391 3498 3444 3553; x_wconf 90' lang='lat' dir='ltr'><strong>in</strong></span> <span class='ocrx_word' id='word_1_738' title='bbox 3499 3495 3746 3552; x_wconf 87' lang='lat' dir='ltr'><strong>omnibus</strong></span> 
     </span>
    </p>
   </div>
   <div class='ocr_carea' id='block_1_96' title="bbox 2165 3587 3742 3660">
    <p class='ocr_par' dir='ltr' id='par_1_96' title="bbox 2165 3587 3742 3660">
     <span class='ocr_line' id='line_1_96' title="bbox 2165 3587 3742 3660; baseline -0.006 -9"><span class='ocrx_word' id='word_1_739' title='bbox 2165 3598 2328 3652; x_wconf 90' lang='lat' dir='ltr'><strong>Deum</strong></span> <span class='ocrx_word' id='word_1_740' title='bbox 2360 3609 2480 3652; x_wconf 90' lang='lat' dir='ltr'><strong>esse</strong></span> <span class='ocrx_word' id='word_1_741' title='bbox 2501 3593 2845 3660; x_wconf 87' lang='lat' dir='ltr'><strong>laudandum,</strong></span> <span class='ocrx_word' id='word_1_742' title='bbox 2876 3594 2991 3648; x_wconf 92' lang='lat' dir='ltr'><strong>sine</strong></span> <span class='ocrx_word' id='word_1_743' title='bbox 3018 3593 3124 3648; x_wconf 91' lang='lat' dir='ltr'><strong>ulla</strong></span> <span class='ocrx_word' id='word_1_744' title='bbox 3148 3593 3465 3648; x_wconf 87' lang='lat' dir='ltr'><strong>necessitate</strong></span> <span class='ocrx_word' id='word_1_745' title='bbox 3489 3587 3742 3646; x_wconf 87' lang='lat' dir='ltr'><strong>credendi</strong></span> 
     </span>
    </p>
   </div>
   <div class='ocr_carea' id='block_1_97' title="bbox 2161 3683 3738 3757">
    <p class='ocr_par' dir='ltr' id='par_1_97' title="bbox 2161 3683 3738 3757">
     <span class='ocr_line' id='line_1_97' title="bbox 2161 3683 3738 3757; baseline -0.005 -11"><span class='ocrx_word' id='word_1_746' title='bbox 2161 3691 2313 3757; x_wconf 89' lang='lat' dir='ltr'><strong>duas,</strong></span> <span class='ocrx_word' id='word_1_747' title='bbox 2332 3691 2470 3744; x_wconf 91' lang='lat' dir='ltr'><strong>sicut</strong></span> <span class='ocrx_word' id='word_1_748' title='bbox 2494 3688 2569 3743; x_wconf 93' lang='lat' dir='ltr'><strong>illi</strong></span> <span class='ocrx_word' id='word_1_749' title='bbox 2592 3689 2792 3755; x_wconf 90' lang='lat' dir='ltr'><strong>volunt,</strong></span> <span class='ocrx_word' id='word_1_750' title='bbox 2809 3697 3104 3744; x_wconf 59' lang='lat' dir='ltr'><strong>coasternas</strong></span> <span class='ocrx_word' id='word_1_751' title='bbox 3129 3686 3255 3742; x_wconf 91' lang='lat' dir='ltr'><strong>boni</strong></span> <span class='ocrx_word' id='word_1_752' title='bbox 3280 3695 3334 3742; x_wconf 93' lang='lat' dir='ltr'><strong>et</strong></span> <span class='ocrx_word' id='word_1_753' title='bbox 3357 3685 3483 3742; x_wconf 89' lang='lat' dir='ltr'><strong>mali</strong></span> <span class='ocrx_word' id='word_1_754' title='bbox 3499 3683 3738 3757; x_wconf 82' lang='lat' dir='ltr'><strong>permix-</strong></span> 
     </span>
    </p>
   </div>
   <div class='ocr_carea' id='block_1_98' title="bbox 2163 3780 2752 3838">
    <p class='ocr_par' dir='ltr' id='par_1_98' title="bbox 2163 3780 2752 3838">
     <span class='ocr_line' id='line_1_98' title="bbox 2163 3780 2752 3838; baseline -0.007 0"><span class='ocrx_word' id='word_1_755' title='bbox 2163 3791 2243 3838; x_wconf 91' lang='lat' dir='ltr'><strong>tas</strong></span> <span class='ocrx_word' id='word_1_756' title='bbox 2267 3797 2386 3837; x_wconf 89' lang='lat' dir='ltr'><strong>esse</strong></span> <span class='ocrx_word' id='word_1_757' title='bbox 2409 3780 2752 3837; x_wconf 88' lang='lat' dir='ltr'><strong>substantias.</strong></span> 
     </span>
    </p>
   </div>
   <div class='ocr_carea' id='block_1_99' title="bbox 2231 3869 3742 3946">
    <p class='ocr_par' dir='ltr' id='par_1_99' title="bbox 2231 3869 3742 3946">
     <span class='ocr_line' id='line_1_99' title="bbox 2231 3869 3742 3946; baseline -0.003 -15"><span class='ocrx_word' id='word_1_758' title='bbox 2231 3877 2322 3932; x_wconf 75' lang='lat'><strong>27.</strong></span> <span class='ocrx_word' id='word_1_759' title='bbox 2367 3876 2606 3946; x_wconf 90' lang='lat' dir='ltr'><strong>Denique</strong></span> <span class='ocrx_word' id='word_1_760' title='bbox 2638 3875 2688 3929; x_wconf 93' lang='lat' dir='ltr'><strong>in</strong></span> <span class='ocrx_word' id='word_1_761' title='bbox 2715 3875 2887 3945; x_wconf 91' lang='lat' dir='ltr'><strong>primo</strong></span> <span class='ocrx_word' id='word_1_762' title='bbox 2915 3875 3376 3929; x_wconf 77' lang='lat' dir='ltr'><strong>Retractationum</strong></span> <span class='ocrx_word' id='word_1_763' title='bbox 3405 3873 3564 3940; x_wconf 91' lang='lat' dir='ltr'><strong>libro,</strong></span> <span class='ocrx_word' id='word_1_764' title='bbox 3597 3869 3742 3943; x_wconf 84' lang='lat' dir='ltr'><strong>quod</strong></span> 
     </span>
    </p>
   </div>
   <div class='ocr_carea' id='block_1_100' title="bbox 2161 3965 3742 4040">
    <p class='ocr_par' dir='ltr' id='par_1_100' title="bbox 2161 3965 3742 4040">
     <span class='ocr_line' id='line_1_100' title="bbox 2161 3965 3742 4040; baseline -0.001 -16"><span class='ocrx_word' id='word_1_765' title='bbox 2161 3985 2298 4040; x_wconf 92' lang='lat' dir='ltr'><strong>opus</strong></span> <span class='ocrx_word' id='word_1_766' title='bbox 2323 3985 2498 4026; x_wconf 90' lang='lat' dir='ltr'><strong>meum</strong></span> <span class='ocrx_word' id='word_1_767' title='bbox 2525 3969 2759 4024; x_wconf 90' lang='lat' dir='ltr'><strong>nondum</strong></span> <span class='ocrx_word' id='word_1_768' title='bbox 2790 3969 3012 4038; x_wconf 74' lang='lat' dir='ltr'><strong>legistis,</strong></span> <span class='ocrx_word' id='word_1_769' title='bbox 3046 3985 3164 4023; x_wconf 91' lang='lat' dir='ltr'><strong>cum</strong></span> <span class='ocrx_word' id='word_1_770' title='bbox 3204 3968 3271 4022; x_wconf 89' lang='lat' dir='ltr'><strong>ad</strong></span> <span class='ocrx_word' id='word_1_771' title='bbox 3311 3967 3526 4022; x_wconf 87' lang='lat' dir='ltr'><strong>eosdem</strong></span> <span class='ocrx_word' id='word_1_772' title='bbox 3575 3965 3742 4022; x_wconf 86' lang='lat' dir='ltr'><strong>libros</strong></span> 
     </span>
    </p>
   </div>
   <div class='ocr_carea' id='block_1_101' title="bbox 2161 4057 3737 4127">
    <p class='ocr_par' dir='ltr' id='par_1_101' title="bbox 2161 4057 3737 4127">
     <span class='ocr_line' id='line_1_101' title="bbox 2161 4057 3737 4127; baseline -0.004 -10"><span class='ocrx_word' id='word_1_773' title='bbox 2161 4061 2529 4118; x_wconf 89' lang='lat' dir='ltr'><strong>retractandos</strong></span> <span class='ocrx_word' id='word_1_774' title='bbox 2556 4061 2839 4124; x_wconf 90' lang='lat' dir='ltr'><strong>venissem,</strong></span> <span class='ocrx_word' id='word_1_775' title='bbox 2873 4060 2976 4115; x_wconf 93' lang='lat' dir='ltr'><strong>hoc</strong></span> <span class='ocrx_word' id='word_1_776' title='bbox 3014 4069 3116 4127; x_wconf 91' lang='lat' dir='ltr'><strong>est,</strong></span> <span class='ocrx_word' id='word_1_777' title='bbox 3164 4059 3230 4115; x_wconf 93' lang='lat' dir='ltr'><strong>de</strong></span> <span class='ocrx_word' id='word_1_778' title='bbox 3258 4060 3451 4115; x_wconf 88' lang='lat' dir='ltr'><strong>Libero</strong></span> <span class='ocrx_word' id='word_1_779' title='bbox 3481 4057 3737 4126; x_wconf 82' lang='lat' dir='ltr'><strong>Arbitrio,</strong></span> 
     </span>
    </p>
   </div>
   <div class='ocr_carea' id='block_1_102' title="bbox 2163 4150 3742 4223">
    <p class='ocr_par' dir='ltr' id='par_1_102' title="bbox 2163 4150 3742 4223">
     <span class='ocr_line' id='line_1_102' title="bbox 2163 4150 3742 4223; baseline -0.004 -13"><span class='ocrx_word' id='word_1_780' title='bbox 2163 4156 2236 4210; x_wconf 90' lang='lat' dir='ltr'><strong>ita</strong></span> <span class='ocrx_word' id='word_1_781' title='bbox 2265 4155 2472 4210; x_wconf 91' lang='lat' dir='ltr'><strong>locutus</strong></span> <span class='ocrx_word' id='word_1_782' title='bbox 2496 4167 2613 4208; x_wconf 89' lang='lat' dir='ltr'><strong>sum</strong></span> <span class='ocrx_word' id='word_1_783' title='bbox 2637 4171 2650 4208; x_wconf 91' lang='lat'><strong>:</strong></span> <span class='ocrx_word' id='word_1_784' title='bbox 2682 4172 2700 4206; x_wconf 70' lang='grc' dir='ltr'>ι</span> <span class='ocrx_word' id='word_1_785' title='bbox 2730 4153 2786 4208; x_wconf 88' lang='lat' dir='ltr'><strong>lu</strong></span> <span class='ocrx_word' id='word_1_786' title='bbox 2813 4153 2918 4220; x_wconf 93' lang='lat' dir='ltr'><strong>his,</strong></span> <span class='ocrx_word' id='word_1_787' title='bbox 2956 4171 2975 4206; x_wconf 73' lang='grc' dir='ltr'><strong>ι</strong></span> <span class='ocrx_word' id='word_1_788' title='bbox 3001 4153 3240 4223; x_wconf 89' lang='lat' dir='ltr'><strong>inquam,</strong></span> <span class='ocrx_word' id='word_1_789' title='bbox 3265 4171 3285 4204; x_wconf 85' lang='grc'><strong>‹</strong></span> <span class='ocrx_word' id='word_1_790' title='bbox 3313 4153 3465 4206; x_wconf 90' lang='lat' dir='ltr'><strong>libris</strong></span> <span class='ocrx_word' id='word_1_791' title='bbox 3487 4152 3556 4206; x_wconf 88' lang='lat' dir='ltr'><strong>ita</strong></span> <span class='ocrx_word' id='word_1_792' title='bbox 3573 4150 3742 4206; x_wconf 83' lang='lat' dir='ltr'><strong>multa</strong></span> 
     </span>
    </p>
   </div>
   <div class='ocr_carea' id='block_1_103' title="bbox 2162 4245 3743 4315">
    <p class='ocr_par' dir='ltr' id='par_1_103' title="bbox 2162 4245 3743 4315">
     <span class='ocr_line' id='line_1_103' title="bbox 2162 4245 3743 4315; baseline -0.004 -10"><span class='ocrx_word' id='word_1_793' title='bbox 2162 4249 2387 4305; x_wconf 87' lang='lat' dir='ltr'><strong>disserta</strong></span> <span class='ocrx_word' id='word_1_794' title='bbox 2414 4258 2558 4315; x_wconf 88' lang='lat' dir='ltr'><strong>sunt,</strong></span> <span class='ocrx_word' id='word_1_795' title='bbox 2581 4255 2638 4303; x_wconf 92' lang='lat' dir='ltr'><strong>ut</strong></span> <span class='ocrx_word' id='word_1_796' title='bbox 2659 4247 2951 4302; x_wconf 84' lang='lat' dir='ltr'><strong>incidentes</strong></span> <span class='ocrx_word' id='word_1_797' title='bbox 2972 4246 3237 4301; x_wconf 66' lang='lat' dir='ltr'><strong>nonnullae</strong></span> <span class='ocrx_word' id='word_1_798' title='bbox 3266 4245 3586 4315; x_wconf 67' lang='lat' dir='ltr'><strong>quaestiones</strong></span> <span class='ocrx_word' id='word_1_799' title='bbox 3609 4257 3743 4314; x_wconf 85' lang='lat' dir='ltr'><strong>quas</strong></span> 
     </span>
    </p>
   </div>
   <div class='ocr_carea' id='block_1_104' title="bbox 2161 4335 3744 4410">
    <p class='ocr_par' dir='ltr' id='par_1_104' title="bbox 2161 4335 3744 4410">
     <span class='ocr_line' id='line_1_104' title="bbox 2161 4335 3744 4410; baseline -0.006 -12"><span class='ocrx_word' id='word_1_800' title='bbox 2161 4344 2246 4399; x_wconf 87' lang='lat' dir='ltr'><strong>vel</strong></span> <span class='ocrx_word' id='word_1_801' title='bbox 2271 4342 2503 4398; x_wconf 91' lang='lat' dir='ltr'><strong>enodare</strong></span> <span class='ocrx_word' id='word_1_802' title='bbox 2528 4355 2634 4396; x_wconf 91' lang='lat' dir='ltr'><strong>non</strong></span> <span class='ocrx_word' id='word_1_803' title='bbox 2665 4349 2923 4410; x_wconf 90' lang='lat' dir='ltr'><strong>poteram,</strong></span> <span class='ocrx_word' id='word_1_804' title='bbox 2963 4339 3049 4394; x_wconf 89' lang='lat' dir='ltr'><strong>vel</strong></span> <span class='ocrx_word' id='word_1_805' title='bbox 3095 4339 3308 4408; x_wconf 88' lang='lat' dir='ltr'><strong>longam</strong></span> <span class='ocrx_word' id='word_1_806' title='bbox 3339 4335 3744 4393; x_wconf 82' lang='lat' dir='ltr'><strong>sermocinatio-</strong></span> 
     </span>
    </p>
   </div>
   <div class='ocr_carea' id='block_1_105' title="bbox 2162 4431 3740 4505">
    <p class='ocr_par' dir='ltr' id='par_1_105' title="bbox 2162 4431 3740 4505">
     <span class='ocr_line' id='line_1_105' title="bbox 2162 4431 3740 4505; baseline -0.004 -14"><span class='ocrx_word' id='word_1_807' title='bbox 2162 4451 2287 4492; x_wconf 91' lang='lat' dir='ltr'><strong>nem</strong></span> <span class='ocrx_word' id='word_1_808' title='bbox 2327 4435 2381 4490; x_wconf 93' lang='lat' dir='ltr'><strong>in</strong></span> <span class='ocrx_word' id='word_1_809' title='bbox 2425 4434 2672 4505; x_wconf 68' lang='lat' dir='ltr'><strong>praesenti</strong></span> <span class='ocrx_word' id='word_1_810' title='bbox 2715 4432 3075 4503; x_wconf 89' lang='lat' dir='ltr'><strong>requirebant,</strong></span> <span class='ocrx_word' id='word_1_811' title='bbox 3107 4433 3176 4486; x_wconf 90' lang='lat' dir='ltr'><strong>ita</strong></span> <span class='ocrx_word' id='word_1_812' title='bbox 3203 4431 3562 4498; x_wconf 79' lang='lat' dir='ltr'><strong>diﬂ&#39;errentur,</strong></span> <span class='ocrx_word' id='word_1_813' title='bbox 3588 4437 3648 4485; x_wconf 87' lang='lat' dir='ltr'><strong>ut</strong></span> <span class='ocrx_word' id='word_1_814' title='bbox 3675 4445 3740 4485; x_wconf 82' lang='lat' dir='ltr'><strong>ex</strong></span> 
     </span>
    </p>
   </div>
   <div class='ocr_carea' id='block_1_106' title="bbox 2164 4521 3740 4598">
    <p class='ocr_par' dir='ltr' id='par_1_106' title="bbox 2164 4521 3740 4598">
     <span class='ocr_line' id='line_1_106' title="bbox 2164 4521 3740 4598; baseline -0.006 -16"><span class='ocrx_word' id='word_1_815' title='bbox 2164 4536 2388 4598; x_wconf 89' lang='lat' dir='ltr'><strong>utraque</strong></span> <span class='ocrx_word' id='word_1_816' title='bbox 2417 4535 2588 4596; x_wconf 90' lang='lat' dir='ltr'><strong>parte,</strong></span> <span class='ocrx_word' id='word_1_817' title='bbox 2619 4525 2705 4580; x_wconf 90' lang='lat' dir='ltr'><strong>vel</strong></span> <span class='ocrx_word' id='word_1_818' title='bbox 2751 4539 2814 4578; x_wconf 86' lang='lat' dir='ltr'><strong>ex</strong></span> <span class='ocrx_word' id='word_1_819' title='bbox 2860 4525 3106 4578; x_wconf 89' lang='lat' dir='ltr'><strong>omnibus</strong></span> <span class='ocrx_word' id='word_1_820' title='bbox 3148 4522 3453 4578; x_wconf 91' lang='lat' dir='ltr'><strong>earumdem</strong></span> <span class='ocrx_word' id='word_1_821' title='bbox 3485 4521 3740 4592; x_wconf 85' lang='lat' dir='ltr'><strong>quaestio-</strong></span> 
     </span>
    </p>
   </div>
   <div class='ocr_carea' id='block_1_107' title="bbox 2165 4615 3742 4692">
    <p class='ocr_par' dir='ltr' id='par_1_107' title="bbox 2165 4615 3742 4692">
     <span class='ocr_line' id='line_1_107' title="bbox 2165 4615 3742 4692; baseline -0.004 -15"><span class='ocrx_word' id='word_1_822' title='bbox 2165 4637 2289 4677; x_wconf 92' lang='lat' dir='ltr'><strong>num</strong></span> <span class='ocrx_word' id='word_1_823' title='bbox 2327 4621 2588 4692; x_wconf 89' lang='lat' dir='ltr'><strong>partibus,</strong></span> <span class='ocrx_word' id='word_1_824' title='bbox 2617 4619 2668 4673; x_wconf 92' lang='lat' dir='ltr'><strong>in</strong></span> <span class='ocrx_word' id='word_1_825' title='bbox 2698 4619 2888 4689; x_wconf 88' lang='lat' dir='ltr'><strong>quibus</strong></span> <span class='ocrx_word' id='word_1_826' title='bbox 2918 4633 3021 4672; x_wconf 91' lang='lat' dir='ltr'><strong>non</strong></span> <span class='ocrx_word' id='word_1_827' title='bbox 3067 4617 3356 4688; x_wconf 89' lang='lat' dir='ltr'><strong>apparebat</strong></span> <span class='ocrx_word' id='word_1_828' title='bbox 3390 4615 3516 4688; x_wconf 90' lang='lat' dir='ltr'><strong>quid</strong></span> <span class='ocrx_word' id='word_1_829' title='bbox 3563 4615 3742 4686; x_wconf 88' lang='lat' dir='ltr'><strong>potius</strong></span> 
     </span>
    </p>
   </div>
   <div class='ocr_carea' id='block_1_108' title="bbox 2164 4710 3741 4788">
    <p class='ocr_par' dir='ltr' id='par_1_108' title="bbox 2164 4710 3741 4788">
     <span class='ocr_line' id='line_1_108' title="bbox 2164 4710 3741 4788; baseline -0.007 -15"><span class='ocrx_word' id='word_1_830' title='bbox 2164 4723 2482 4788; x_wconf 75' lang='lat' dir='ltr'><strong>coiigrueret</strong></span> <span class='ocrx_word' id='word_1_831' title='bbox 2509 4714 2739 4778; x_wconf 87' lang='lat' dir='ltr'><strong>veritati,</strong></span> <span class='ocrx_word' id='word_1_832' title='bbox 2767 4711 2834 4766; x_wconf 93' lang='lat' dir='ltr'><strong>ad</strong></span> <span class='ocrx_word' id='word_1_833' title='bbox 2859 4712 2962 4767; x_wconf 88' lang='lat' dir='ltr'><strong>hoc</strong></span> <span class='ocrx_word' id='word_1_834' title='bbox 2991 4720 3165 4766; x_wconf 89' lang='lat' dir='ltr'><strong>tamen</strong></span> <span class='ocrx_word' id='word_1_835' title='bbox 3193 4710 3529 4766; x_wconf 89' lang='lat' dir='ltr'><strong>ratiocinatio</strong></span> <span class='ocrx_word' id='word_1_836' title='bbox 3557 4715 3741 4764; x_wconf 86' lang='lat' dir='ltr'><strong>nostra</strong></span> 
     </span>
    </p>
   </div>
   <div class='ocr_carea' id='block_1_109' title="bbox 2165 4799 3740 4874">
    <p class='ocr_par' dir='ltr' id='par_1_109' title="bbox 2165 4799 3740 4874">
     <span class='ocr_line' id='line_1_109' title="bbox 2165 4799 3740 4874; baseline -0.006 -11"><span class='ocrx_word' id='word_1_837' title='bbox 2165 4808 2588 4870; x_wconf 91' lang='lat' dir='ltr'><strong>concluderetur,</strong></span> <span class='ocrx_word' id='word_1_838' title='bbox 2615 4813 2671 4858; x_wconf 91' lang='lat' dir='ltr'><strong>ut</strong></span> <span class='ocrx_word' id='word_1_839' title='bbox 2699 4803 2973 4874; x_wconf 86' lang='lat' dir='ltr'><strong>quodlibet</strong></span> <span class='ocrx_word' id='word_1_840' title='bbox 3000 4819 3185 4858; x_wconf 90' lang='lat' dir='ltr'><strong>eorum</strong></span> <span class='ocrx_word' id='word_1_841' title='bbox 3207 4817 3392 4858; x_wconf 91' lang='lat' dir='ltr'><strong>verum</strong></span> <span class='ocrx_word' id='word_1_842' title='bbox 3422 4810 3586 4868; x_wconf 85' lang='lat' dir='ltr'><strong>esset,</strong></span> <span class='ocrx_word' id='word_1_843' title='bbox 3623 4799 3740 4854; x_wconf 88' lang='lat' dir='ltr'><strong>lau-</strong></span> 
     </span>
    </p>
   </div>
   <div class='ocr_carea' id='block_1_110' title="bbox 2164 4893 3736 4966">
    <p class='ocr_par' dir='ltr' id='par_1_110' title="bbox 2164 4893 3736 4966">
     <span class='ocr_line' id='line_1_110' title="bbox 2164 4893 3736 4966; baseline -0.005 -10"><span class='ocrx_word' id='word_1_844' title='bbox 2164 4901 2370 4956; x_wconf 87' lang='lat' dir='ltr'><strong>dandus</strong></span> <span class='ocrx_word' id='word_1_845' title='bbox 2395 4899 2722 4966; x_wconf 90' lang='lat' dir='ltr'><strong>crederetur,</strong></span> <span class='ocrx_word' id='word_1_846' title='bbox 2744 4897 2830 4953; x_wconf 91' lang='lat' dir='ltr'><strong>vel</strong></span> <span class='ocrx_word' id='word_1_847' title='bbox 2847 4898 3006 4952; x_wconf 90' lang='lat' dir='ltr'><strong>etiam</strong></span> <span class='ocrx_word' id='word_1_848' title='bbox 3022 4897 3397 4953; x_wconf 91' lang='lat' dir='ltr'><strong>ostenderetur</strong></span> <span class='ocrx_word' id='word_1_849' title='bbox 3419 4895 3580 4951; x_wconf 88' lang='lat' dir='ltr'><strong>Deus.</strong></span> <span class='ocrx_word' id='word_1_850' title='bbox 3599 4893 3736 4949; x_wconf 85' lang='lat' dir='ltr'><strong>Pro—</strong></span> 
     </span>
    </p>
   </div>
   <div class='ocr_carea' id='block_1_111' title="bbox 2163 4985 3738 5064">
    <p class='ocr_par' dir='ltr' id='par_1_111' title="bbox 2163 4985 3738 5064">
     <span class='ocr_line' id='line_1_111' title="bbox 2163 4985 3738 5064; baseline -0.004 -16"><span class='ocrx_word' id='word_1_851' title='bbox 2163 5003 2283 5064; x_wconf 93' lang='lat' dir='ltr'><strong>pter</strong></span> <span class='ocrx_word' id='word_1_852' title='bbox 2311 5007 2404 5047; x_wconf 91' lang='lat' dir='ltr'><strong>eos</strong></span> <span class='ocrx_word' id='word_1_853' title='bbox 2433 4991 2627 5062; x_wconf 91' lang='lat' dir='ltr'><strong>quippe</strong></span> <span class='ocrx_word' id='word_1_854' title='bbox 2671 4990 2956 5060; x_wconf 89' lang='lat' dir='ltr'><strong>disputatio</strong></span> <span class='ocrx_word' id='word_1_855' title='bbox 2981 4990 3068 5044; x_wconf 93' lang='lat' dir='ltr'><strong>illa</strong></span> <span class='ocrx_word' id='word_1_856' title='bbox 3107 4997 3351 5057; x_wconf 88' lang='lat' dir='ltr'><strong>suscepta</strong></span> <span class='ocrx_word' id='word_1_857' title='bbox 3379 4995 3484 5052; x_wconf 90' lang='lat' dir='ltr'><strong>est,</strong></span> <span class='ocrx_word' id='word_1_858' title='bbox 3517 4985 3608 5056; x_wconf 91' lang='lat' dir='ltr'><strong>qui</strong></span> <span class='ocrx_word' id='word_1_859' title='bbox 3635 4999 3738 5041; x_wconf 84' lang='lat' dir='ltr'><strong>ne-</strong></span> 
     </span>
    </p>
   </div>
   <div class='ocr_carea' id='block_1_112' title="bbox 2162 5076 3736 5155">
    <p class='ocr_par' dir='ltr' id='par_1_112' title="bbox 2162 5076 3736 5155">
     <span class='ocr_line' id='line_1_112' title="bbox 2162 5076 3736 5155; baseline -0.004 -16"><span class='ocrx_word' id='word_1_860' title='bbox 2162 5095 2290 5155; x_wconf 88' lang='lat' dir='ltr'><strong>gant</strong></span> <span class='ocrx_word' id='word_1_861' title='bbox 2311 5101 2376 5140; x_wconf 85' lang='lat' dir='ltr'><strong>ex</strong></span> <span class='ocrx_word' id='word_1_862' title='bbox 2407 5083 2574 5138; x_wconf 89' lang='lat' dir='ltr'><strong>libero</strong></span> <span class='ocrx_word' id='word_1_863' title='bbox 2595 5082 2878 5137; x_wconf 89' lang='lat' dir='ltr'><strong>voluntatis</strong></span> <span class='ocrx_word' id='word_1_864' title='bbox 2905 5082 3126 5137; x_wconf 89' lang='lat' dir='ltr'><strong>arbitrio</strong></span> <span class='ocrx_word' id='word_1_865' title='bbox 3154 5081 3280 5135; x_wconf 89' lang='lat' dir='ltr'><strong>mali</strong></span> <span class='ocrx_word' id='word_1_866' title='bbox 3305 5079 3567 5151; x_wconf 88' lang='lat' dir='ltr'><strong>originem</strong></span> <span class='ocrx_word' id='word_1_867' title='bbox 3590 5076 3736 5142; x_wconf 86' lang='lat' dir='ltr'><strong>duci,</strong></span> 
     </span>
    </p>
   </div>
   <div class='ocr_carea' id='block_1_113' title="bbox 2162 5169 3740 5242">
    <p class='ocr_par' dir='ltr' id='par_1_113' title="bbox 2162 5169 3740 5242">
     <span class='ocr_line' id='line_1_113' title="bbox 2162 5169 3740 5242; baseline -0.006 -9"><span class='ocrx_word' id='word_1_868' title='bbox 2162 5187 2218 5233; x_wconf 91' lang='lat' dir='ltr'><strong>et</strong></span> <span class='ocrx_word' id='word_1_869' title='bbox 2247 5179 2434 5240; x_wconf 87' lang='lat' dir='ltr'><strong>Deum,</strong></span> <span class='ocrx_word' id='word_1_870' title='bbox 2459 5177 2504 5231; x_wconf 89' lang='lat' dir='ltr'><strong>si</strong></span> <span class='ocrx_word' id='word_1_871' title='bbox 2522 5178 2591 5230; x_wconf 92' lang='lat' dir='ltr'><strong>ita</strong></span> <span class='ocrx_word' id='word_1_872' title='bbox 2608 5185 2709 5242; x_wconf 88' lang='lat' dir='ltr'><strong>est,</strong></span> <span class='ocrx_word' id='word_1_873' title='bbox 2731 5185 3025 5231; x_wconf 87' lang='lat' dir='ltr'><strong>creatorem</strong></span> <span class='ocrx_word' id='word_1_874' title='bbox 3043 5175 3279 5230; x_wconf 90' lang='lat' dir='ltr'><strong>omnium</strong></span> <span class='ocrx_word' id='word_1_875' title='bbox 3303 5181 3613 5228; x_wconf 85' lang='lat' dir='ltr'><strong>naturarum</strong></span> <span class='ocrx_word' id='word_1_876' title='bbox 3627 5169 3740 5226; x_wconf 89' lang='lat' dir='ltr'><strong>cul-</strong></span> 
     </span>
    </p>
   </div>
   <div class='ocr_carea' id='block_1_114' title="bbox 2163 5263 3740 5338">
    <p class='ocr_par' dir='ltr' id='par_1_114' title="bbox 2163 5263 3740 5338">
     <span class='ocr_line' id='line_1_114' title="bbox 2163 5263 3740 5338; baseline -0.003 -15"><span class='ocrx_word' id='word_1_877' title='bbox 2163 5270 2391 5338; x_wconf 89' lang='lat' dir='ltr'><strong>pandum</strong></span> <span class='ocrx_word' id='word_1_878' title='bbox 2410 5282 2528 5323; x_wconf 88' lang='lat' dir='ltr'><strong>esse</strong></span> <span class='ocrx_word' id='word_1_879' title='bbox 2546 5267 2872 5322; x_wconf 91' lang='lat' dir='ltr'><strong>contendunt</strong></span> <span class='ocrx_word' id='word_1_880' title='bbox 2891 5285 2904 5322; x_wconf 91' lang='lat'>:</span> <span class='ocrx_word' id='word_1_881' title='bbox 2923 5282 2989 5324; x_wconf 91' lang='lat' dir='ltr'><strong>eo</strong></span> <span class='ocrx_word' id='word_1_882' title='bbox 3010 5267 3169 5322; x_wconf 91' lang='lat' dir='ltr'><strong>modo</strong></span> <span class='ocrx_word' id='word_1_883' title='bbox 3190 5267 3427 5322; x_wconf 88' lang='lat' dir='ltr'><strong>volentes</strong></span> <span class='ocrx_word' id='word_1_884' title='bbox 3446 5263 3740 5322; x_wconf 91' lang='lat' dir='ltr'><strong>secundum</strong></span> 
     </span>
    </p>
   </div>
   <div class='ocr_carea' id='block_1_115' title="bbox 2161 5357 3740 5434">
    <p class='ocr_par' dir='ltr' id='par_1_115' title="bbox 2161 5357 3740 5434">
     <span class='ocr_line' id='line_1_115' title="bbox 2161 5357 3740 5434; baseline -0.002 -19"><span class='ocrx_word' id='word_1_885' title='bbox 2161 5375 2271 5416; x_wconf 57' lang='lat' dir='ltr'><strong>suae</strong></span> <span class='ocrx_word' id='word_1_886' title='bbox 2299 5361 2583 5430; x_wconf 89' lang='lat' dir='ltr'><strong>impietatis</strong></span> <span class='ocrx_word' id='word_1_887' title='bbox 2599 5375 2834 5416; x_wconf 89' lang='lat' dir='ltr'><strong>errorem</strong></span> <span class='ocrx_word' id='word_1_888' title='bbox 2861 5361 3158 5434; x_wconf 71' lang='lat' dir='ltr'><strong>(Manichzei</strong></span> <span class='ocrx_word' id='word_1_889' title='bbox 3183 5361 3324 5415; x_wconf 91' lang='lat' dir='ltr'><strong>enim</strong></span> <span class='ocrx_word' id='word_1_890' title='bbox 3342 5357 3514 5432; x_wconf 90' lang='lat' dir='ltr'><strong>sunt),</strong></span> <span class='ocrx_word' id='word_1_891' title='bbox 3543 5359 3740 5414; x_wconf 87' lang='lat' dir='ltr'><strong>immu-</strong></span> 
     </span>
    </p>
   </div>
   <div class='ocr_carea' id='block_1_116' title="bbox 2165 5451 3740 5525">
    <p class='ocr_par' dir='ltr' id='par_1_116' title="bbox 2165 5451 3740 5525">
     <span class='ocr_line' id='line_1_116' title="bbox 2165 5451 3740 5525; baseline -0.002 -17"><span class='ocrx_word' id='word_1_892' title='bbox 2165 5455 2380 5510; x_wconf 88' lang='lat' dir='ltr'><strong>tabilem</strong></span> <span class='ocrx_word' id='word_1_893' title='bbox 2405 5455 2708 5525; x_wconf 91' lang='lat' dir='ltr'><strong>quamdam,</strong></span> <span class='ocrx_word' id='word_1_894' title='bbox 2739 5463 2792 5510; x_wconf 88' lang='lat' dir='ltr'><strong>et</strong></span> <span class='ocrx_word' id='word_1_895' title='bbox 2819 5453 2931 5510; x_wconf 93' lang='lat' dir='ltr'><strong>Deo</strong></span> <span class='ocrx_word' id='word_1_896' title='bbox 2944 5462 3263 5510; x_wconf 77' lang='lat' dir='ltr'><strong>co:eternam</strong></span> <span class='ocrx_word' id='word_1_897' title='bbox 3289 5451 3630 5508; x_wconf 90' lang='lat' dir='ltr'><strong>introducere</strong></span> <span class='ocrx_word' id='word_1_898' title='bbox 3645 5465 3740 5506; x_wconf 37' lang='lat' dir='ltr'><strong>nae</strong></span> 
     </span>
    </p>
   </div>
   <div class='ocr_carea' id='block_1_117' title="bbox 2167 5545 3740 5620">
    <p class='ocr_par' dir='ltr' id='par_1_117' title="bbox 2167 5545 3740 5620">
     <span class='ocr_line' id='line_1_117' title="bbox 2167 5545 3740 5620; baseline -0.003 -18"><span class='ocrx_word' id='word_1_899' title='bbox 2167 5557 2336 5604; x_wconf 89' lang='lat' dir='ltr'><strong>turam</strong></span> <span class='ocrx_word' id='word_1_900' title='bbox 2367 5548 2490 5602; x_wconf 89' lang='lat' dir='ltr'><strong>mali</strong></span> <span class='ocrx_word' id='word_1_901' title='bbox 2527 5567 2548 5601; x_wconf 75' lang='grc' dir='ltr'><strong><em>ι</em></strong></span> <span class='ocrx_word' id='word_1_902' title='bbox 2574 5549 2823 5620; x_wconf 83' lang='lat' dir='ltr'><strong>(Retract.</strong></span> <span class='ocrx_word' id='word_1_903' title='bbox 2856 5547 2942 5602; x_wconf 81' lang='lat' dir='ltr'><strong>lib.</strong></span> <span class='ocrx_word' id='word_1_904' title='bbox 2967 5547 3019 5614; x_wconf 76' lang='grc' dir='ltr'><strong>Ι,</strong></span> <span class='ocrx_word' id='word_1_905' title='bbox 3043 5563 3159 5620; x_wconf 78' lang='lat' dir='ltr'><strong>cap.</strong></span> <span class='ocrx_word' id='word_1_906' title='bbox 3185 5545 3238 5614; x_wconf 87' lang='lat'><strong>9,</strong></span> <span class='ocrx_word' id='word_1_907' title='bbox 3269 5563 3323 5602; x_wconf 83' lang='lat' dir='ltr'><strong>rt.</strong></span> <span class='ocrx_word' id='word_1_908' title='bbox 3350 5545 3431 5619; x_wconf 72' lang='grc'><strong>2).</strong></span> <span class='ocrx_word' id='word_1_909' title='bbox 3463 5546 3594 5602; x_wconf 87' lang='lat' dir='ltr'><strong>Item</strong></span> <span class='ocrx_word' id='word_1_910' title='bbox 3618 5553 3740 5615; x_wconf 89' lang='lat' dir='ltr'><strong>post</strong></span> 
     </span>
    </p>
   </div>
   <div class='ocr_carea' id='block_1_118' title="bbox 2167 5638 3731 5711">
    <p class='ocr_par' dir='ltr' id='par_1_118' title="bbox 2167 5638 3731 5711">
     <span class='ocr_line' id='line_1_118' title="bbox 2167 5638 3731 5711; baseline -0.001 -17"><span class='ocrx_word' id='word_1_911' title='bbox 2167 5640 2492 5710; x_wconf 88' lang='lat' dir='ltr'><strong>aliquantum</strong></span> <span class='ocrx_word' id='word_1_912' title='bbox 2509 5639 2616 5695; x_wconf 92' lang='lat' dir='ltr'><strong>alio</strong></span> <span class='ocrx_word' id='word_1_913' title='bbox 2630 5639 2783 5696; x_wconf 91' lang='lat' dir='ltr'><strong>loco:</strong></span> <span class='ocrx_word' id='word_1_914' title='bbox 2815 5657 2836 5692; x_wconf 74' lang='grc' dir='ltr'><strong>α</strong></span> <span class='ocrx_word' id='word_1_915' title='bbox 2865 5638 3066 5696; x_wconf 89' lang='lat' dir='ltr'><strong>Deinde</strong></span> <span class='ocrx_word' id='word_1_916' title='bbox 3090 5639 3291 5697; x_wconf 81' lang='lat' dir='ltr'><strong>dictum</strong></span> <span class='ocrx_word' id='word_1_917' title='bbox 3310 5647 3417 5711; x_wconf 77' lang='lat' dir='ltr'><strong>est,</strong></span> <span class='ocrx_word' id='word_1_918' title='bbox 3442 5655 3464 5694; x_wconf 74' lang='grc' dir='ltr'><strong>ι</strong></span> <span class='ocrx_word' id='word_1_919' title='bbox 3493 5639 3731 5710; x_wconf 85' lang='lat' dir='ltr'><strong>inquam,</strong></span> 
     </span>
    </p>
   </div>
   <div class='ocr_carea' id='block_1_119' title="bbox 2225 5835 3064 5907">
    <p class='ocr_par' dir='ltr' id='par_1_119' title="bbox 2225 5835 3064 5907">
     <span class='ocr_line' id='line_1_119' title="bbox 2225 5835 3064 5907; baseline 0.004 -18"><span class='ocrx_word' id='word_1_920' title='bbox 2225 5841 2242 5872; x_wconf 75' lang='grc' dir='ltr'><strong><em>ι</em></strong></span> <span class='ocrx_word' id='word_1_921' title='bbox 2276 5839 2348 5889; x_wconf 86' lang='lat' dir='ltr'><strong>Sic</strong></span> <span class='ocrx_word' id='word_1_922' title='bbox 2375 5835 2538 5902; x_wconf 88' lang='lat' dir='ltr'><strong>plures</strong></span> <span class='ocrx_word' id='word_1_923' title='bbox 2559 5845 2664 5892; x_wconf 75' lang='lat' dir='ltr'><strong>Mss.</strong></span> <span class='ocrx_word' id='word_1_924' title='bbox 2689 5841 2830 5906; x_wconf 64' lang='lat' dir='ltr'><strong>aditi,</strong></span> <span class='ocrx_word' id='word_1_925' title='bbox 2849 5839 3064 5907; x_wconf 69' lang='lat' dir='ltr'><strong>perfecit.</strong></span> 
     </span>
    </p>
   </div>
  </div>
