4102 6494
387 280 528 339 1009

368 422 386 452 ι
424 417 488 457 er
552 407 653 467 qua
668 389 883 452 miseria
918 384 1260 459 peccantibus
1284 378 1578 453 jnstissime
1601 374 1821 438 inﬂicta,
1843 371 1977 426 libe-

369 504 456 554 rat
487 490 627 549 ιι)θὶ
653 482 856 556 gratia:
881 480 1002 551 quia
1035 478 1193 532 homo
1224 482 1434 545 sponte,
1469 470 1526 526 id
1553 478 1654 533 est,
1692 467 1860 521 libero
1889 478 1977 518 ar-

379 580 547 643 bitria»
577 555 770 631 cadere
790 573 980 642 potuit,
1009 586 1116 624 non
1147 568 1303 621 etiam
1326 577 1581 633 surgere:
1605 559 1670 613 ad
1696 571 1855 628 quam
1876 555 1973 608 mi-

385 676 588 729 seriam
608 670 764 740 just-.c
785 663 1140 721 damnationis
1167 657 1398 732 pertinet
1427 654 1720 728 ignorantia
1752 658 1804 704 et
1831 648 1974 702 diffi-

388 766 580 830 cultas,
598 738 757 833 quam
776 757 969 829 patitur
996 753 1171 810 omnis
1190 752 1351 805 homo
1365 749 1434 804 ab
1449 744 1667 803 exordio
1688 738 1981 796 nativitatis

386 874 532 923 suas;
563 830 666 911 nec
692 853 760 909 ab
786 853 888 907 isto
916 848 1059 903 malo
1088 847 1342 902 liberatur
1383 840 1689 914 quisquam,
1731 832 1835 889 nisi
1881 830 1974 886 Dei

386 936 610 1020 gratia'.
656 957 816 1016 quam
866 938 1137 994 miseriam
1183 934 1370 989 nolunt
1410 928 1679 998 Pelagiani
1725 940 1791 979 ex
1829 923 1975 993 justa

389 1019 736 1096 damnatione
756 1030 1106 1096 descendere,
1130 1032 1383 1097 negantes
1403 1019 1658 1091 originale
1681 1023 1974 1088 peccatum:

392 1131 639 1207 quamvis
665 1125 962 1200 ignorantia
1002 1130 1058 1179 et
1100 1118 1403 1183 difficultas,
1433 1112 1643 1172 etiamsi
1669 1116 1851 1166 essent
1876 1109 1975 1162 ho-

397 1198 560 1281 minis
604 1198 887 1292 primordia
931 1211 1220 1275 naturalia;
1268 1223 1368 1264 nec
1413 1208 1491 1262 sic
1534 1202 1846 1275 culpandus,
1885 1198 1981 1256 sed

403 1312 697 1373 laudandus
723 1316 869 1366 esset
884 1307 1041 1368 Deus,
1056 1303 1207 1358 sicuti
1235 1302 1288 1355 in
1318 1297 1506 1355 eodem
1538 1296 1672 1350 libro
1692 1294 1850 1350 tertio
1870 1292 1982 1347 dis-

400 1405 720 1479 putavimus.
763 1399 895 1468 Quaa
931 1393 1218 1466 disputatio
1272 1399 1455 1447 contra
1501 1386 1822 1443 Manichaeos
1878 1383 1972 1438 ha-

399 1477 574 1555 benda
598 1506 701 1562 est,
727 1493 816 1565 qui
847 1506 953 1546 non
981 1488 1248 1559 accipiunt
1272 1484 1562 1555 scripturas
1589 1489 1801 1536 sanctas
1822 1477 1986 1533 Vete-

396 1594 474 1649 ris
509 1587 876 1652 lnstrumenti,
906 1587 958 1640 in
988 1582 1181 1654 quibus
1218 1585 1493 1652 peccatum
1519 1573 1773 1645 originale
1800 1585 1986 1627 narra-

396 1691 517 1750 tur;
544 1691 601 1738 et
627 1677 884 1753 quidquid
923 1674 1047 1731 inde
1083 1675 1136 1729 in
1181 1669 1397 1728 Litteris
1439 1665 1744 1738 apostolicis
1771 1664 1983 1734 legitur,

398 1777 704 1837 detestabili
733 1772 1056 1845 impudentia
1085 1768 1382 1824 immissum
1412 1763 1577 1819 fuisse
1604 1758 1985 1816 contendunta

398 1871 806 1941 corruptoribus
846 1865 1261 1935 Scripturarum,
1295 1869 1543 1927 tanquam
1590 1872 1694 1908 nou
1739 1853 1896 1908 fuerit
1920 1850 1988 1907 ab

404 1962 674 2034 Apostolis
696 1961 914 2014 dictum.
937 1956 1135 2011 Contra
1156 1950 1467 2021 Pelagianos
1484 1954 1659 2001 autem
1680 1946 1781 2000 hoc
1803 1941 1991 1998 defen-

401 2055 635 2112 dendum
654 2062 756 2115 est,
774 2049 915 2121 quod
935 2058 1154 2116 utraque
1168 2043 1441 2110 Scriptura
1456 2036 1813 2099 commendat,
1829 2049 1990 2106 quam

403 2165 462 2204 se
478 2148 724 2217 accipere
747 2135 1352 2213 proﬁtentunmetract.
1378 2131 1466 2187 lib.
1483 2132 1535 2197 i,
1553 2146 1597 2184 c.
1616 2128 1669 2195 9,
1688 2145 1742 2182 η.
1767 2125 1845 2199 6).
1867 2126 1993 2180 Haec

402 2241 517 2299 dixi
545 2240 598 2293 in
626 2237 800 2308 primo
829 2234 966 2289 libro
992 2228 1473 2292 Betractationum,
1505 2237 1625 2278 cum
1647 2227 1993 2277 retractarem

404 2336 573 2391 libros
594 2332 662 2388 de
687 2329 884 2387 Libero
912 2324 1169 2383 Arbitrio.
1200 2321 1311 2377 Nec
1337 2319 1451 2376 sola
1472 2330 1601 2372 sane
1628 2316 1726 2369 ista
1757 2312 1829 2367 ibi
1856 2328 1883 2365 a
1907 2325 1993 2365 me

405 2430 548 2487 dicta
573 2436 698 2483 sunt
714 2427 782 2481 de
809 2423 895 2479 bis
912 2421 1094 2485 libris;
1116 2432 1301 2475 verum
1326 2423 1382 2471 et
1403 2413 1505 2469 alia
1531 2410 1717 2473 multa,
1738 2422 1854 2479 qua:
1868 2404 1995 2461 huic

409 2524 478 2580 ad
496 2538 593 2579 vos
619 2521 768 2592 Operi
798 2519 1037 2574 inserere
1065 2514 1277 2583 longum
1310 2505 1510 2580 putavi,
1536 2511 1592 2561 et
1610 2518 1715 2558 non
1746 2512 1993 2557 necessa-

416 2616 587 2670 rium:
612 2611 749 2683 quod
786 2617 842 2665 et
878 2621 975 2662 vos
1015 2604 1265 2659 existimo
1307 2614 1428 2655 esse
1467 2594 1818 2667 iudicaturos,
1868 2604 2014 2647 cum-

418 2706 596 2763 omnia
623 2703 872 2775 legeritis.
904 2697 1159 2768 Quamvis
1201 2708 1331 2766 ergo
1372 2692 1427 2748 in
1469 2689 1603 2744 libro
1630 2686 1786 2744 tertio
1811 2684 1880 2741 de
1908 2683 1999 2739 Li-

417 2799 551 2854 bero
577 2795 808 2851 Arbitrio
830 2794 902 2848 ita
923 2792 990 2848 de
1009 2787 1246 2863 parvulis
1275 2782 1673 2853 disputaverim,
1710 2788 1766 2834 ut
1788 2777 1998 2835 etiamsi

416 2903 601 2945 verum
631 2893 774 2943 esset
812 2881 954 2956 quod
993 2881 1177 2937 dicunt
1219 2874 1509 2947 Pelagiani,
1552 2870 1904 2941 ignorantiam
1945 2874 2000 2923 et

413 2978 804 3042 difﬁcultatem,
846 2975 962 3029 sine
995 2971 1189 3043 quibus
1218 2968 1393 3024 nullus
1417 2965 1693 3019 hominum
1741 2960 1995 3025 nascitur,

412 3069 726 3144 primordia,
758 3081 866 3122 non
909 3063 1164 3134 supplicia
1208 3074 1329 3116 esse
1377 3066 1610 3122 naturae;
1658 3055 2000 3109 vincerentur

411 3172 589 3219 tamen
634 3157 939 3224 Manichaei,
981 3155 1072 3226 qui
1117 3152 1306 3207 volunt
1343 3150 1496 3212 duas,
1538 3146 1664 3201 boni
1708 3144 1912 3200 scilicet
1946 3151 2002 3198 et

413 3254 564 3320 mali,
595 3262 891 3308 coaeternas
921 3262 1041 3303 esse
1068 3253 1317 3300 naturas:
1346 3238 1603 3310 numquid
1642 3238 1763 3292 ideo
1789 3235 1923 3292 fides
1946 3234 2001 3290 in

415 3345 638 3401 dubium
654 3341 893 3397 vocanda
915 3338 1000 3394 vel
1022 3334 1318 3393 deserenda
1336 3341 1435 3398 est,
1456 3345 1615 3402 quam
1643 3336 1825 3385 contra
1858 3327 2003 3398 ipsos

421 3436 735 3508 Pelagianos
764 3430 1030 3487 catholica
1077 3425 1315 3484 defendit
1354 3422 1613 3490 Ecclesia,
1652 3435 1773 3493 quae
1813 3419 2006 3475 asserit

424 3526 682 3600 originale
724 3538 845 3579 esse
890 3527 1191 3592 peccatum,
1240 3516 1394 3585 cujus
1439 3521 1618 3569 reatus
1663 3509 2007 3581 generatione

427 3620 751 3683 contractus,
779 3610 1181 3685 rcgeneratione
1229 3606 1516 3664 solvendus
1555 3604 1670 3659 est?
1698 3601 1851 3670 Quod
1879 3601 1923 3654 si
1952 3610 2009 3654 et

429 3711 517 3767 isti
543 3709 774 3764 fatentur
801 3703 1099 3768 nobiscum,
1123 3707 1183 3755 ut
1204 3698 1363 3753 simul
1387 3697 1442 3751 in
1462 3696 1565 3749 hac
1584 3708 1742 3748 causa
1771 3689 2008 3760 Pelagia-

428 3817 619 3860 norum
649 3799 988 3856 destruamns
1014 3806 1288 3858 errorem;
1334 3804 1432 3845 cur
1472 3795 1659 3858 putant
1686 3799 1806 3841 esse
1848 3782 2008 3839 dubi-

428 3894 669 3962 tandum,
686 3882 841 3963 °quod
866 3889 1024 3943 etiam
1057 3884 1306 3956 parvulos
1328 3882 1497 3948 Deus,
1529 3879 1722 3950 quibus
1743 3877 1835 3932 dat
1860 3889 2011 3930 suam

425 3987 649 4061 gratiam
690 3999 786 4055 per
826 3977 1172 4050 Baptismatis
1200 3980 1615 4036 sacramentum,
1644 3976 1800 4023 eruat
1820 3967 1888 4022 de
1914 3980 2014 4036 p0-

427 4057 622 4135 testate
650 4074 1017 4137 tenebrarum,
1048 4077 1102 4125 et
1126 4065 1410 4122 transferat
1428 4065 1477 4116 in
1498 4075 1723 4132 regnum
1742 4058 1862 4114 Filii
1879 4057 2009 4112 cha-

428 4169 604 4225 ritatis
629 4183 738 4222 sua:
771 4164 990 4237 (Coloss.
1013 4177 1055 4230 ι,
1087 4157 1211 4234 i5)?
1239 4158 1292 4214 In
1324 4173 1388 4211 eo
1428 4168 1556 4227 ergo
1584 4151 1725 4224 quod
1752 4152 1869 4205 aliis
1890 4165 2008 4206 eam

435 4261 546 4328 dat,
569 4260 685 4315 aliis
711 4273 815 4313 non
846 4256 959 4324 dat,
987 4269 1085 4310 cur
1124 4252 1307 4308 nolunt
1328 4259 1543 4304 cantare
1562 4246 1785 4301 Domino
1805 4243 2019 4300 miseri-

440 4350 675 4408 cordiam
705 4357 759 4404 et
774 4347 1029 4420 judicium
1058 4343 1231 4415 (Paul.
1263 4356 1293 4397 c
1313 4383 1326 4406 ,
1351 4339 1442 4412 l)?
1462 4338 1567 4394 Cur
1587 4345 1761 4392 autem
1786 4335 1887 4389 illis
1915 4348 2016 4406 po-

444 4444 551 4498 tius
580 4456 734 4511 quam
778 4440 883 4493 illis
923 4437 1098 4505 detur,
1129 4434 1258 4503 Quis
1295 4431 1542 4504 cognovit
1569 4443 1784 4484 sensum
1812 4425 2021 4482 Domini

450 4536 638 4610 (Rom.
675 4550 750 4602 ιι,
781 4531 920 4605 δψ
970 4530 1098 4599 Quis
1145 4524 1509 4583 inscrutabilia
1544 4521 1771 4578 scrutari
1818 4518 2024 4575 valeat?

445 4629 569 4701 quis
594 4624 977 4694 investigabilia
997 4620 1295 4693 vestigare?

517 4738 745 4797 CAPUT
782 4737 975 4794 xu.—-
997 4736 1088 4791 28.
1136 4732 1432 4791 Conﬁcitur
1459 4730 1637 4801 itaque
1681 4727 1906 4799 gratiam
1930 4725 2028 4781 Dei

445 4851 557 4894 non
578 4832 870 4889 secundum
900 4830 1088 4886 merita
1127 4825 1498 4898 accipientium
1515 4822 1651 4886 dari,
1700 4818 1797 4876 sed
1833 4832 2031 4875 secun-

450 4929 575 4985 dum
594 4927 845 4998 placitum
868 4923 1155 4979 voluntatis
1183 4921 1320 4990 ejus,
1367 4919 1421 4973 in
1449 4914 1657 4972 laudem
1709 4921 1765 4968 et
1810 4911 2030 4984 gloriam

455 5021 617 5092 ipsius
663 5018 851 5089 gratiae
895 5014 1052 5086 ejus(
1082 5012 1271 5081 Ephes.
1320 5026 1359 5077 1,
1391 5005 1484 5081 5),
1514 5014 1574 5060 ut
1620 5005 1711 5076 qui
1755 5003 2032 5092 gloriatur,

458 5091 600 5166 nullo
628 5109 787 5165 modo
818 5108 873 5163 in
901 5122 959 5162 se
976 5106 1113 5176 ipso,
1142 5102 1235 5160 sed
1257 5102 1310 5156 in
1333 5100 1557 5156 Domino
1571 5096 1828 5169 glorietur
1848 5092 1892 5167 (1
1909 5091 2032 5149 Cor.

462 5201 608 5275 1,31)
642 5218 656 5256 :
685 5200 773 5271 qui
798 5197 1105 5255 hominibus
1127 5195 1219 5252 dat
1243 5190 1435 5265 quibus
1477 5190 1611 5255 vult,
1656 5188 1906 5260 quoniam
1931 5186 2037 5241 mi-

463 5295 690 5350 sericors
709 5300 790 5347 est
818 5307 834 5360 ;
873 5289 1016 5362 quod
1042 5297 1098 5346 et
1116 5288 1162 5343 si
1192 5301 1299 5342 non
1344 5284 1455 5349 det,
1495 5281 1671 5354 justus
1693 5287 1777 5336 est
1805 5295 1820 5332 :
1849 5286 1905 5334 et
1929 5292 2036 5332 non

464 5387 556 5442 dat
582 5385 770 5456 quibus
812 5398 919 5439 non
946 5382 1081 5449 vult,
1132 5388 1192 5436 ut
1236 5387 1390 5434 notas
1434 5374 1595 5431 faciat
1622 5371 1832 5429 divitias
1859 5371 2050 5442 gloriae.

464 5493 578 5534 suae
628 5478 682 5533 in
733 5492 858 5534 vasa
897 5474 1280 5533 misericordiae
1311 5469 1509 5546 (Rom.
1554 5484 1643 5535 ix,
1686 5465 1761 5522 23
1789 5465 1831 5535 ).
1860 5463 2043 5519 Dando

465 5571 607 5627 enim
637 5568 952 5642 quibusdam
998 5566 1142 5639 quod
1167 5581 1274 5622 non
1315 5569 1605 5626 merentur,
1658 5556 1898 5631 profecto
1924 5569 2047 5626 gra-

466 5700 921 5817 ὠιὲιιιμετα.
936 5706 993 5752 At
1002 5706 1134 5764 ιιι,
1143 5695 1771 5751 liberat.—netractationes
1779 5692 1860 5743 hic
1866 5690 2046 5754 ferunt,

1380 240 1584 321 ιὼΕῆ
1626 228 1748 314 ’ΒΕ
1785 240 1966 313 nouo
2002 244 2632 307 psassvnnsu'rm.

2084 366 2292 427 initam,
2315 373 2370 420 et
2393 379 2488 435 per
2524 364 2627 419 hoc
2646 378 2828 420 veram
2858 379 3005 420 suam
3037 369 3263 435 gratiam
3293 377 3413 422 esse
3450 367 3622 422 voluit
3649 384 3664 419 :

2084 471 2190 511 non
2222 455 2471 510 omnibus
2495 454 2691 523 dando,
2720 456 2846 527 quid
2899 471 3087 512 omnes
3134 464 3405 512 merentur
3432 458 3450 488 ί
3485 468 3665 513 osten-

2086 548 2181 603 dit.
2204 548 2383 602 Bonus
2412 548 2466 603 in
2492 548 2751 604 beneﬁcio
2788 558 3075 614 certorum,
3126 548 3304 619 justus
3328 550 3380 603 in
3402 549 3666 621 supplicio

2085 650 2401 694 caeterorum
2435 658 2447 694 :
2477 649 2531 695 et
2557 640 2730 693 bonus
2750 639 2802 692 in
2848 640 3116 705 omnibus,
3160 640 3411 710 quoniam
3462 639 3665 697 bonum

2086 740 2187 794 est,
2240 746 2362 784 cum
2404 729 2642 784 debitum
2696 728 3060 796 redditur;et
3091 729 3269 801 justus
3315 731 3367 785 in
3395 731 3665 801 omnibus,

2087 822 2336 895 quoniam
2361 822 2560 892 justum
2590 830 2692 889 est,
2720 836 2839 878 cum
2866 822 3157 879 indebitum
3176 824 3197 856 '
3225 825 3341 880 sine
3354 825 3670 895 cujusquam

2086 914 2274 971 fraude
2300 914 2548 970 donatur.

2156 1007 2249 1062 29.
2281 1005 2587 1061 Defenditur
2612 1014 2790 1061 autem
2815 1006 2933 1062 sine
2965 1005 3172 1061 meritis
3221 1006 3313 1062 Dei
3366 1007 3553 1078 gratia,
3599 1005 3656 1063 id

2089 1106 2172 1156 est
2195 1113 2319 1154 vera
2340 1098 2531 1167 gratia,
2553 1096 2763 1153 etiamsi
2794 1097 2994 1166 parvuli
3024 1096 3294 1167 baptizati,
3326 1098 3464 1154 sicut
3517 1098 3673 1155 Pela-

2086 1190 2226 1262 giani
2250 1189 2501 1253 sentiunt,
2522 1203 2627 1242 non
2650 1197 2910 1243 eruuntur
2923 1187 2990 1242 de
3009 1197 3268 1258 potestate
3294 1190 3658 1259 tenebrarum,

2089 1282 2208 1353 quia
2246 1280 2377 1335 nulli
2420 1286 2657 1350 peccato,
2697 1281 2833 1334 sicut
2890 1270 3074 1349 putant
3101 1280 3390 1351 Pelagiani,
3424 1291 3675 1337 tenentur

2089 1373 2322 1437 obnoxii,
2358 1372 2450 1428 sed
2465 1381 2666 1427 tantum
2690 1372 2742 1426 in
2773 1387 2993 1443 regnum
3012 1372 3630 1429 Dominitransferuntur
3656 1392 3674 1431 :

2089 1465 2251 1521 etiam
2281 1466 2358 1518 sic
2382 1465 2526 1519 enim
2558 1465 2675 1520 sine
2720 1464 2842 1518 ullis
2882 1464 3037 1519 bonis
3064 1464 3269 1521 meritis
3298 1464 3452 1519 datur
3480 1466 3560 1521 eis
3582 1480 3674 1522 re-

2089 1571 2252 1627 gnum
2284 1556 2474 1624 qnibus
2516 1555 2689 1621 datur,
2732 1562 2786 1609 et
2839 1555 2955 1609 sine
2977 1553 3103 1609 ullis
3140 1554 3295 1608 malis
3339 1554 3542 1610 meritis
3569 1570 3677 1611 non

2093 1647 2250 1704 datur
2277 1648 2354 1701 eis
2382 1648 2571 1717 quibus
2595 1662 2699 1702 non
2750 1647 2927 1702 datur.
2958 1646 3109 1715 Quod
3156 1647 3412 1702 adversus
3458 1647 3678 1704 eosdem

2094 1741 2408 1812 Pelagianos
2430 1741 2610 1797 dicere
2639 1740 2895 1808 solemus,
2937 1741 3152 1810 quando
3204 1740 3357 1795 nobis
3396 1726 3675 1810 objiciunt,

2094 1835 2234 1905 quod
2285 1834 2391 1888 fato
2423 1834 2714 1888 tribuamus
2771 1832 2866 1889 Dei
2894 1832 3143 1902 gratiam,
3167 1832 3393 1886 dicendo
3425 1848 3541 1887 eam
3573 1848 3680 1888 non

2097 1926 2388 1983 secundum
2421 1926 2609 1980 merita
2660 1934 2840 1979 nostra
2889 1924 3026 1980 dari.
3058 1925 3162 1993 Ipsi
3211 1926 3351 1979 enim
3383 1926 3557 1994 potius
3587 1925 3681 1980 Dei

2096 2019 2321 2090 gratiam
2351 2017 2537 2073 faloin
2585 2017 2816 2088 parvulis
2871 2015 3130 2083 tribuunt,
3162 2017 3251 2086 qui
3294 2016 3477 2071 dicunt
3513 2015 3684 2071 fatum

2097 2125 2237 2175 esse,
2268 2110 2357 2165 ubi
2385 2110 2629 2165 meritum
2656 2124 2760 2164 non
2804 2116 2888 2164 est
2916 2106 3017 2178 (a).
3062 2108 3216 2163 Nulla
3247 2108 3443 2179 quippe
3470 2108 3682 2175 merita,

2098 2202 2256 2257 etiam
2284 2201 2576 2257 secundum
2599 2202 2743 2271 ipsos
2770 2200 3104 2271 Pelagianos,
3134 2209 3359 2270 possunt
3389 2199 3442 2252 in
3480 2213 3675 2269 parvu-

2102 2293 2169 2347 lis
2187 2292 2434 2360 inveniri,
2464 2306 2561 2348 cur
2599 2292 2684 2346 alii
2714 2306 2898 2347 eorum
2925 2291 3204 2345 mittantur
3228 2291 3281 2345 in
3326 2305 3569 2361 regnum,
3592 2290 3685 2346 alii

2101 2398 2229 2439 vero
2258 2384 2557 2439 alienentur
2584 2397 2614 2437 a
2640 2397 2823 2453 regno.
2849 2380 2998 2437 Sicut
3026 2391 3202 2436 autem
3225 2397 3387 2448 nunc,
3411 2390 3468 2436 ut
3493 2390 3680 2437 osten-

2098 2476 2283 2533 derem
2311 2476 2532 2546 gratiam
2561 2474 2651 2529 Dei
2677 2489 2783 2529 non
2814 2473 3106 2529 secundum
3154 2457 3343 2529 merita
3371 2480 3554 2527 nostra
3591 2472 3687 2529 da-

2099 2568 2166 2635 ri,
2198 2565 2492 2622 secundum
2506 2572 2790 2635 utrumque
2805 2579 3021 2619 sensum
3047 2565 3149 2619 hoc
3164 2564 3453 2619 defendere
3478 2564 3640 2618 malui
3666 2581 3683 2630 ;

2102 2667 2158 2716 et
2185 2658 2475 2716 secundum
2523 2666 2763 2713 nostrum
2809 2656 3037 2724 scilicet,
3090 2657 3180 2726 qui
3218 2657 3503 2713 obstrictos
3528 2656 3690 2728 origi-

2103 2752 2209 2807 nali
2227 2757 2448 2824 peccato
2488 2749 2740 2821 parvulos
2760 2750 3006 2817 dicimus,
3033 2758 3089 2806 et
3136 2750 3427 2807 secundum
3453 2750 3688 2821 Pelagia-

2056 2864 2061 2873 κ
2105 2855 2319 2907 norum,
2345 2842 2437 2914 qui
2479 2841 2736 2912 originale
2760 2850 2958 2913 negant
2980 2855 3100 2897 esse
3125 2852 3438 2912 peccatum;
3469 2856 3572 2897 nec
3602 2851 3682 2898 ta-

2106 2951 2233 2995 men
2278 2937 2398 2991 ideo
2444 2935 2577 2990 mihi
2631 2944 2716 2991 est
2754 2934 3153 3006 ambigendum,
3196 2935 3395 2991 habere
3440 2935 3692 3006 parvulos

2104 3025 2246 3098 quod
2275 3027 2353 3081 eis
2377 3026 2608 3080 dimittat
2652 3025 2743 3095 qui
2793 3026 3000 3080 salvum
3039 3023 3165 3079 facit
3192 3025 3442 3095 populum
3473 3041 3631 3080 suum
3651 3042 3685 3082 a

2107 3118 2337 3188 peccatis
2361 3131 2547 3171 eorum
2577 3116 2597 3186 (
2625 3115 2874 3183 ﬂaui”,
2899 3115 2965 3171 21
3002 3115 3021 3185 )
3052 3133 3065 3167 :
3100 3116 3168 3169 ita
3200 3115 3252 3170 in
3294 3116 3450 3171 tertio
3471 3115 3605 3171 libro
3624 3116 3695 3172 do

2109 3210 2303 3267 Libero
2335 3209 2584 3265 Arbitrio
2614 3208 2904 3264 secundum
2943 3217 3230 3279 utrumque
3281 3223 3497 3264 sensum
3523 3208 3696 3264 restiti

2109 3300 2434 3363 Manichaeis,
2489 3300 2602 3354 sive
2652 3299 2932 3371 supplicia,
2982 3299 3095 3355 sive
3149 3299 3436 3370 primordia
3484 3310 3691 3356 natura:

2108 3393 2213 3450 sint
2238 3391 2530 3464 ignorantia
2562 3390 2937 3459 etdifﬁcultas,
2988 3392 3104 3446 sine
3154 3392 3347 3462 quibus
3376 3393 3552 3447 nullus
3602 3391 3699 3447 ho-

2111 3482 2314 3538 minum
2336 3483 2611 3547 nascitur;
2640 3492 2694 3536 et
2725 3492 2904 3537 tamen
2952 3498 3115 3537 unum
3165 3484 3356 3538 horum
3412 3492 3588 3549 teneo,
3617 3484 3691 3540 ibi

2113 3589 2324 3645 quoque
2350 3587 2380 3627 a
2423 3588 2510 3628 me
2538 3572 2667 3627 satis
2693 3573 2967 3628 evidenter
3008 3588 3317 3643 expressum
3353 3591 3367 3628 :
3400 3574 3541 3645 quod
3589 3590 3698 3630 non

2114 3667 2183 3720 sit
2203 3665 2308 3720 ista
2336 3673 2523 3719 natura
2571 3664 2797 3719 instituti
2841 3664 3092 3731 hominis,
3139 3664 3235 3721 sed
3273 3679 3428 3736 poena
3464 3665 3701 3720 damnati

2116 3759 2134 3829 (
2161 3755 2325 3829 Capp.
2349 3756 2421 3812 9.0
2437 3766 2482 3811 et
2504 3756 2578 3813 2'5
2592 3755 2634 3827 ).

2187 3847 2277 3906 50.
2300 3848 2519 3902 Frustra
2546 3848 2723 3919 itaque
2748 3848 2876 3904 mihi
2902 3849 2970 3905 de
3016 3850 3159 3905 illius
3180 3850 3299 3905 libri
3330 3853 3434 3907 mei
3463 3862 3701 3909 vetusta-

2121 3949 2177 3999 te
2204 3940 2586 4013 prmscribilur,
2617 3955 2686 3995 ne
2714 3954 2866 4011 agam
2891 3955 3107 3997 causam
3161 3944 3299 3997 sicut
3342 3943 3513 4000 debeo
3538 3960 3698 4017 agere

2121 4033 2482 4105 parvulorum,
2508 4040 2563 4087 et
2590 4031 2713 4089 inde
2749 4033 2973 4107 gratiam
3002 4033 3093 4090 Dei
3134 4049 3239 4088 non
3270 4035 3562 4091 secundum
3590 4052 3680 4093 me

2126 4127 2226 4181 rita
2245 4124 2516 4178 hominum
2548 4123 2682 4189 dari,
2712 4125 3008 4195 perspicuae
3049 4126 3285 4180 veritatis
3333 4126 3451 4183 luce
3475 4128 3699 4183 convin-

2123 4232 2261 4273 cam.
2284 4216 2342 4273 Si
2367 4216 2509 4271 enim
2536 4214 2751 4286 quando
2779 4215 2943 4270 libros
2972 4216 3039 4272 de
3060 4215 3255 4272 Libero
3284 4217 3519 4273 Arbitrio
3540 4217 3709 4275 laicus

2125 4311 2284 4381 coepi,
2308 4310 2587 4380 presbyter
2613 4309 2872 4379 explicavi
2895 4309 2938 4375 ³,
2964 4300 3142 4364 adhuc
3167 4309 3234 4364 de
3262 4310 3604 4368 damnatione
3620 4311 3707 4367 in-

2127 4400 2349 4457 fantium
2377 4416 2483 4455 non
2513 4402 2903 4456 renascentium
2935 4409 2989 4457 et
3008 4401 3076 4457 de
3095 4402 3487 4457 renascentium
3519 4403 3708 4458 libera-

2131 4495 2274 4549 tione
2293 4493 2590 4549 dubitarem
2614 4510 2629 4559 ;
2655 4507 2833 4559 nemo,
2857 4501 2917 4547 ut
2943 4493 3157 4563 opinor,
3186 4502 3329 4549 esset
3354 4502 3460 4548 tam
3482 4494 3712 4565 injustas

2130 4594 2288 4657 atque
2314 4583 2539 4651 invidus,
2571 4584 2661 4654 qui
2693 4598 2779 4638 me
2825 4582 3086 4652 proficere
3113 4580 3440 4653 prohiberet,
3476 4591 3637 4655 atque
3658 4584 3713 4640 in

2131 4676 2234 4733 hac
2288 4675 2618 4731 dubitatione
2660 4673 3043 4731 remanendum
3092 4673 3221 4728 mihi
3273 4688 3393 4730 esse
3426 4673 3711 4744 iudicaret.

2132 4769 2268 4827 Cum
2291 4783 2420 4825 vero
2447 4766 2645 4823 rectius
2674 4768 2843 4836 possit
2881 4764 3124 4836 intelligi,
3169 4780 3276 4819 non
3320 4779 3409 4821 me
3433 4776 3717 4837 propterea

2136 4861 2203 4918 de
2229 4860 2330 4916 hac
2349 4876 2407 4915 re
2436 4858 2707 4914 dubitasse
2724 4856 2868 4913 credi
2898 4864 3168 4927 oportere,
3186 4846 3311 4927 quia
3342 4866 3527 4911 contra
3567 4871 3706 4928 quos
3748 4842 3757 4859 θ

2140 4971 2258 5012 mea
2282 4954 2608 5025 dirigebatur
2638 4953 2883 5016 intentio,
2911 4953 2988 5007 sic
3005 4952 3136 5007 mihi
3158 4952 3255 5007 visi
3270 4943 3715 5017 suntrefellendi,

2140 5050 2327 5108 utsive
2376 5064 2532 5120 paena
2587 5055 2731 5103 esset
2779 5046 2981 5117 peccati
3029 5044 3300 5117 originalis
3360 5046 3413 5100 in
3463 5042 3715 5115 parvulis,

2152 5141 2295 5213 quod
2332 5140 2526 5195 veritas
2564 5138 2757 5203 habet;
2790 5138 2903 5193 sive
2929 5152 3033 5192 non
3079 5145 3253 5201 esset,
3283 5135 3425 5207 quod
3480 5133 3723 5189 nonnulli

2122 5238 2385 5288 errantes
2414 5229 2735 5299 opinantur;
2777 5226 2925 5282 nullo
2959 5226 3120 5282 modo
3152 5226 3327 5281 tamen
3355 5240 3513 5296 quam
3550 5221 3719 5277 Mani-

2210 5385 2230 5417 ⁸
2263 5384 2338 5435 sic
2357 5391 2464 5433 Mss.
2487 5381 2967 5444 raliti,gmererentur.

2209 5448 2249 5517 in
2264 5452 2317 5494 in
2337 5452 2455 5517 ante
2477 5436 2699 5517 esensis,
2723 5441 2953 5494 debitum.
2990 5442 3155 5505 Aptius
3165 5441 3217 5491 in
3234 5439 3486 5491 Bernensis
3505 5436 3731 5489 Ecclesia

2148 5507 2345 5567 codice,
2367 5504 2649 5567 audebam.

2212 5569 2234 5601 ⁸
2266 5559 2449 5628 inter
2481 5574 2577 5628 ειη,
2622 5564 2773 5618 idem
2812 5573 2969 5616 Roma
2990 5562 3130 5628 coepi,
3154 5561 3271 5615 etin
3306 5559 3466 5626 Africa
3486 5559 3735 5626 presbyter

2149 5628 2435 5805 ἵηῗέῖἕῖξξ
2460 5689 2635 5741 librum
2665 5688 2696 5739 2
2729 5695 2894 5740 contra
2935 5687 3057 5739 duas
3086 5685 3318 5751 Epistolas
3352 5685 3733 5751 Pelagianorum,

2221 5789 2237 5804 .
2270 5772 2348 5814 ιτ,
2374 5772 2453 5802 η.
2910 5772 2913 5775 -

3528 252 3668 312 1010
3760 308 3767 325 ,
