4102 6534
421 378 567 468 teis

418 530 562 587 bona
589 503 863 606 voluntate
892 526 1148 603 (Philipp.
1181 542 1241 596 ιι,
1283 525 1352 586 12
1374 533 1420 584 et
1445 503 1559 600 15).
1585 525 1694 584 Nos
1717 540 1844 597 ergo
1870 525 2022 580 volu-

419 638 565 706 mus,
603 607 871 706 sedDeus
893 621 946 706 ip
985 619 1140 676 nobis
1169 627 1420 692 operatur
1446 627 1502 676 et
1535 618 1674 676 velle
1707 637 1720 671 :
1749 631 1851 676 nos
1895 631 2022 690 ergo

418 700 710 795 oper-amur
732 755 750 783 ,
789 700 886 774 sed
923 700 1070 790 Deus
1117 714 1170 794 in
1202 711 1360 772 nobis
1413 721 1664 783 Operatur
1707 720 1761 771 et
1785 709 2018 781 operari,

421 824 521 882 pro
566 795 704 885 bona
749 796 1038 866 voluntate.
1073 805 1185 862 Hoc
1213 805 1366 860 nobis
1391 804 1606 875 expedit
1642 811 1695 860 et
1717 802 1940 858 credere
1967 810 2021 858 et

418 887 646 956 dicere:
689 887 794 956 hoc
837 905 920 954 est
957 897 1123 968 pium,
1156 895 1258 954 hoc
1285 911 1493 958 verum,
1527 901 1584 950 ut
1609 895 1678 950 sit
1719 892 1932 948 humilis
1953 902 2008 948 et

421 991 690 1049 submissa
720 988 1018 1056 confessio,
1071 998 1126 1045 et
1167 987 1324 1044 detur
1350 996 1517 1042 totum
1545 984 1674 1040 Deo.
1707 984 2015 1056 Cogitantes

419 1072 691 1140 credimus
717 1123 732 1148 ,
777 1079 1424 1156 cogitantesnloquimur,
1466 1076 1758 1148 cogitantes
1803 1075 2010 1146 agimus

421 1173 680 1250 quidquid
699 1157 904 1246 agimus
934 1191 947 1228 :
975 1171 1118 1244 quod
1141 1179 1316 1228 autem
1345 1171 1534 1226 attinet
1561 1168 1628 1224 ad
1647 1168 2010 1240 pietatisviam

424 1278 484 1324 et
506 1263 693 1324 verum
725 1265 813 1320 Dei
840 1265 1062 1329 cultum,
1084 1280 1188 1320 non
1227 1277 1413 1318 sumus
1437 1261 1614 1318 idonei
1638 1261 1872 1332 cogitare
1905 1258 2010 1314 ali-

423 1357 552 1432 quid
581 1370 822 1430 tanquam
839 1372 902 1414 ex
923 1355 1318 1426 nobismetipsis
1339 1397 1354 1422 ,
1378 1353 1471 1410 sed
1489 1353 1799 1410 sufﬁcientia
1827 1360 2010 1410 nostra

423 1422 490 1508 ex
518 1422 630 1508 beo
661 1422 745 1507 est
771 1449 788 1520 (
816 1448 991 1507 llCor.
1025 1466 1101 1514 nt,
1126 1449 1159 1505 5
1182 1422 1226 1522 )._
1271 1467 1291 1502 ι
1325 1447 1444 1506 Non
1486 1448 1627 1503 enim
1657 1455 1738 1504 est
1782 1448 1835 1504 in
1862 1455 2014 1518 pote-

418 1553 560 1600 state
603 1553 784 1599 nostra
801 1557 921 1599 .cor
956 1549 1197 1600 nostrum
1240 1549 1293 1600 et
1342 1550 1536 1598 nostra:
1565 1539 1953 1612 cogitationes:
1985 1557 2008 1596 ι

417 1637 565 1693 unde
591 1635 731 1692 idem
762 1635 850 1708 qui
879 1635 978 1692 hoc
993 1635 1086 1698 ait,
1119 1635 1248 1688 item
1277 1632 1733 1690 dicitAmbrosius
1763 1631 1876 1705 (De
1902 1631 2014 1686 Fu-

419 1746 488 1801 ga
513 1729 712 1795 satculi,
763 1746 876 1798 cap.
908 1729 926 1782 l
954 1726 996 1801 ),
1031 1748 1050 1782 ι
1082 1727 1213 1798 Quis
1257 1735 1434 1782 autem
1461 1735 1570 1782 tam
1621 1725 1804 1784 beatus
1836 1726 1926 1796 qui
1955 1725 2011 1784 in

421 1819 588 1876 corde
603 1805 701 1874 suo
730 1834 943 1890 semper
963 1817 1262 1874 ascendat?
1299 1817 1404 1873 Sed
1435 1819 1534 1873 hoc
1569 1817 1682 1873 sine
1709 1817 1891 1873 divino
1911 1832 2011 1872 au-

421 1909 550 1966 xilio
562 1911 654 1984 qui
675 1911 788 1965 tieri
822 1910 1040 1980 potest?
1071 1911 1215 1966 nullo
1237 1908 1474 1981 profecto
1501 1910 1680 1966 modo.
1703 1911 1960 1982 Denique,
1981 1929 2006 1966 ι

420 1989 614 2073 inquit,
650 2019 670 2054 ι
699 1990 859 2074 supra
880 2003 1064 2082 eadem
1092 2002 1360 2072 Scriptura
1392 2001 1538 2068 dicit,
1567 2000 1752 2060 Beatus
1776 2004 1850 2058 vir
1865 2003 2012 2074 cujus

424 2104 497 2150 est
515 2083 893 2175 a'uxiliu‘rnlejus
926 2097 1014 2150 abs
1055 2106 1130 2165 te,
1175 2095 1434 2161 Domine;
1475 2112 1712 2152 ascensus
1755 2097 1812 2154 in
1859 2097 2012 2152 corde

419 2185 530 2260 ejus
555 2205 576 2240 ι
607 2189 626 2260 (
666 2187 812 2262 Psal.
855 2204 1072 2252 cxxxm,
1105 2187 1137 2242 6
1163 2187 1202 2259 ).
1225 2187 1349 2244 lloc.
1377 2188 1554 2269 utique
1586 2198 1640 2242 ut
1662 2187 1882 2255 diceret,
1905 2203 2012 2244 non

417 2277 591 2334 selum
615 2279 666 2348 in
692 2277 907 2336 Litteris
941 2281 1106 2338 sacris
1137 2279 1362 2348 legebat,
1395 2278 1490 2334 sed
1517 2278 1653 2334 sicut
1681 2279 1747 2334 tle
1789 2279 1882 2342 illo
1899 2278 2014 2336 viro

417 2369 539 2428 sine
556 2346 888 2426 dubitatione
919 2346 1250 2426 credendum
1275 2379 1390 2444 est,
1416 2371 1576 2428 etiam
1624 2371 1676 2426 in
1707 2369 1870 2426 corde
1913 2385 2014 2430 suo

418 2463 1203 2534 sentiebatAmbrosius.Quod
1230 2479 1358 2536 ergo
1394 2449 1450 2524 in
1496 2466 1845 2521 sacramentis
1873 2465 2009 2524 lide-

419 2555 552 2612 lium
577 2555 790 2624 dicitur,
819 2567 874 2612 ut
895 2545 1106 2612 sursum
1141 2571 1236 2612 cor
1261 2556 1548 2612 habeamus
1596 2557 1663 2612 ad
1704 2557 2010 2630 Dominum,

423 2637 618 2702 munus
655 2650 735 2702 est
767 2635 1006 2706 Domini:
1035 2647 1102 2706 de
1127 2665 1234 2720 quo
1265 2665 1486 2704 munere
1517 2650 1617 2719 ipsi
1644 2651 1874 2706 Domino
1899 2652 2011 2710 Deo

423 2727 610 2796 nostro
629 2729 822 2816 gratias
863 2756 1038 2812 agere,
1077 2755 1109 2796 a
1139 2725 1414 2796 sacerdote
1473 2752 1594 2812 post
1634 2742 1772 2798 hanc
1823 2757 2012 2805 vocent

419 2831 614 2917 quibus
638 2813 742 2888 boc
761 2813 951 2917 dicitur
974 2831 1365 2901 admonentur;
1393 2842 1448 2888 et
1485 2833 1702 2904 dignum
1723 2850 1786 2889 ac
1807 2835 2012 2904 justum

416 2911 538 2983 esse
559 2911 884 2996 respondent
912 2925 932 3001 (
959 2924 1025 2982 In
1047 2926 1348 2998 praefatione
1379 2926 1450 2982 ad
1486 2943 1732 2984 canonem
1763 2928 1940 2986 Missa:
1965 2929 2008 3002 ).

413 3017 549 3077 Cum
577 3021 853 3077 enimnon
880 3021 950 3076 sit
977 3021 1028 3076 in
1055 3011 1236 3076 uestra
1283 3029 1547 3101 potestate
1595 3037 1692 3079 cor
1744 3030 2007 3097 nostrum,

411 3112 508 3169 sed
555 3112 739 3170 divino
782 3113 1088 3169 sublevetur
1123 3112 1345 3180 auxilio,
1397 3120 1452 3168 ut
1489 3112 1764 3178 ascendat,
1791 3123 1846 3168 et
1887 3129 2008 3184 quae

409 3219 625 3262 sursum
645 3215 772 3262 sunt
794 3205 983 3277 sapiat,
1006 3205 1094 3260 ubi
1109 3205 1352 3282 Christus
1373 3213 1456 3260 est
1498 3204 1553 3261 in
1593 3191 1780 3263 dextra
1803 3205 1896 3262 Dei
1923 3222 2008 3288 se:

409 3297 562 3364 dens,
594 3314 704 3355 non
733 3315 852 3370 quae
872 3314 1034 3372 super
1072 3308 1268 3354 terram
1295 3297 1316 3370 (
1346 3295 1542 3353 Coloss.
1571 3313 1652 3365 ιιι,
1687 3298 1740 3363 1,
1766 3297 1842 3369 2)
1877 3315 1890 3352 :
1919 3298 2007 3354 cui

412 3391 482 3448 de
503 3387 608 3448 hac
632 3399 776 3448 tanta
807 3407 866 3448 re
887 3390 1105 3460 agenda:
1131 3399 1254 3445 sunt
1273 3390 1476 3462 gratiae,
1515 3389 1613 3462 nisi
1645 3388 1747 3444 hoc
1792 3378 2006 3446 facienti

414 3471 642 3539 Domino
659 3471 773 3539 Deo
808 3471 1012 3548 nostro,
1049 3470 1140 3554 qui
1165 3497 1264 3536 nos
1288 3469 1382 3556 per
1409 3481 1512 3536 tale
1530 3479 1845 3536 beneﬁcium
1873 3481 2008 3538 libe-

415 3569 585 3632 rando
600 3571 670 3632 de
693 3565 956 3648 p'rol‘undo
996 3574 1154 3644 hujus
1207 3571 1412 3638 mundi,
1454 3572 1633 3646 elegit,
1657 3571 2006 3644 etprtedesti-

417 3668 562 3724 navit
587 3677 712 3724 ante
738 3667 1166 3723 constitutionem
1195 3664 1378 3722 mundi
1402 3665 1426 3718 ἲ

487 3777 712 3840 CAPUT
741 3777 951 3840 XIV.—
965 3779 1054 3838 54.
1071 3777 1176 3857 Sed
1197 3777 1346 3834 aiunt
1361 3793 1382 3831 ι
1403 3773 1892 3848 prmdestinationis
1907 3774 2002 3830 de-

413 3871 708 3942 ﬁnitionem
739 3871 946 3932 utilitati
975 3870 1370 3946 praedicationis
1395 3868 1672 3928 adversam
1697 3867 1916 3944 (Supra,
1947 3869 2006 3931 in

409 3966 656 4038 Epistolis
689 3965 886 4026 Hilarii
927 3974 976 4026 et
1023 3963 1297 4038 Prorperi,
1349 3962 1448 4018 col.
1503 3961 1798 4036 947-954).
1839 3962 2005 4036 Quasi

409 4074 538 4118 vero
571 4059 848 4134 adversata
869 4056 1215 4134 sitApostolo
1231 4055 1559 4130 prauiicanti.
1581 4054 1770 4112 Nonne
1791 4055 1880 4112 ille
1905 4055 2005 4115 do-

409 4161 528 4212 ctor
555 4151 804 4212 Gentium
841 4152 895 4210 in
927 4151 1036 4210 lida
1063 4159 1117 4211 et
1145 4150 1368 4208 veritate
1403 4156 1457 4204 et
1478 4148 2003 4220 praedestiaationem

415 4246 571 4304 toties
611 4242 1046 4310 commendavit.
1088 4249 1143 4302 ct
1183 4239 1403 4298 verbum
1437 4240 1529 4296 Dei
1560 4239 1852 4312 praedicare
1893 4255 2003 4298 non

417 4335 664 4398 destitit?
687 4335 952 4408 Numquid
977 4333 1104 4406 quia
1129 4332 1284 4407 dixit,
1313 4331 1452 4388 Deus
1479 4341 1553 4388 est
1573 4332 1662 4404 qui
1689 4341 1926 4404 cperatur
1947 4333 2002 4388 in

417 4433 558 4486 vobis
577 4436 624 4482 et
646 4430 770 4486 setle
791 4438 836 4482 et
861 4426 1079 4497 operari,
1103 4442 1197 4500 pro
1221 4425 1352 4482 bona
1374 4424 1626 4480 uoluntate
1646 4423 1916 4496 (Philipp.
1941 4440 2000 4492 ιι,

419 4519 491 4578 13
512 4518 570 4596 );
599 4519 718 4576 ideo
742 4533 848 4576 non
868 4519 978 4593 ipse
993 4560 1008 4584 ,
1035 4525 1090 4576 et
1114 4524 1170 4576 ut
1195 4517 1418 4574 velimus
1435 4510 1558 4588 quae
1580 4515 1693 4571 Deo
1718 4517 1965 4586 placeant
1981 4553 1999 4582 .

415 4620 473 4672 et
501 4619 558 4668 ut
587 4625 904 4684 operemur,
945 4608 1181 4669 bonatus
1211 4607 1334 4666 est?
1361 4616 1453 4662 aut
1479 4605 1603 4678 quia
1629 4605 1782 4672 dixit,
1817 4605 1918 4673 Qui
1945 4607 2002 4662 in

411 4700 552 4762 vobis
575 4701 766 4760 bonum
795 4716 922 4772 opus
947 4700 1114 4774 carpit,
1143 4699 1366 4776 perﬁciet
1393 4713 1549 4769 usque
1576 4697 1630 4754 in
1655 4696 1790 4752 diem
1814 4696 2000 4752 Christi

409 4797 539 4860 Iesu
563 4797 692 4872 (Μ,
723 4813 762 4868 ι,
795 4796 848 4852 ti.
870 4795 892 4868 )
917 4813 932 4864 ;
963 4795 1083 4856 ideo
1113 4803 1170 4856 ut
1195 4793 1493 4866 inciperent
1521 4790 1768 4852 homines
1795 4800 1848 4848 et
1875 4805 2000 4866 per-

411 4900 726 4964 severarent
751 4905 922 4964 usque
949 4890 1004 4946 in
1031 4889 1213 4958 linem,
1257 4887 1372 4960 ipse
1409 4902 1516 4942 non
1546 4885 1754 4942 suasit?
1796 4884 2001 4956 Nempe

409 4987 524 5058 ipse
549 4985 808 5046 Dominus
831 4979 1134 5042 hominibus
1162 4978 1413 5050 praecepit
1438 4988 1494 5034 ut
1516 4975 1818 5044 crederent,
1839 4986 2004 5047 atque
2064 5030 2077 5043 ,

411 5077 520 5144 ait,
544 5074 741 5136 Credite
757 5075 774 5107 ³
795 5075 850 5132 in
873 5071 1034 5130 Deum
1053 5113 1068 5139 ,
1099 5080 1144 5128 et
1165 5071 1218 5125 in
1241 5087 1322 5138 me
1343 5070 1530 5126 credite
1551 5066 1746 5139 (loau.
1774 5066 1920 5134 ιιιν,1
1941 5066 1997 5138 ):

414 5185 516 5225 nec
543 5179 717 5227 tamen
742 5167 864 5226 ideo
891 5166 1006 5236 ejus
1031 5164 1166 5228 falsa
1191 5163 1451 5222 sententia
1478 5169 1580 5226 est,
1614 5175 1713 5216 nec
1741 5177 1873 5220 vana
1899 5161 2000 5218 de-

419 5260 590 5319 ﬁnitio
616 5259 702 5320 ubi
727 5259 822 5326 ait,
855 5257 1020 5334 Nenw
1045 5257 1176 5314 venit
1197 5255 1266 5310 ad
1291 5272 1388 5323 me,
1417 5255 1466 5312 id
1493 5264 1597 5321 est,
1632 5269 1792 5312 nemo
1831 5253 2002 5312 credit

414 5355 466 5408 in
497 5367 614 5419 me.
643 5352 740 5410 nisi
765 5351 920 5422 fuerit
945 5351 995 5412 ei
1019 5349 1196 5410 daturi:
1220 5365 1254 5404 a
1279 5347 1438 5412 Patre
1463 5365 1572 5404 meo
1594 5345 1723 5419 (Id.
1755 5364 1831 5416 vl,
1861 5347 1996 5418 66).

409 5444 523 5504 Nec
559 5457 765 5514 rursus,
799 5442 924 5514 quia
964 5456 1095 5504 vera
1138 5448 1224 5502 est
1264 5439 1396 5506 haec,
1417 5439 1678 5506 deﬁnitio,
1710 5439 1830 5496 ideo
1862 5453 2000 5495 vana

410 5545 494 5599 est
520 5536 610 5594 illa
635 5534 939 5606 praaceptio.
973 5532 1081 5590 Cur
1107 5545 1238 5603 ergo
1266 5529 1654 5604 prmdieationi,
1685 5529 2001 5602 princeptio-

408 5629 461 5687 ni
479 5669 493 5696 ,
523 5625 882 5688 esitortatioui
903 5665 919 5692 ,
949 5621 1274 5694 correptioni
1294 5661 1310 5689 ,
1339 5635 1459 5693 quas
1487 5619 1666 5676 omnia
1699 5619 2003 5690 frequentat

407 5719 682 5790 Scriptura
723 5716 926 5786 divina,
962 5714 1333 5772 existimamus
1361 5709 1604 5768 inutilem
1635 5709 1998 5768 deﬁnitionem

469 5877 487 5910 ί
525 5879 656 5940 ων..
695 5870 914 5928 creditis.
946 5863 1050 5924 itm.
1074 5875 1152 5924 Er.
1193 5873 1246 5923 et
1275 5873 1404 5934 tlss.,
1448 5865 1663 5934 credite;
1697 5868 1840 5934 juxta
1875 5880 2003 5932 grae-

405 5953 531 5994 ωω.

1453 404 1656 465 LIBER
1696 407 1782 462 DE
1825 406 2003 464 ΒΟΝο
2040 407 2656 474 PERSEVERANTME.

3574 426 3712 484 1οη

2130 527 2634 604 praedestinationis,
2659 546 2822 605 quam
2850 535 3190 596 commendat
3215 537 3404 596 eadem
3427 539 3706 613 Scriptura

2131 618 2329 674 divina.

2196 711 2286 768 55.
2326 713 2411 772 An
2431 715 2713 784 quisquam
2739 715 2918 776 dicere
2937 720 3176 790 audebit,
3206 723 3373 802 Deum
3399 738 3506 784 non
3531 739 3704 796 prsis-

2125 801 2264 858 cisse
2288 802 2482 874 quibus
2509 813 2656 860 esset
2681 805 2902 864 daturus
2929 819 2988 866 ut
3011 811 3314 881 crederent,
3343 801 3435 869 aut
3453 828 3590 886 quos
3613 815 3712 872 da-

2125 901 2278 948 turus
2306 901 2449 970 esset
2476 895 2614 952 Filio
2639 910 2758 966 suo,
2790 908 2851 973 ιιι¹
2873 915 2940 958 es
2973 903 3057 970 eis
3094 917 3199 959 non
3233 903 3484 974 perderet
3519 921 3710 978 quem-

2123 1000 2282 1058 quam
2312 985 2490 1060 (Joan.
2513 1005 2676 1063 svnt,
2699 991 2798 1065 9)?
2825 994 2954 1060 Qua:
2980 996 3163 1066 utique
3189 995 3235 1052 si
3268 997 3556 1067 prtescivit,
3579 1013 3713 1069 pro-

2123 1076 2262 1134 lecto
2303 1079 2560 1153 beneficia
2597 1096 2730 1150 sua,
2778 1086 2969 1158 quibus
3010 1100 3110 1140 nos
3151 1081 3398 1156 dignatur
3438 1088 3705 1173 liberare,

2122 1174 2410 1244 praescivit.
2457 1175 2582 1232 llaec
2625 1185 2708 1234 est
2749 1177 3145 1248 praedestinatio
3190 1187 3519 1252 sanctorum,
3571 1172 3705 1240 nihil

2121 1263 2264 1319 aliud
2295 1284 2306 1320 :
2341 1267 2674 1336 praescientia
2721 1269 3005 1337 scilicet‘,
3035 1280 3090 1326 et
3131 1276 3452 1346 praeparatio
3494 1273 3702 1334 beneﬁ-

2121 1355 2324 1414 ciorum
2354 1359 2468 1429 Dei,
2500 1362 2692 1432 quibus
2715 1363 3013 1420 certiSsime
3040 1364 3352 1436 liberantur,
3385 1369 3708 1440 quicumque

2121 1450 2432 1529 liberantur.
2460 1454 2654 1512 Caneri
2680 1468 2856 1512 autem
2877 1458 2968 1514 ubi
2989 1459 3089 1514 nisi
3114 1463 3164 1519 in
3189 1475 3364 1517 massa
3388 1461 3710 1534 perditionis

2114 1541 2260 1614 justo
2301 1544 2482 1624 divino
2513 1546 2714 1617 judicio
2755 1549 3170 1620 relinquuntur?
3214 1537 3314 1608 Ubi
3343 1551 3490 1622 Tyrii
3536 1552 3712 1612 relicti

2119 1644 2242 1688 sunt
2274 1646 2327 1691 ct
2355 1638 2578 1704 Sidonii,
2606 1640 2694 1709 qui
2725 1641 2883 1698 etiam
2911 1641 3130 1698 credere
3158 1651 3467 1714 potuerunt,
3495 1642 3545 1702 si
3568 1643 3708 1700 mira

2119 1727 2207 1782 illa
2229 1725 2425 1786 Christi
2448 1733 2595 1804 signa
2615 1733 2886 1792 vidissent.
2912 1733 3018 1792 Sed
3037 1737 3293 1806 quoniam
3315 1747 3373 1796 ut
3395 1736 3706 1806 crederent,

2120 1837 2225 1876 non
2254 1833 2372 1878 erat
2397 1825 2474 1879 eis
2498 1824 2677 1882 datum
2697 1869 2714 1898 ,
2763 1828 2922 1884 etiam
2953 1829 3090 1886 unde
3117 1829 3402 1894 crederent
3429 1839 3514 1888 est
3545 1846 3712 1902 nega-

2121 1921 2253 1968 tum.
2289 1915 2362 1970 Ex
2393 1931 2499 1986 quo
2525 1929 2745 1990 apparet
2770 1918 2970 1976 habere
2993 1922 3252 1992 quosdam
3281 1924 3331 1978 in
3360 1923 3476 1994 ipso
3497 1923 3714 1995 ingenio

2118 2005 2358 2064 divinum
2383 2011 2694 2068 naturaliter
2713 2028 2904 2070 munus
2927 2013 3313 2085 intelligentia,
3339 2031 3446 2090 quo
3466 2031 3714 2093 movean-

2121 2109 2205 2154 tur
2229 2100 2296 2156 ad
2326 2099 2482 2157 tidem
2509 2144 2522 2166 ,
2555 2103 2598 2163 si
2629 2117 2858 2174 congrua
2899 2105 3013 2162 suis
3039 2107 3340 2174 mentibus,
3374 2108 3458 2164 vel
3488 2105 3714 2168 audiant

2120 2191 2300 2262 verba,
2330 2195 2412 2250 vel
2443 2197 2588 2267 signa
2623 2197 2954 2270 conspiciant
2986 2217 3000 2252 :
3033 2209 3086 2255 et
3113 2207 3292 2259 tamen
3320 2201 3364 2256 si
3397 2201 3490 2256 Dei
3514 2199 3710 2260 altiore

2111 2279 2334 2353 judicio,
2365 2301 2395 2339 a
2422 2287 2736 2358 perditionis
2770 2303 2944 2344 massa
2971 2304 3075 2348 non
3105 2300 3230 2348 sunt
3253 2275 3438 2370 gratim
3466 2290 3714 2364 praedes-

2120 2375 2376 2434 tinatione
2411 2377 2664 2448 discreti,
2708 2394 2808 2436 nec
2833 2381 2946 2450 ipsa
2978 2381 3056 2436 eis
3093 2381 3414 2440 adhibentur
3441 2381 3525 2438 vel
3564 2381 3710 2441 dicta

2117 2466 2292 2556 divina
2321 2471 2408 2556 vel,
2431 2467 2592 2547 facta,
2625 2489 2720 2542 per
2742 2489 2860 2544 qua:
2883 2485 3106 2556 possent
3129 2476 3369 2550 credere,
3395 2475 3442 2533 si
3465 2475 3718 2549 audirent

2121 2553 2302 2624 utique
2331 2555 2454 2612 talia
2484 2559 2566 2612 vel
2594 2556 2855 2614 viderent.
2891 2559 2945 2614 In
2975 2553 3161 2615 eadem
3191 2559 3504 2631 perditionis
3532 2573 3712 2616 massa

2117 2647 2287 2702 relicti
2315 2659 2439 2703 sunt
2469 2649 2628 2704 etiam
2667 2649 2867 2719 Judaei,
2906 2653 2997 2723 qui
3029 2667 3133 2707 non
3174 2660 3462 2724 potuerunt
3488 2650 3712 2708 credere

2118 2739 2274 2794 factis
2304 2741 2355 2796 in
2385 2753 2682 2814 conspectu
2711 2759 2809 2800 suo
2838 2753 2941 2798 tam
2971 2745 3179 2816 magnis
3205 2729 3472 2818 clarisque
3496 2743 3711 2800 virtuti-

2119 2824 2239 2890 bus.
2264 2836 2372 2891 Cur
2392 2837 2534 2892 enim
2559 2854 2662 2892 non
2685 2847 2930 2910 poterant
2951 2838 3196 2908 credere,
3221 2825 3327 2896 non
3351 2839 3515 2895 tacuit
3534 2835 3712 2894 Evan-

2116 2927 2342 2997 gelium,
2373 2928 2559 2984 dicens
2589 2949 2600 2984 :
2629 2913 2756 2985 Cum
2777 2940 2947 2986 autem
2974 2941 3114 2986 tanta
3139 2933 3286 3010 signa
3308 2931 3507 3005 fecisset
3533 2945 3709 2985 coram

2115 3019 2204 3086 eis,
2237 3036 2338 3074 non
2361 3020 2679 3075 crediderunt
2709 3022 2763 3076 in
2791 3037 2902 3076 eum
2926 3039 2946 3088 ;
2983 3032 3037 3076 ut
3079 3039 3240 3079 sermo
3267 3021 3424 3078 Isaia:
3447 3022 3712 3094 propheta

2113 3110 2440 3181 impleretur,
2481 3129 2629 3182 quem
2652 3111 2823 3167 dixit:
2845 3111 3096 3180 Domine,
3133 3113 3246 3184 quis
3268 3109 3480 3168 credidit
3507 3111 3712 3167 auditui

2113 3213 2284 3260 nostra
2309 3203 2334 3258 7
2362 3215 2406 3258 et
2431 3203 2692 3260 brachium
2719 3204 2928 3260 Domini
2957 3206 3038 3260 cui
3061 3204 3334 3261 revelatum
3359 3206 3478 3261 est?
3505 3205 3569 3260 Et
3591 3205 3705 3262 ideo

2114 3311 2215 3350 non
2247 3304 2477 3365 poterant
2505 3295 2730 3364 credere,
2757 3296 2877 3367 quia
2904 3296 3086 3350 iterant
3115 3295 3244 3351 dixit
3273 3282 3443 3352 Isaias
3467 3281 3486 3352 Ξ
3512 3295 3706 3351 Excut-

2112 3389 2241 3440 cavit
2266 3387 2436 3442 oculos
2463 3404 2655 3456 eorum,
2685 3397 2728 3442 et
2759 3387 3014 3442 induravit
3039 3404 3128 3442 cor
3155 3387 3401 3454 illorum;
3428 3397 3479 3442 ut
3505 3404 3605 3443 non
3630 3384 3710 3442 vii-

2113 3477 2261 3532 deant
2291 3477 2478 3544 oculis,
2520 3496 2610 3534 nec
2634 3477 2918 3552 intelligant
2943 3478 3094 3534 corde
3113 3520 3126 3546 ,
3163 3489 3211 3534 et
3239 3490 3595 3536 convertantur
3613 3521 3628 3548 ,
3659 3486 3708 3534 et

2111 3585 2284 3624 sanem
2325 3567 2442 3624 illos
2483 3567 2659 3638 (Joan.
2706 3587 2778 3624 xu
2803 3612 2818 3638 ,
2863 3569 3080 3643 5740).
3123 3569 3240 3626 Non
3281 3581 3435 3626 erant
3473 3565 3601 3644 ergo
3627 3571 3708 3628 sic

2112 3647 2362 3716 caementi
2402 3661 2577 3726 oculi,
2620 3676 2720 3716 nec
2747 3661 2826 3718 sic
2857 3661 3160 3738 induratum
3201 3677 3296 3716 cor
3333 3661 3620 3738 Tyriorum
3649 3667 3710 3718 et

2112 3751 2452 3810 Sidoniorum
2485 3771 2498 3806 :
2529 3754 2780 3823 quoniam
2827 3739 3217 3823 credidissent,
3245 3751 3292 3810 'si
3325 3754 3501 3831 qualia
3542 3737 3704 3810 Ivideo

2111 3855 2236 3902 runt
2275 3845 2360 3900 isti
2390 3846 2539 3916 signa
2569 3846 2846 3902 vidissent.
2890 3843 2995 3901 Sed
3027 3843 3126 3902 nec
3169 3833 3274 3902 illis
3320 3839 3518 3920 profuit
3554 3846 3702 3930 quod

2109 3947 2356 4018 poterant
2383 3939 2608 3995 credere
2627 3981 2642 4008 ,
2671 3939 2795 4010 quia
2821 3939 3182 4010 prmdestinati
3209 3955 3315 4018 non
3342 3948 3498 3996 erant
3519 3938 3588 3996 ab
3613 3953 3704 4010 eo,

2109 4019 2262 4104 cuius
2287 4015 2645 4087 inscrutabilia
2671 4040 2795 4086 sunt
2813 4030 3036 4104 judicia,
3065 4039 3120 4086 et
3145 4015 3538 4102 investigabil'es
3561 4031 3662 4100 viae
3680 4047 3722 4105 δ’

2111 4139 2212 4180 nec
2239 4123 2355 4180 istis
2383 4123 2642 4205 obruisset
2679 4121 2821 4196 quod
2852 4109 2962 4179 non
2995 4132 3241 4196 poterant
3267 4109 3588 4205 credere,_'si
3629 4114 3704 4182 ita

2110 4199 2471 4286 praedestinati
2501 4223 2710 4283 essent,
2745 4224 2802 4271 ut
2826 4231 2924 4272 eos
2959 4231 3144 4293 caecos.
3166 4215 3308 4272 Deus
3345 4199 3702 4284 illuminaret,

2107 4318 2163 4364 ct
2187 4307 2444 4364 induratis
2473 4323 2567 4382 cor
2587 4305 2637 4379 la
2649 4293 2858 4380 pideu'm
2881 4293 3047 4364 vellet
3069 4307 3301 4366 auferre.
3331 4307 3533 4366 Verum
3559 4307 3704 4382 quod

2107 4402 2242 4459 dixit
2266 4387 2521 4459 Dominus
2541 4379 2613 4458 'de
2637 4401 2814 4476 Tyriis
2839 4411 2893 4464 et
2917 4401 3172 4473 Sidoniis,
3199 4404 3378 4483 aliquo
3405 4405 3512 4461 alio
3534 4379 3696 4462 modo

2110 4503 2286 4564 potest
2323 4494 2568 4552 fortassis
2609 4494 2831 4576 intelligi
2865 4513 2879 4573 ς
2913 4495 3184 4578 neminem
3215 4506 3390 4554 tamen
3420 4498 3602 4554 venire
3630 4496 3700 4554 ad

2113 4580 2408 4666 Christum,
2437 4586 2536 4641 nisi
2561 4585 2652 4666 cui
2673 4585 2832 4642 fuerit
2855 4583 3058 4666 datum,
3087 4597 3140 4666 et
3169 4589 3249 4644 eis
3272 4586 3386 4666 dari
3411 4589 3499 4659 qui
3528 4587 3580 4643 in
3608 4588 3702 4645 illo

2108 4662 2265 4734 electi
2295 4683 2420 4732 sunt
2456 4686 2578 4732 ante
2606 4662 3038 4744 censtitutionein
3069 4663 3290 4748 mundi,
3317 4664 3506 4760 procul
3535 4679 3698 4736 dubio

2107 4765 2408 4835 conﬁtetur,
2441 4783 2471 4822 a
2501 4782 2608 4840 quo
2636 4762 2740 4824 non
2772 4768 2947 4824 surdis
2975 4768 3192 4848 auribus
3221 4767 3401 4828 cordis
3427 4768 3694 4842 eloquium

2107 4857 2346 4914 divinum
2376 4858 2596 4914 auribus
2629 4858 2806 4914 carnis
2834 4859 3065 4939 auditur.
3103 4859 3169 4915 Et
3211 4871 3387 4918 tamen
3418 4861 3534 4918 haec
3561 4878 3700 4936 prae-

2107 4947 2390 5004 destinatio
2410 4991 2426 5018 ,
2463 4965 2582 5021 quae
2609 4949 2740 5005 satis
2767 4960 2952 5029 aperte
2979 4951 3138 5006 etiam
3166 4953 3344 5009 verbis
3371 4953 3699 5026 evangelicis

2109 5039 2406 5110 explicatur
2425 5082 2440 5106 ,
2473 5055 2580 5096 non
2611 5041 2886 5120 prohibuit
2917 5043 3202 5100 Dominum
3231 5053 3286 5100 et
3313 5055 3533 5118 propter
3561 5045 3699 5103 inci-

2108 5131 2358 5202 piendum
2385 5129 2585 5198 dicere,
2614 5131 2756 5204 quod
2782 5133 2938 5202 paulo
2964 5144 3086 5190 ante
3113 5135 3549 5202 commemoravi,
3581 5136 3694 5206 Cre,

2107 5221 2212 5276 dite
2235 5223 2288 5276 in
2312 5219 2498 5290 Deum,
2527 5231 2574 5276 et
2599 5222 2653 5277 in
2679 5239 2757 5277 me
2781 5223 2970 5281 credite
2991 5239 3010 5278 :
3033 5219 3085 5280 et
3111 5211 3328 5296 propter
3353 5241 3700 5296 perseveran-

2109 5313 2256 5381 dum,
2285 5314 2494 5386 Oportet
2520 5332 2716 5388 semper
2740 5333 2906 5382 orare,
2931 5326 2977 5372 et
2998 5313 3100 5373 non
3121 5317 3335 5387 deﬁcere
3356 5317 3506 5390 (Luc.
3537 5335 3694 5388 xvm,

2109 5409 2135 5464 1
2247 5405 2480 5464 Audiunt
2505 5409 2647 5463 enim
2685 5407 2802 5464 hinc
2827 5418 2881 5464 et
2907 5406 3128 5480 faciunt,
3155 5410 3348 5482 quibus
3368 5407 3548 5467 datum
3574 5421 3694 5470 est:

2109 5513 2213 5554 non
2254 5507 2432 5554 autem
2474 5497 2692 5568 faciunt,
2733 5497 2846 5556 sive
2883 5492 3123 5568 audiant,
3166 5501 3279 5557 sive
3312 5517 3418 5557 non
3453 5501 3694 5573 audiant,

2107 5591 2300 5661 quibus
2329 5606 2434 5646 non
2463 5590 2643 5646 datum
2673 5600 2776 5646 est.
2823 5591 2956 5656 Quia
2983 5591 3160 5660 vobis,
3182 5591 3386 5663 inquit,
3413 5592 3592 5651 datum
3619 5605 3698 5654 est

2106 5699 2250 5738 nosse
2291 5671 2586 5754 inysteiium
2627 5683 2770 5755 regni
2807 5683 3087 5751 caelorum;
3123 5682 3230 5741 illis
3271 5693 3440 5742 autem
3479 5703 3583 5746 nou
3619 5697 3698 5748 est

2106 5777 2282 5830 datum
2321 5775 2532 5848 (Matth.
2563 5791 2654 5830 xui
2675 5817 2691 5842 ,
2721 5773 2831 5850 11).
2861 5776 3097 5844 Quorum
3121 5775 3351 5833 alterum
3378 5777 3446 5835 ad
3475 5778 3692 5837 miseri-

2175 5868 2190 5932 t
2227 5873 2294 5932 tta
2332 5875 2438 5916 Mss.
2464 5872 2519 5916 At
2540 5865 2696 5932 editi;
2725 5876 2840 5932 uice
2881 5865 3243 5932 praesumtio
3259 5875 3536 5930 stmctorw'n
3571 5867 3698 5926 mhi!

2111 5927 2247 5982 aliud
2263 5934 2332 5982 est
2352 5940 2500 5994 quam
2519 5927 2827 5995 prwscieruia
2847 5927 3048 5995 scilicet,
3071 5937 3170 5986 etc.
