4102 6516
530 307 668 364 1015

529 421 784 486 cordiam,
807 422 1030 478 alterum
1055 421 1119 478 ad
1139 421 1391 494 judicium
1411 422 1644 494 pertinet
1664 420 1805 476 illius
1823 461 1838 485 ,
1866 417 1952 474 cui
1973 415 2103 472 dicit

531 513 700 566 anima
731 523 931 582 nostra,
967 515 1374 572 Misericordiam
1404 525 1452 571 et
1469 515 1725 588 judicium
1753 508 1963 567 cantabo
1992 510 2101 579 tibi,

541 604 747 661 Domine
768 605 938 678 (Psal.
969 625 1021 675 c,
1055 610 1130 682 1).

598 697 686 752 '56.
725 698 836 754 Nec
861 702 1337 771 prmdestinationis
1359 702 1515 772 igitur
1537 697 1918 772 prredicatione
1937 696 2101 769 impe-

543 785 717 843 lienda
743 799 824 844 est
851 793 1154 860 praedicatio
1184 791 1300 847 ﬁdei
1325 790 1710 860 perseverantis
1737 799 1790 844 et
1817 789 2088 858 proﬁcien-

527 880 624 946 tis,
665 890 722 936 ut
757 883 900 950 quod
941 892 1150 954 oportet
1180 885 1423 948 audiant,
1460 882 1651 953 quibus
1689 883 1871 938 datum
1917 891 2000 939 est
2043 892 2100 938 ut

527 970 780 1027 obediant
809 975 826 1006 ί
863 975 1166 1044 :quomodo
1204 975 1344 1030 enim
1371 974 1586 1030 audient
1622 971 1736 1030 s’ine
1773 977 2094 1045 prmdicante

523 1061 701 1136 (Rom.
727 1082 789 1132 ι,
824 1066 952 1138 id)?
985 1066 1095 1123 Nec
1124 1084 1334 1136 rursus,
1365 1069 1750 1138 praedicatione
1779 1069 1901 1125 ﬁdei
1930 1071 2097 1141 proﬁ-

520 1155 710 1210 cientis
731 1164 784 1213 et
807 1173 968 1228 usque
987 1157 1051 1212 ad
1075 1158 1320 1214 ultimum
1341 1162 1720 1230 permanentia,
1747 1163 2080 1233 impedienda

520 1263 604 1308 est
643 1254 943 1323 praedicatio
983 1253 1494 1324 pmdestinationis,
1537 1266 1594 1312 ut
1635 1257 1722 1327 qui
1767 1259 1997 1314 ﬁdeliter
2039 1269 2096 1316 et

517 1345 826 1400 obedienter
847 1346 1007 1411 vivit,
1039 1361 1143 1402 non
1173 1347 1241 1402 de
1273 1346 1385 1418 ipsa
1416 1348 1720 1404 obedientia
1747 1358 1996 1421 tanquam
2026 1351 2092 1406 de

514 1451 612 1491 suo
641 1451 745 1491 non
772 1447 994 1506 accepto
1023 1438 1164 1506 bono
1193 1441 1481 1496 extollatur
1509 1460 1522 1495 :
1552 1442 1645 1498 sed
1674 1443 1761 1514 qui
1793 1445 2047 1515 gloriatur
2076 1489 2091 1514 ,

513 1527 566 1582 in
595 1529 819 1584 Domino
845 1529 1104 1601 glorietur
1130 1531 1174 1604 (1
1203 1530 1320 1589 Cor.
1353 1549 1391 1600 ι,
1418 1535 1530 1608 51).
1567 1555 1587 1590 ι
1624 1536 1678 1591 In
1711 1538 1856 1592 nullo
1890 1557 1910 1591 ι
1944 1540 2086 1594 enim

517 1642 536 1675 ι
562 1622 916 1693 gloriandum,
947 1625 1160 1696 quando
1187 1636 1426 1683 nostrum
1455 1629 1584 1684 nihil
1611 1630 1698 1684 sit.
1732 1649 1751 1683 ι
1777 1632 1926 1698 Quod
1957 1633 2088 1687 vidit

509 1715 814 1772 ﬁdelissime
833 1719 854 1750 ³
875 1717 1172 1791 Cyprianus
1191 1763 1206 1786 ,
1236 1730 1290 1775 et
1317 1721 1664 1778 ﬁdentissime
1684 1724 1923 1779 deﬁnivit
1946 1723 2081 1795 (Lib.

505 1807 541 1861 5
565 1807 633 1860 ad
661 1806 885 1878 Quirin.,
917 1827 1032 1880 cap.
1052 1812 1130 1882 4),
1163 1829 1260 1884 per
1285 1815 1426 1885 quod
1455 1817 1635 1887 utique
1663 1817 2088 1886 praedestinatio-

503 1915 625 1953 nem
651 1901 1006 1957 certissimam
1036 1907 1408 1973 pronuntiavit.
1439 1907 1569 1962 Nam
1597 1908 1643 1962 si
1669 1927 1688 1961 ‹
1719 1911 1772 1964 in
1799 1909 1945 1964 nullo
1968 1911 2085 1980 glo-

501 1991 748 2047 riandum
769 2003 868 2060 est,
895 1997 1105 2066 quando
1129 2007 1369 2054 nostrum
1391 2001 1523 2055 nihil
1545 2001 1644 2056 sit:
1677 2021 1695 2054 ι
1723 2001 1960 2072 profecto
1987 2019 2086 2059 nec

500 2082 568 2138 de
593 2084 893 2142 ohedientia
921 2091 1446 2157 perseverantissima
1471 2093 1808 2162 gloriandum
1839 2105 1953 2162 est;
1985 2111 2082 2152 nec

501 2175 572 2229 ita
603 2186 786 2233 nostra
808 2221 822 2246 ,
856 2189 1104 2251 tanquam
1137 2199 1242 2238 non
1273 2185 1343 2239 sit
1371 2186 1526 2240 nobis
1569 2185 1801 2258 desuper
1839 2188 2035 2245 donata
2061 2232 2078 2258 ,

505 2267 726 2324 dicenda
757 2279 856 2326 est.
901 2271 972 2328 Et
998 2274 1109 2344 ipsa
1143 2276 1300 2346 igitur
1339 2277 1433 2333 Dei
1466 2279 1664 2334 donum
1692 2288 1807 2344 est,
1843 2282 1983 2351 quod
2026 2297 2082 2337 se

497 2359 741 2418 daturum
773 2363 913 2421 Deus
940 2367 1140 2422 vocatis
1190 2370 1300 2423 suis
1345 2370 1428 2424 illa
1459 2373 1756 2440 vocatione,
1785 2374 1851 2430 de
1879 2390 1978 2445 qua
2010 2375 2083 2430 di-

499 2463 643 2510 ctum
665 2457 902 2526 est,Sine
920 2463 1206 2530 paenitentia
1225 2473 1342 2518 sunt
1364 2466 1498 2519 dona
1517 2477 1564 2521 et
1582 2469 1774 2522 vacatio
1787 2467 1915 2539 Dei(
1927 2469 2077 2524 Rom.

495 2565 586 2616 ιιι,
628 2551 756 2622 29),
785 2555 929 2608 omni
972 2555 1263 2610 christiano
1303 2559 1590 2615 conﬁtente
1629 2561 1915 2632 praescivit.
1954 2563 2078 2620 llmc

495 2654 577 2700 est
605 2647 763 2717 igitur
788 2648 1208 2718 prmdestinatio,
1236 2667 1392 2722 quam
1425 2653 1650 2709 ﬁdeliter
1679 2665 1836 2725 atque
1864 2657 2079 2711 humili-

491 2748 574 2794 ter
613 2741 983 2810 prtedicamus.
1023 2743 1132 2800 Nec
1173 2755 1347 2801 tamen
1389 2747 1528 2803 idem
1570 2749 1759 2804 doctor
1787 2757 1842 2804 et
1867 2749 2075 2818 factor,

492 2833 582 2903 qui
624 2842 677 2887 et
715 2834 768 2888 in
805 2829 1072 2890 Christum
1115 2838 1358 2902 credidit,
1399 2847 1453 2894 et
1483 2840 1532 2894 in
1563 2849 1742 2895 sancta
1774 2842 2074 2897 obedientia

496 2941 665 2996 usque
705 2926 770 2980 ad
813 2929 1112 2996 passionem
1161 2945 1256 2999 pro
1296 2929 1508 2986 Christo
1551 2935 2074 3002 perseverantissime

496 3017 646 3081 vixit,
682 3017 802 3073 ideo
831 3020 1056 3075 cessavit
1085 3021 1374 3090 prmdicare
1403 3023 1768 3094 Evangelium,
1801 3023 2073 3081 exhortari

487 3110 554 3163 ad
597 3109 754 3165 ﬁdem
795 3111 1015 3181 piosque
1054 3128 1252 3178 mores,
1299 3123 1456 3184 atque
1495 3115 1560 3168 ad
1601 3115 1767 3185 ipsam
1807 3132 1977 3186 usque
2019 3118 2070 3172 in

489 3201 650 3256 ﬁnem
679 3205 1152 3271 perseverantiam,
1185 3207 1432 3275 quoniam
1461 3206 1611 3275 dixit,
1649 3227 1669 3260 ι
1703 3208 1758 3262 ἱιι
1787 3209 1932 3263 nullo
1957 3211 2070 3279 glo-

269 3303 274 3310 ‘
379 3281 384 3286 ”
488 3293 752 3357 riandum,
786 3297 1000 3365 quando
1029 3305 1266 3351 uestrum
1298 3297 1425 3352 nihil
1453 3299 1559 3365 sit;
1597 3318 1615 3351 ι
1646 3300 1734 3354 ubi
1761 3315 1940 3355 veram
1975 3302 2068 3357 Dei

485 3384 734 3454 gratiam,
786 3385 836 3438 id
875 3394 974 3450 est,
1019 3402 1137 3457 quae
1177 3403 1282 3444 non
1319 3390 1610 3444 secundum
1652 3391 1838 3446 merita
1883 3401 2065 3448 nostra

491 3474 667 3541 datur,
699 3476 812 3531 sine
841 3477 946 3531 ulla
976 3479 1319 3550 ambiguitate
1345 3481 1633 3538 declaravit
1661 3501 1674 3537 :
1704 3499 1861 3554 quam
1889 3500 1948 3540 se
1971 3485 2066 3542 da-

489 3573 664 3620 turum
699 3569 948 3636 quoniam
980 3571 1245 3639 praescivlt
1274 3571 1413 3628 Deus
1437 3615 1452 3639 ,
1485 3573 1567 3628 his
1595 3572 1844 3648 Cypriani
1885 3578 2063 3634 verbis

482 3662 670 3729 procul
718 3661 880 3718 dubio
927 3664 1322 3734 przedestinatio
1366 3668 1648 3738 praedicata
1696 3678 1779 3726 est
1809 3688 1821 3724 :
1850 3687 1970 3744 qua:
2018 3673 2064 3728 si

480 3750 804 3825 Cyprianum
831 3771 860 3810 a
888 3757 1264 3826 praedicatione
1289 3761 1608 3817 ohedientiaa
1634 3777 1739 3818 non
1765 3763 2060 3834 prohibuit,

477 3859 580 3899 nec
609 3859 709 3901 nos
736 3847 916 3918 utique
945 3847 1107 3904 debet
1139 3851 1440 3920 prohibere.

549 3936 636 3992 57.
678 3938 929 4005 Quamvis
969 3956 1097 4012 ergo
1136 3942 1374 3999 dicamus
1410 3943 1508 4000 Dei
1543 3944 1741 4001 donum
1782 3962 1902 4004 esse
1928 3949 2060 4005 obe-

377 4011 379 4013 ’
476 4027 728 4084 dieutiam
753 4047 768 4096 ;
803 4038 977 4086 tamen
1009 4011 1252 4088 homines
1275 4035 1294 4066 ³
1317 4034 1662 4090 exhortamur
1689 4037 1754 4092 ad
1783 4053 1923 4094 eam.
1954 4039 2060 4096 Sed

477 4119 581 4174 illis
608 4121 697 4191 qui
726 4122 964 4178 veritatis
995 4123 1418 4180 exhortationem
1457 4127 1771 4184 obedienter
1805 4130 2056 4200 audiunt,

475 4210 646 4280 ipsum
674 4213 869 4267 donum
901 4214 991 4268 Dei
1020 4213 1203 4270 datum
1231 4225 1335 4283 est,
1370 4216 1474 4273 hoc
1499 4227 1600 4285 est,
1631 4219 1942 4277 obedienter
1965 4239 2060 4279 au-

473 4303 590 4359 dire
619 4321 632 4360 :
661 4305 764 4359 illis
795 4315 970 4361 autem
999 4308 1089 4378 qui
1115 4324 1220 4363 non
1245 4311 1322 4365 sic
1344 4311 1587 4380 audiunt,
1613 4328 1718 4368 non
1745 4322 1828 4370 est
1853 4315 2054 4373 datum.

472 4394 588 4450 Non
619 4397 760 4452 enim
791 4400 1140 4470 quicumque,
1175 4402 1267 4457 sed
1297 4403 1539 4460 Christus
1559 4447 1573 4469 ,
1606 4404 1774 4462 Nemo
1798 4451 1812 4474 ,
1845 4409 2052 4480 inquit,

471 4491 603 4544 venit
625 4490 694 4544 ad
719 4508 812 4556 me,
843 4493 940 4547 nisi
966 4495 1118 4566 fuerit
1141 4495 1186 4549 ei
1209 4497 1380 4552 datum
1406 4513 1438 4551 a
1463 4497 1621 4553 Patre
1642 4517 1753 4555 meo
1775 4499 1950 4574 (Joan.
1974 4521 2052 4573 vr,

471 4579 562 4652 66)
588 4601 602 4637 :
626 4592 699 4646 et,
756 4583 902 4639 Vobis
929 4585 1104 4639 datum
1134 4595 1205 4641 est
1233 4605 1380 4643 nosse
1412 4591 1701 4660 mysterium
1730 4594 1873 4661 regni
1899 4595 2068 4676 caelog

467 4689 603 4736 rum,
632 4675 737 4728 illis
755 4685 921 4729 autem
943 4693 1042 4730 non
1068 4686 1142 4732 est
1164 4677 1336 4733 datum
1360 4679 1571 4750 (Matth.
1603 4699 1715 4750 xm,
1748 4686 1859 4756 11).
1891 4686 1960 4742 Et
1983 4688 2052 4744 de

467 4765 792 4820 continentia
822 4785 836 4820 :
867 4766 986 4821 Non
1016 4785 1216 4835 omnes,
1245 4771 1433 4843 inquit,
1462 4775 1666 4845 capiunt
1691 4778 1892 4831 uerbum
1920 4779 2047 4846 hoc,

465 4856 558 4911 sed
583 4855 763 4926 quibus
792 4857 966 4912 datum
992 4869 1064 4914 est
1091 4859 1199 4931 (Id.
1233 4879 1340 4928 χιιι,
1373 4862 1483 4936 11).
1517 4865 1582 4919 Ει
1609 4881 1730 4922 cum
1761 4869 2048 4939 Apostolus

469 4947 534 5003 ad
563 4946 869 5019 pudicitiam
903 4953 1236 5024 conjugalem
1263 4955 1516 5028 conjuges
1545 4957 1846 5015 hortaretur
1876 4979 1889 5015 :
1931 4959 2045 5016 Vel-

465 5039 597 5106 lem,
631 5039 832 5111 inquit,
866 5059 1034 5099 omnes
1069 5043 1294 5102 homines
1319 5063 1425 5103 esse
1464 5049 1591 5103 sicut
1620 5067 1698 5105 me
1725 5051 1892 5122 ipsum
1914 5069 1934 5117 ;
1958 5054 2050 5108 sed

464 5134 801 5206 unusquisque
828 5138 1091 5207 proprium
1119 5139 1308 5194 donum
1346 5140 1494 5198 habet
1532 5160 1563 5195 a
1595 5142 1700 5196 Deo
1725 5186 1740 5210 ,
1773 5145 1905 5200 alius
1937 5145 2042 5214 sic,

460 5228 594 5284 alius
627 5237 793 5283 autem
819 5229 891 5284 sic
914 5227 958 5304 (l
981 5228 1098 5287 Cor.
1129 5247 1204 5286 vn
1221 5231 1321 5302 ,7).
1353 5231 1453 5290 Ubi
1483 5233 1609 5290 satis
1636 5235 1904 5300 ostendit,
1939 5253 2042 5294 non

462 5329 664 5376 tantum
691 5323 1072 5378 continentiam
1100 5324 1296 5378 donum
1326 5324 1421 5379 Dei
1447 5339 1584 5392 esse,
1616 5326 1710 5380 sed
1736 5327 2043 5399 conjugato-

459 5428 578 5468 rum
605 5413 765 5471 etiam
792 5415 1112 5470 castitatem.
1141 5412 1270 5483 Quae
1295 5429 1416 5469 cum
1443 5429 1567 5470 vera
1597 5415 1737 5485 sint,
1767 5409 2054 5476 hortamur

518 5609 558 5682 ι.
573 5607 710 5682 equi,
725 5605 965 5682 etquzbus
987 5604 1155 5658 datum
1174 5611 1246 5659 est
1263 5612 1312 5658 ut
1342 5605 1578 5660 obediant.
1602 5610 1946 5675 Expunximus,
1970 5616 2034 5676 et,

873 5821 950 5845 una.
967 5827 984 5856 ν
999 5821 1178 5846 meum.

1765 304 1823 361 S.
1864 299 2228 360 AUGUSTlNl
2270 301 2566 361 EPISCOPI

3655 329 3804 390 1015

2221 423 2396 474 tamen
2422 421 2488 476 ad
2518 423 2629 480 haec
2653 468 2667 494 ,
2706 435 2959 498 quantum
3000 431 3191 504 cuique
3229 444 3469 494 nostrum
3505 439 3687 500 datum
3715 463 3806 506 est

2213 520 2274 569 ut
2299 516 2467 584 possit
2495 516 2695 576 hortari
2719 538 2734 588 ;
2765 525 2887 594 quia
2914 535 2968 581 et
2993 527 3094 583 hoc
3117 528 3232 600 ejus
3259 531 3456 591 donum
3484 547 3588 607 est,
3622 543 3676 598 in
3703 561 3802 600 cu-

2208 607 2296 677 jus
2325 625 2484 666 mann
2514 623 2636 668 sunt
2669 625 2722 670 et
2749 633 2848 674 nos
2889 629 2942 674 et
2971 636 3250 680 sermones
3277 631 3446 685 nostri
3478 630 3629 706 (Sep.
3673 653 3749 695 Yll
3773 681 3794 709 ,

2212 701 2320 772 16).
2358 703 2510 760 Unde
2549 718 2600 760 et
2630 708 2915 777 Apostolus
2937 755 2951 780 ,
2986 712 3276 773 Secundum
3300 701 3517 792 gratiam
3537 767 3551 792 ,
3579 701 3798 800 inquit,

2210 809 2320 863 qua:
2342 794 2462 848 data
2484 807 2558 850 est
2583 799 2738 867 mihi,
2770 811 2824 854 ut
2847 805 3048 874 sapiens
3074 809 3374 868 architectus
3399 794 3794 884 fundamentum

2209 887 2372 955 posui.
2404 887 2468 941 Et
2491 888 2595 944 alio
2625 891 2740 946 loco
2763 934 2776 959 ,
2809 892 3122 968 Unicuique,
3155 901 3354 974 inquit,
3383 907 3514 962 sicut
3543 911 3802 970 Dominus

2209 974 2384 1030 dedit:
2402 995 2492 1047 ego
2519 981 2760 1048 plantavi,
2790 986 2972 1055 Apollo
2997 991 3174 1059 rigavit
3194 1009 3215 1058 ;
3240 996 3330 1049 sed
3354 997 3491 1055 Deus
3513 1003 3800 1062 incremen-

2207 1075 2312 1121 tum
2335 1069 2488 1123 dedit.
2523 1070 2702 1146 Itaque
2726 1094 2884 1148 neque
2906 1081 2990 1150 qui
3013 1083 3244 1154 plantat,
3277 1088 3472 1161 aliquid
3496 1104 3568 1149 est
3588 1139 3604 1164 ,
3633 1116 3800 1172 neque

2204 1160 2481 1260 quifigat;
2500 1165 2588 1218 sed
2609 1169 2694 1234 qui
2712 1169 3070 1228 incrementum
3093 1177 3180 1230 dat
3203 1177 3343 1235 Deus
3363 1160 3410 1252 (l
3442 1181 3561 1240 Cor.
3590 1160 3664 1256 ιιι,
3697 1160 3794 1260 1ο,

2204 1250 2257 1316 5,
2285 1248 2339 1318 6,
2369 1251 2444 1324 7).
2473 1255 2550 1310 Ac
2573 1272 2668 1326 per
2689 1259 2789 1314 hoc
2809 1262 2948 1317 sicut
2969 1267 3288 1326 exhortatur
3309 1248 3792 1345 et'prtedicat'rec;

2205 1351 2256 1398 te
2276 1386 2290 1411 ,
2319 1345 2413 1400 sed
2439 1347 2527 1402 ille
2550 1350 2638 1420 qui
2665 1355 2869 1424 accepit
2893 1355 2994 1412 hoc
3026 1359 3225 1418 donum
3265 1383 3280 1420 :
3317 1366 3387 1422 ita
3414 1369 3790 1432 exhortantem

2200 1443 2346 1492 recte
2361 1446 2520 1510 atque
2537 1443 2910 1512 prtedicantem
2931 1450 3170 1518 profecto
3187 1455 3276 1512 ille
3292 1458 3604 1520 obedienter
3615 1468 3786 1536 audit,

2199 1529 2288 1598 qui
2315 1534 2518 1602 accepit
2543 1533 2644 1591 hoc
2663 1537 2879 1594 donum.
2913 1542 3047 1600 Hinc
3075 1556 3156 1602 est
3181 1551 3322 1620 quod
3353 1551 3627 1624 Dominus,
3655 1529 3782 1617 cuni

2200 1620 2276 1675 eis
2294 1621 2612 1694 loqueretur,
2633 1630 2720 1698 qui
2744 1633 2917 1686 carnis
2939 1649 3092 1691 aures
3114 1649 3324 1708 apertas
3347 1643 3627 1717 haberent,
3647 1651 3789 1708 dice-

2198 1709 2288 1765 bat
2309 1721 2504 1782 tamen,
2538 1716 2638 1786 Qui
2661 1719 2805 1776 habet
2828 1740 2975 1780 aures
3000 1728 3258 1798 audiendi,
3287 1735 3464 1790 audiat
3484 1709 3638 1810 (Luc.
3664 1760 3781 1812 vm,

2197 1804 2255 1876 8)
2273 1824 2298 1859 Δε
2328 1823 2460 1878 quas
2489 1827 2592 1864 non
2623 1828 2809 1871 omnes
2835 1816 3034 1876 habere
3061 1825 3248 1893 procul
3272 1825 3432 1883 dubio
3463 1804 3706 1890 noverat.

2195 1913 2302 1968 quo
2321 1909 2497 1957 autem
2523 1903 2770 1975 habeant,
2795 1910 3114 1982 quicumque
3141 1915 3356 1987 habent,
3381 1921 3495 1992 ipse
3523 1925 3784 1985 Dominus

2194 1992 2447 2060 ostendit,
2476 1997 2565 2051 ubi
2590 1999 2664 2054 ait
2687 2017 2699 2053 :
2727 1999 2870 2056 Dabo
2895 2005 2965 2059 eis
2989 2022 3077 2060 cor
3103 2013 3438 2080 cognoscendi
3459 2033 3537 2070 me
3557 2029 3606 2073 et
3630 2036 3782 2078 aures

2194 2085 2452 2144 audientes
2476 2087 2702 2159 (Barach
2727 2110 2786 2161 ιι,
2817 2095 2926 2169 ⁸51).
2956 2099 3129 2156 Aures
3153 2118 3281 2174 ergo
3304 2107 3574 2176 audiendi,
3603 2113 3778 2183 ipsum

2195 2189 2276 2232 est
2301 2180 2498 2236 donum
2525 2183 2830 2254 obediendi,
2859 2199 2914 2244 ut
2941 2192 3030 2262 qui
3059 2193 3109 2248 id
3138 2194 3413 2266 haberent,
3445 2180 3687 2260 venirent
3709 2207 3778 2263 ad

2190 2285 2334 2339 eum,
2364 2273 2430 2327 ad
2457 2289 2615 2344 quem
2645 2293 2802 2335 nemo
2826 2282 2992 2350 venit,
3025 2285 3124 2340 nisi
3149 2285 3309 2344 fuerit
3330 2291 3382 2346 ei
3406 2292 3588 2350 datum
3615 2312 3644 2352 a
3673 2299 3774 2354 Pa-

2193 2371 2272 2418 tre
2299 2363 2486 2434 ipsius.
2530 2367 2882 2427 Exhortamur
2910 2391 3036 2446 ergo
3061 2387 3220 2450 atque
3249 2383 3599 2452 praedicamus
3633 2407 3646 2442 :
3679 2393 3774 2448 sed

2189 2454 2278 2525 qui
2307 2454 2502 2512 habent
2531 2474 2686 2516 aures
2715 2463 2963 2521 audiendi
2986 2510 2999 2532 ,
3035 2469 3348 2529 obedienter
3372 2491 3471 2532 nos
3499 2479 3723 2537 audiunt
3754 2502 3768 2539 :

2187 2550 2276 2619 qui
2303 2567 2434 2606 vero
2460 2569 2551 2609 eas
2577 2571 2682 2612 non
2707 2557 2922 2626 habent,
2956 2563 3010 2617 ﬁt
3037 2565 3086 2618 in
3113 2566 3191 2621 eis
3217 2569 3358 2638 quod
3387 2573 3640 2643 scriptum
3663 2587 3766 2647 est,

2185 2653 2246 2697 ut
2271 2646 2529 2702 audientes
2559 2667 2658 2705 non
2695 2654 2908 2710 audiant
2936 2656 3146 2728 (Matth.
3178 2677 3294 2730 xm,
3326 2665 3458 2736 l5);
3491 2646 3770 2728 audientes

2184 2738 2432 2795 videlicet
2456 2747 2698 2814 corporis
2722 2763 2902 2814 sensu,
2937 2766 3039 2806 non
3070 2754 3289 2811 audiant
3316 2759 3493 2816 cordis
3521 2777 3763 2822 assensu.

2182 2828 2291 2886 Cur
2328 2843 2502 2888 autem
2543 2837 2614 2891 illi
2653 2837 2883 2896 habeant
2922 2859 3078 2899 aures
3108 2847 3378 2914 audiendi,
3422 2852 3496 2907 illi
3527 2871 3633 2909 non
3665 2855 3764 2911 ba-

2181 2920 2373 2991 beant,
2403 2924 2506 2982 hoc
2534 2937 2643 2996 est,
2675 2946 2770 2986 cur
2797 2933 2899 2989 illis
2924 2934 3104 2992 datum
3133 2939 3252 2994 sita
3283 2941 3440 2999 Patre
3467 2955 3522 2999 ut
3548 2949 3767 3005 veniant

2179 3015 2245 3070 ad
2286 3015 2496 3080 Filium,
2533 3021 2634 3077 illis
2661 3034 2837 3080 autem
2879 3043 2984 3082 non
3017 3031 3085 3084 sit
3112 3031 3322 3100 datum,
3370 3039 3489 3106 quis
3518 3045 3766 3110 cognovit

2177 3122 2392 3163 sensum
2422 3112 2650 3182 Domini,
2687 3127 2778 3172 aut
2806 3119 2922 3188 quis
2947 3121 3062 3190 ejus
3089 3126 3423 3182 consiliarius
3451 3129 3549 3184 fuit
3581 3132 3759 3204 (Rom.

2175 3215 2252 3266 XI,
2283 3201 2422 3274 '54)?
2449 3213 2541 3260 aut
2569 3215 2625 3261 tu
2651 3209 2769 3279 quis
2794 3226 2872 3278 es,
2906 3229 2936 3266 ο
2969 3214 3148 3278 homo.
3186 3219 3274 3288 qui
3303 3201 3624 3291 respondeas
3651 3215 3762 3284 Deo

2179 3292 2288 3367 (Id.
2319 3314 2399 3365 ιιι,
2425 3298 2520 3370 20)
2537 3300 2560 3354 ?
2578 3301 2843 3372 Numquid
2869 3306 2988 3362 ideo
3013 3311 3313 3380 negandum
3336 3323 3418 3370 est
3439 3319 3580 3387 quod
3603 3336 3759 3391 aper-

2175 3399 2284 3445 tum
2310 3401 2409 3456 est,
2439 3395 2558 3464 quia
2583 3398 2966 3468 comprehendi
2991 3419 3096 3459 non
3119 3415 3298 3476 potest
3319 3411 3460 3480 quod
3487 3415 3756 3473 occultum

2173 3485 2294 3540 est?
2319 3489 2594 3558 numquid,
2625 3491 2860 3562 inquam,
2885 3507 3164 3566 propterea
3192 3499 3384 3557 dicturi
3407 3519 3591 3561 sumus
3613 3509 3753 3578 quod

2171 3575 2242 3630 ita
2274 3593 2394 3634 esse
2421 3581 2774 3652 perspicimus
2798 3627 2812 3649 ,
2845 3601 2951 3641 non
2990 3587 3062 3643 ita
3091 3605 3210 3647 esse
3233 3635 3248 3660 ,
3280 3597 3530 3664 quoniam
3559 3575 3656 3654 cur
3684 3601 3754 3656 ita

2169 3671 2239 3725 sit
2263 3687 2369 3726 non
2398 3689 2678 3743 possumus
2705 3669 2987 3735 invenire?

2237 3764 2465 3822 CAPUT
2505 3766 2619 3824 XV.
2655 3798 2730 3811 —
2765 3770 2854 3826 58.
2895 3771 3000 3828 Sed
3029 3773 3196 3842 aiunt,
3227 3787 3282 3833 ut
3305 3779 3559 3850 scribitis,
3593 3804 3612 3838 ι
3640 3785 3752 3842 Ne-

2167 3857 2366 3915 minem
2392 3874 2550 3929 posse
2569 3863 2922 3932 correptionis
2946 3865 3176 3923 stimulis
3203 3870 3443 3940 excitari,
3471 3874 3514 3930 si
3543 3875 3754 3934 dicatur

2167 3953 2223 4006 in
2247 3962 2510 4009 conventu
2537 3953 2790 4012 Ecclesiae
2804 3957 3142 4016 audientibus
3170 3963 3347 4018 multis
3372 3982 3385 4020 :
3409 3963 3486 4022 Ita
3511 3982 3570 4024 se
3593 3969 3752 4027 habet

2165 4041 2234 4099 de
2253 4044 2718 4114 praedestinatlone
2747 4047 2964 4106 deﬁnita
2998 4055 3263 4109 sententia
3297 4057 3585 4115 voluntatis
3615 4062 3748 4131 Dei,

2163 4141 2222 4189 ut
2249 4133 2336 4190 alii
2376 4150 2444 4191 ex
2474 4137 2626 4193 vobis
2650 4137 2718 4195 de
2743 4139 3057 4199 inﬁdelitate
3084 4155 3300 4217 accepta
3321 4149 3607 4209 obediendi
3649 4171 3748 4210 vo-

2164 4227 2366 4283 luntate
2401 4229 2651 4286 veneritis
2676 4231 2739 4286 ad
2767 4232 2921 4288 ﬁdem
2948 4276 2964 4300 ,
2992 4235 3077 4291 vel
3114 4248 3329 4309 accepta
3353 4247 3748 4311 perseverantia

2163 4321 2421 4376 maneatis
2449 4321 2499 4375 in
2522 4319 2627 4379 ﬁde
2650 4341 2664 4389 ;
2688 4326 2867 4381 caeteri
2889 4342 3020 4383 vero
3058 4329 3148 4400 qui
3193 4329 3245 4384 in
3279 4343 3616 4402 peccatorum
3646 4337 3745 4394 de-

2161 4410 2441 4468 lectatione
2469 4417 2830 4484 remoramini,
2855 4417 2976 4474 ideo
2997 4420 3232 4475 nondum
3261 4426 3588 4494 surrexistis,
3617 4430 3743 4500 quia

2161 4503 2386 4559 necdum
2439 4520 2534 4561 vos
2589 4505 2913 4577 adjutorium
2971 4511 3156 4580 gratim
3206 4515 3509 4572 miserantis
3551 4522 3738 4576 erexit.

2158 4593 2536 4653 Verumtamen
2564 4598 2608 4652 si
2654 4600 2742 4669 qui
2767 4601 2897 4656 estis
2927 4602 3152 4659 necdum
3175 4608 3367 4675 vocati,
3403 4624 3537 4680 quos
3573 4614 3740 4684 gratia

2157 4701 2252 4744 sua
2306 4688 2762 4759 praedestinavcrit
2813 4693 3120 4765 eligendos,
3169 4698 3443 4768 accipietis
3494 4703 3738 4762 eamdem

2155 4778 2402 4850 gratiam,
2424 4795 2526 4852 qua
2555 4781 2724 4837 velitis
2750 4792 2798 4838 et
2832 4785 2947 4841 sitis
2975 4786 3132 4843 electi
3161 4806 3174 4842 :
3203 4798 3260 4845 et
3281 4790 3324 4844 si
3352 4791 3442 4862 qui
3469 4793 3697 4853 obeditis
3717 4838 3734 4866 ,

2154 4871 2200 4926 si
2221 4870 2584 4942 praedestinati
2603 4875 2732 4929 estis
2758 4876 3049 4946 rejiciendi,
3079 4881 3458 4940 subtrahentur
3479 4885 3738 4944 obedien-

2153 4963 2204 5018 di
2233 4963 2390 5031 vires,
2427 4975 2486 5020 ut
2507 4966 2727 5024 obedire
2755 4971 2994 5027 cessetis.
3031 4993 3051 5026 ι
3079 4974 3182 5029 Ista
3209 4990 3328 5032 cum
3368 4977 3633 5050 dicuntur,
3663 4982 3734 5038 ita

2152 5063 2252 5104 nos
2270 5064 2299 5104 τι
2319 5051 2618 5107 conﬁtenda
2639 5067 2764 5110 vera
2793 5055 2886 5111 Dei
2912 5059 3102 5127 gratia,
3133 5059 3185 5115 id
3209 5070 3312 5130 est,
3346 5079 3466 5134 quae
3503 5081 3609 5122 non
3650 5083 3736 5124 se-

2151 5141 2379 5196 cundum
2401 5143 2588 5198 merita
2610 5151 2792 5201 nostra
2826 5147 3000 5216 datur,
3036 5159 3091 5206 et
3135 5166 3164 5206 a
3190 5153 3490 5211 conﬁtenda
3538 5173 3732 5214 secun-

2149 5231 2273 5288 dum
2300 5247 2418 5289 eam
2469 5235 2936 5306 prtedestinatione
2983 5245 3288 5298 sanctorum
3317 5244 3593 5304 deterrere
3625 5265 3730 5305 non

2147 5325 2377 5393 debent;
2407 5328 2544 5383 sicut
2569 5345 2674 5387 non
2700 5331 3034 5389 deterremur
3058 5350 3090 5391 a
3120 5335 3418 5395 conﬁtenda
3440 5343 3730 5412 praescien-

2147 5418 2218 5472 tia
2245 5419 2378 5484 Dei,
2405 5420 2451 5475 si
2478 5422 2597 5491 quis
2620 5421 2690 5478 de
2717 5423 2804 5479 illa
2835 5426 3030 5496 populo
3057 5427 3135 5484 sic
3163 5429 3426 5500 loquatur,
3455 5441 3514 5489 ut
3541 5435 3682 5492 dicat
3712 5456 3728 5492 τ

2151 5530 2172 5565 ι
2195 5512 2318 5568 Sive
2338 5529 2480 5569 nunc
2509 5523 2651 5572 recte
2675 5517 2864 5574 vivatis
2882 5561 2898 5586 ,
2927 5521 3039 5577 sive
3069 5538 3176 5578 non
3205 5533 3348 5580 recte
3371 5569 3385 5592 ,
3417 5527 3550 5584 tales
3577 5529 3726 5586 eritis

2145 5614 2348 5676 postea,
2371 5607 2554 5675 quales
2577 5623 2670 5664 vos
2691 5609 2834 5665 Deus
2855 5610 3061 5669 futuros
3089 5629 3208 5670 esse
3227 5619 3513 5686 praescivit,
3533 5621 3614 5677 vel
3629 5621 3726 5678 bo-

2143 5699 2196 5753 ni
2223 5699 2268 5753 si
2292 5699 2608 5766 bonos,vel
2633 5703 2760 5756 mali
2787 5704 2831 5758 si
2864 5706 3096 5760 malos.»
3151 5707 3413 5780 Numquid
3462 5713 3628 5780 enim,
3679 5715 3724 5770 si

2143 5788 2247 5846 hoc
2272 5789 2450 5846 audito
2474 5793 2715 5850 nonnulli
2738 5794 2792 5850 in
2815 5803 3083 5867 torporem
3103 5800 3488 5874 segnitiemque
3509 5813 3722 5860 vertan-
