4102 6498
302 375 448 436 1017

304 502 413 561 tur,
436 497 543 547 eta
570 486 755 543 labore
786 481 1046 557 proclives
1072 480 1138 536 ad
1179 478 1449 537 libidinem
1490 487 1612 551 post
1646 474 1898 546 concupi-

305 584 541 661 s‘ecntias
567 596 692 636 suas
718 588 840 635 eant
859 619 871 642 ,
907 583 1187 647 propterea
1214 574 1281 630 de
1317 573 1650 645 praescientia
1676 570 1771 626 Dei
1802 568 1898 624 fal-

303 660 424 736 sum
461 673 755 748 putandum
800 679 881 725 est
915 684 1055 734 esse,
1080 667 1220 739 quod
1254 667 1456 722 dictum
1493 666 1611 722 θειῖ
1637 663 1824 718 Nonne
1850 660 1897 718 si

307 773 449 827 Deus
476 769 596 823 illos
614 767 785 820 bonos
810 762 1016 819 futuros
1043 776 1163 816 esse
1189 760 1477 831 pneseivit,
1495 757 1620 814 boni
1643 764 1818 818 erunt,
1842 754 1896 809 in

302 861 637 936 quantalibet
664 873 805 914 nunc
823 855 1148 927 malignitate
1177 861 1488 916 versentur;
1518 850 1560 904 si
1586 860 1762 905 autem
1786 862 1899 902 ma-

305 957 412 1023 los,
440 953 566 1009 mali
595 961 773 1015 erunt,
798 952 852 1004 in
881 947 1210 1019 quantalibet
1235 961 1377 1001 nunc
1402 945 1637 1000 bonitate
1671 956 1898 997 cernan-

306 1050 434 1105 tur?
461 1047 580 1103 Fuit
606 1044 817 1115 quidam
869 1042 921 1097 in
967 1050 1151 1097 nostro
1200 1038 1544 1103 monasterio,
1593 1036 1681 1107 qui
1729 1034 1898 1089 corri-

307 1140 579 1213 pientibns
607 1134 857 1192 fratribus
884 1148 981 1189 cur
1006 1130 1244 1204 quaedam
1276 1145 1384 1185 non
1414 1127 1650 1184 facienda
1673 1126 1892 1195 faceret,

308 1242 368 1289 et
392 1229 634 1287 facienda
657 1242 760 1283 non
790 1224 1013 1293 faceret,
1046 1222 1401 1291 respondebat
1437 1238 1452 1277 :
1484 1220 1895 1291 Qualiscumque

309 1338 458 1380 nunc
497 1322 616 1387 sim,
649 1318 766 1376 talis
800 1333 892 1372 ero
920 1316 1129 1388 qualem
1164 1330 1248 1369 me
1304 1313 1449 1370 Deus
1499 1311 1732 1369 futurum
1777 1326 1896 1368 esse

308 1412 593 1486 praescivit.
623 1409 723 1478 Qui
754 1406 991 1489 profecto
1011 1416 1065 1461 et
1093 1421 1277 1462 verum
1303 1405 1530 1471 dicebat,
1562 1413 1616 1458 et
1642 1403 1744 1459 hoc
1766 1418 1895 1459 vero

307 1521 416 1560 non
443 1502 756 1575 proﬁciebat
789 1502 840 1555 in
869 1500 1065 1556 bonum
1101 1499 1235 1555 :sed
1289 1514 1456 1570 usque
1501 1498 1636 1554 adeo
1674 1496 1896 1569 profecit

308 1598 364 1652 in
397 1596 619 1661 malum,
645 1603 706 1651 ut
730 1594 940 1649 deserta
961 1591 1271 1648 monasterii
1301 1590 1552 1646 societate
1572 1589 1724 1644 ﬁeret
1747 1589 1895 1645 canis

305 1704 562 1746 reversus
587 1686 655 1742 ad
676 1701 830 1741 suum
852 1685 1108 1740 vomitum
1132 1702 1145 1737 :
1169 1692 1224 1739 et
1244 1693 1418 1738 tamen
1439 1681 1613 1737 adhuc
1632 1682 1801 1752 qualis
1826 1682 1895 1736 sit

302 1782 538 1848 futurus,
562 1781 822 1835 incertum
841 1786 942 1833 est.
964 1776 1229 1847 Numquid
1248 1789 1376 1847 ergo
1394 1783 1609 1845 prepter
1624 1773 1893 1844 hujusmo-

302 1877 362 1933 di
389 1876 597 1932 animas
618 1874 635 1906 ³
664 1888 726 1928 ea
748 1887 866 1943 quae
891 1870 961 1928 de
985 1867 1317 1941 praescientia
1352 1868 1442 1922 Dei
1484 1882 1604 1922 vera
1625 1865 1889 1931 dicuntur,

305 1968 392 2024 vel
418 1966 657 2038 neganda
692 1973 817 2019 sunt
844 1962 926 2017 vel
955 1958 1209 2026 tacenda;
1253 1966 1381 2013 tunc
1420 1957 1642 2025 scilicet,
1683 1954 1894 2028 quando

304 2064 355 2120 si
372 2078 478 2118 non
505 2061 771 2126 dicantur,
802 2057 859 2113 in
881 2056 1015 2117 alios
1043 2056 1147 2110 itur
1161 2052 1413 2109 errores?

298 2200 301 2205 .
377 2151 604 2210 CAPUT
642 2150 784 2207 XVI.
822 2178 895 2190 —
930 2148 1019 2204 39.
1058 2145 1194 2203 Sunt
1216 2145 1376 2200 etiam
1396 2144 1485 2215 qui
1506 2149 1783 2213 prOpterea
1806 2140 1895 2196 vel

301 2259 411 2301 non
440 2251 617 2310 orant,
643 2240 731 2296 vel
752 2238 943 2311 frigide
963 2244 1139 2304 orant,
1167 2236 1417 2308 quoniam
1442 2234 1668 2289 Domino
1686 2232 1895 2289 dicente

300 2336 626 2401 didicerunt,
668 2332 807 2388 scire
841 2331 1010 2386 Deum
1046 2328 1171 2401 quid
1219 2327 1372 2383 nobis
1414 2325 1772 2381 necessarium
1801 2325 1892 2393 sit,

305 2431 615 2501 priusquam
636 2434 879 2497 petamus
902 2424 970 2479 ab
995 2438 1060 2479 eo
1084 2420 1379 2494 (blattam,
1411 2420 1488 2492 8).
1515 2418 1650 2474 Num
1680 2427 1896 2490 propter

308 2522 444 2577 tales
468 2520 625 2591 bujus
650 2517 927 2574 sententiae
956 2518 1153 2570 veritas
1181 2512 1497 2579 deserenda,
1516 2519 1608 2566 aut
1629 2526 1695 2567 ex
1717 2511 1894 2566 Evan-

309 2614 451 2685 gelio
477 2610 702 2667 delenda
726 2606 1043 2682 putabitur?
1066 2605 1177 2661 lmo
1192 2620 1312 2660 cum
1334 2612 1543 2661 constet
1568 2603 1669 2658 alia
1704 2603 1889 2669 Deum,
1920 2667 1923 2670 Q

311 2706 490 2763 danda
511 2705 669 2760 etiam
692 2717 796 2758 non
822 2699 1097 2757 orantibus
1124 2698 1167 2764 ²,
1196 2697 1334 2753 sicut
1360 2696 1567 2751 initium
1592 2694 1750 2760 ﬁdei;
1790 2693 1895 2749 alia

308 2797 523 2853 nonnisi
556 2795 827 2851 orantibus
847 2804 1195 2863 praeparasse,
1227 2789 1366 2844 sicut
1409 2802 1577 2858 usque
1626 2788 1680 2843 in
1730 2785 1893 2841 ﬁnem

307 2889 757 2963 perseverantiam
782 2905 797 2942 :
820 2886 1058 2958 profecto
1089 2883 1180 2956 qui
1207 2898 1276 2938 ex
1304 2897 1362 2937 se
1389 2882 1505 2952 ipso
1536 2880 1671 2935 hanc
1711 2894 1770 2934 se
1798 2874 1895 2933 ba-

303 2984 437 3039 bere
465 2992 648 3053 putat,
671 2995 777 3035 non
809 2988 925 3035 orat
950 2985 1011 3033 ut
1037 2976 1249 3032 habeat.
1270 2974 1575 3031 Cavendum
1602 2982 1686 3028 est
1715 2972 1889 3043 igitur,

301 3091 376 3131 ne
411 3075 539 3131 dum
568 3075 816 3129 timemus
850 3086 917 3127 ne
949 3077 1187 3140 tepescat
1235 3066 1486 3136 hortatio,
1531 3067 1896 3138 exstinguatur

301 3168 495 3236 oratio,
526 3165 851 3222 accendatur
876 3163 1056 3219 elatio.

374 3258 464 3316 ιο.
504 3258 723 3315 Dicatur
748 3271 878 3329 ergo
898 3269 1103 3322 verum,
1133 3253 1361 3308 maxime
1377 3250 1651 3322 ubialiqua
1669 3250 1894 3321 quaestio

306 3362 367 3410 ut
391 3353 593 3408 dicatur
616 3350 877 3421 impellit;
909 3358 964 3404 et
989 3348 1199 3419 capiant
1235 3347 1323 3417 qui
1358 3353 1581 3417 possunt
1612 3362 1625 3398 :
1654 3360 1724 3399 ne
1758 3344 1895 3401 forte

306 3461 432 3502 cum
453 3452 654 3501 tacetur
679 3451 897 3515 propter
924 3456 1017 3497 eos
1042 3441 1131 3512 qui
1164 3454 1355 3510 capere
1382 3453 1485 3493 non
1518 3447 1759 3509 possunt,
1787 3452 1894 3493 non

308 3539 485 3594 solum
509 3523 1068 3593 veritate'fraudentur
1088 3575 1105 3601 ,
1128 3547 1309 3587 verum
1340 3532 1501 3586 etiam
1538 3529 1773 3587 falsitate
1805 3536 1899 3585 ca-

310 3631 557 3702 piantur,
603 3628 693 3699 qui
740 3643 922 3682 verum
968 3640 1180 3696 capere,
1228 3638 1334 3695 quo
1373 3631 1622 3678 caveatur
1671 3622 1895 3691 falsitas,

311 3729 555 3793 possunt.
592 3718 772 3775 Facile
804 3725 887 3775 est
907 3719 1074 3782 enim,
1106 3716 1213 3771 imo
1249 3724 1303 3771 et
1347 3716 1496 3782 utile,
1547 3722 1605 3769 ut
1658 3721 1899 3771 taceatur

306 3815 525 3887 aliquod
557 3830 742 3870 verum
768 3821 984 3884 propter
1006 3812 1302 3881 incapaces.
1331 3807 1463 3865 Nam
1491 3808 1631 3864 unde
1656 3815 1740 3864 est
1765 3807 1899 3866 illud

308 3909 541 3973 Domini,
573 3907 755 3961 Adhuc
782 3905 943 3960 multa
969 3905 1127 3959 habeo
1162 3902 1299 3957 vobis
1333 3902 1517 3970 dicere,
1549 3901 1637 3956 sed
1666 3917 1770 3956 non
1813 3919 1899 3974 po-

305 4004 444 4059 testis
467 3999 559 4055 illa
581 4009 782 4069 portare
808 3997 961 4052 modo
993 3994 1171 4069 (Joan.
1202 4011 1315 4063 xvi,
1346 3994 1474 4067 ηρ
1508 4003 1563 4050 et
1595 3993 1723 4049 illud
1751 3994 1899 4064 Apo-

307 4099 456 4165 stoli,
485 4096 607 4152 Non
649 4097 790 4169 potui
836 4096 973 4150 vobis
1024 4094 1159 4163 loqui
1208 4092 1352 4164 quasi
1395 4089 1773 4159 spiritualibus,
1809 4089 1900 4145 sed

309 4193 458 4263 quasi
477 4191 765 4245 carnalibus
797 4189 985 4261 :quasi
1036 4187 1262 4258 parvulis
1304 4186 1357 4240 in
1406 4183 1605 4240 Christo
1648 4185 1726 4239 lae
1764 4184 1900 4240 vobis

314 4292 493 4355 potum
513 4283 648 4348 dedi,
670 4298 772 4337 non
800 4298 967 4337 escam
987 4298 1004 4345 ;
1024 4278 1249 4333 nondum
1268 4279 1401 4333 enim
1426 4278 1685 4347 poteratis,
1707 4276 1796 4331 sed
1810 4293 1900 4332 nec

318 4375 489 4428 adhuc
505 4374 702 4445 quidem
728 4374 930 4444 potestis
947 4371 989 4442 (Ι
1016 4371 1133 4425 (.‘or.
1167 4386 1245 4434 tu,
1270 4371 1322 4437 l,
1348 4368 1403 4441 2)
1422 4370 1447 4424 ‘l
1463 4368 1719 4437 Quamvis
1739 4368 1900 4426 modo

316 4465 552 4538 quodam
579 4464 787 4519 dicendi
821 4463 934 4519 ﬁeri
987 4463 1172 4533 possit,
1200 4469 1257 4517 ut
1299 4461 1352 4516 id
1398 4460 1540 4533 quod
1580 4460 1794 4529 dicitur,
1846 4471 1903 4518 et

317 4562 557 4635 parvulis
585 4561 685 4626 lae,
712 4558 1069 4639 etgrandibus
1089 4572 1209 4613 esca
1240 4557 1328 4611 sit.
1358 4555 1526 4622 Sicut,
1560 4554 1627 4610 In
1653 4556 1900 4628 principio

313 4664 425 4710 erat
461 4652 700 4719 Verbum,
722 4661 769 4707 et
803 4649 1018 4706 Verbum
1039 4660 1143 4704 erat
1165 4648 1306 4718 apud
1331 4646 1533 4713 Deum,
1557 4656 1603 4701 et
1632 4646 1770 4701 Deus
1793 4640 1903 4701 erat

322 4746 544 4802 Verbum
566 4743 744 4818 (Joan.
778 4759 816 4810 1,
848 4745 939 4812 1),
965 4741 1083 4813 quis
1114 4741 1437 4796 cbristianus
1472 4749 1645 4794 tacere
1687 4738 1899 4810 potest?

310 4841 431 4912 quis
447 4838 685 4910 capere?
704 4843 797 4892 aut
819 4834 943 4907 quid
972 4835 1024 4890 in
1051 4833 1295 4890 doctrina
1318 4848 1447 4888 sana
1473 4841 1647 4903 potest
1676 4832 1900 4888 inveniri

312 4932 565 5004 grandius
581 4933 606 4985 ν
628 4930 782 5000 Quod
810 4940 985 4985 tamen
1006 4937 1061 4984 et
1080 4928 1313 5000 parvulis
1338 4942 1442 4982 non
1463 4936 1667 4982 tacetur
1678 4936 1729 4982 et
1745 4942 1901 4997 gran-

315 5028 495 5092 dibus,
522 5041 624 5082 nec
651 5024 889 5097 parvulis
911 5022 1210 5079 occultatur
1235 5036 1265 5075 a
1284 5016 1573 5092 grandibus
1596 5019 1637 5074 ³.
1667 5018 1771 5075 Sed
1797 5020 1902 5075 alia

318 5130 405 5177 est
431 5122 565 5176 ratio
592 5136 774 5177 verum
806 5118 1035 5184 tacendi,
1070 5116 1171 5171 alia
1210 5130 1393 5170 verum
1423 5114 1632 5170 dicendi
1663 5114 1902 5170 necessi-

321 5222 425 5268 tas.
455 5210 651 5268 Causas
671 5227 854 5269 verum
885 5209 1097 5266 tacendi
1121 5210 1339 5280 longum
1358 5215 1439 5264 est
1455 5220 1642 5262 omnes
1663 5220 1903 5276 quaerere

315 5306 408 5361 vel
424 5304 659 5360 inserere
678 5322 691 5358 :
710 5319 934 5376 quarum
954 5311 1131 5359 tamen
1153 5310 1234 5358 est
1253 5309 1309 5356 et
1329 5300 1443 5356 haec
1458 5313 1583 5365 una,
1610 5311 1675 5353 ne
1695 5295 1905 5367 pejores

383 5505 401 5568 ξ
438 5502 586 5564 Ediﬁ,
626 5472 821 5568 propter
862 5498 1146 5564 hujusmadi
1181 5511 1369 5551 mas.
1404 5506 1583 5547 omnes
1603 5507 1757 5560 prepe
1777 5499 1906 5558 las,

311 5565 567 5688 me,
595 5635 696 5678 Ima
711 5640 823 5678 eum
836 5630 1016 5678 constet
1040 5633 1198 5676 Deum
1215 5621 1325 5688 alia,
1346 5620 1492 5688 etiarn
1511 5632 1605 5671 non
1625 5616 1903 5688 orantibus,

310 5693 515 5751 onum,
541 5680 726 5749 dmda,
749 5689 883 5753 quod
909 5688 1117 5738 verbum
1138 5688 1189 5736 in
1214 5685 1358 5736 editis
1375 5683 1483 5733 aliis
1507 5690 1559 5734 et
1570 5680 1909 5744 manuscriptis

312 5759 508 5865 ex!”
527 5820 637 5865 uss.
663 5820 727 5877 et
741 5813 879 5875 editi,
893 5818 941 5877 et
962 5810 1286 5877 parvulisnon
1307 5814 1518 5871 tacetur,
1541 5812 1686 5860 etnec
1705 5806 1909 5871 grandi-

1370 356 1575 422 LIBER
1610 359 1700 417 DE
1739 355 1918 416 DONO
1954 356 2579 419 PERSEVERANTIE.

3441 374 3584 432 1018

1980 475 2259 545 faciamus
2283 492 2376 532 eos
2408 478 2498 549 qui
2522 494 2628 535 non
2658 478 2973 552 intelligunt,
2991 480 3118 539 dum
3130 484 3478 543 volumuseos
3494 490 3584 559 qui

2002 567 2301 637 intelligunt
2312 567 2483 627 facere
2496 571 2763 628 doctiores
2780 589 2794 638 ;
2810 574 2900 644 qui
2918 575 3068 632 nobis
3079 576 3274 647 aliquid
3288 578 3392 634 tale
3410 587 3584 636 tacen-

2002 660 2142 716 tibus
2162 659 2428 718 doctiores
2444 664 2656 733 quidem
2675 680 2779 719 non
2796 665 3042 730 ﬁunt.sed
3061 683 3159 725 nec
3189 669 3396 741 pejores
3426 669 3560 727 ﬁunt

2000 752 2131 809 Cum
2144 764 2318 810 autem
2342 771 2430 812 res
2451 772 2574 811 vera
2593 758 2661 812 ita
2674 772 2732 813 se
2752 758 2928 828 habet,
2946 770 3003 816 ut
3017 761 3108 817 ﬁat
3124 763 3273 834 pejor
3287 763 3440 820 nobis
3459 780 3565 822 ean

2001 846 2317 913 dicentibus,
2346 848 2433 902 ille
2461 851 2548 919 qui
2586 863 2779 922 capere
2814 868 2918 907 non
2953 863 3166 924 potest;
3212 855 3369 911 nobis
3405 865 3581 914 autem

2002 939 2312 1005 tacentibus,
2334 939 2423 995 ille
2444 940 2535 1011 qui
2560 952 2731 1013 potest
2757 961 2771 998 :
2801 945 2924 1013 quid
2956 952 3201 1013 putamus
3228 961 3347 1003 esse
3375 945 3576 1003 facien-

2000 1034 2165 1090 dum?
2190 1034 2374 1090 Nonne
2398 1036 2573 1107 potius
2602 1046 2683 1092 est
2707 1036 2985 1092 dicendum
3016 1054 3199 1092 verum
3218 1081 3232 1105 ,
3258 1048 3316 1095 ut
3344 1041 3433 1111 qui
3484 1056 3583 1112 po-

2000 1133 2104 1181 test
2139 1141 2331 1198 capere
2359 1127 2569 1198 capiat;
2609 1143 2769 1198 quam
2810 1128 3113 1197 tacendum,
3154 1138 3214 1184 ut
3256 1146 3361 1186 non
3409 1134 3580 1188 solum

2000 1219 2053 1275 id
2074 1219 2233 1275 ambo
2262 1234 2368 1275 non
2397 1221 2629 1290 capiant,
2657 1235 2839 1274 verum
2864 1220 3024 1275 etiam
3050 1221 3141 1293 qui
3165 1210 3251 1279 est
3276 1222 3580 1294 intelligen-

2002 1313 2120 1380 tior,
2143 1314 2256 1385 ipse
2277 1313 2345 1368 sit
2364 1312 2551 1383 pejor?
2576 1311 2674 1381 Qui
2689 1312 2732 1367 si
2754 1311 2964 1368 audiret
2988 1323 3041 1368 et
3066 1322 3299 1385 caperet,
3326 1330 3419 1383 per
3434 1315 3581 1371 illum

1998 1408 2156 1462 etiam
2209 1407 2390 1478 plures
2427 1405 2712 1461 discerent.
2762 1405 2879 1474 Quo
2917 1408 3058 1461 enim
3109 1417 3192 1462 est
3240 1406 3486 1476 capacior
3527 1417 3586 1462 ut

1998 1502 2188 1568 discat,
2211 1515 2277 1557 eo
2303 1501 2470 1571 magis
2496 1507 2578 1555 est
2620 1499 2843 1555 idoneus
2881 1508 2938 1555 ut
2974 1499 3109 1555 alios
3157 1498 3368 1556 doceat.
3419 1499 3585 1556 Instat

1998 1594 2242 1649 inimicus
2260 1593 2463 1663 gratim,
2491 1600 2651 1663 atque
2685 1601 2835 1663 urget
2865 1591 3038 1649 modis
3061 1591 3327 1657 omnibus,
3369 1600 3426 1647 ut
3462 1606 3582 1649 cre-

1997 1684 2154 1740 datur
2179 1683 2470 1740 secundum
2498 1685 2686 1739 merita
2712 1693 2897 1741 nostra
2917 1682 3053 1751 dari,
3078 1698 3145 1743 ac
3162 1685 3241 1739 sic
3264 1684 3431 1755 gratia
3467 1684 3578 1754 jam

1997 1792 2104 1833 non
2129 1778 2198 1832 sit
2229 1776 2396 1847 gratia
2428 1776 2601 1848 (Rom.
2633 1792 2713 1842 ιι,
2759 1773 2814 1847 6)
2841 1793 2854 1829 :
2883 1782 2939 1832 et
2973 1790 3073 1831 nos
3100 1775 3348 1830 nolumus
3374 1774 3575 1843 dicere,

1996 1870 2138 1942 quod
2171 1879 2305 1925 teste
2329 1869 2602 1939 Scriptura
2628 1883 2911 1940 possumus
2933 1868 3112 1924 dicere
3126 1868 3151 1921 ?
3165 1869 3413 1924 timemus
3434 1868 3577 1924 enim

1995 1961 2262 2030 videlicet,
2287 1977 2353 2017 ne
2379 1961 2717 2032 loquentibus
2739 1962 2890 2016 nobis
2918 1960 3233 2025 oﬁ‘endatur,
3261 1962 3350 2032 qui
3384 1961 3580 2016 verita-

2001 2062 2104 2108 tem
2127 2069 2231 2110 non
2254 2062 2428 2125 potest
2447 2068 2672 2123 capere;
2695 2062 2750 2108 et
2769 2069 2874 2108 non
2898 2055 3165 2122 timemus,
3189 2068 3257 2109 ne
3287 2055 3581 2110 tacentibus

1998 2146 2170 2213 nobis,
2194 2147 2282 2218 qui
2306 2146 2579 2202 veritatem
2636 2154 2808 2216 potest
2858 2161 3069 2217 capere,
3113 2146 3344 2202 falsitate
3395 2146 3578 2216 capia-

1998 2247 2084 2294 tur
2102 2239 2126 2293 ἲ

2068 2333 2156 2388 41.
2199 2333 2303 2387 Aut
2352 2332 2493 2388 enim
2520 2333 2599 2388 sic
2640 2331 3038 2402 praedestinatio
3088 2331 3423 2404 praedicanda
3473 2342 3579 2403 est,

1996 2424 2442 2498 quemadmodum
2479 2440 2597 2480 eam
2639 2430 2817 2480 sancta
2848 2423 3119 2493 Scriptura
3148 2422 3424 2479 evidenter
3465 2425 3582 2479 elo-

1998 2519 2195 2591 quitur,
2223 2526 2283 2574 ut
2308 2519 2360 2574 in
2390 2518 2780 2589 praedestinatis
2814 2518 2930 2572 sine
2958 2516 3270 2587 ptenitentia
3312 2517 3419 2572 sint
3440 2516 3579 2573 dona

1997 2622 2052 2667 et
2076 2611 2284 2666 vocatio
2332 2611 2463 2677 Dei;
2495 2618 2586 2665 aut
2635 2610 2858 2681 gratiam
2909 2608 3002 2665 Dei
3047 2608 3338 2665 secundum
3394 2609 3583 2665 merita

1998 2714 2179 2762 nostra
2223 2704 2335 2760 dari
2389 2703 2781 2770 conﬁtendum,
2827 2703 2967 2775 quod
3016 2704 3231 2775 sapiunt
3279 2704 3583 2776 Pelagiani,

1999 2796 2239 2869 quamvis
2265 2797 2365 2853 ista
2393 2796 2680 2864 sententia,
2699 2796 2842 2869 quod
2862 2811 3005 2868 saepe
3020 2796 3131 2867 jam
3159 2797 3411 2864 diximus,
3442 2796 3587 2869 lega-

2000 2899 2084 2946 tur
2104 2890 2267 2961 gestis
2294 2890 2665 2960 episc0porum
2686 2887 3024 2945 orientalium
3051 2889 3213 2944 etiam
3236 2888 3406 2959 ipsius
3432 2888 3587 2944 Pelao

1996 2983 2069 3052 gii
2096 2997 2189 3037 ore
2212 2981 2461 3037 damnata
2489 2980 2592 3051 (De
2633 2979 2798 3037 Gesti:
2838 2980 3059 3053 Pelagii,
3107 2998 3161 3036 η.
3212 2982 3327 3054 50).
3356 2983 3401 3036 Α
3431 2981 3585 3038 Pela-

1996 3076 2277 3148 gianorum
2331 3090 2493 3146 porro
2540 3068 2791 3132 haeretica
2840 3075 3189 3146 perversitate
3240 3083 3445 3131 tantum
3496 3077 3582 3132 isti

1999 3168 2190 3224 remoti
2220 3174 2364 3235 sunt,
2396 3176 2616 3240 propter
2640 3181 2774 3236 quos
2800 3166 2916 3222 haec
2952 3167 3178 3238 agimus,
3203 3178 3262 3224 ut
3283 3170 3409 3226 licet
3451 3185 3587 3225 non-

1997 3260 2124 3316 dum
2153 3260 2319 3315 velint
2362 3258 2514 3314 fateri
2564 3259 2972 3330 praedestinatos
3015 3274 3156 3326 esse,
3212 3262 3301 3332 qui
3352 3276 3448 3333 per
3491 3263 3585 3319 Dei
3676 3246 3691 3253 “
3797 3302 3819 3327 .

1996 3353 2219 3425 gratiam
2246 3350 2376 3407 ﬁant
2402 3351 2713 3408 obedientes
2746 3360 2905 3423 atque
2941 3364 3321 3424 permaneant;
3356 3355 3466 3426 jam
3498 3364 3582 3412 ta-

1998 3464 2127 3504 men
2172 3445 2460 3515 fateantur,
2505 3446 2647 3517 quod
2686 3461 2873 3503 eorum
2911 3449 3200 3518 praeveniat
3248 3447 3582 3505 voluntatem

2001 3541 2196 3614 quibus
2221 3539 2380 3594 datur
2406 3538 2522 3595 haec
2543 3538 2713 3609 gratia
2741 3556 2755 3591 :
2779 3538 2901 3594 ideo
2926 3539 3110 3609 utique
3133 3579 3149 3604 ,
3177 3553 3245 3595 ne
3281 3555 3389 3595 non
3420 3540 3586 3612 gratis

1999 3633 2117 3691 dari
2154 3632 2404 3688 credatur
2437 3632 2635 3702 gratia,
2666 3630 2801 3686 sicut
2827 3632 3028 3687 veritas
3061 3630 3325 3701 loquitur;
3363 3630 3458 3687 sed
3489 3646 3588 3703 po-

2001 3727 2105 3782 tius
2138 3724 2430 3782 secundum
2480 3722 2829 3795 prmeedentis
2859 3724 3050 3778 merita
3087 3722 3409 3790 voluntatis,
3451 3723 3589 3780 sicut

2001 3826 2187 3875 contra
2207 3817 2486 3872 veritatem
2514 3815 2828 3885 Pelagianus
2857 3829 3009 3869 error
3026 3814 3347 3885 obloquitur
3377 3815 3589 3872 Praeve-

2002 3912 2081 3968 nit
2097 3926 2226 3983 ergo
2253 3919 2306 3965 et
2326 3909 2485 3965 ﬁdem
2510 3909 2678 3980 gratia
2713 3926 2726 3963 :
2752 3909 2984 3979 alioquin
3012 3909 3059 3963 si
3081 3908 3211 3965 ﬁdes
3240 3924 3360 3965 eam
3380 3924 3586 3981 preve-

2002 4007 2099 4071 nit,
2122 4002 2489 4075 proculdubio
2514 4001 2771 4072 praevenit
2787 4008 2844 4057 et
2870 4000 3135 4066 voluntas,
3175 4002 3423 4072 quoniam
3454 4002 3589 4059 ﬁdes

2002 4099 2120 4155 sine
2141 4097 2410 4153 voluntate
2432 4110 2537 4150 non
2562 4102 2739 4164 potest
2763 4108 2907 4151 esse.
2927 4092 2984 4149 Si
3005 4103 3181 4148 autem
3198 4094 3366 4165 gratia
3386 4110 3590 4164 praeve-

2004 4194 2083 4249 nit
2110 4190 2292 4256 ﬁdem,
2333 4189 2584 4261 quoniam
2634 4187 2892 4258 prrevenit
2938 4187 3298 4253 voluntatem;
3348 4186 3589 4257 profecto

2006 4284 2264 4358 praevenit
2288 4297 2501 4337 omnem
2528 4279 2923 4344 obedientiam;
2961 4278 3221 4350 praevenit
3255 4278 3414 4333 etiam
3452 4277 3587 4334 clta-

2003 4381 2237 4447 ritatem,
2266 4393 2370 4449 qua
2399 4390 2502 4432 una
2524 4375 2633 4430 Deo
2675 4373 2936 4429 veraciter
2968 4381 3023 4427 et
3049 4373 3282 4427 suaviter
3307 4371 3587 4441 obeditur;

2005 4481 2060 4528 et
2083 4472 2199 4527 haec
2224 4468 2404 4532 omnia
2441 4467 2611 4539 gratia
2648 4465 2700 4520 in
2733 4479 2801 4521 eo
2840 4464 2925 4521 cui
2963 4463 3139 4534 datur,
3175 4472 3231 4520 et
3283 4464 3436 4535 cujus
3474 4465 3590 4521 haec

2004 4564 2182 4620 omnia
2206 4560 2479 4632 praevenit,
2513 4566 2782 4629 operatur.

2074 4654 2300 4715 CAPUT
2338 4651 2503 4708 XVII.
2542 4681 2615 4692 —
2649 4649 2838 4706 Restat
2857 4649 2913 4705 in
2943 4648 3027 4705 bis
3056 4648 3211 4705 bonis
3244 4663 3413 4721 usque
3441 4649 3497 4711 in
3525 4648 3593 4706 ﬁ-

2006 4764 2128 4805 nem
2154 4743 2572 4819 perseverantia,
2616 4757 2734 4813 quae
2773 4740 2970 4796 frustra
3015 4739 3249 4812 quotidie
3291 4755 3323 4795 a
3366 4740 3591 4797 Domino

2003 4843 2261 4917 poscitur,
2297 4840 2342 4897 si
2373 4854 2480 4895 non
2506 4852 2625 4892 eam
2663 4836 2916 4890 Dominus
2951 4851 3047 4904 per
3077 4833 3298 4905 gratiam
3346 4847 3496 4889 suam
3536 4835 3589 4891 in

2005 4936 2118 5002 illo,
2139 4933 2292 5004 cujus
2325 4930 2598 4986 orationes
2630 4925 2867 4993 exaudit,
2899 4932 3169 4996 operatur.
3198 4923 3390 4981 Videte
3409 4923 3521 4996 jam
3559 4940 3589 4981 a

2006 5025 2230 5083 veritate
2260 5037 2418 5094 quam
2452 5021 2522 5075 sit
2556 5019 2810 5085 alienum,
2856 5033 3051 5089 negare
3085 5006 3284 5073 donum
3326 5016 3420 5073 Dei
3474 5031 3596 5075 esse

2007 5114 2461 5191 perseverantiam
2487 5126 2657 5182 usque
2681 5110 2734 5165 in
2764 5110 2922 5164 finem
2954 5108 3111 5179 hujus
3135 5108 3258 5164 vita:
3285 5126 3298 5163 :
3330 5122 3452 5163 cum
3475 5108 3596 5161 vita:

1956 5198 1963 5203 ’
2008 5212 2152 5277 huic,
2175 5207 2387 5282 quando
2428 5205 2675 5271 voluerit,
2708 5203 2821 5274 ipse
2844 5202 2937 5258 det
2971 5203 3162 5268 ﬁnem;
3213 5215 3373 5272 quem
3417 5199 3461 5255 si
3507 5199 3598 5254 dat

2009 5310 2131 5358 ante
2151 5301 2516 5356 imminentem
2538 5297 2765 5366 lapsum,
2801 5293 2925 5348 facit
2948 5292 3214 5347 hominem
3254 5303 3597 5361 perseverare

2009 5408 2180 5465 usque
2198 5394 2252 5448 in
2278 5391 2460 5448 ﬁnem.
2491 5388 2600 5446 Sed
2630 5386 2922 5444 mirabilior
2945 5395 3000 5442 et
3033 5384 3281 5440 ﬁdelibus
3300 5381 3600 5439 evidsutior

2013 5486 2230 5558 largitas
2267 5483 2520 5539 bonitatis
2546 5481 2639 5537 Dei
2661 5489 2763 5545 est,
2788 5476 2930 5549 quod
2958 5477 3118 5533 etiam
3138 5473 3599 5546 parvulis,quibus

2012 5577 2313 5635 obedientia
2364 5591 2470 5631 non
2505 5582 2591 5632 est
2622 5572 2766 5629 illius
2799 5570 2970 5626 aetatis
3000 5576 3060 5622 ut
3085 5566 3261 5634 detur,
3290 5564 3446 5622 datur
3484 5562 3601 5623 haec

2012 5671 2201 5745 gratia.
2231 5668 2337 5725 Ista
2377 5668 2537 5739 igitur
2574 5681 2669 5722 sua
2697 5665 2834 5721 dona
2863 5662 3283 5734 quibuscumque
3322 5658 3465 5715 Deus
3497 5657 3594 5715 do-

2013 5771 2126 5831 nat,
2151 5762 2517 5835 proculdubio
2538 5775 2598 5817 se
2630 5760 2953 5816 donaturum
2975 5770 3097 5814 esse
3120 5754 3389 5827 praescivit
3411 5797 3427 5823 ,
3455 5762 3512 5811 et
3542 5753 3600 5810 in

2016 5871 2112 5917 sua
2135 5854 2470 5929 prmscientia
2499 5851 2837 5925 praeparavit.
2858 5850 3004 5919 Quos
3018 5863 3148 5921 ergo
3174 5844 3594 5921 prmdestinavit,
