  <div class='ocr_page' id='page_1' title='image "/cluster/home/n/w/nwhite01/storage/ocr_20150623/44-45/uva.x000217727/515.png"; bbox 0 0 4102 6514; ppageno 0'>
   <div class='ocr_carea' id='block_1_1' title="bbox 591 390 729 451">
    <p class='ocr_par' dir='ltr' id='par_1_1' title="bbox 591 390 729 451">
     <span class='ocr_line' id='line_1_1' title="bbox 591 390 729 451; baseline 0.029 -3"><span class='ocrx_word' id='word_1_1' title='bbox 591 390 729 451; x_wconf 57' lang='lat' dir='ltr'><strong>ibi!)</strong></span> 
     </span>
    </p>
   </div>
   <div class='ocr_carea' id='block_1_2' title="bbox 1854 371 2660 453">
    <p class='ocr_par' dir='ltr' id='par_1_2' title="bbox 1854 371 2660 453">
     <span class='ocr_line' id='line_1_2' title="bbox 1854 371 2660 453; baseline 0.012 -9"><span class='ocrx_word' id='word_1_2' title='bbox 1854 376 1908 445; x_wconf 80' lang='lat' dir='ltr'><strong>s.</strong></span> <span class='ocrx_word' id='word_1_3' title='bbox 1950 371 2320 448; x_wconf 63' lang='lat' dir='ltr'><strong>iocosum</strong></span> <span class='ocrx_word' id='word_1_4' title='bbox 2352 378 2660 453; x_wconf 74' lang='lat' dir='ltr'><strong>EPISCOPI</strong></span> 
     </span>
    </p>
   </div>
   <div class='ocr_carea' id='block_1_3' title="bbox 3734 404 3880 467">
    <p class='ocr_par' dir='ltr' id='par_1_3' title="bbox 3734 404 3880 467">
     <span class='ocr_line' id='line_1_3' title="bbox 3734 404 3880 467; baseline 0.048 -6"><span class='ocrx_word' id='word_1_5' title='bbox 3734 404 3880 467; x_wconf 66' lang='grc' dir='ltr'><strong>ιοξο</strong></span> 
     </span>
    </p>
   </div>
   <div class='ocr_carea' id='block_1_4' title="bbox 588 504 3876 598">
    <p class='ocr_par' dir='ltr' id='par_1_4' title="bbox 588 504 3876 598">
     <span class='ocr_line' id='line_1_4' title="bbox 588 504 3876 598; baseline 0.007 -37"><span class='ocrx_word' id='word_1_6' title='bbox 588 506 732 580; x_wconf 87' lang='lat' dir='ltr'><strong>ipsos</strong></span> <span class='ocrx_word' id='word_1_7' title='bbox 756 516 810 565; x_wconf 83' lang='lat' dir='ltr'><strong>et</strong></span> <span class='ocrx_word' id='word_1_8' title='bbox 833 506 1036 563; x_wconf 78' lang='lat' dir='ltr'><strong>vocavit</strong></span> <span class='ocrx_word' id='word_1_9' title='bbox 1070 504 1247 577; x_wconf 74' lang='lat' dir='ltr'><strong>(Rom.</strong></span> <span class='ocrx_word' id='word_1_10' title='bbox 1293 506 1404 575; x_wconf 75' lang='lat' dir='ltr'><strong>&#39;v&#39;u&#39;t,</strong></span> <span class='ocrx_word' id='word_1_11' title='bbox 1433 507 1525 577; x_wconf 76' lang='lat'><strong>50)</strong></span> <span class='ocrx_word' id='word_1_12' title='bbox 1561 508 1837 565; x_wconf 58' lang='lat' dir='ltr'><strong>Vocatione</strong></span> <span class='ocrx_word' id='word_1_13' title='bbox 1866 508 1976 576; x_wconf 87' lang='lat' dir='ltr'><strong>illa,</strong></span> <span class='ocrx_word' id='word_1_14' title='bbox 1996 522 2168 598; x_wconf 83' lang='lat' dir='ltr'><strong>quam</strong></span> <span class='ocrx_word' id='word_1_15' title='bbox 2276 514 2402 563; x_wconf 88' lang='lat' dir='ltr'><strong>ante</strong></span> <span class='ocrx_word' id='word_1_16' title='bbox 2440 522 2540 564; x_wconf 89' lang='lat' dir='ltr'><strong>nos</strong></span> <span class='ocrx_word' id='word_1_17' title='bbox 2564 508 2769 581; x_wconf 83' lang='lat' dir='ltr'><strong>eloquia</strong></span> <span class='ocrx_word' id='word_1_18' title='bbox 2814 511 2992 571; x_wconf 88' lang='lat' dir='ltr'><strong>divina</strong></span> <span class='ocrx_word' id='word_1_19' title='bbox 3021 524 3316 577; x_wconf 73' lang='lat' dir='ltr'><strong>tractarunt</strong></span> <span class='ocrx_word' id='word_1_20' title='bbox 3344 538 3362 577; x_wconf 86' lang='lat'><strong>:</strong></span> <span class='ocrx_word' id='word_1_21' title='bbox 3390 520 3465 579; x_wconf 88' lang='lat' dir='ltr'><strong>ibi</strong></span> <span class='ocrx_word' id='word_1_22' title='bbox 3493 520 3623 596; x_wconf 79' lang='lat' dir='ltr'><strong>ergo</strong></span> <span class='ocrx_word' id='word_1_23' title='bbox 3646 524 3876 598; x_wconf 81' lang='lat' dir='ltr'><strong>legitur,</strong></span> 
     </span>
    </p>
   </div>
   <div class='ocr_carea' id='block_1_5' title="bbox 584 592 2162 671">
    <p class='ocr_par' dir='ltr' id='par_1_5' title="bbox 584 592 2162 671">
     <span class='ocr_line' id='line_1_5' title="bbox 584 592 2162 671; baseline 0.002 -18"><span class='ocrx_word' id='word_1_24' title='bbox 584 614 674 655; x_wconf 89' lang='lat' dir='ltr'><strong>me</strong></span> <span class='ocrx_word' id='word_1_25' title='bbox 702 613 844 669; x_wconf 67' lang='lat' dir='ltr'><strong>saepe</strong></span> <span class='ocrx_word' id='word_1_26' title='bbox 865 600 1284 654; x_wconf 80' lang='lat' dir='ltr'><strong>commemorare</strong></span> <span class='ocrx_word' id='word_1_27' title='bbox 1301 613 1411 654; x_wconf 87' lang='lat' dir='ltr'><strong>non</strong></span> <span class='ocrx_word' id='word_1_28' title='bbox 1437 600 1596 670; x_wconf 85' lang='lat' dir='ltr'><strong>piget,</strong></span> <span class='ocrx_word' id='word_1_29' title='bbox 1621 600 1686 655; x_wconf 88' lang='lat' dir='ltr'><strong>de</strong></span> <span class='ocrx_word' id='word_1_30' title='bbox 1707 615 1810 671; x_wconf 88' lang='lat' dir='ltr'><strong>qua</strong></span> <span class='ocrx_word' id='word_1_31' title='bbox 1835 592 2033 656; x_wconf 79' lang='lat' dir='ltr'><strong>dictum</strong></span> <span class='ocrx_word' id='word_1_32' title='bbox 2055 600 2162 669; x_wconf 88' lang='lat' dir='ltr'><strong>est,</strong></span> 
     </span>
    </p>
   </div>
   <div class='ocr_carea' id='block_1_6' title="bbox 586 692 2161 769">
    <p class='ocr_par' dir='ltr' id='par_1_6' title="bbox 586 692 2161 769">
     <span class='ocr_line' id='line_1_6' title="bbox 586 692 2161 769; baseline 0.003 -22"><span class='ocrx_word' id='word_1_33' title='bbox 586 692 711 747; x_wconf 83' lang='lat' dir='ltr'><strong>Sine</strong></span> <span class='ocrx_word' id='word_1_34' title='bbox 729 692 1017 760; x_wconf 75' lang='lat' dir='ltr'><strong>paenitentia</strong></span> <span class='ocrx_word' id='word_1_35' title='bbox 1036 700 1151 746; x_wconf 86' lang='lat' dir='ltr'><strong>sunt</strong></span> <span class='ocrx_word' id='word_1_36' title='bbox 1180 693 1316 747; x_wconf 82' lang='lat' dir='ltr'><strong>doma</strong></span> <span class='ocrx_word' id='word_1_37' title='bbox 1343 693 1389 747; x_wconf 76' lang='lat' dir='ltr'><strong>et</strong></span> <span class='ocrx_word' id='word_1_38' title='bbox 1420 694 1610 748; x_wconf 86' lang='lat' dir='ltr'><strong>vacatio</strong></span> <span class='ocrx_word' id='word_1_39' title='bbox 1648 692 1742 749; x_wconf 78' lang='lat' dir='ltr'><strong>Dei</strong></span> <span class='ocrx_word' id='word_1_40' title='bbox 1780 693 1892 763; x_wconf 85' lang='lat' dir='ltr'><strong>(id.</strong></span> <span class='ocrx_word' id='word_1_41' title='bbox 1930 696 2005 763; x_wconf 72' lang='lat' dir='ltr'><strong>in,</strong></span> <span class='ocrx_word' id='word_1_42' title='bbox 2044 692 2161 769; x_wconf 75' lang='lat'><strong>29).</strong></span> 
     </span>
    </p>
   </div>
   <div class='ocr_carea' id='block_1_7' title="bbox 584 782 2161 859">
    <p class='ocr_par' dir='ltr' id='par_1_7' title="bbox 584 782 2161 859">
     <span class='ocr_line' id='line_1_7' title="bbox 584 782 2161 859; baseline 0.003 -21"><span class='ocrx_word' id='word_1_43' title='bbox 584 782 820 855; x_wconf 74' lang='lat' dir='ltr'><strong>Namque</strong></span> <span class='ocrx_word' id='word_1_44' title='bbox 846 785 897 838; x_wconf 89' lang='lat' dir='ltr'><strong>iu</strong></span> <span class='ocrx_word' id='word_1_45' title='bbox 939 794 1035 839; x_wconf 85' lang='lat' dir='ltr'><strong>sua</strong></span> <span class='ocrx_word' id='word_1_46' title='bbox 1062 788 1186 854; x_wconf 84' lang='lat' dir='ltr'><strong>&#39;quac</strong></span> <span class='ocrx_word' id='word_1_47' title='bbox 1215 786 1319 839; x_wconf 77' lang='lat' dir='ltr'><strong>falli</strong></span> <span class='ocrx_word' id='word_1_48' title='bbox 1349 786 1653 857; x_wconf 91' lang='lat' dir='ltr'><strong>mutarique</strong></span> <span class='ocrx_word' id='word_1_49' title='bbox 1678 788 1785 842; x_wconf 84' lang='lat' dir='ltr'><strong>&#39;uon</strong></span> <span class='ocrx_word' id='word_1_50' title='bbox 1818 797 1991 857; x_wconf 89' lang='lat' dir='ltr'><strong>potest</strong></span> <span class='ocrx_word' id='word_1_51' title='bbox 2021 803 2161 859; x_wconf 74' lang='lat' dir='ltr'><strong>pra:-</strong></span> 
     </span>
    </p>
   </div>
   <div class='ocr_carea' id='block_1_8' title="bbox 578 875 2162 947">
    <p class='ocr_par' dir='ltr' id='par_1_8' title="bbox 578 875 2162 947">
     <span class='ocr_line' id='line_1_8' title="bbox 578 875 2162 947; baseline 0.004 -17"><span class='ocrx_word' id='word_1_52' title='bbox 578 875 798 930; x_wconf 79' lang='lat' dir='ltr'><strong>scien‘tia</strong></span> <span class='ocrx_word' id='word_1_53' title='bbox 818 917 832 938; x_wconf 84' lang='lat'><strong>,</strong></span> <span class='ocrx_word' id='word_1_54' title='bbox 857 880 1018 945; x_wconf 82' lang='lat' dir='ltr'><strong>opera</strong></span> <span class='ocrx_word' id='word_1_55' title='bbox 1042 878 1137 930; x_wconf 73' lang='lat' dir='ltr'><strong>sua</strong></span> <span class='ocrx_word' id='word_1_56' title='bbox 1169 875 1341 931; x_wconf 80' lang='lat' dir='ltr'><strong>futura</strong></span> <span class='ocrx_word' id='word_1_57' title='bbox 1365 877 1649 946; x_wconf 78' lang='lat' dir='ltr'><strong>disponere</strong></span> <span class='ocrx_word' id='word_1_58' title='bbox 1670 921 1684 947; x_wconf 94' lang='lat'><strong>,</strong></span> <span class='ocrx_word' id='word_1_59' title='bbox 1716 879 1771 934; x_wconf 91' lang='lat' dir='ltr'><strong>id</strong></span> <span class='ocrx_word' id='word_1_60' title='bbox 1798 881 2036 945; x_wconf 84' lang='lat' dir='ltr'><strong>omnino,</strong></span> <span class='ocrx_word' id='word_1_61' title='bbox 2064 886 2162 937; x_wconf 80' lang='lat' dir='ltr'><strong>nec</strong></span> 
     </span>
    </p>
   </div>
   <div class='ocr_carea' id='block_1_9' title="bbox 575 969 2160 1040">
    <p class='ocr_par' dir='ltr' id='par_1_9' title="bbox 575 969 2160 1040">
     <span class='ocr_line' id='line_1_9' title="bbox 575 969 2160 1040; baseline 0.004 -17"><span class='ocrx_word' id='word_1_62' title='bbox 575 969 718 1025; x_wconf 88' lang='lat' dir='ltr'><strong>aliud</strong></span> <span class='ocrx_word' id='word_1_63' title='bbox 754 969 1044 1040; x_wconf 71' lang='lat' dir='ltr'><strong>quidquam</strong></span> <span class='ocrx_word' id='word_1_64' title='bbox 1098 978 1180 1025; x_wconf 69' lang='grc' dir='ltr'><strong>εει</strong></span> <span class='ocrx_word' id='word_1_65' title='bbox 1220 970 1623 1040; x_wconf 73' lang='lat' dir='ltr'><strong>praedestinare.</strong></span> <span class='ocrx_word' id='word_1_66' title='bbox 1660 971 1810 1028; x_wconf 91' lang='lat' dir='ltr'><strong>Sicut</strong></span> <span class='ocrx_word' id='word_1_67' title='bbox 1855 982 2031 1029; x_wconf 86' lang='lat' dir='ltr'><strong>autem</strong></span> <span class='ocrx_word' id='word_1_68' title='bbox 2069 972 2160 1030; x_wconf 84' lang='lat' dir='ltr'><strong>ille</strong></span> 
     </span>
    </p>
   </div>
   <div class='ocr_carea' id='block_1_10' title="bbox 574 1061 2160 1136">
    <p class='ocr_par' dir='ltr' id='par_1_10' title="bbox 574 1061 2160 1136">
     <span class='ocr_line' id='line_1_10' title="bbox 574 1061 2160 1136; baseline 0.001 -18"><span class='ocrx_word' id='word_1_69' title='bbox 574 1066 730 1130; x_wconf 79' lang='lat' dir='ltr'><strong>quem</strong></span> <span class='ocrx_word' id='word_1_70' title='bbox 761 1066 965 1116; x_wconf 85' lang='lat' dir='ltr'><strong>castum</strong></span> <span class='ocrx_word' id='word_1_71' title='bbox 997 1061 1229 1117; x_wconf 81' lang='lat' dir='ltr'><strong>futurum</strong></span> <span class='ocrx_word' id='word_1_72' title='bbox 1251 1078 1369 1118; x_wconf 91' lang='lat' dir='ltr'><strong>esse</strong></span> <span class='ocrx_word' id='word_1_73' title='bbox 1399 1064 1694 1131; x_wconf 64' lang='lat' dir='ltr'><strong>priescivit,</strong></span> <span class='ocrx_word' id='word_1_74' title='bbox 1725 1065 1968 1136; x_wconf 83' lang='lat' dir='ltr'><strong>quamvis</strong></span> <span class='ocrx_word' id='word_1_75' title='bbox 1993 1066 2045 1119; x_wconf 93' lang='lat' dir='ltr'><strong>id</strong></span> <span class='ocrx_word' id='word_1_76' title='bbox 2072 1066 2160 1121; x_wconf 88' lang='lat' dir='ltr'><strong>in-</strong></span> 
     </span>
    </p>
   </div>
   <div class='ocr_carea' id='block_1_11' title="bbox 570 1150 2155 1228">
    <p class='ocr_par' dir='ltr' id='par_1_11' title="bbox 570 1150 2155 1228">
     <span class='ocr_line' id='line_1_11' title="bbox 570 1150 2155 1228; baseline 0.008 -24"><span class='ocrx_word' id='word_1_77' title='bbox 570 1150 775 1205; x_wconf 79' lang='lat' dir='ltr'><strong>certum</strong></span> <span class='ocrx_word' id='word_1_78' title='bbox 799 1153 1010 1221; x_wconf 86' lang='lat' dir='ltr'><strong>habeat,</strong></span> <span class='ocrx_word' id='word_1_79' title='bbox 1036 1154 1143 1225; x_wconf 89' lang='lat' dir='ltr'><strong>agit</strong></span> <span class='ocrx_word' id='word_1_80' title='bbox 1163 1164 1217 1208; x_wconf 89' lang='lat' dir='ltr'><strong>ut</strong></span> <span class='ocrx_word' id='word_1_81' title='bbox 1233 1164 1410 1209; x_wconf 83' lang='lat' dir='ltr'><strong>castus</strong></span> <span class='ocrx_word' id='word_1_82' title='bbox 1430 1156 1539 1212; x_wconf 90' lang='lat' dir='ltr'><strong>sit:</strong></span> <span class='ocrx_word' id='word_1_83' title='bbox 1572 1159 1640 1211; x_wconf 90' lang='lat' dir='ltr'><strong>ita</strong></span> <span class='ocrx_word' id='word_1_84' title='bbox 1658 1158 1747 1213; x_wconf 89' lang='lat' dir='ltr'><strong>ille</strong></span> <span class='ocrx_word' id='word_1_85' title='bbox 1768 1173 1924 1228; x_wconf 87' lang='lat' dir='ltr'><strong>quem</strong></span> <span class='ocrx_word' id='word_1_86' title='bbox 1947 1168 2155 1216; x_wconf 77' lang='lat' dir='ltr'><strong>castum</strong></span> 
     </span>
    </p>
   </div>
   <div class='ocr_carea' id='block_1_12' title="bbox 569 1240 2153 1320">
    <p class='ocr_par' dir='ltr' id='par_1_12' title="bbox 569 1240 2153 1320">
     <span class='ocr_line' id='line_1_12' title="bbox 569 1240 2153 1320; baseline 0.006 -24"><span class='ocrx_word' id='word_1_87' title='bbox 569 1240 805 1297; x_wconf 80' lang='lat' dir='ltr'><strong>futurum</strong></span> <span class='ocrx_word' id='word_1_88' title='bbox 830 1244 1245 1314; x_wconf 66' lang='lat' dir='ltr'><strong>praedestinavit,</strong></span> <span class='ocrx_word' id='word_1_89' title='bbox 1284 1249 1527 1318; x_wconf 80' lang='lat' dir='ltr'><strong>quamvis</strong></span> <span class='ocrx_word' id='word_1_90' title='bbox 1556 1249 1607 1302; x_wconf 90' lang='lat' dir='ltr'><strong>id</strong></span> <span class='ocrx_word' id='word_1_91' title='bbox 1636 1249 1895 1304; x_wconf 90' lang='lat' dir='ltr'><strong>incertum</strong></span> <span class='ocrx_word' id='word_1_92' title='bbox 1927 1251 2119 1306; x_wconf 85' lang='lat' dir='ltr'><strong>habeat</strong></span> <span class='ocrx_word' id='word_1_93' title='bbox 2138 1293 2153 1320; x_wconf 90' lang='lat'><strong>,</strong></span> 
     </span>
    </p>
   </div>
   <div class='ocr_carea' id='block_1_13' title="bbox 567 1335 2155 1411">
    <p class='ocr_par' dir='ltr' id='par_1_13' title="bbox 567 1335 2155 1411">
     <span class='ocr_line' id='line_1_13' title="bbox 567 1335 2155 1411; baseline 0.006 -21"><span class='ocrx_word' id='word_1_94' title='bbox 567 1349 674 1390; x_wconf 89' lang='lat' dir='ltr'><strong>non</strong></span> <span class='ocrx_word' id='word_1_95' title='bbox 705 1335 827 1390; x_wconf 91' lang='lat' dir='ltr'><strong>ideo</strong></span> <span class='ocrx_word' id='word_1_96' title='bbox 846 1342 952 1391; x_wconf 85' lang='lat' dir='ltr'><strong>non</strong></span> <span class='ocrx_word' id='word_1_97' title='bbox 973 1338 1089 1409; x_wconf 80' lang='lat' dir='ltr'><strong>agit</strong></span> <span class='ocrx_word' id='word_1_98' title='bbox 1120 1349 1176 1393; x_wconf 92' lang='lat' dir='ltr'><strong>ut</strong></span> <span class='ocrx_word' id='word_1_99' title='bbox 1198 1350 1379 1394; x_wconf 86' lang='lat' dir='ltr'><strong>castus</strong></span> <span class='ocrx_word' id='word_1_100' title='bbox 1398 1341 1485 1407; x_wconf 85' lang='lat' dir='ltr'><strong>sit,</strong></span> <span class='ocrx_word' id='word_1_101' title='bbox 1517 1342 1765 1411; x_wconf 87' lang='lat' dir='ltr'><strong>quoniam</strong></span> <span class='ocrx_word' id='word_1_102' title='bbox 1801 1340 1896 1398; x_wconf 88' lang='lat' dir='ltr'><strong>Dei</strong></span> <span class='ocrx_word' id='word_1_103' title='bbox 1927 1342 2069 1398; x_wconf 92' lang='lat' dir='ltr'><strong>dono</strong></span> <span class='ocrx_word' id='word_1_104' title='bbox 2096 1354 2155 1399; x_wconf 88' lang='lat' dir='ltr'><strong>se</strong></span> 
     </span>
    </p>
   </div>
   <div class='ocr_carea' id='block_1_14' title="bbox 564 1426 2153 1508">
    <p class='ocr_par' dir='ltr' id='par_1_14' title="bbox 564 1426 2153 1508">
     <span class='ocr_line' id='line_1_14' title="bbox 564 1426 2153 1508; baseline 0.008 -28"><span class='ocrx_word' id='word_1_105' title='bbox 564 1426 716 1482; x_wconf 84' lang='lat' dir='ltr'><strong>audit</strong></span> <span class='ocrx_word' id='word_1_106' title='bbox 742 1426 978 1484; x_wconf 80' lang='lat' dir='ltr'><strong>futurum</strong></span> <span class='ocrx_word' id='word_1_107' title='bbox 1020 1433 1138 1486; x_wconf 83' lang='lat' dir='ltr'><strong>esse</strong></span> <span class='ocrx_word' id='word_1_108' title='bbox 1177 1431 1319 1501; x_wconf 85' lang='lat' dir='ltr'><strong>quod</strong></span> <span class='ocrx_word' id='word_1_109' title='bbox 1351 1434 1454 1488; x_wconf 90' lang='lat' dir='ltr'><strong>erit</strong></span> <span class='ocrx_word' id='word_1_110' title='bbox 1480 1434 1539 1499; x_wconf 80' lang='grc'><strong>¹;</strong></span> <span class='ocrx_word' id='word_1_111' title='bbox 1588 1435 1696 1490; x_wconf 89' lang='lat' dir='ltr'><strong>imo</strong></span> <span class='ocrx_word' id='word_1_112' title='bbox 1746 1436 1906 1490; x_wconf 89' lang='lat' dir='ltr'><strong>etiam</strong></span> <span class='ocrx_word' id='word_1_113' title='bbox 1954 1436 2153 1508; x_wconf 78' lang='lat' dir='ltr'><strong>gaudet</strong></span> 
     </span>
    </p>
   </div>
   <div class='ocr_carea' id='block_1_15' title="bbox 566 1516 2150 1601">
    <p class='ocr_par' dir='ltr' id='par_1_15' title="bbox 566 1516 2150 1601">
     <span class='ocr_line' id='line_1_15' title="bbox 566 1516 2150 1601; baseline 0.007 -27"><span class='ocrx_word' id='word_1_114' title='bbox 566 1519 685 1589; x_wconf 88' lang='lat' dir='ltr'><strong>ejus</strong></span> <span class='ocrx_word' id='word_1_115' title='bbox 710 1516 973 1585; x_wconf 69' lang='lat' dir='ltr'><strong>charitas;</strong></span> <span class='ocrx_word' id='word_1_116' title='bbox 1011 1537 1109 1579; x_wconf 87' lang='lat' dir='ltr'><strong>nec</strong></span> <span class='ocrx_word' id='word_1_117' title='bbox 1148 1524 1360 1579; x_wconf 84' lang='lat' dir='ltr'><strong>inﬂatur</strong></span> <span class='ocrx_word' id='word_1_118' title='bbox 1388 1525 1433 1594; x_wconf 92' lang='lat' dir='ltr'><strong>(l</strong></span> <span class='ocrx_word' id='word_1_119' title='bbox 1463 1525 1580 1581; x_wconf 88' lang='lat' dir='ltr'><strong>Cor.</strong></span> <span class='ocrx_word' id='word_1_120' title='bbox 1631 1543 1742 1592; x_wconf 79' lang='lat' dir='ltr'><strong>xm,</strong></span> <span class='ocrx_word' id='word_1_121' title='bbox 1775 1529 1851 1596; x_wconf 75' lang='grc'><strong>4),</strong></span> <span class='ocrx_word' id='word_1_122' title='bbox 1901 1537 2150 1601; x_wconf 81' lang='lat' dir='ltr'><strong>tanquam</strong></span> 
     </span>
    </p>
   </div>
   <div class='ocr_carea' id='block_1_16' title="bbox 567 1609 2149 1693">
    <p class='ocr_par' dir='ltr' id='par_1_16' title="bbox 567 1609 2149 1693">
     <span class='ocr_line' id='line_1_16' title="bbox 567 1609 2149 1693; baseline 0.009 -28"><span class='ocrx_word' id='word_1_123' title='bbox 567 1609 621 1665; x_wconf 92' lang='lat' dir='ltr'><strong>id</strong></span> <span class='ocrx_word' id='word_1_124' title='bbox 643 1626 747 1664; x_wconf 90' lang='lat' dir='ltr'><strong>non</strong></span> <span class='ocrx_word' id='word_1_125' title='bbox 776 1614 1057 1682; x_wconf 79' lang='lat' dir='ltr'><strong>accepeiit.</strong></span> <span class='ocrx_word' id='word_1_126' title='bbox 1080 1610 1194 1669; x_wconf 73' lang='lat' dir='ltr'><strong>Non</strong></span> <span class='ocrx_word' id='word_1_127' title='bbox 1228 1617 1399 1670; x_wconf 81' lang='lat' dir='ltr'><strong>solum</strong></span> <span class='ocrx_word' id='word_1_128' title='bbox 1429 1631 1557 1687; x_wconf 88' lang='lat' dir='ltr'><strong>ergo</strong></span> <span class='ocrx_word' id='word_1_129' title='bbox 1590 1618 1970 1688; x_wconf 59' lang='lat' dir='ltr'><strong>praedicatione</strong></span> <span class='ocrx_word' id='word_1_130' title='bbox 2008 1638 2149 1693; x_wconf 74' lang='lat' dir='ltr'><strong>pra:-</strong></span> 
     </span>
    </p>
   </div>
   <div class='ocr_carea' id='block_1_17' title="bbox 567 1701 2149 1780">
    <p class='ocr_par' dir='ltr' id='par_1_17' title="bbox 567 1701 2149 1780">
     <span class='ocr_line' id='line_1_17' title="bbox 567 1701 2149 1780; baseline 0.009 -23"><span class='ocrx_word' id='word_1_131' title='bbox 567 1701 937 1759; x_wconf 83' lang='lat' dir='ltr'><strong>destinationis</strong></span> <span class='ocrx_word' id='word_1_132' title='bbox 964 1706 1032 1760; x_wconf 84' lang='lat' dir='ltr'><strong>ab</strong></span> <span class='ocrx_word' id='word_1_133' title='bbox 1063 1706 1163 1760; x_wconf 88' lang='lat' dir='ltr'><strong>hoc</strong></span> <span class='ocrx_word' id='word_1_134' title='bbox 1190 1720 1352 1778; x_wconf 83' lang='lat' dir='ltr'><strong>opere</strong></span> <span class='ocrx_word' id='word_1_135' title='bbox 1382 1714 1492 1763; x_wconf 79' lang='lat' dir='ltr'><strong>non</strong></span> <span class='ocrx_word' id='word_1_136' title='bbox 1522 1709 1810 1780; x_wconf 82' lang='lat' dir='ltr'><strong>impeditur</strong></span> <span class='ocrx_word' id='word_1_137' title='bbox 1831 1755 1844 1778; x_wconf 92' lang='lat'><strong>,</strong></span> <span class='ocrx_word' id='word_1_138' title='bbox 1873 1728 2063 1769; x_wconf 89' lang='lat' dir='ltr'><strong>verum</strong></span> <span class='ocrx_word' id='word_1_139' title='bbox 2093 1724 2149 1772; x_wconf 90' lang='lat' dir='ltr'><strong>et</strong></span> 
     </span>
    </p>
   </div>
   <div class='ocr_carea' id='block_1_18' title="bbox 569 1794 2148 1879">
    <p class='ocr_par' dir='ltr' id='par_1_18' title="bbox 569 1794 2148 1879">
     <span class='ocr_line' id='line_1_18' title="bbox 569 1794 2148 1879; baseline 0.01 -31"><span class='ocrx_word' id='word_1_140' title='bbox 569 1794 634 1849; x_wconf 89' lang='lat' dir='ltr'><strong>ad</strong></span> <span class='ocrx_word' id='word_1_141' title='bbox 657 1794 761 1851; x_wconf 84' lang='lat' dir='ltr'><strong>hoc</strong></span> <span class='ocrx_word' id='word_1_142' title='bbox 798 1797 1099 1867; x_wconf 72' lang='lat' dir='ltr'><strong>adjmattir,</strong></span> <span class='ocrx_word' id='word_1_143' title='bbox 1130 1808 1185 1852; x_wconf 92' lang='lat' dir='ltr'><strong>ut</strong></span> <span class='ocrx_word' id='word_1_144' title='bbox 1212 1810 1334 1854; x_wconf 81' lang='lat' dir='ltr'><strong>cum</strong></span> <span class='ocrx_word' id='word_1_145' title='bbox 1367 1800 1645 1871; x_wconf 81' lang='lat' dir='ltr'><strong>gldriatur,</strong></span> <span class='ocrx_word' id='word_1_146' title='bbox 1677 1803 1731 1859; x_wconf 89' lang='lat' dir='ltr'><strong>in</strong></span> <span class='ocrx_word' id='word_1_147' title='bbox 1776 1805 1999 1861; x_wconf 89' lang='lat' dir='ltr'><strong>Domino</strong></span> <span class='ocrx_word' id='word_1_148' title='bbox 2032 1809 2148 1879; x_wconf 84' lang='lat' dir='ltr'><strong>glo-</strong></span> 
     </span>
    </p>
   </div>
   <div class='ocr_carea' id='block_1_19' title="bbox 565 1888 1069 1961">
    <p class='ocr_par' dir='ltr' id='par_1_19' title="bbox 565 1888 1069 1961">
     <span class='ocr_line' id='line_1_19' title="bbox 565 1888 1069 1961; baseline 0.006 -18"><span class='ocrx_word' id='word_1_149' title='bbox 565 1891 734 1945; x_wconf 83' lang='lat' dir='ltr'><strong>rietur</strong></span> <span class='ocrx_word' id='word_1_150' title='bbox 762 1891 806 1960; x_wconf 81' lang='grc' dir='ltr'>(ι</span> <span class='ocrx_word' id='word_1_151' title='bbox 840 1889 924 1944; x_wconf 82' lang='lat' dir='ltr'><strong>Id.</strong></span> <span class='ocrx_word' id='word_1_152' title='bbox 958 1888 1069 1961; x_wconf 73' lang='grc' dir='ltr'><strong>δι).</strong></span> 
     </span>
    </p>
   </div>
   <div class='ocr_carea' id='block_1_20' title="bbox 637 1982 2148 2059">
    <p class='ocr_par' dir='ltr' id='par_1_20' title="bbox 637 1982 2148 2059">
     <span class='ocr_line' id='line_1_20' title="bbox 637 1982 2148 2059; baseline 0.009 -23"><span class='ocrx_word' id='word_1_153' title='bbox 637 1982 726 2036; x_wconf 70' lang='grc'><strong>42.</strong></span> <span class='ocrx_word' id='word_1_154' title='bbox 758 1982 911 2050; x_wconf 84' lang='lat' dir='ltr'><strong>Quod</strong></span> <span class='ocrx_word' id='word_1_155' title='bbox 951 1988 1126 2039; x_wconf 80' lang='lat' dir='ltr'><strong>antem</strong></span> <span class='ocrx_word' id='word_1_156' title='bbox 1156 1982 1263 2040; x_wconf 83' lang='lat' dir='ltr'><strong>dixi</strong></span> <span class='ocrx_word' id='word_1_157' title='bbox 1289 1985 1356 2041; x_wconf 92' lang='lat' dir='ltr'><strong>de</strong></span> <span class='ocrx_word' id='word_1_158' title='bbox 1380 1988 1645 2057; x_wconf 82' lang='lat' dir='ltr'><strong>castitate,</strong></span> <span class='ocrx_word' id='word_1_159' title='bbox 1674 1989 1777 2046; x_wconf 91' lang='lat' dir='ltr'><strong>hoc</strong></span> <span class='ocrx_word' id='word_1_160' title='bbox 1804 1991 1871 2046; x_wconf 88' lang='lat' dir='ltr'><strong>de</strong></span> <span class='ocrx_word' id='word_1_161' title='bbox 1902 1989 2024 2059; x_wconf 78' lang='lat' dir='ltr'><strong>fide,</strong></span> <span class='ocrx_word' id='word_1_162' title='bbox 2044 1992 2148 2050; x_wconf 86' lang='lat' dir='ltr'><strong>hoc</strong></span> 
     </span>
    </p>
   </div>
   <div class='ocr_carea' id='block_1_21' title="bbox 562 2070 2146 2153">
    <p class='ocr_par' dir='ltr' id='par_1_21' title="bbox 562 2070 2146 2153">
     <span class='ocr_line' id='line_1_21' title="bbox 562 2070 2146 2153; baseline 0.01 -27"><span class='ocrx_word' id='word_1_163' title='bbox 562 2070 631 2126; x_wconf 81' lang='lat' dir='ltr'><strong>de</strong></span> <span class='ocrx_word' id='word_1_164' title='bbox 650 2073 863 2141; x_wconf 84' lang='lat' dir='ltr'><strong>pietate,</strong></span> <span class='ocrx_word' id='word_1_165' title='bbox 895 2073 995 2128; x_wconf 90' lang='lat' dir='ltr'><strong>hoc</strong></span> <span class='ocrx_word' id='word_1_166' title='bbox 1018 2074 1083 2129; x_wconf 92' lang='lat' dir='ltr'><strong>de</strong></span> <span class='ocrx_word' id='word_1_167' title='bbox 1109 2074 1386 2145; x_wconf 81' lang='lat' dir='ltr'><strong>charitate,</strong></span> <span class='ocrx_word' id='word_1_168' title='bbox 1420 2078 1488 2133; x_wconf 91' lang='lat' dir='ltr'><strong>de</strong></span> <span class='ocrx_word' id='word_1_169' title='bbox 1517 2084 1934 2153; x_wconf 85' lang='lat' dir='ltr'><strong>perseverantia,</strong></span> <span class='ocrx_word' id='word_1_170' title='bbox 1968 2093 2041 2152; x_wconf 88' lang='lat' dir='ltr'><strong>et,</strong></span> <span class='ocrx_word' id='word_1_171' title='bbox 2078 2103 2146 2143; x_wconf 91' lang='lat' dir='ltr'><strong>ne</strong></span> 
     </span>
    </p>
   </div>
   <div class='ocr_carea' id='block_1_22' title="bbox 563 2164 2147 2248">
    <p class='ocr_par' dir='ltr' id='par_1_22' title="bbox 563 2164 2147 2248">
     <span class='ocr_line' id='line_1_22' title="bbox 563 2164 2147 2248; baseline 0.011 -31"><span class='ocrx_word' id='word_1_172' title='bbox 563 2174 777 2235; x_wconf 89' lang='lat' dir='ltr'><strong>pergam</strong></span> <span class='ocrx_word' id='word_1_173' title='bbox 803 2169 901 2235; x_wconf 76' lang='lat' dir='ltr'><strong>per</strong></span> <span class='ocrx_word' id='word_1_174' title='bbox 925 2164 1152 2237; x_wconf 75' lang='lat' dir='ltr'><strong>singula,</strong></span> <span class='ocrx_word' id='word_1_175' title='bbox 1171 2168 1272 2224; x_wconf 85' lang='lat' dir='ltr'><strong>hoc</strong></span> <span class='ocrx_word' id='word_1_176' title='bbox 1298 2169 1365 2225; x_wconf 89' lang='lat' dir='ltr'><strong>de</strong></span> <span class='ocrx_word' id='word_1_177' title='bbox 1390 2172 1535 2226; x_wconf 89' lang='lat' dir='ltr'><strong>omni</strong></span> <span class='ocrx_word' id='word_1_178' title='bbox 1564 2173 1866 2230; x_wconf 86' lang='lat' dir='ltr'><strong>obedientia</strong></span> <span class='ocrx_word' id='word_1_179' title='bbox 1893 2192 1996 2248; x_wconf 86' lang='lat' dir='ltr'><strong>qua</strong></span> <span class='ocrx_word' id='word_1_180' title='bbox 2017 2178 2147 2235; x_wconf 90' lang='lat' dir='ltr'><strong>obe-</strong></span> 
     </span>
    </p>
   </div>
   <div class='ocr_carea' id='block_1_23' title="bbox 560 2254 2143 2337">
    <p class='ocr_par' dir='ltr' id='par_1_23' title="bbox 560 2254 2143 2337">
     <span class='ocr_line' id='line_1_23' title="bbox 560 2254 2143 2337; baseline 0.01 -28"><span class='ocrx_word' id='word_1_181' title='bbox 560 2254 701 2310; x_wconf 90' lang='lat' dir='ltr'><strong>ditur</strong></span> <span class='ocrx_word' id='word_1_182' title='bbox 746 2256 873 2320; x_wconf 87' lang='lat' dir='ltr'><strong>Deo,</strong></span> <span class='ocrx_word' id='word_1_183' title='bbox 906 2258 1245 2314; x_wconf 90' lang='lat' dir='ltr'><strong>veracissime</strong></span> <span class='ocrx_word' id='word_1_184' title='bbox 1273 2259 1377 2314; x_wconf 89' lang='lat' dir='ltr'><strong>dici</strong></span> <span class='ocrx_word' id='word_1_185' title='bbox 1411 2271 1603 2331; x_wconf 87' lang='lat' dir='ltr'><strong>potest.</strong></span> <span class='ocrx_word' id='word_1_186' title='bbox 1631 2261 1736 2320; x_wconf 89' lang='lat' dir='ltr'><strong>Sed</strong></span> <span class='ocrx_word' id='word_1_187' title='bbox 1766 2266 1801 2319; x_wconf 91' lang='lat' dir='ltr'><strong>ii</strong></span> <span class='ocrx_word' id='word_1_188' title='bbox 1839 2268 1929 2337; x_wconf 87' lang='lat' dir='ltr'><strong>qui</strong></span> <span class='ocrx_word' id='word_1_189' title='bbox 1969 2270 2143 2325; x_wconf 90' lang='lat' dir='ltr'><strong>solum</strong></span> 
     </span>
    </p>
   </div>
   <div class='ocr_carea' id='block_1_24' title="bbox 560 2346 2140 2424">
    <p class='ocr_par' dir='ltr' id='par_1_24' title="bbox 560 2346 2140 2424">
     <span class='ocr_line' id='line_1_24' title="bbox 560 2346 2140 2424; baseline 0.011 -24"><span class='ocrx_word' id='word_1_190' title='bbox 560 2346 767 2401; x_wconf 85' lang='lat' dir='ltr'><strong>initium</strong></span> <span class='ocrx_word' id='word_1_191' title='bbox 802 2346 922 2402; x_wconf 81' lang='lat' dir='ltr'><strong>ﬁdei</strong></span> <span class='ocrx_word' id='word_1_192' title='bbox 953 2358 1007 2403; x_wconf 82' lang='lat' dir='ltr'><strong>et</strong></span> <span class='ocrx_word' id='word_1_193' title='bbox 1036 2364 1202 2420; x_wconf 88' lang='lat' dir='ltr'><strong>usque</strong></span> <span class='ocrx_word' id='word_1_194' title='bbox 1233 2350 1285 2405; x_wconf 90' lang='lat' dir='ltr'><strong>in</strong></span> <span class='ocrx_word' id='word_1_195' title='bbox 1316 2351 1475 2407; x_wconf 81' lang='lat' dir='ltr'><strong>linem</strong></span> <span class='ocrx_word' id='word_1_196' title='bbox 1504 2358 1955 2424; x_wconf 85' lang='lat' dir='ltr'><strong>perseverantiam</strong></span> <span class='ocrx_word' id='word_1_197' title='bbox 1984 2362 2063 2416; x_wconf 90' lang='lat' dir='ltr'><strong>sic</strong></span> <span class='ocrx_word' id='word_1_198' title='bbox 2088 2362 2140 2417; x_wconf 93' lang='lat' dir='ltr'><strong>in</strong></span> 
     </span>
    </p>
   </div>
   <div class='ocr_carea' id='block_1_25' title="bbox 558 2441 2144 2524">
    <p class='ocr_par' dir='ltr' id='par_1_25' title="bbox 558 2441 2144 2524">
     <span class='ocr_line' id='line_1_25' title="bbox 558 2441 2144 2524; baseline 0.011 -31"><span class='ocrx_word' id='word_1_199' title='bbox 558 2442 739 2494; x_wconf 77' lang='lat' dir='ltr'><strong>nostra</strong></span> <span class='ocrx_word' id='word_1_200' title='bbox 757 2441 1087 2496; x_wconf 81' lang='lat' dir='ltr'><strong>constituunt</strong></span> <span class='ocrx_word' id='word_1_201' title='bbox 1110 2446 1391 2512; x_wconf 81' lang='lat' dir='ltr'><strong>p0testate&#39;,</strong></span> <span class='ocrx_word' id='word_1_202' title='bbox 1416 2454 1475 2500; x_wconf 81' lang='lat' dir='ltr'><strong>ut</strong></span> <span class='ocrx_word' id='word_1_203' title='bbox 1505 2448 1594 2501; x_wconf 92' lang='lat' dir='ltr'><strong>Dei</strong></span> <span class='ocrx_word' id='word_1_204' title='bbox 1612 2448 1750 2504; x_wconf 91' lang='lat' dir='ltr'><strong>dona</strong></span> <span class='ocrx_word' id='word_1_205' title='bbox 1771 2460 1891 2507; x_wconf 86' lang='lat' dir='ltr'><strong>esse</strong></span> <span class='ocrx_word' id='word_1_206' title='bbox 1914 2469 2019 2508; x_wconf 90' lang='lat' dir='ltr'><strong>non</strong></span> <span class='ocrx_word' id='word_1_207' title='bbox 2048 2468 2144 2524; x_wconf 87' lang='lat' dir='ltr'><strong>pu-</strong></span> 
     </span>
    </p>
   </div>
   <div class='ocr_carea' id='block_1_26' title="bbox 558 2532 2143 2609">
    <p class='ocr_par' dir='ltr' id='par_1_26' title="bbox 558 2532 2143 2609">
     <span class='ocr_line' id='line_1_26' title="bbox 558 2532 2143 2609; baseline 0.009 -22"><span class='ocrx_word' id='word_1_208' title='bbox 558 2539 689 2596; x_wconf 77' lang='lat' dir='ltr'><strong>tent,</strong></span> <span class='ocrx_word' id='word_1_209' title='bbox 722 2547 893 2603; x_wconf 77' lang='lat' dir='ltr'><strong>neque</strong></span> <span class='ocrx_word' id='word_1_210' title='bbox 918 2532 983 2587; x_wconf 81' lang='lat' dir='ltr'><strong>ad</strong></span> <span class='ocrx_word' id='word_1_211' title='bbox 1032 2532 1148 2589; x_wconf 61' lang='lat' dir='ltr'><strong>haec</strong></span> <span class='ocrx_word' id='word_1_212' title='bbox 1182 2534 1424 2591; x_wconf 76' lang='lat' dir='ltr'><strong>habenda</strong></span> <span class='ocrx_word' id='word_1_213' title='bbox 1454 2545 1612 2609; x_wconf 85' lang='lat' dir='ltr'><strong>atque</strong></span> <span class='ocrx_word' id='word_1_214' title='bbox 1655 2543 1933 2599; x_wconf 87' lang='lat' dir='ltr'><strong>retinenda</strong></span> <span class='ocrx_word' id='word_1_215' title='bbox 1975 2545 2143 2602; x_wconf 86' lang='lat' dir='ltr'><strong>Deum</strong></span> 
     </span>
    </p>
   </div>
   <div class='ocr_carea' id='block_1_27' title="bbox 556 2626 2145 2699">
    <p class='ocr_par' dir='ltr' id='par_1_27' title="bbox 556 2626 2145 2699">
     <span class='ocr_line' id='line_1_27' title="bbox 556 2626 2145 2699; baseline 0.011 -22"><span class='ocrx_word' id='word_1_216' title='bbox 556 2626 770 2695; x_wconf 81' lang='lat' dir='ltr'><strong>operari</strong></span> <span class='ocrx_word' id='word_1_217' title='bbox 797 2634 1008 2681; x_wconf 86' lang='lat' dir='ltr'><strong>nostras</strong></span> <span class='ocrx_word' id='word_1_218' title='bbox 1035 2627 1383 2697; x_wconf 78' lang='lat' dir='ltr'><strong>cogitationes</strong></span> <span class='ocrx_word' id='word_1_219' title='bbox 1408 2638 1459 2686; x_wconf 91' lang='lat' dir='ltr'><strong>et</strong></span> <span class='ocrx_word' id='word_1_220' title='bbox 1489 2632 1807 2699; x_wconf 71' lang='lat' dir='ltr'><strong>voluntates,</strong></span> <span class='ocrx_word' id='word_1_221' title='bbox 1836 2647 2026 2692; x_wconf 62' lang='lat' dir='ltr'><strong>cmtera</strong></span> <span class='ocrx_word' id='word_1_222' title='bbox 2053 2656 2145 2695; x_wconf 89' lang='lat' dir='ltr'><strong>ve-</strong></span> 
     </span>
    </p>
   </div>
   <div class='ocr_carea' id='block_1_28' title="bbox 555 2714 2144 2797">
    <p class='ocr_par' dir='ltr' id='par_1_28' title="bbox 555 2714 2144 2797">
     <span class='ocr_line' id='line_1_28' title="bbox 555 2714 2144 2797; baseline 0.011 -29"><span class='ocrx_word' id='word_1_223' title='bbox 555 2714 815 2784; x_wconf 87' lang='lat' dir='ltr'><strong>roipsnm</strong></span> <span class='ocrx_word' id='word_1_224' title='bbox 859 2715 989 2771; x_wconf 89' lang='lat' dir='ltr'><strong>dare</strong></span> <span class='ocrx_word' id='word_1_225' title='bbox 1019 2718 1339 2786; x_wconf 88' lang='lat' dir='ltr'><strong>concedunt,</strong></span> <span class='ocrx_word' id='word_1_226' title='bbox 1382 2718 1502 2776; x_wconf 80' lang='lat' dir='ltr'><strong>cum</strong></span> <span class='ocrx_word' id='word_1_227' title='bbox 1547 2722 1615 2777; x_wconf 87' lang='lat' dir='ltr'><strong>ab</strong></span> <span class='ocrx_word' id='word_1_228' title='bbox 1655 2725 1746 2779; x_wconf 85' lang='lat' dir='ltr'><strong>illo</strong></span> <span class='ocrx_word' id='word_1_229' title='bbox 1789 2726 2144 2797; x_wconf 86' lang='lat' dir='ltr'><strong>impetrantur</strong></span> 
     </span>
    </p>
   </div>
   <div class='ocr_carea' id='block_1_29' title="bbox 554 2804 2140 2890">
    <p class='ocr_par' dir='ltr' id='par_1_29' title="bbox 554 2804 2140 2890">
     <span class='ocr_line' id='line_1_29' title="bbox 554 2804 2140 2890; baseline 0.011 -31"><span class='ocrx_word' id='word_1_230' title='bbox 554 2804 825 2861; x_wconf 89' lang='lat' dir='ltr'><strong>credentis</strong></span> <span class='ocrx_word' id='word_1_231' title='bbox 868 2806 1166 2873; x_wconf 78' lang='lat' dir='ltr'><strong>ﬁde&#39;;cur</strong></span> <span class='ocrx_word' id='word_1_232' title='bbox 1188 2809 1256 2865; x_wconf 88' lang='lat' dir='ltr'><strong>ad</strong></span> <span class='ocrx_word' id='word_1_233' title='bbox 1301 2808 1417 2882; x_wconf 84' lang='lat' dir='ltr'><strong>ipsa</strong></span> <span class='ocrx_word' id='word_1_234' title='bbox 1455 2820 1649 2869; x_wconf 64' lang='lat' dir='ltr'><strong>cratera</strong></span> <span class='ocrx_word' id='word_1_235' title='bbox 1691 2816 2140 2890; x_wconf 71' lang='lat' dir='ltr'><strong>exhertatiouem,</strong></span> 
     </span>
    </p>
   </div>
   <div class='ocr_carea' id='block_1_30' title="bbox 442 2889 2143 2985">
    <p class='ocr_par' dir='ltr' id='par_1_30' title="bbox 442 2889 2143 2985">
     <span class='ocr_line' id='line_1_30' title="bbox 442 2889 2143 2985; baseline 0.013 -35"><span class='ocrx_word' id='word_1_236' title='bbox 442 2889 448 2895; x_wconf 83' lang='grc'><strong>’</strong></span> <span class='ocrx_word' id='word_1_237' title='bbox 553 2911 846 2969; x_wconf 89' lang='lat' dir='ltr'><strong>eorumque</strong></span> <span class='ocrx_word' id='word_1_238' title='bbox 868 2908 1183 2957; x_wconf 66' lang='lat' dir='ltr'><strong>nictet-orum</strong></span> <span class='ocrx_word' id='word_1_239' title='bbox 1197 2900 1219 2934; x_wconf 87' lang='grc'><em>³</em></span> <span class='ocrx_word' id='word_1_240' title='bbox 1232 2903 1664 2974; x_wconf 68' lang='lat' dir='ltr'><strong>prmdicationem</strong></span> <span class='ocrx_word' id='word_1_241' title='bbox 1681 2909 1986 2967; x_wconf 85' lang='lat' dir='ltr'><strong>deﬁnitione</strong></span> <span class='ocrx_word' id='word_1_242' title='bbox 2005 2924 2143 2985; x_wconf 71' lang='lat' dir='ltr'><strong>prae-</strong></span> 
     </span>
    </p>
   </div>
   <div class='ocr_carea' id='block_1_31' title="bbox 553 2987 2142 3068">
    <p class='ocr_par' dir='ltr' id='par_1_31' title="bbox 553 2987 2142 3068">
     <span class='ocr_line' id='line_1_31' title="bbox 553 2987 2142 3068; baseline 0.013 -25"><span class='ocrx_word' id='word_1_243' title='bbox 553 2987 923 3046; x_wconf 86' lang='lat' dir='ltr'><strong>destihationis</strong></span> <span class='ocrx_word' id='word_1_244' title='bbox 968 3009 1073 3049; x_wconf 91' lang='lat' dir='ltr'><strong>non</strong></span> <span class='ocrx_word' id='word_1_245' title='bbox 1120 3003 1362 3053; x_wconf 86' lang='lat' dir='ltr'><strong>metuunt</strong></span> <span class='ocrx_word' id='word_1_246' title='bbox 1408 2998 1689 3068; x_wconf 88' lang='lat' dir='ltr'><strong>impediri?</strong></span> <span class='ocrx_word' id='word_1_247' title='bbox 1719 3005 1814 3057; x_wconf 78' lang='lat' dir='ltr'><strong>An.</strong></span> <span class='ocrx_word' id='word_1_248' title='bbox 1858 3003 1993 3061; x_wconf 78' lang='lat' dir='ltr'><strong>forte</strong></span> <span class='ocrx_word' id='word_1_249' title='bbox 2040 3022 2142 3063; x_wconf 86' lang='lat' dir='ltr'><strong>nec</strong></span> 
     </span>
    </p>
   </div>
   <div class='ocr_carea' id='block_1_32' title="bbox 553 3080 2136 3165">
    <p class='ocr_par' dir='ltr' id='par_1_32' title="bbox 553 3080 2136 3165">
     <span class='ocr_line' id='line_1_32' title="bbox 553 3080 2136 3165; baseline 0.013 -30"><span class='ocrx_word' id='word_1_250' title='bbox 553 3080 667 3153; x_wconf 85' lang='lat' dir='ltr'><strong>ipsa</strong></span> <span class='ocrx_word' id='word_1_251' title='bbox 706 3082 891 3140; x_wconf 89' lang='lat' dir='ltr'><strong>dicunt</strong></span> <span class='ocrx_word' id='word_1_252' title='bbox 929 3087 1344 3156; x_wconf 73' lang='lat' dir='ltr'><strong>praedestinata?</strong></span> <span class='ocrx_word' id='word_1_253' title='bbox 1370 3091 1512 3162; x_wconf 75' lang='lat' dir='ltr'><strong>Ergo</strong></span> <span class='ocrx_word' id='word_1_254' title='bbox 1564 3108 1664 3149; x_wconf 89' lang='lat' dir='ltr'><strong>nec</strong></span> <span class='ocrx_word' id='word_1_255' title='bbox 1696 3095 1893 3152; x_wconf 81' lang='lat' dir='ltr'><strong>dantur</strong></span> <span class='ocrx_word' id='word_1_256' title='bbox 1940 3106 1972 3153; x_wconf 84' lang='lat' dir='ltr'><strong>a</strong></span> <span class='ocrx_word' id='word_1_257' title='bbox 2002 3100 2136 3165; x_wconf 86' lang='lat' dir='ltr'><strong>Deo,</strong></span> 
     </span>
    </p>
   </div>
   <div class='ocr_carea' id='block_1_33' title="bbox 553 3179 2142 3260">
    <p class='ocr_par' dir='ltr' id='par_1_33' title="bbox 553 3179 2142 3260">
     <span class='ocr_line' id='line_1_33' title="bbox 553 3179 2142 3260; baseline 0.013 -31"><span class='ocrx_word' id='word_1_258' title='bbox 553 3185 646 3231; x_wconf 89' lang='lat' dir='ltr'><strong>aut</strong></span> <span class='ocrx_word' id='word_1_259' title='bbox 667 3191 732 3232; x_wconf 88' lang='lat' dir='ltr'><strong>ea</strong></span> <span class='ocrx_word' id='word_1_260' title='bbox 752 3193 813 3234; x_wconf 88' lang='lat' dir='ltr'><strong>se</strong></span> <span class='ocrx_word' id='word_1_261' title='bbox 829 3179 1077 3235; x_wconf 83' lang='lat' dir='ltr'><strong>daturum</strong></span> <span class='ocrx_word' id='word_1_262' title='bbox 1103 3195 1223 3237; x_wconf 87' lang='lat' dir='ltr'><strong>esse</strong></span> <span class='ocrx_word' id='word_1_263' title='bbox 1250 3184 1497 3240; x_wconf 81' lang='lat' dir='ltr'><strong>nescivit.</strong></span> <span class='ocrx_word' id='word_1_264' title='bbox 1530 3186 1680 3255; x_wconf 82' lang='lat' dir='ltr'><strong>Quod</strong></span> <span class='ocrx_word' id='word_1_265' title='bbox 1701 3189 1744 3243; x_wconf 90' lang='lat' dir='ltr'><strong>si</strong></span> <span class='ocrx_word' id='word_1_266' title='bbox 1774 3197 1831 3245; x_wconf 85' lang='lat' dir='ltr'><strong>et</strong></span> <span class='ocrx_word' id='word_1_267' title='bbox 1855 3191 2069 3260; x_wconf 81' lang='lat' dir='ltr'><strong>dantur,</strong></span> <span class='ocrx_word' id='word_1_268' title='bbox 2085 3198 2142 3251; x_wconf 83' lang='lat' dir='ltr'><strong>et</strong></span> 
     </span>
    </p>
   </div>
   <div class='ocr_carea' id='block_1_34' title="bbox 551 3269 2136 3351">
    <p class='ocr_par' dir='ltr' id='par_1_34' title="bbox 551 3269 2136 3351">
     <span class='ocr_line' id='line_1_34' title="bbox 551 3269 2136 3351; baseline 0.011 -30"><span class='ocrx_word' id='word_1_269' title='bbox 551 3281 615 3323; x_wconf 84' lang='lat' dir='ltr'><strong>ea</strong></span> <span class='ocrx_word' id='word_1_270' title='bbox 638 3282 698 3323; x_wconf 87' lang='lat' dir='ltr'><strong>se</strong></span> <span class='ocrx_word' id='word_1_271' title='bbox 726 3269 970 3325; x_wconf 78' lang='lat' dir='ltr'><strong>daturum</strong></span> <span class='ocrx_word' id='word_1_272' title='bbox 999 3285 1116 3327; x_wconf 87' lang='lat' dir='ltr'><strong>esse</strong></span> <span class='ocrx_word' id='word_1_273' title='bbox 1143 3275 1426 3342; x_wconf 69' lang='lat' dir='ltr'><strong>praescivit;</strong></span> <span class='ocrx_word' id='word_1_274' title='bbox 1447 3278 1684 3347; x_wconf 77' lang='lat' dir='ltr'><strong>profecto</strong></span> <span class='ocrx_word' id='word_1_275' title='bbox 1724 3278 2136 3351; x_wconf 63' lang='lat' dir='ltr'><strong>phr&#39;deStinaVit.</strong></span> 
     </span>
    </p>
   </div>
   <div class='ocr_carea' id='block_1_35' title="bbox 551 3357 2141 3441">
    <p class='ocr_par' dir='ltr' id='par_1_35' title="bbox 551 3357 2141 3441">
     <span class='ocr_line' id='line_1_35' title="bbox 551 3357 2141 3441; baseline 0.009 -26"><span class='ocrx_word' id='word_1_276' title='bbox 551 3357 703 3416; x_wconf 86' lang='lat' dir='ltr'><strong>Sicut</strong></span> <span class='ocrx_word' id='word_1_277' title='bbox 727 3376 855 3432; x_wconf 89' lang='lat' dir='ltr'><strong>ergo</strong></span> <span class='ocrx_word' id='word_1_278' title='bbox 882 3362 985 3433; x_wconf 83' lang='lat' dir='ltr'><strong>ipsi</strong></span> <span class='ocrx_word' id='word_1_279' title='bbox 1021 3378 1232 3436; x_wconf 88' lang='lat' dir='ltr'><strong>quoque</strong></span> <span class='ocrx_word' id='word_1_280' title='bbox 1272 3365 1553 3424; x_wconf 81' lang='lat' dir='ltr'><strong>hortantur</strong></span> <span class='ocrx_word' id='word_1_281' title='bbox 1576 3370 1642 3425; x_wconf 79' lang='lat' dir='ltr'><strong>a’d</strong></span> <span class='ocrx_word' id='word_1_282' title='bbox 1668 3372 1985 3441; x_wconf 73' lang='lat' dir='ltr'><strong>castitatem,</strong></span> <span class='ocrx_word' id='word_1_283' title='bbox 2010 3374 2141 3431; x_wconf 88' lang='lat' dir='ltr'><strong>cha-</strong></span> 
     </span>
    </p>
   </div>
   <div class='ocr_carea' id='block_1_36' title="bbox 549 3454 2134 3534">
    <p class='ocr_par' dir='ltr' id='par_1_36' title="bbox 549 3454 2134 3534">
     <span class='ocr_line' id='line_1_36' title="bbox 549 3454 2134 3534; baseline 0.01 -24"><span class='ocrx_word' id='word_1_284' title='bbox 549 3454 785 3524; x_wconf 67' lang='lat' dir='ltr'><strong>ritatemi,</strong></span> <span class='ocrx_word' id='word_1_285' title='bbox 818 3456 1089 3528; x_wconf 71' lang='lat' dir='ltr'><strong>pietatem;</strong></span> <span class='ocrx_word' id='word_1_286' title='bbox 1122 3468 1178 3516; x_wconf 88' lang='lat' dir='ltr'><strong>et</strong></span> <span class='ocrx_word' id='word_1_287' title='bbox 1193 3468 1383 3517; x_wconf 76' lang='lat' dir='ltr'><strong>czetera</strong></span> <span class='ocrx_word' id='word_1_288' title='bbox 1416 3472 1539 3534; x_wconf 66' lang='lat' dir='ltr'><strong>qua:</strong></span> <span class='ocrx_word' id='word_1_289' title='bbox 1565 3464 1658 3521; x_wconf 87' lang='lat' dir='ltr'><strong>Dei</strong></span> <span class='ocrx_word' id='word_1_290' title='bbox 1685 3466 1822 3521; x_wconf 76' lang='lat' dir='ltr'><strong>dona</strong></span> <span class='ocrx_word' id='word_1_291' title='bbox 1850 3468 1969 3524; x_wconf 81' lang='lat' dir='ltr'><strong>esse</strong></span> <span class='ocrx_word' id='word_1_292' title='bbox 2000 3484 2134 3525; x_wconf 86' lang='lat' dir='ltr'><strong>con-</strong></span> 
     </span>
    </p>
   </div>
   <div class='ocr_carea' id='block_1_37' title="bbox 549 3545 2134 3630">
    <p class='ocr_par' dir='ltr' id='par_1_37' title="bbox 549 3545 2134 3630">
     <span class='ocr_line' id='line_1_37' title="bbox 549 3545 2134 3630; baseline 0.01 -30"><span class='ocrx_word' id='word_1_293' title='bbox 549 3545 785 3613; x_wconf 66' lang='lat' dir='ltr'><strong>ﬁtentur,</strong></span> <span class='ocrx_word' id='word_1_294' title='bbox 812 3563 982 3620; x_wconf 87' lang='lat' dir='ltr'><strong>eaque</strong></span> <span class='ocrx_word' id='word_1_295' title='bbox 1024 3551 1091 3606; x_wconf 83' lang='lat' dir='ltr'><strong>ab</strong></span> <span class='ocrx_word' id='word_1_296' title='bbox 1121 3550 1213 3607; x_wconf 91' lang='lat' dir='ltr'><strong>illo</strong></span> <span class='ocrx_word' id='word_1_297' title='bbox 1251 3554 1375 3609; x_wconf 78' lang='lat' dir='ltr'><strong>esse</strong></span> <span class='ocrx_word' id='word_1_298' title='bbox 1417 3556 1763 3627; x_wconf 64' lang='lat' dir='ltr'><strong>praecognita,</strong></span> <span class='ocrx_word' id='word_1_299' title='bbox 1791 3568 1858 3613; x_wconf 85' lang='lat' dir='ltr'><strong>ac</strong></span> <span class='ocrx_word' id='word_1_300' title='bbox 1905 3570 1999 3630; x_wconf 88' lang='lat' dir='ltr'><strong>per</strong></span> <span class='ocrx_word' id='word_1_301' title='bbox 2030 3560 2134 3617; x_wconf 87' lang='lat' dir='ltr'><strong>hoe</strong></span> 
     </span>
    </p>
   </div>
   <div class='ocr_carea' id='block_1_38' title="bbox 547 3638 2132 3715">
    <p class='ocr_par' dir='ltr' id='par_1_38' title="bbox 547 3638 2132 3715">
     <span class='ocr_line' id='line_1_38' title="bbox 547 3638 2132 3715; baseline 0.011 -25"><span class='ocrx_word' id='word_1_302' title='bbox 547 3638 918 3708; x_wconf 71' lang='lat' dir='ltr'><strong>praedestinata</strong></span> <span class='ocrx_word' id='word_1_303' title='bbox 951 3656 1150 3713; x_wconf 86' lang='lat' dir='ltr'><strong>negare</strong></span> <span class='ocrx_word' id='word_1_304' title='bbox 1188 3657 1296 3699; x_wconf 85' lang='lat' dir='ltr'><strong>non</strong></span> <span class='ocrx_word' id='word_1_305' title='bbox 1326 3656 1565 3715; x_wconf 84' lang='lat' dir='ltr'><strong>possunt;</strong></span> <span class='ocrx_word' id='word_1_306' title='bbox 1596 3660 1697 3704; x_wconf 88' lang='lat' dir='ltr'><strong>nec</strong></span> <span class='ocrx_word' id='word_1_307' title='bbox 1721 3648 1903 3705; x_wconf 89' lang='lat' dir='ltr'><strong>dicunt</strong></span> <span class='ocrx_word' id='word_1_308' title='bbox 1933 3652 2132 3708; x_wconf 64' lang='lat' dir='ltr'><strong>exhor-</strong></span> 
     </span>
    </p>
   </div>
   <div class='ocr_carea' id='block_1_39' title="bbox 548 3731 2131 3810">
    <p class='ocr_par' dir='ltr' id='par_1_39' title="bbox 548 3731 2131 3810">
     <span class='ocr_line' id='line_1_39' title="bbox 548 3731 2131 3810; baseline 0.009 -25"><span class='ocrx_word' id='word_1_309' title='bbox 548 3731 775 3786; x_wconf 74' lang='lat' dir='ltr'><strong>tationes</strong></span> <span class='ocrx_word' id='word_1_310' title='bbox 801 3745 929 3789; x_wconf 79' lang='lat' dir='ltr'><strong>suas</strong></span> <span class='ocrx_word' id='word_1_311' title='bbox 964 3733 1211 3805; x_wconf 86' lang='lat' dir='ltr'><strong>impediri</strong></span> <span class='ocrx_word' id='word_1_312' title='bbox 1248 3736 1625 3807; x_wconf 71' lang='lat' dir='ltr'><strong>praedicatione</strong></span> <span class='ocrx_word' id='word_1_313' title='bbox 1652 3742 2131 3810; x_wconf 71' lang='lat' dir='ltr'><strong>pmedestinutionis</strong></span> 
     </span>
    </p>
   </div>
   <div class='ocr_carea' id='block_1_40' title="bbox 546 3821 2132 3905">
    <p class='ocr_par' dir='ltr' id='par_1_40' title="bbox 546 3821 2132 3905">
     <span class='ocr_line' id='line_1_40' title="bbox 546 3821 2132 3905; baseline 0.01 -28"><span class='ocrx_word' id='word_1_314' title='bbox 546 3821 663 3889; x_wconf 87' lang='lat' dir='ltr'><strong>Dei,</strong></span> <span class='ocrx_word' id='word_1_315' title='bbox 691 3824 794 3877; x_wconf 84' lang='lat' dir='ltr'><strong>hoc</strong></span> <span class='ocrx_word' id='word_1_316' title='bbox 829 3832 932 3892; x_wconf 86' lang='lat' dir='ltr'><strong>est,</strong></span> <span class='ocrx_word' id='word_1_317' title='bbox 958 3827 1339 3895; x_wconf 64' lang='lat' dir='ltr'><strong>praedicatione</strong></span> <span class='ocrx_word' id='word_1_318' title='bbox 1366 3829 1434 3885; x_wconf 89' lang='lat' dir='ltr'><strong>de</strong></span> <span class='ocrx_word' id='word_1_319' title='bbox 1477 3830 1563 3886; x_wconf 86' lang='lat' dir='ltr'><strong>his</strong></span> <span class='ocrx_word' id='word_1_320' title='bbox 1598 3832 1753 3890; x_wconf 86' lang='lat' dir='ltr'><strong>donis</strong></span> <span class='ocrx_word' id='word_1_321' title='bbox 1787 3835 1903 3905; x_wconf 85' lang='lat' dir='ltr'><strong>ejus</strong></span> <span class='ocrx_word' id='word_1_322' title='bbox 1940 3836 2132 3894; x_wconf 82' lang='lat' dir='ltr'><strong>futuris</strong></span> 
     </span>
    </p>
   </div>
   <div class='ocr_carea' id='block_1_41' title="bbox 548 3914 2130 3998">
    <p class='ocr_par' dir='ltr' id='par_1_41' title="bbox 548 3914 2130 3998">
     <span class='ocr_line' id='line_1_41' title="bbox 548 3914 2130 3998; baseline 0.011 -32"><span class='ocrx_word' id='word_1_323' title='bbox 548 3914 898 3983; x_wconf 70' lang='lat' dir='ltr'><strong>praescientite</strong></span> <span class='ocrx_word' id='word_1_324' title='bbox 927 3917 1017 3971; x_wconf 90' lang='lat' dir='ltr'><strong>Dei</strong></span> <span class='ocrx_word' id='word_1_325' title='bbox 1043 3933 1059 3972; x_wconf 91' lang='lat'><strong>:</strong></span> <span class='ocrx_word' id='word_1_326' title='bbox 1087 3919 1166 3973; x_wconf 90' lang='lat' dir='ltr'><strong>sic</strong></span> <span class='ocrx_word' id='word_1_327' title='bbox 1187 3918 1398 3974; x_wconf 87' lang='lat' dir='ltr'><strong>videant</strong></span> <span class='ocrx_word' id='word_1_328' title='bbox 1423 3937 1523 3978; x_wconf 87' lang='lat' dir='ltr'><strong>nec</strong></span> <span class='ocrx_word' id='word_1_329' title='bbox 1540 3923 1605 3978; x_wconf 88' lang='lat' dir='ltr'><strong>ad</strong></span> <span class='ocrx_word' id='word_1_330' title='bbox 1620 3923 1776 3979; x_wconf 85' lang='lat' dir='ltr'><strong>ﬁdem</strong></span> <span class='ocrx_word' id='word_1_331' title='bbox 1793 3941 1892 3982; x_wconf 88' lang='lat' dir='ltr'><strong>nec</strong></span> <span class='ocrx_word' id='word_1_332' title='bbox 1914 3928 1981 3983; x_wconf 87' lang='lat' dir='ltr'><strong>ad</strong></span> <span class='ocrx_word' id='word_1_333' title='bbox 2008 3945 2130 3998; x_wconf 84' lang='lat' dir='ltr'><strong>per-</strong></span> 
     </span>
    </p>
   </div>
   <div class='ocr_carea' id='block_1_42' title="bbox 546 4006 2126 4090">
    <p class='ocr_par' dir='ltr' id='par_1_42' title="bbox 546 4006 2126 4090">
     <span class='ocr_line' id='line_1_42' title="bbox 546 4006 2126 4090; baseline 0.011 -32"><span class='ocrx_word' id='word_1_334' title='bbox 546 4006 901 4062; x_wconf 83' lang='lat' dir='ltr'><strong>severantiam</strong></span> <span class='ocrx_word' id='word_1_335' title='bbox 931 4007 1176 4078; x_wconf 87' lang='lat' dir='ltr'><strong>impediri</strong></span> <span class='ocrx_word' id='word_1_336' title='bbox 1204 4011 1607 4070; x_wconf 78' lang='lat' dir='ltr'><strong>exhortationes</strong></span> <span class='ocrx_word' id='word_1_337' title='bbox 1644 4030 1789 4082; x_wconf 85' lang='lat' dir='ltr'><strong>suas,</strong></span> <span class='ocrx_word' id='word_1_338' title='bbox 1821 4018 1865 4073; x_wconf 90' lang='lat' dir='ltr'><strong>si</strong></span> <span class='ocrx_word' id='word_1_339' title='bbox 1894 4026 1950 4073; x_wconf 88' lang='lat' dir='ltr'><strong>et</strong></span> <span class='ocrx_word' id='word_1_340' title='bbox 1991 4020 2126 4090; x_wconf 88' lang='lat' dir='ltr'><strong>ipsa,</strong></span> 
     </span>
    </p>
   </div>
   <div class='ocr_carea' id='block_1_43' title="bbox 542 4097 2126 4180">
    <p class='ocr_par' dir='ltr' id='par_1_43' title="bbox 542 4097 2126 4180">
     <span class='ocr_line' id='line_1_43' title="bbox 542 4097 2126 4180; baseline 0.01 -30"><span class='ocrx_word' id='word_1_341' title='bbox 542 4097 683 4167; x_wconf 89' lang='lat' dir='ltr'><strong>quod</strong></span> <span class='ocrx_word' id='word_1_342' title='bbox 717 4113 898 4154; x_wconf 82' lang='lat' dir='ltr'><strong>verum</strong></span> <span class='ocrx_word' id='word_1_343' title='bbox 928 4109 1031 4166; x_wconf 81' lang='lat' dir='ltr'><strong>est,</strong></span> <span class='ocrx_word' id='word_1_344' title='bbox 1058 4115 1178 4156; x_wconf 85' lang='lat' dir='ltr'><strong>esse</strong></span> <span class='ocrx_word' id='word_1_345' title='bbox 1198 4102 1293 4157; x_wconf 85' lang='lat' dir='ltr'><strong>Dei</strong></span> <span class='ocrx_word' id='word_1_346' title='bbox 1325 4102 1483 4169; x_wconf 89' lang='lat' dir='ltr'><strong>dona,</strong></span> <span class='ocrx_word' id='word_1_347' title='bbox 1509 4119 1678 4176; x_wconf 86' lang='lat' dir='ltr'><strong>eaque</strong></span> <span class='ocrx_word' id='word_1_348' title='bbox 1709 4110 2051 4180; x_wconf 61' lang='lat' dir='ltr'><strong>praecognita,</strong></span> <span class='ocrx_word' id='word_1_349' title='bbox 2074 4111 2126 4166; x_wconf 89' lang='lat' dir='ltr'><strong>id</strong></span> 
     </span>
    </p>
   </div>
   <div class='ocr_carea' id='block_1_44' title="bbox 542 4190 2126 4268">
    <p class='ocr_par' dir='ltr' id='par_1_44' title="bbox 542 4190 2126 4268">
     <span class='ocr_line' id='line_1_44' title="bbox 542 4190 2126 4268; baseline 0.009 -23"><span class='ocrx_word' id='word_1_350' title='bbox 542 4197 646 4258; x_wconf 87' lang='lat' dir='ltr'><strong>est,</strong></span> <span class='ocrx_word' id='word_1_351' title='bbox 689 4190 757 4244; x_wconf 91' lang='lat' dir='ltr'><strong>ad</strong></span> <span class='ocrx_word' id='word_1_352' title='bbox 802 4192 1111 4248; x_wconf 88' lang='lat' dir='ltr'><strong>donandum</strong></span> <span class='ocrx_word' id='word_1_353' title='bbox 1156 4196 1534 4265; x_wconf 69' lang='lat' dir='ltr'><strong>prtedestinata</strong></span> <span class='ocrx_word' id='word_1_354' title='bbox 1575 4215 1695 4255; x_wconf 83' lang='lat' dir='ltr'><strong>esse</strong></span> <span class='ocrx_word' id='word_1_355' title='bbox 1736 4202 2000 4268; x_wconf 85' lang='lat' dir='ltr'><strong>dicantur;</strong></span> <span class='ocrx_word' id='word_1_356' title='bbox 2032 4206 2126 4259; x_wconf 89' lang='lat' dir='ltr'><strong>sed</strong></span> 
     </span>
    </p>
   </div>
   <div class='ocr_carea' id='block_1_45' title="bbox 542 4280 2127 4361">
    <p class='ocr_par' dir='ltr' id='par_1_45' title="bbox 542 4280 2127 4361">
     <span class='ocr_line' id='line_1_45' title="bbox 542 4280 2127 4361; baseline 0.01 -26"><span class='ocrx_word' id='word_1_357' title='bbox 542 4280 790 4350; x_wconf 87' lang='lat' dir='ltr'><strong>impediri</strong></span> <span class='ocrx_word' id='word_1_358' title='bbox 834 4286 1013 4355; x_wconf 88' lang='lat' dir='ltr'><strong>potius</strong></span> <span class='ocrx_word' id='word_1_359' title='bbox 1041 4296 1201 4356; x_wconf 89' lang='lat' dir='ltr'><strong>atque</strong></span> <span class='ocrx_word' id='word_1_360' title='bbox 1242 4288 1475 4343; x_wconf 81' lang='lat' dir='ltr'><strong>subveni</strong></span> <span class='ocrx_word' id='word_1_361' title='bbox 1510 4290 1610 4344; x_wconf 79' lang='lat' dir='ltr'><strong>liae</strong></span> <span class='ocrx_word' id='word_1_362' title='bbox 1642 4293 2127 4361; x_wconf 68' lang='lat' dir='ltr'><strong>prmdestina’tionis</strong></span> 
     </span>
    </p>
   </div>
   <div class='ocr_carea' id='block_1_46' title="bbox 541 4374 2127 4452">
    <p class='ocr_par' dir='ltr' id='par_1_46' title="bbox 541 4374 2127 4452">
     <span class='ocr_line' id='line_1_46' title="bbox 541 4374 2127 4452; baseline 0.011 -26"><span class='ocrx_word' id='word_1_363' title='bbox 541 4374 919 4442; x_wconf 71' lang='lat' dir='ltr'><strong>praedicatione</strong></span> <span class='ocrx_word' id='word_1_364' title='bbox 945 4377 1092 4432; x_wconf 89' lang='lat' dir='ltr'><strong>illum</strong></span> <span class='ocrx_word' id='word_1_365' title='bbox 1116 4382 1483 4436; x_wconf 79' lang='lat' dir='ltr'><strong>tantummodo</strong></span> <span class='ocrx_word' id='word_1_366' title='bbox 1504 4384 2009 4452; x_wconf 86' lang='lat' dir='ltr'><strong>perniciosissimum</strong></span> <span class='ocrx_word' id='word_1_367' title='bbox 2035 4405 2127 4444; x_wconf 87' lang='lat' dir='ltr'><strong>er-</strong></span> 
     </span>
    </p>
   </div>
   <div class='ocr_carea' id='block_1_47' title="bbox 539 4468 2124 4541">
    <p class='ocr_par' dir='ltr' id='par_1_47' title="bbox 539 4468 2124 4541">
     <span class='ocr_line' id='line_1_47' title="bbox 539 4468 2124 4541; baseline 0.011 -22"><span class='ocrx_word' id='word_1_368' title='bbox 539 4479 742 4531; x_wconf 85' lang='lat' dir='ltr'><strong>rorem,</strong></span> <span class='ocrx_word' id='word_1_369' title='bbox 788 4482 894 4537; x_wconf 91' lang='lat' dir='ltr'><strong>quo</strong></span> <span class='ocrx_word' id='word_1_370' title='bbox 936 4468 1150 4531; x_wconf 80' lang='lat' dir='ltr'><strong>dicitur,</strong></span> <span class='ocrx_word' id='word_1_371' title='bbox 1187 4472 1411 4541; x_wconf 81' lang='lat' dir='ltr'><strong>gratiam</strong></span> <span class='ocrx_word' id='word_1_372' title='bbox 1458 4474 1549 4529; x_wconf 86' lang='lat' dir='ltr'><strong>Dei</strong></span> <span class='ocrx_word' id='word_1_373' title='bbox 1595 4476 1886 4532; x_wconf 87' lang='lat' dir='ltr'><strong>secundum</strong></span> <span class='ocrx_word' id='word_1_374' title='bbox 1933 4482 2124 4537; x_wconf 80' lang='lat' dir='ltr'><strong>merita</strong></span> 
     </span>
    </p>
   </div>
   <div class='ocr_carea' id='block_1_48' title="bbox 536 4557 2120 4637">
    <p class='ocr_par' dir='ltr' id='par_1_48' title="bbox 536 4557 2120 4637">
     <span class='ocr_line' id='line_1_48' title="bbox 536 4557 2120 4637; baseline 0.013 -28"><span class='ocrx_word' id='word_1_375' title='bbox 536 4569 717 4611; x_wconf 76' lang='lat' dir='ltr'><strong>nos1ra</strong></span> <span class='ocrx_word' id='word_1_376' title='bbox 754 4557 887 4625; x_wconf 89' lang='lat' dir='ltr'><strong>dari;</strong></span> <span class='ocrx_word' id='word_1_377' title='bbox 920 4566 977 4615; x_wconf 91' lang='lat' dir='ltr'><strong>ut</strong></span> <span class='ocrx_word' id='word_1_378' title='bbox 1002 4575 1088 4631; x_wconf 82' lang='lat' dir='ltr'><strong>qui</strong></span> <span class='ocrx_word' id='word_1_379' title='bbox 1129 4564 1404 4633; x_wconf 68' lang='lat' dir='ltr'><strong>gloriatur;</strong></span> <span class='ocrx_word' id='word_1_380' title='bbox 1434 4580 1540 4621; x_wconf 86' lang='lat' dir='ltr'><strong>non</strong></span> <span class='ocrx_word' id='word_1_381' title='bbox 1569 4567 1620 4622; x_wconf 90' lang='lat' dir='ltr'><strong>in</strong></span> <span class='ocrx_word' id='word_1_382' title='bbox 1665 4568 1913 4637; x_wconf 90' lang='lat' dir='ltr'><strong>Domino,</strong></span> <span class='ocrx_word' id='word_1_383' title='bbox 1939 4572 2034 4628; x_wconf 87' lang='lat' dir='ltr'><strong>sed</strong></span> <span class='ocrx_word' id='word_1_384' title='bbox 2065 4574 2120 4630; x_wconf 90' lang='lat' dir='ltr'><strong>in</strong></span> 
     </span>
    </p>
   </div>
   <div class='ocr_carea' id='block_1_49' title="bbox 536 4651 1699 4721">
    <p class='ocr_par' dir='ltr' id='par_1_49' title="bbox 536 4651 1699 4721">
     <span class='ocr_line' id='line_1_49' title="bbox 536 4651 1699 4721; baseline 0.009 -17"><span class='ocrx_word' id='word_1_385' title='bbox 536 4664 597 4706; x_wconf 83' lang='lat' dir='ltr'><strong>se</strong></span> <span class='ocrx_word' id='word_1_386' title='bbox 617 4651 731 4720; x_wconf 85' lang='lat' dir='ltr'><strong>ipso</strong></span> <span class='ocrx_word' id='word_1_387' title='bbox 758 4652 1032 4721; x_wconf 72' lang='lat' dir='ltr'><strong>glorietur.</strong></span> <span class='ocrx_word' id='word_1_388' title='bbox 1690 4668 1699 4683; x_wconf 88' lang='lat'><strong>‘</strong></span> 
     </span>
    </p>
   </div>
   <div class='ocr_carea' id='block_1_50' title="bbox 610 4744 2126 4830">
    <p class='ocr_par' dir='ltr' id='par_1_50' title="bbox 610 4744 2126 4830">
     <span class='ocr_line' id='line_1_50' title="bbox 610 4744 2126 4830; baseline 0.012 -31"><span class='ocrx_word' id='word_1_389' title='bbox 610 4744 701 4799; x_wconf 74' lang='grc'><strong>45.</strong></span> <span class='ocrx_word' id='word_1_390' title='bbox 726 4744 882 4812; x_wconf 87' lang='lat' dir='ltr'><strong>Quod</strong></span> <span class='ocrx_word' id='word_1_391' title='bbox 914 4755 977 4800; x_wconf 88' lang='lat' dir='ltr'><strong>ut</strong></span> <span class='ocrx_word' id='word_1_392' title='bbox 1002 4756 1240 4816; x_wconf 82' lang='lat' dir='ltr'><strong>apertius</strong></span> <span class='ocrx_word' id='word_1_393' title='bbox 1262 4760 1484 4821; x_wconf 83' lang='lat' dir='ltr'><strong>prepter</strong></span> <span class='ocrx_word' id='word_1_394' title='bbox 1510 4753 1864 4812; x_wconf 84' lang='lat' dir='ltr'><strong>tardiusculos</strong></span> <span class='ocrx_word' id='word_1_395' title='bbox 1884 4759 2126 4830; x_wconf 80' lang='lat' dir='ltr'><strong>explice-</strong></span> 
     </span>
    </p>
   </div>
   <div class='ocr_carea' id='block_1_51' title="bbox 537 4830 2123 4923">
    <p class='ocr_par' dir='ltr' id='par_1_51' title="bbox 537 4830 2123 4923">
     <span class='ocr_line' id='line_1_51' title="bbox 537 4830 2123 4923; baseline 0.01 -32"><span class='ocrx_word' id='word_1_396' title='bbox 537 4830 675 4898; x_wconf 88' lang='lat' dir='ltr'><strong>mus,</strong></span> <span class='ocrx_word' id='word_1_397' title='bbox 724 4839 1135 4893; x_wconf 87' lang='lat' dir='ltr'><strong>remorationem</strong></span> <span class='ocrx_word' id='word_1_398' title='bbox 1163 4838 1185 4871; x_wconf 70' lang='grc'>⁸</span> <span class='ocrx_word' id='word_1_399' title='bbox 1216 4856 1386 4897; x_wconf 88' lang='lat' dir='ltr'><strong>meam</strong></span> <span class='ocrx_word' id='word_1_400' title='bbox 1421 4841 1597 4900; x_wconf 74' lang='lat' dir='ltr'><strong>{erant</strong></span> <span class='ocrx_word' id='word_1_401' title='bbox 1620 4886 1637 4913; x_wconf 89' lang='lat'><strong>,</strong></span> <span class='ocrx_word' id='word_1_402' title='bbox 1663 4848 1857 4916; x_wconf 87' lang='lat' dir='ltr'><strong>quibus</strong></span> <span class='ocrx_word' id='word_1_403' title='bbox 1907 4850 2123 4923; x_wconf 90' lang='lat' dir='ltr'><strong>ingenio</strong></span> 
     </span>
    </p>
   </div>
   <div class='ocr_carea' id='block_1_52' title="bbox 534 4927 2122 5010">
    <p class='ocr_par' dir='ltr' id='par_1_52' title="bbox 534 4927 2122 5010">
     <span class='ocr_line' id='line_1_52' title="bbox 534 4927 2122 5010; baseline 0.013 -31"><span class='ocrx_word' id='word_1_404' title='bbox 534 4927 1132 4997; x_wconf 71' lang='lat' dir='ltr'><strong>przevolare&#39;douatum</strong></span> <span class='ocrx_word' id='word_1_405' title='bbox 1167 4942 1269 4987; x_wconf 89' lang='lat' dir='ltr'><strong>est.</strong></span> <span class='ocrx_word' id='word_1_406' title='bbox 1300 4934 1433 4989; x_wconf 87' lang='lat' dir='ltr'><strong>Dicit</strong></span> <span class='ocrx_word' id='word_1_407' title='bbox 1454 4937 1730 5006; x_wconf 84' lang='lat' dir='ltr'><strong>apostolus</strong></span> <span class='ocrx_word' id='word_1_408' title='bbox 1770 4939 2021 5010; x_wconf 69' lang='lat' dir='ltr'><strong>Iacobus,</strong></span> <span class='ocrx_word' id='word_1_409' title='bbox 2058 4943 2122 5000; x_wconf 87' lang='lat' dir='ltr'><strong>Si</strong></span> 
     </span>
    </p>
   </div>
   <div class='ocr_carea' id='block_1_53' title="bbox 531 5017 2120 5103">
    <p class='ocr_par' dir='ltr' id='par_1_53' title="bbox 531 5017 2120 5103">
     <span class='ocr_line' id='line_1_53' title="bbox 531 5017 2120 5103; baseline 0.013 -34"><span class='ocrx_word' id='word_1_410' title='bbox 531 5017 645 5088; x_wconf 69' lang='lat' dir='ltr'><strong>quis</strong></span> <span class='ocrx_word' id='word_1_411' title='bbox 680 5027 893 5074; x_wconf 80' lang='lat' dir='ltr'><strong>vestrum</strong></span> <span class='ocrx_word' id='word_1_412' title='bbox 931 5020 1122 5092; x_wconf 75' lang='lat' dir='ltr'><strong>indiget</strong></span> <span class='ocrx_word' id='word_1_413' title='bbox 1145 5025 1410 5095; x_wconf 74' lang='lat' dir='ltr'><strong>sapientia,</strong></span> <span class='ocrx_word' id='word_1_414' title='bbox 1440 5030 1655 5095; x_wconf 76' lang='lat' dir='ltr'><strong>postulet</strong></span> <span class='ocrx_word' id='word_1_415' title='bbox 1686 5046 1718 5083; x_wconf 87' lang='lat' dir='ltr'><strong>a</strong></span> <span class='ocrx_word' id='word_1_416' title='bbox 1751 5030 1879 5098; x_wconf 86' lang='lat' dir='ltr'><strong>Deo,</strong></span> <span class='ocrx_word' id='word_1_417' title='bbox 1907 5035 1995 5103; x_wconf 74' lang='lat' dir='ltr'><strong>qui</strong></span> <span class='ocrx_word' id='word_1_418' title='bbox 2029 5036 2120 5089; x_wconf 82' lang='lat' dir='ltr'><strong>dat</strong></span> 
     </span>
    </p>
   </div>
   <div class='ocr_carea' id='block_1_54' title="bbox 534 5108 2117 5189">
    <p class='ocr_par' dir='ltr' id='par_1_54' title="bbox 534 5108 2117 5189">
     <span class='ocr_line' id='line_1_54' title="bbox 534 5108 2117 5189; baseline 0.011 -26"><span class='ocrx_word' id='word_1_419' title='bbox 534 5108 765 5163; x_wconf 80' lang='lat' dir='ltr'><strong>omnibus</strong></span> <span class='ocrx_word' id='word_1_420' title='bbox 811 5111 1100 5181; x_wconf 68' lang='lat' dir='ltr'><strong>afﬂuenter,</strong></span> <span class='ocrx_word' id='word_1_421' title='bbox 1134 5123 1182 5168; x_wconf 84' lang='lat' dir='ltr'><strong>et</strong></span> <span class='ocrx_word' id='word_1_422' title='bbox 1212 5132 1313 5170; x_wconf 86' lang='lat' dir='ltr'><strong>non</strong></span> <span class='ocrx_word' id='word_1_423' title='bbox 1358 5118 1783 5189; x_wconf 82' lang='lat' dir='ltr'><strong>improperat;et</strong></span> <span class='ocrx_word' id='word_1_424' title='bbox 1826 5122 2028 5179; x_wconf 73' lang='lat' dir='ltr'><strong>dabitur</strong></span> <span class='ocrx_word' id='word_1_425' title='bbox 2069 5128 2117 5182; x_wconf 85' lang='lat' dir='ltr'><strong>ei</strong></span> 
     </span>
    </p>
   </div>
   <div class='ocr_carea' id='block_1_55' title="bbox 539 5198 2118 5275">
    <p class='ocr_par' dir='ltr' id='par_1_55' title="bbox 539 5198 2118 5275">
     <span class='ocr_line' id='line_1_55' title="bbox 539 5198 2118 5275; baseline 0.011 -22"><span class='ocrx_word' id='word_1_426' title='bbox 539 5198 743 5271; x_wconf 73' lang='lat' dir='ltr'><strong>(Jacobi</strong></span> <span class='ocrx_word' id='word_1_427' title='bbox 768 5217 806 5267; x_wconf 92' lang='lat' dir='ltr'><strong>l,</strong></span> <span class='ocrx_word' id='word_1_428' title='bbox 835 5202 924 5275; x_wconf 82' lang='lat'><strong>5).</strong></span> <span class='ocrx_word' id='word_1_429' title='bbox 955 5203 1219 5275; x_wconf 86' lang='lat' dir='ltr'><strong>Scriptum</strong></span> <span class='ocrx_word' id='word_1_430' title='bbox 1251 5215 1335 5262; x_wconf 87' lang='lat' dir='ltr'><strong>est</strong></span> <span class='ocrx_word' id='word_1_431' title='bbox 1370 5217 1425 5263; x_wconf 88' lang='lat' dir='ltr'><strong>ct</strong></span> <span class='ocrx_word' id='word_1_432' title='bbox 1463 5210 1515 5263; x_wconf 90' lang='lat' dir='ltr'><strong>in</strong></span> <span class='ocrx_word' id='word_1_433' title='bbox 1545 5209 1847 5268; x_wconf 78' lang='lat' dir='ltr'><strong>Proverbiis</strong></span> <span class='ocrx_word' id='word_1_434' title='bbox 1871 5212 2118 5271; x_wconf 81' lang='lat' dir='ltr'><strong>Salonio-</strong></span> 
     </span>
    </p>
   </div>
   <div class='ocr_carea' id='block_1_56' title="bbox 531 5293 2114 5382">
    <p class='ocr_par' dir='ltr' id='par_1_56' title="bbox 531 5293 2114 5382">
     <span class='ocr_line' id='line_1_56' title="bbox 531 5293 2114 5382; baseline 0.01 -33"><span class='ocrx_word' id='word_1_435' title='bbox 531 5294 635 5361; x_wconf 90' lang='lat' dir='ltr'><strong>nis,</strong></span> <span class='ocrx_word' id='word_1_436' title='bbox 668 5293 918 5362; x_wconf 81' lang='lat' dir='ltr'><strong>Qttoniam</strong></span> <span class='ocrx_word' id='word_1_437' title='bbox 960 5296 1209 5353; x_wconf 83' lang='lat' dir='ltr'><strong>Dominus</strong></span> <span class='ocrx_word' id='word_1_438' title='bbox 1242 5299 1331 5352; x_wconf 87' lang='lat' dir='ltr'><strong>dat</strong></span> <span class='ocrx_word' id='word_1_439' title='bbox 1364 5302 1661 5369; x_wconf 78' lang='lat' dir='ltr'><strong>sapientiam</strong></span> <span class='ocrx_word' id='word_1_440' title='bbox 1724 5306 1903 5377; x_wconf 71' lang='lat' dir='ltr'><strong>(Prov.</strong></span> <span class='ocrx_word' id='word_1_441' title='bbox 1926 5324 1983 5373; x_wconf 87' lang='lat' dir='ltr'><strong>ll&#39;,</strong></span> <span class='ocrx_word' id='word_1_442' title='bbox 2025 5309 2114 5382; x_wconf 78' lang='grc' dir='ltr'><strong>ϐ).</strong></span> 
     </span>
    </p>
   </div>
   <div class='ocr_carea' id='block_1_57' title="bbox 530 5388 2117 5472">
    <p class='ocr_par' dir='ltr' id='par_1_57' title="bbox 530 5388 2117 5472">
     <span class='ocr_line' id='line_1_57' title="bbox 530 5388 2117 5472; baseline 0.009 -29"><span class='ocrx_word' id='word_1_443' title='bbox 530 5388 599 5443; x_wconf 82' lang='lat' dir='ltr'><strong>Et</strong></span> <span class='ocrx_word' id='word_1_444' title='bbox 632 5389 703 5445; x_wconf 86' lang='lat' dir='ltr'><strong>de</strong></span> <span class='ocrx_word' id='word_1_445' title='bbox 738 5391 1066 5446; x_wconf 81' lang='lat' dir='ltr'><strong>continentia</strong></span> <span class='ocrx_word' id='word_1_446' title='bbox 1112 5392 1302 5462; x_wconf 87' lang='lat' dir='ltr'><strong>legitur</strong></span> <span class='ocrx_word' id='word_1_447' title='bbox 1328 5392 1380 5446; x_wconf 92' lang='lat' dir='ltr'><strong>in</strong></span> <span class='ocrx_word' id='word_1_448' title='bbox 1428 5393 1569 5449; x_wconf 85' lang='lat' dir='ltr'><strong>libro</strong></span> <span class='ocrx_word' id='word_1_449' title='bbox 1609 5394 1926 5466; x_wconf 66' lang='lat' dir='ltr'><strong>Sapientiae,</strong></span> <span class='ocrx_word' id='word_1_450' title='bbox 1965 5401 2117 5472; x_wconf 83' lang='lat' dir='ltr'><strong>cujus</strong></span> 
     </span>
    </p>
   </div>
   <div class='ocr_carea' id='block_1_58' title="bbox 532 5484 2118 5570">
    <p class='ocr_par' dir='ltr' id='par_1_58' title="bbox 532 5484 2118 5570">
     <span class='ocr_line' id='line_1_58' title="bbox 532 5484 2118 5570; baseline 0.009 -32"><span class='ocrx_word' id='word_1_451' title='bbox 532 5484 847 5540; x_wconf 82' lang='lat' dir='ltr'><strong>auctoritate</strong></span> <span class='ocrx_word' id='word_1_452' title='bbox 884 5485 967 5541; x_wconf 83' lang='lat' dir='ltr'><strong>usi</strong></span> <span class='ocrx_word' id='word_1_453' title='bbox 1014 5495 1142 5541; x_wconf 78' lang='lat' dir='ltr'><strong>sunt</strong></span> <span class='ocrx_word' id='word_1_454' title='bbox 1177 5488 1351 5558; x_wconf 81' lang='lat' dir='ltr'><strong>ntagni</strong></span> <span class='ocrx_word' id='word_1_455' title='bbox 1390 5499 1441 5543; x_wconf 87' lang='lat' dir='ltr'><strong>et</strong></span> <span class='ocrx_word' id='word_1_456' title='bbox 1485 5489 1626 5547; x_wconf 84' lang='lat' dir='ltr'><strong>docti</strong></span> <span class='ocrx_word' id='word_1_457' title='bbox 1663 5493 1778 5561; x_wconf 77' lang='lat' dir='ltr'><strong>viri,</strong></span> <span class='ocrx_word' id='word_1_458' title='bbox 1820 5495 1912 5566; x_wconf 87' lang='lat' dir='ltr'><strong>qui</strong></span> <span class='ocrx_word' id='word_1_459' title='bbox 1963 5496 2118 5570; x_wconf 81' lang='lat' dir='ltr'><strong>longe</strong></span> 
     </span>
    </p>
   </div>
   <div class='ocr_carea' id='block_1_59' title="bbox 590 5584 1560 5691">
    <p class='ocr_par' dir='ltr' id='par_1_59' title="bbox 590 5584 1560 5691">
     <span class='ocr_line' id='line_1_59' title="bbox 590 5584 1560 5691; baseline 0 0"><span class='ocrx_word' id='word_1_460' title='bbox 590 5597 611 5691; x_wconf 84' lang='lat'>:</span> <span class='ocrx_word' id='word_1_461' title='bbox 645 5584 1041 5691; x_wconf 44' lang='lat' dir='ltr'><strong>tentantes“</strong></span> 
     </span>
    </p>
   </div>
   <div class='ocr_carea' id='block_1_60' title="bbox 596 5657 2116 5797">
    <p class='ocr_par' dir='ltr' id='par_1_60' title="bbox 596 5657 2116 5797">
     <span class='ocr_line' id='line_1_60' title="bbox 596 5657 1763 5731; baseline 0.008 -24"><span class='ocrx_word' id='word_1_462' title='bbox 596 5659 611 5691; x_wconf 82' lang='grc' dir='ltr'><strong>ι</strong></span> <span class='ocrx_word' id='word_1_463' title='bbox 645 5657 864 5708; x_wconf 76' lang='lat' dir='ltr'><strong>Nonnulli</strong></span> <span class='ocrx_word' id='word_1_464' title='bbox 909 5657 1012 5710; x_wconf 73' lang='lat' dir='ltr'><strong>Mss.</strong></span> <span class='ocrx_word' id='word_1_465' title='bbox 1030 5693 1047 5722; x_wconf 89' lang='lat'><strong>,</strong></span> <span class='ocrx_word' id='word_1_466' title='bbox 1081 5657 1338 5725; x_wconf 77' lang='lat' dir='ltr'><strong>impetrant</strong></span> <span class='ocrx_word' id='word_1_467' title='bbox 1374 5657 1624 5717; x_wconf 75' lang='lat' dir='ltr'><strong>credentes</strong></span> <span class='ocrx_word' id='word_1_468' title='bbox 1646 5664 1763 5731; x_wconf 80' lang='lat' dir='ltr'><strong>fide.</strong></span> 
     </span>
     <span class='ocr_line' id='line_1_61' title="bbox 596 5710 2116 5797; baseline 0.014 -32"><span class='ocrx_word' id='word_1_469' title='bbox 596 5710 616 5751; x_wconf 70' lang='grc'>³</span> <span class='ocrx_word' id='word_1_470' title='bbox 642 5716 926 5797; x_wconf 38' lang='lat' dir='ltr'><strong>soladeditio</strong></span> <span class='ocrx_word' id='word_1_471' title='bbox 948 5728 1083 5797; x_wconf 44' lang='lat' dir='ltr'><strong>non,</strong></span> <span class='ocrx_word' id='word_1_472' title='bbox 1105 5722 1482 5797; x_wconf 64' lang='lat' dir='ltr'><strong>exhortationem</strong></span> <span class='ocrx_word' id='word_1_473' title='bbox 1518 5738 1702 5791; x_wconf 86' lang='lat' dir='ltr'><strong>eorum,</strong></span> <span class='ocrx_word' id='word_1_474' title='bbox 1738 5737 2116 5797; x_wconf 72' lang='lat' dir='ltr'><strong>cwterommque</strong></span> 
     </span>
    </p>
   </div>
   <div class='ocr_carea' id='block_1_61' title="bbox 528 5783 1311 5839">
    <p class='ocr_par' dir='ltr' id='par_1_61' title="bbox 528 5783 1311 5839">
     <span class='ocr_line' id='line_1_62' title="bbox 528 5783 1311 5839; baseline 0.006 -10"><span class='ocrx_word' id='word_1_475' title='bbox 528 5783 921 5839; x_wconf 64' lang='lat' dir='ltr'><strong>pradicaqu</strong></span> <span class='ocrx_word' id='word_1_476' title='bbox 941 5795 958 5833; x_wconf 91' lang='lat'><strong><em>:</em></strong></span> <span class='ocrx_word' id='word_1_477' title='bbox 978 5785 1141 5835; x_wconf 78' lang='lat' dir='ltr'><strong>minus</strong></span> <span class='ocrx_word' id='word_1_478' title='bbox 1153 5790 1311 5836; x_wconf 84' lang='lat' dir='ltr'><strong>recte.</strong></span> 
     </span>
    </p>
   </div>
   <div class='ocr_carea' id='block_1_62' title="bbox 590 5840 1627 5910">
    <p class='ocr_par' dir='ltr' id='par_1_62' title="bbox 590 5840 1627 5910">
     <span class='ocr_line' id='line_1_63' title="bbox 590 5840 1627 5910; baseline 0.014 -20"><span class='ocrx_word' id='word_1_479' title='bbox 590 5840 613 5910; x_wconf 66' lang='grc' dir='ltr'>ξ</span> <span class='ocrx_word' id='word_1_480' title='bbox 646 5851 718 5910; x_wconf 60' lang='lat' dir='ltr'><strong>sic</strong></span> <span class='ocrx_word' id='word_1_481' title='bbox 738 5845 985 5910; x_wconf 34' lang='lat' dir='ltr'><strong>uss,qu</strong></span> <span class='ocrx_word' id='word_1_482' title='bbox 1012 5860 1151 5910; x_wconf 79' lang='lat' dir='ltr'><strong>vero,</strong></span> <span class='ocrx_word' id='word_1_483' title='bbox 1168 5848 1627 5910; x_wconf 63' lang='grc' dir='ltr'><strong>νςπιειωναάοηοιιι.</strong></span> 
     </span>
    </p>
   </div>
   <div class='ocr_carea' id='block_1_63' title="bbox 593 5898 1334 5974">
    <p class='ocr_par' dir='ltr' id='par_1_63' title="bbox 593 5898 1334 5974">
     <span class='ocr_line' id='line_1_64' title="bbox 593 5898 1334 5974; baseline 0.011 -20"><span class='ocrx_word' id='word_1_484' title='bbox 593 5898 615 5935; x_wconf 77' lang='grc' dir='ltr'><strong>ι</strong></span> <span class='ocrx_word' id='word_1_485' title='bbox 649 5898 897 5958; x_wconf 69' lang='grc' dir='ltr'><strong>ιιεωθηεε.</strong></span> <span class='ocrx_word' id='word_1_486' title='bbox 915 5912 1018 5973; x_wconf 83' lang='lat' dir='ltr'><strong>tts.,</strong></span> <span class='ocrx_word' id='word_1_487' title='bbox 1046 5898 1334 5974; x_wconf 51' lang='lat' dir='ltr'><strong>pransae;</strong></span> 
     </span>
    </p>
   </div>
   <div class='ocr_carea' id='block_1_64' title="bbox 2270 598 3873 685">
    <p class='ocr_par' dir='ltr' id='par_1_64' title="bbox 2270 598 3873 685">
     <span class='ocr_line' id='line_1_65' title="bbox 2270 598 3873 685; baseline 0.014 -29"><span class='ocrx_word' id='word_1_488' title='bbox 2270 598 2399 656; x_wconf 80' lang='lat' dir='ltr'><strong>Cum</strong></span> <span class='ocrx_word' id='word_1_489' title='bbox 2423 603 2604 657; x_wconf 85' lang='lat' dir='ltr'><strong>scirem</strong></span> <span class='ocrx_word' id='word_1_490' title='bbox 2638 607 2754 674; x_wconf 81' lang='lat' dir='ltr'><strong>quia</strong></span> <span class='ocrx_word' id='word_1_491' title='bbox 2783 623 2931 664; x_wconf 86' lang='lat' dir='ltr'><strong>nemo</strong></span> <span class='ocrx_word' id='word_1_492' title='bbox 2973 616 3079 665; x_wconf 72' lang='lat' dir='ltr'><strong>esse</strong></span> <span class='ocrx_word' id='word_1_493' title='bbox 3104 612 3265 684; x_wconf 79' lang='lat' dir='ltr'><strong>potest</strong></span> <span class='ocrx_word' id='word_1_494' title='bbox 3292 617 3573 685; x_wconf 77' lang='lat' dir='ltr'><strong>continens,</strong></span> <span class='ocrx_word' id='word_1_495' title='bbox 3596 618 3699 674; x_wconf 79' lang='lat' dir='ltr'><strong>nisi</strong></span> <span class='ocrx_word' id='word_1_496' title='bbox 3726 618 3873 677; x_wconf 73' lang='lat' dir='ltr'><strong>Deus</strong></span> 
     </span>
    </p>
   </div>
   <div class='ocr_carea' id='block_1_65' title="bbox 2269 692 3875 783">
    <p class='ocr_par' dir='ltr' id='par_1_65' title="bbox 2269 692 3875 783">
     <span class='ocr_line' id='line_1_66' title="bbox 2269 692 3875 783; baseline 0.016 -37"><span class='ocrx_word' id='word_1_497' title='bbox 2269 692 2393 760; x_wconf 84' lang='lat' dir='ltr'><strong>det;</strong></span> <span class='ocrx_word' id='word_1_498' title='bbox 2421 703 2471 750; x_wconf 89' lang='lat' dir='ltr'><strong>et</strong></span> <span class='ocrx_word' id='word_1_499' title='bbox 2503 696 2598 750; x_wconf 84' lang='lat' dir='ltr'><strong>hoc</strong></span> <span class='ocrx_word' id='word_1_500' title='bbox 2617 698 2787 768; x_wconf 88' lang='lat' dir='ltr'><strong>ipsum</strong></span> <span class='ocrx_word' id='word_1_501' title='bbox 2824 712 2934 757; x_wconf 89' lang='lat' dir='ltr'><strong>erat</strong></span> <span class='ocrx_word' id='word_1_502' title='bbox 2960 705 3241 775; x_wconf 61' lang='lat' dir='ltr'><strong>sapientius,</strong></span> <span class='ocrx_word' id='word_1_503' title='bbox 3275 702 3403 765; x_wconf 72' lang='lat' dir='ltr'><strong>scire</strong></span> <span class='ocrx_word' id='word_1_504' title='bbox 3427 710 3576 783; x_wconf 77' lang='lat' dir='ltr'><strong>cujus</strong></span> <span class='ocrx_word' id='word_1_505' title='bbox 3616 723 3745 769; x_wconf 80' lang='lat' dir='ltr'><strong>esset</strong></span> <span class='ocrx_word' id='word_1_506' title='bbox 3772 715 3875 771; x_wconf 76' lang='lat' dir='ltr'><strong>hoc</strong></span> 
     </span>
    </p>
   </div>
   <div class='ocr_carea' id='block_1_66' title="bbox 2267 785 3872 874">
    <p class='ocr_par' dir='ltr' id='par_1_66' title="bbox 2267 785 3872 874">
     <span class='ocr_line' id='line_1_67' title="bbox 2267 785 3872 874; baseline 0.015 -35"><span class='ocrx_word' id='word_1_507' title='bbox 2267 785 2458 840; x_wconf 84' lang='lat' dir='ltr'><strong>donum</strong></span> <span class='ocrx_word' id='word_1_508' title='bbox 2503 786 2657 860; x_wconf 88' lang='lat' dir='ltr'><strong>(Sap.</strong></span> <span class='ocrx_word' id='word_1_509' title='bbox 2687 800 2798 859; x_wconf 74' lang='lat' dir='ltr'><strong>Vm,</strong></span> <span class='ocrx_word' id='word_1_510' title='bbox 2828 791 2954 865; x_wconf 77' lang='grc'><strong>21).</strong></span> <span class='ocrx_word' id='word_1_511' title='bbox 2982 794 3107 851; x_wconf 75' lang='lat' dir='ltr'><strong>litec</strong></span> <span class='ocrx_word' id='word_1_512' title='bbox 3152 796 3279 868; x_wconf 74' lang='lat' dir='ltr'><strong>ergo</strong></span> <span class='ocrx_word' id='word_1_513' title='bbox 3316 800 3409 856; x_wconf 82' lang='lat' dir='ltr'><strong>Dei</strong></span> <span class='ocrx_word' id='word_1_514' title='bbox 3451 802 3591 858; x_wconf 84' lang='lat' dir='ltr'><strong>dona</strong></span> <span class='ocrx_word' id='word_1_515' title='bbox 3631 814 3779 874; x_wconf 89' lang='lat' dir='ltr'><strong>sunt,</strong></span> <span class='ocrx_word' id='word_1_516' title='bbox 3814 806 3872 863; x_wconf 96' lang='lat' dir='ltr'><strong>id</strong></span> 
     </span>
    </p>
   </div>
   <div class='ocr_carea' id='block_1_67' title="bbox 2262 880 3868 959">
    <p class='ocr_par' dir='ltr' id='par_1_67' title="bbox 2262 880 3868 959">
     <span class='ocr_line' id='line_1_68' title="bbox 2262 880 3868 959; baseline 0.015 -27"><span class='ocrx_word' id='word_1_517' title='bbox 2262 880 2370 947; x_wconf 82' lang='lat' dir='ltr'><strong>est,</strong></span> <span class='ocrx_word' id='word_1_518' title='bbox 2398 889 2457 934; x_wconf 88' lang='lat' dir='ltr'><strong>ut</strong></span> <span class='ocrx_word' id='word_1_519' title='bbox 2484 880 2552 936; x_wconf 92' lang='lat' dir='ltr'><strong>de</strong></span> <span class='ocrx_word' id='word_1_520' title='bbox 2581 883 2700 937; x_wconf 91' lang='lat' dir='ltr'><strong>aliis</strong></span> <span class='ocrx_word' id='word_1_521' title='bbox 2738 886 2963 954; x_wconf 76' lang='lat' dir='ltr'><strong>taceam,</strong></span> <span class='ocrx_word' id='word_1_522' title='bbox 2988 888 3246 959; x_wconf 87' lang='lat' dir='ltr'><strong>sapientia</strong></span> <span class='ocrx_word' id='word_1_523' title='bbox 3268 899 3323 948; x_wconf 88' lang='lat' dir='ltr'><strong>et</strong></span> <span class='ocrx_word' id='word_1_524' title='bbox 3362 895 3717 954; x_wconf 86' lang='lat' dir='ltr'><strong>continentia.</strong></span> <span class='ocrx_word' id='word_1_525' title='bbox 3752 898 3868 955; x_wconf 81' lang='lat' dir='ltr'><strong>Ac-</strong></span> 
     </span>
    </p>
   </div>
   <div class='ocr_carea' id='block_1_68' title="bbox 2265 971 3864 1057">
    <p class='ocr_par' dir='ltr' id='par_1_68' title="bbox 2265 971 3864 1057">
     <span class='ocr_line' id='line_1_69' title="bbox 2265 971 3864 1057; baseline 0.015 -34"><span class='ocrx_word' id='word_1_526' title='bbox 2265 971 2548 1039; x_wconf 78' lang='lat' dir='ltr'><strong>quiescun‘t</strong></span> <span class='ocrx_word' id='word_1_527' title='bbox 2585 982 2641 1029; x_wconf 89' lang='lat' dir='ltr'><strong>et</strong></span> <span class='ocrx_word' id='word_1_528' title='bbox 2669 975 2757 1030; x_wconf 90' lang='lat' dir='ltr'><strong>isti</strong></span> <span class='ocrx_word' id='word_1_529' title='bbox 2784 992 2801 1031; x_wconf 89' lang='lat'><strong>:</strong></span> <span class='ocrx_word' id='word_1_530' title='bbox 2830 990 3005 1050; x_wconf 89' lang='lat' dir='ltr'><strong>neque</strong></span> <span class='ocrx_word' id='word_1_531' title='bbox 3030 976 3177 1036; x_wconf 79' lang='lat' dir='ltr'><strong>enim</strong></span> <span class='ocrx_word' id='word_1_532' title='bbox 3199 981 3468 1055; x_wconf 83' lang='lat' dir='ltr'><strong>Pelagiani</strong></span> <span class='ocrx_word' id='word_1_533' title='bbox 3496 976 3646 1057; x_wconf 80' lang='lat' dir='ltr'><strong>sunt,</strong></span> <span class='ocrx_word' id='word_1_534' title='bbox 3672 1002 3733 1046; x_wconf 91' lang='lat' dir='ltr'><strong>ut</strong></span> <span class='ocrx_word' id='word_1_535' title='bbox 3759 992 3864 1046; x_wconf 81' lang='lat' dir='ltr'><strong>ad-</strong></span> 
     </span>
    </p>
   </div>
   <div class='ocr_carea' id='block_1_69' title="bbox 2264 1065 3867 1140">
    <p class='ocr_par' dir='ltr' id='par_1_69' title="bbox 2264 1065 3867 1140">
     <span class='ocr_line' id='line_1_70' title="bbox 2264 1065 3867 1140; baseline 0.014 -24"><span class='ocrx_word' id='word_1_536' title='bbox 2264 1077 2452 1119; x_wconf 90' lang='lat' dir='ltr'><strong>versus</strong></span> <span class='ocrx_word' id='word_1_537' title='bbox 2480 1065 2637 1121; x_wconf 87' lang='lat' dir='ltr'><strong>istam</strong></span> <span class='ocrx_word' id='word_1_538' title='bbox 2679 1070 3018 1140; x_wconf 83' lang='lat' dir='ltr'><strong>perspicuam</strong></span> <span class='ocrx_word' id='word_1_539' title='bbox 3048 1074 3325 1131; x_wconf 80' lang='lat' dir='ltr'><strong>veritatem</strong></span> <span class='ocrx_word' id='word_1_540' title='bbox 3362 1077 3496 1135; x_wconf 88' lang='lat' dir='ltr'><strong>dura</strong></span> <span class='ocrx_word' id='word_1_541' title='bbox 3524 1088 3579 1136; x_wconf 89' lang='lat' dir='ltr'><strong>et</strong></span> <span class='ocrx_word' id='word_1_542' title='bbox 3604 1078 3867 1139; x_wconf 65' lang='lat' dir='ltr'><strong>hmretica</strong></span> 
     </span>
    </p>
   </div>
   <div class='ocr_carea' id='block_1_70' title="bbox 2260 1156 3866 1242">
    <p class='ocr_par' dir='ltr' id='par_1_70' title="bbox 2260 1156 3866 1242">
     <span class='ocr_line' id='line_1_71' title="bbox 2260 1156 3866 1242; baseline 0.014 -34"><span class='ocrx_word' id='word_1_543' title='bbox 2260 1156 2614 1222; x_wconf 82' lang='lat' dir='ltr'><strong>perversitate</strong></span> <span class='ocrx_word' id='word_1_544' title='bbox 2639 1160 2987 1217; x_wconf 88' lang='lat' dir='ltr'><strong>contendant.</strong></span> <span class='ocrx_word' id='word_1_545' title='bbox 3022 1181 3042 1216; x_wconf 79' lang='grc' dir='ltr'><strong>ι</strong></span> <span class='ocrx_word' id='word_1_546' title='bbox 3074 1164 3183 1221; x_wconf 88' lang='lat' dir='ltr'><strong>Sed</strong></span> <span class='ocrx_word' id='word_1_547' title='bbox 3222 1165 3357 1234; x_wconf 63' lang='lat' dir='ltr'><strong>huic,</strong></span> <span class='ocrx_word' id='word_1_548' title='bbox 3394 1187 3415 1222; x_wconf 70' lang='grc' dir='ltr'><strong>ι</strong></span> <span class='ocrx_word' id='word_1_549' title='bbox 3449 1171 3715 1242; x_wconf 86' lang='lat' dir='ltr'><strong>inquiunt,</strong></span> <span class='ocrx_word' id='word_1_550' title='bbox 3747 1194 3768 1227; x_wconf 75' lang='grc' dir='ltr'><strong>ι</strong></span> <span class='ocrx_word' id='word_1_551' title='bbox 3800 1185 3866 1231; x_wconf 80' lang='grc' dir='ltr'><strong>ιιι</strong></span> 
     </span>
    </p>
   </div>
   <div class='ocr_carea' id='block_1_71' title="bbox 2261 1245 3864 1337">
    <p class='ocr_par' dir='ltr' id='par_1_71' title="bbox 2261 1245 3864 1337">
     <span class='ocr_line' id='line_1_72' title="bbox 2261 1245 3864 1337; baseline 0.014 -38"><span class='ocrx_word' id='word_1_552' title='bbox 2261 1256 2293 1299; x_wconf 92' lang='lat' dir='ltr'><strong>a</strong></span> <span class='ocrx_word' id='word_1_553' title='bbox 2337 1245 2448 1302; x_wconf 89' lang='lat' dir='ltr'><strong>Deo</strong></span> <span class='ocrx_word' id='word_1_554' title='bbox 2498 1247 2691 1304; x_wconf 87' lang='lat' dir='ltr'><strong>dentur</strong></span> <span class='ocrx_word' id='word_1_555' title='bbox 2730 1252 2902 1319; x_wconf 89' lang='lat' dir='ltr'><strong>nobis,</strong></span> <span class='ocrx_word' id='word_1_556' title='bbox 2950 1254 3082 1312; x_wconf 77' lang='lat' dir='ltr'><strong>ﬁdes</strong></span> <span class='ocrx_word' id='word_1_557' title='bbox 3123 1258 3391 1330; x_wconf 85' lang='lat' dir='ltr'><strong>impetrat,</strong></span> <span class='ocrx_word' id='word_1_558' title='bbox 3436 1264 3556 1334; x_wconf 74' lang='lat' dir='ltr'><strong>qua:</strong></span> <span class='ocrx_word' id='word_1_559' title='bbox 3599 1265 3790 1337; x_wconf 86' lang='lat' dir='ltr'><strong>incipit</strong></span> <span class='ocrx_word' id='word_1_560' title='bbox 3830 1282 3864 1322; x_wconf 85' lang='lat' dir='ltr'><strong>a</strong></span> 
     </span>
    </p>
   </div>
   <div class='ocr_carea' id='block_1_72' title="bbox 2260 1338 3861 1421">
    <p class='ocr_par' dir='ltr' id='par_1_72' title="bbox 2260 1338 3861 1421">
     <span class='ocr_line' id='line_1_73' title="bbox 2260 1338 3861 1421; baseline 0.014 -30"><span class='ocrx_word' id='word_1_561' title='bbox 2260 1338 2412 1394; x_wconf 89' lang='lat' dir='ltr'><strong>nobis</strong></span> <span class='ocrx_word' id='word_1_562' title='bbox 2436 1357 2449 1393; x_wconf 95' lang='lat'>:</span> <span class='ocrx_word' id='word_1_563' title='bbox 2484 1357 2505 1393; x_wconf 71' lang='grc' dir='ltr'><strong>ι</strong></span> <span class='ocrx_word' id='word_1_564' title='bbox 2536 1355 2698 1412; x_wconf 86' lang='lat' dir='ltr'><strong>quam</strong></span> <span class='ocrx_word' id='word_1_565' title='bbox 2724 1344 2884 1401; x_wconf 73' lang='lat' dir='ltr'><strong>ﬁdem</strong></span> <span class='ocrx_word' id='word_1_566' title='bbox 2913 1356 2968 1403; x_wconf 91' lang='lat' dir='ltr'><strong>et</strong></span> <span class='ocrx_word' id='word_1_567' title='bbox 2994 1348 3233 1419; x_wconf 90' lang='lat' dir='ltr'><strong>incipere</strong></span> <span class='ocrx_word' id='word_1_568' title='bbox 3257 1351 3476 1421; x_wconf 89' lang='lat' dir='ltr'><strong>habere,</strong></span> <span class='ocrx_word' id='word_1_569' title='bbox 3504 1364 3559 1411; x_wconf 86' lang='lat' dir='ltr'><strong>et</strong></span> <span class='ocrx_word' id='word_1_570' title='bbox 3587 1356 3641 1411; x_wconf 92' lang='lat' dir='ltr'><strong>in</strong></span> <span class='ocrx_word' id='word_1_571' title='bbox 3668 1358 3735 1412; x_wconf 86' lang='lat' dir='ltr'><strong>ea</strong></span> <span class='ocrx_word' id='word_1_572' title='bbox 3763 1373 3861 1413; x_wconf 89' lang='lat' dir='ltr'><strong>ns-</strong></span> 
     </span>
    </p>
   </div>
   <div class='ocr_carea' id='block_1_73' title="bbox 2256 1430 3860 1512">
    <p class='ocr_par' dir='ltr' id='par_1_73' title="bbox 2256 1430 3860 1512">
     <span class='ocr_line' id='line_1_74' title="bbox 2256 1430 3860 1512; baseline 0.013 -29"><span class='ocrx_word' id='word_1_573' title='bbox 2256 1443 2361 1499; x_wconf 90' lang='lat' dir='ltr'><strong>que</strong></span> <span class='ocrx_word' id='word_1_574' title='bbox 2404 1430 2458 1485; x_wconf 92' lang='lat' dir='ltr'><strong>in</strong></span> <span class='ocrx_word' id='word_1_575' title='bbox 2498 1432 2658 1489; x_wconf 80' lang='lat' dir='ltr'><strong>linem</strong></span> <span class='ocrx_word' id='word_1_576' title='bbox 2703 1440 3038 1505; x_wconf 87' lang='lat' dir='ltr'><strong>permanere,</strong></span> <span class='ocrx_word' id='word_1_577' title='bbox 3075 1449 3323 1512; x_wconf 89' lang='lat' dir='ltr'><strong>tanquam</strong></span> <span class='ocrx_word' id='word_1_578' title='bbox 3350 1443 3403 1499; x_wconf 90' lang='lat' dir='ltr'><strong>id</strong></span> <span class='ocrx_word' id='word_1_579' title='bbox 3433 1460 3539 1501; x_wconf 92' lang='lat' dir='ltr'><strong>non</strong></span> <span class='ocrx_word' id='word_1_580' title='bbox 3566 1446 3595 1501; x_wconf 72' lang='grc' dir='ltr'>ἐι</span> <span class='ocrx_word' id='word_1_581' title='bbox 3624 1446 3860 1505; x_wconf 84' lang='lat' dir='ltr'><strong>Domino</strong></span> 
     </span>
    </p>
   </div>
   <div class='ocr_carea' id='block_1_74' title="bbox 2255 1521 3860 1610">
    <p class='ocr_par' dir='ltr' id='par_1_74' title="bbox 2255 1521 3860 1610">
     <span class='ocr_line' id='line_1_75' title="bbox 2255 1521 3860 1610; baseline 0.014 -35"><span class='ocrx_word' id='word_1_582' title='bbox 2255 1521 2597 1592; x_wconf 85' lang='lat' dir='ltr'><strong>accipiamus,</strong></span> <span class='ocrx_word' id='word_1_583' title='bbox 2630 1536 2871 1583; x_wconf 88' lang='lat' dir='ltr'><strong>nostrum</strong></span> <span class='ocrx_word' id='word_1_584' title='bbox 2901 1545 3021 1586; x_wconf 91' lang='lat' dir='ltr'><strong>esse</strong></span> <span class='ocrx_word' id='word_1_585' title='bbox 3050 1532 3405 1591; x_wconf 83' lang='lat' dir='ltr'><strong>contendunt.</strong></span> <span class='ocrx_word' id='word_1_586' title='bbox 3430 1536 3528 1594; x_wconf 90' lang='lat' dir='ltr'><strong>llic</strong></span> <span class='ocrx_word' id='word_1_587' title='bbox 3556 1541 3744 1610; x_wconf 90' lang='lat' dir='ltr'><strong>procul</strong></span> <span class='ocrx_word' id='word_1_588' title='bbox 3766 1542 3860 1597; x_wconf 77' lang='lat' dir='ltr'><strong>du-</strong></span> 
     </span>
    </p>
   </div>
   <div class='ocr_carea' id='block_1_75' title="bbox 2253 1611 3860 1695">
    <p class='ocr_par' dir='ltr' id='par_1_75' title="bbox 2253 1611 3860 1695">
     <span class='ocr_line' id='line_1_76' title="bbox 2253 1611 3860 1695; baseline 0.014 -30"><span class='ocrx_word' id='word_1_589' title='bbox 2253 1611 2342 1666; x_wconf 90' lang='lat' dir='ltr'><strong>bio</strong></span> <span class='ocrx_word' id='word_1_590' title='bbox 2383 1615 2763 1672; x_wconf 84' lang='lat' dir='ltr'><strong>contradicitur</strong></span> <span class='ocrx_word' id='word_1_591' title='bbox 2798 1620 3057 1689; x_wconf 78' lang='lat' dir='ltr'><strong>Apo&#39;stolo</strong></span> <span class='ocrx_word' id='word_1_592' title='bbox 3096 1622 3313 1691; x_wconf 82' lang='lat' dir='ltr'><strong>dicenti,</strong></span> <span class='ocrx_word' id='word_1_593' title='bbox 3349 1626 3485 1695; x_wconf 81' lang='lat' dir='ltr'><strong>Quid</strong></span> <span class='ocrx_word' id='word_1_594' title='bbox 3524 1630 3660 1683; x_wconf 86' lang='lat' dir='ltr'><strong>enim</strong></span> <span class='ocrx_word' id='word_1_595' title='bbox 3700 1630 3860 1689; x_wconf 76' lang='lat' dir='ltr'><strong>habes</strong></span> 
     </span>
    </p>
   </div>
   <div class='ocr_carea' id='block_1_76' title="bbox 2251 1704 3856 1792">
    <p class='ocr_par' dir='ltr' id='par_1_76' title="bbox 2251 1704 3856 1792">
     <span class='ocr_line' id='line_1_77' title="bbox 2251 1704 3856 1792; baseline 0.016 -36"><span class='ocrx_word' id='word_1_596' title='bbox 2251 1704 2389 1774; x_wconf 87' lang='lat' dir='ltr'><strong>quod</strong></span> <span class='ocrx_word' id='word_1_597' title='bbox 2442 1723 2541 1761; x_wconf 88' lang='lat' dir='ltr'><strong>non</strong></span> <span class='ocrx_word' id='word_1_598' title='bbox 2585 1710 2822 1780; x_wconf 83' lang='lat' dir='ltr'><strong>accepisti</strong></span> <span class='ocrx_word' id='word_1_599' title='bbox 2876 1711 2931 1785; x_wconf 88' lang='grc' dir='ltr'><strong>(Ι</strong></span> <span class='ocrx_word' id='word_1_600' title='bbox 2955 1711 3076 1769; x_wconf 86' lang='lat' dir='ltr'><strong>Cor.</strong></span> <span class='ocrx_word' id='word_1_601' title='bbox 3107 1730 3178 1782; x_wconf 87' lang='lat' dir='ltr'><strong>tv,</strong></span> <span class='ocrx_word' id='word_1_602' title='bbox 3212 1714 3318 1792; x_wconf 88' lang='lat'><strong>7)?</strong></span> <span class='ocrx_word' id='word_1_603' title='bbox 3354 1718 3760 1778; x_wconf 82' lang='lat' dir='ltr'><strong>Contradicitur</strong></span> <span class='ocrx_word' id='word_1_604' title='bbox 3798 1735 3856 1783; x_wconf 81' lang='lat' dir='ltr'><strong>et</strong></span> 
     </span>
    </p>
   </div>
   <div class='ocr_carea' id='block_1_77' title="bbox 2250 1801 3853 1889">
    <p class='ocr_par' dir='ltr' id='par_1_77' title="bbox 2250 1801 3853 1889">
     <span class='ocr_line' id='line_1_78' title="bbox 2250 1801 3853 1889; baseline 0.014 -37"><span class='ocrx_word' id='word_1_605' title='bbox 2250 1801 2472 1872; x_wconf 86' lang='lat' dir='ltr'><strong>martyri</strong></span> <span class='ocrx_word' id='word_1_606' title='bbox 2521 1801 2790 1875; x_wconf 88' lang='lat' dir='ltr'><strong>Cypriano</strong></span> <span class='ocrx_word' id='word_1_607' title='bbox 2862 1806 3082 1876; x_wconf 80' lang='lat' dir='ltr'><strong>dicenti,</strong></span> <span class='ocrx_word' id='word_1_608' title='bbox 3130 1827 3149 1863; x_wconf 78' lang='grc' dir='ltr'><strong>ι</strong></span> <span class='ocrx_word' id='word_1_609' title='bbox 3193 1809 3251 1866; x_wconf 91' lang='lat' dir='ltr'><strong>In</strong></span> <span class='ocrx_word' id='word_1_610' title='bbox 3296 1813 3442 1869; x_wconf 91' lang='lat' dir='ltr'><strong>nullo</strong></span> <span class='ocrx_word' id='word_1_611' title='bbox 3486 1814 3853 1889; x_wconf 84' lang='lat' dir='ltr'><strong>gloriandum,</strong></span> 
     </span>
    </p>
   </div>
   <div class='ocr_carea' id='block_1_78' title="bbox 2249 1891 3850 1982">
    <p class='ocr_par' dir='ltr' id='par_1_78' title="bbox 2249 1891 3850 1982">
     <span class='ocr_line' id='line_1_79' title="bbox 2249 1891 3850 1982; baseline 0.016 -40"><span class='ocrx_word' id='word_1_612' title='bbox 2249 1891 2459 1959; x_wconf 89' lang='lat' dir='ltr'><strong>quando</strong></span> <span class='ocrx_word' id='word_1_613' title='bbox 2499 1903 2738 1950; x_wconf 74' lang='lat' dir='ltr'><strong>nostrum</strong></span> <span class='ocrx_word' id='word_1_614' title='bbox 2770 1897 2903 1952; x_wconf 82' lang='lat' dir='ltr'><strong>nihil</strong></span> <span class='ocrx_word' id='word_1_615' title='bbox 2939 1901 3007 1954; x_wconf 88' lang='lat' dir='ltr'><strong>sit</strong></span> <span class='ocrx_word' id='word_1_616' title='bbox 3029 1917 3048 1952; x_wconf 73' lang='grc' dir='ltr'><strong>ι</strong></span> <span class='ocrx_word' id='word_1_617' title='bbox 3073 1899 3176 1974; x_wconf 84' lang='lat' dir='ltr'><strong>(Ad</strong></span> <span class='ocrx_word' id='word_1_618' title='bbox 3209 1902 3499 1972; x_wconf 75' lang='lat' dir='ltr'><strong>Quirinum,</strong></span> <span class='ocrx_word' id='word_1_619' title='bbox 3530 1904 3618 1963; x_wconf 77' lang='lat' dir='ltr'><strong>lib.</strong></span> <span class='ocrx_word' id='word_1_620' title='bbox 3648 1908 3707 1976; x_wconf 67' lang='grc' dir='ltr'><strong>δ’,</strong></span> <span class='ocrx_word' id='word_1_621' title='bbox 3734 1926 3850 1982; x_wconf 78' lang='lat' dir='ltr'><strong>cap.</strong></span> 
     </span>
    </p>
   </div>
   <div class='ocr_carea' id='block_1_79' title="bbox 2248 1979 3847 2072">
    <p class='ocr_par' dir='ltr' id='par_1_79' title="bbox 2248 1979 3847 2072">
     <span class='ocr_line' id='line_1_80' title="bbox 2248 1979 3847 2072; baseline 0.016 -39"><span class='ocrx_word' id='word_1_622' title='bbox 2248 1979 2337 2049; x_wconf 77' lang='grc'><strong>4).</strong></span> <span class='ocrx_word' id='word_1_623' title='bbox 2377 1979 2509 2036; x_wconf 90' lang='lat' dir='ltr'><strong>Cum</strong></span> <span class='ocrx_word' id='word_1_624' title='bbox 2548 1982 2663 2040; x_wconf 75' lang='lat' dir='ltr'><strong>haec</strong></span> <span class='ocrx_word' id='word_1_625' title='bbox 2692 2026 2708 2052; x_wconf 90' lang='lat'><strong>,</strong></span> <span class='ocrx_word' id='word_1_626' title='bbox 2741 1995 2795 2042; x_wconf 90' lang='lat' dir='ltr'><strong>et</strong></span> <span class='ocrx_word' id='word_1_627' title='bbox 2831 1987 2934 2042; x_wconf 83' lang='lat' dir='ltr'><strong>alia</strong></span> <span class='ocrx_word' id='word_1_628' title='bbox 2972 1990 3140 2045; x_wconf 84' lang='lat' dir='ltr'><strong>multa</strong></span> <span class='ocrx_word' id='word_1_629' title='bbox 3190 2006 3308 2063; x_wconf 63' lang='lat' dir='ltr'><strong>quae</strong></span> <span class='ocrx_word' id='word_1_630' title='bbox 3366 1996 3511 2067; x_wconf 81' lang='lat' dir='ltr'><strong>piget</strong></span> <span class='ocrx_word' id='word_1_631' title='bbox 3551 1979 3847 2072; x_wconf 75' lang='lat' dir='ltr'><strong>repetere,</strong></span> 
     </span>
    </p>
   </div>
   <div class='ocr_carea' id='block_1_80' title="bbox 2247 2069 3852 2162">
    <p class='ocr_par' dir='ltr' id='par_1_80' title="bbox 2247 2069 3852 2162">
     <span class='ocr_line' id='line_1_81' title="bbox 2247 2069 3852 2162; baseline 0.017 -38"><span class='ocrx_word' id='word_1_632' title='bbox 2247 2069 2569 2139; x_wconf 82' lang='lat' dir='ltr'><strong>dixerimus;</strong></span> <span class='ocrx_word' id='word_1_633' title='bbox 2602 2084 2759 2148; x_wconf 90' lang='lat' dir='ltr'><strong>atque</strong></span> <span class='ocrx_word' id='word_1_634' title='bbox 2814 2081 3222 2151; x_wconf 84' lang='lat' dir='ltr'><strong>ostenderimus,</strong></span> <span class='ocrx_word' id='word_1_635' title='bbox 3265 2092 3320 2148; x_wconf 78' lang='lat' dir='ltr'><strong>et</strong></span> <span class='ocrx_word' id='word_1_636' title='bbox 3355 2087 3564 2145; x_wconf 82' lang='lat' dir='ltr'><strong>initium</strong></span> <span class='ocrx_word' id='word_1_637' title='bbox 3616 2069 3770 2162; x_wconf 77' lang='lat' dir='ltr'><strong>iidei,</strong></span> 
     </span>
    </p>
   </div>
   <div class='ocr_carea' id='block_1_81' title="bbox 2249 2165 3849 2251">
    <p class='ocr_par' dir='ltr' id='par_1_81' title="bbox 2249 2165 3849 2251">
     <span class='ocr_line' id='line_1_82' title="bbox 2249 2165 3849 2251; baseline 0.017 -35"><span class='ocrx_word' id='word_1_638' title='bbox 2249 2176 2418 2233; x_wconf 91' lang='lat' dir='ltr'><strong>usque</strong></span> <span class='ocrx_word' id='word_1_639' title='bbox 2455 2165 2511 2219; x_wconf 92' lang='lat' dir='ltr'><strong>in</strong></span> <span class='ocrx_word' id='word_1_640' title='bbox 2553 2166 2711 2222; x_wconf 77' lang='lat' dir='ltr'><strong>finem</strong></span> <span class='ocrx_word' id='word_1_641' title='bbox 2744 2172 3219 2242; x_wconf 73' lang='lat' dir='ltr'><strong>perseverantiam,</strong></span> <span class='ocrx_word' id='word_1_642' title='bbox 3258 2177 3352 2233; x_wconf 86' lang='lat' dir='ltr'><strong>Dei</strong></span> <span class='ocrx_word' id='word_1_643' title='bbox 3379 2177 3517 2235; x_wconf 89' lang='lat' dir='ltr'><strong>dona</strong></span> <span class='ocrx_word' id='word_1_644' title='bbox 3546 2186 3670 2239; x_wconf 71' lang='lat' dir='ltr'><strong>esSe</strong></span> <span class='ocrx_word' id='word_1_645' title='bbox 3700 2199 3718 2251; x_wconf 88' lang='lat'><strong>;</strong></span> <span class='ocrx_word' id='word_1_646' title='bbox 3746 2200 3849 2243; x_wconf 86' lang='lat' dir='ltr'><strong>nec</strong></span> 
     </span>
    </p>
   </div>
   <div class='ocr_carea' id='block_1_82' title="bbox 2245 2253 3843 2348">
    <p class='ocr_par' dir='ltr' id='par_1_82' title="bbox 2245 2253 3843 2348">
     <span class='ocr_line' id='line_1_83' title="bbox 2245 2253 3843 2348; baseline 0.016 -40"><span class='ocrx_word' id='word_1_647' title='bbox 2245 2253 2353 2310; x_wconf 87' lang='lat' dir='ltr'><strong>ulla</strong></span> <span class='ocrx_word' id='word_1_648' title='bbox 2371 2270 2466 2312; x_wconf 88' lang='lat' dir='ltr'><strong>sua</strong></span> <span class='ocrx_word' id='word_1_649' title='bbox 2507 2256 2682 2315; x_wconf 84' lang='lat' dir='ltr'><strong>futura</strong></span> <span class='ocrx_word' id='word_1_650' title='bbox 2709 2260 2727 2293; x_wconf 78' lang='grc'>⁸</span> <span class='ocrx_word' id='word_1_651' title='bbox 2756 2261 2895 2318; x_wconf 91' lang='lat' dir='ltr'><strong>dona</strong></span> <span class='ocrx_word' id='word_1_652' title='bbox 2925 2305 2939 2330; x_wconf 91' lang='lat'><strong>,</strong></span> <span class='ocrx_word' id='word_1_653' title='bbox 2968 2274 3022 2321; x_wconf 86' lang='lat' dir='ltr'><strong>et</strong></span> <span class='ocrx_word' id='word_1_654' title='bbox 3045 2270 3164 2337; x_wconf 70' lang='lat' dir='ltr'><strong>qua:</strong></span> <span class='ocrx_word' id='word_1_655' title='bbox 3204 2268 3377 2325; x_wconf 82' lang='lat' dir='ltr'><strong>danda</strong></span> <span class='ocrx_word' id='word_1_656' title='bbox 3414 2264 3613 2340; x_wconf 78' lang='lat' dir='ltr'><strong>essent,</strong></span> <span class='ocrx_word' id='word_1_657' title='bbox 3636 2276 3694 2332; x_wconf 78' lang='lat' dir='ltr'><strong>et</strong></span> <span class='ocrx_word' id='word_1_658' title='bbox 3719 2279 3843 2348; x_wconf 82' lang='lat' dir='ltr'><strong>qui-</strong></span> 
     </span>
    </p>
   </div>
   <div class='ocr_carea' id='block_1_83' title="bbox 2246 2347 3842 2437">
    <p class='ocr_par' dir='ltr' id='par_1_83' title="bbox 2246 2347 3842 2437">
     <span class='ocr_line' id='line_1_84' title="bbox 2246 2347 3842 2437; baseline 0.016 -35"><span class='ocrx_word' id='word_1_659' title='bbox 2246 2347 2344 2403; x_wconf 90' lang='lat' dir='ltr'><strong>bus</strong></span> <span class='ocrx_word' id='word_1_660' title='bbox 2376 2348 2549 2405; x_wconf 83' lang='lat' dir='ltr'><strong>danda</strong></span> <span class='ocrx_word' id='word_1_661' title='bbox 2590 2362 2791 2423; x_wconf 89' lang='lat' dir='ltr'><strong>essent,</strong></span> <span class='ocrx_word' id='word_1_662' title='bbox 2832 2355 2999 2412; x_wconf 90' lang='lat' dir='ltr'><strong>Deum</strong></span> <span class='ocrx_word' id='word_1_663' title='bbox 3041 2370 3145 2413; x_wconf 89' lang='lat' dir='ltr'><strong>nou</strong></span> <span class='ocrx_word' id='word_1_664' title='bbox 3190 2363 3443 2430; x_wconf 73' lang='lat' dir='ltr'><strong>praescire</strong></span> <span class='ocrx_word' id='word_1_665' title='bbox 3483 2347 3753 2437; x_wconf 87' lang='lat' dir='ltr'><strong>potuisse;</strong></span> <span class='ocrx_word' id='word_1_666' title='bbox 3778 2384 3842 2428; x_wconf 85' lang='lat' dir='ltr'><strong>ac</strong></span> 
     </span>
    </p>
   </div>
   <div class='ocr_carea' id='block_1_84' title="bbox 2247 2444 3839 2529">
    <p class='ocr_par' dir='ltr' id='par_1_84' title="bbox 2247 2444 3839 2529">
     <span class='ocr_line' id='line_1_85' title="bbox 2247 2444 3839 2529; baseline 0.016 -34"><span class='ocrx_word' id='word_1_667' title='bbox 2247 2456 2342 2511; x_wconf 86' lang='lat' dir='ltr'><strong>per</strong></span> <span class='ocrx_word' id='word_1_668' title='bbox 2382 2444 2485 2499; x_wconf 85' lang='lat' dir='ltr'><strong>hoc</strong></span> <span class='ocrx_word' id='word_1_669' title='bbox 2532 2447 2943 2514; x_wconf 80' lang='lat' dir='ltr'><strong>praedestinatos</strong></span> <span class='ocrx_word' id='word_1_670' title='bbox 2980 2451 3168 2508; x_wconf 87' lang='lat' dir='ltr'><strong>abillo</strong></span> <span class='ocrx_word' id='word_1_671' title='bbox 3210 2469 3349 2521; x_wconf 89' lang='lat' dir='ltr'><strong>esse,</strong></span> <span class='ocrx_word' id='word_1_672' title='bbox 3388 2472 3521 2529; x_wconf 90' lang='lat' dir='ltr'><strong>quos</strong></span> <span class='ocrx_word' id='word_1_673' title='bbox 3561 2459 3755 2518; x_wconf 84' lang='lat' dir='ltr'><strong>liberat</strong></span> <span class='ocrx_word' id='word_1_674' title='bbox 3787 2473 3839 2520; x_wconf 90' lang='lat' dir='ltr'><strong>et</strong></span> 
     </span>
    </p>
   </div>
   <div class='ocr_carea' id='block_1_85' title="bbox 2245 2541 3838 2620">
    <p class='ocr_par' dir='ltr' id='par_1_85' title="bbox 2245 2541 3838 2620">
     <span class='ocr_line' id='line_1_86' title="bbox 2245 2541 3838 2620; baseline 0.016 -32"><span class='ocrx_word' id='word_1_675' title='bbox 2245 2545 2466 2590; x_wconf 88' lang='lat' dir='ltr'><strong>coronat</strong></span> <span class='ocrx_word' id='word_1_676' title='bbox 2495 2553 2509 2589; x_wconf 74' lang='grc' dir='ltr'><strong>ε</strong></span> <span class='ocrx_word' id='word_1_677' title='bbox 2537 2541 2966 2609; x_wconf 89' lang='lat' dir='ltr'><strong>respondendum</strong></span> <span class='ocrx_word' id='word_1_678' title='bbox 3028 2553 3236 2616; x_wconf 81' lang='lat' dir='ltr'><strong>putant,</strong></span> <span class='ocrx_word' id='word_1_679' title='bbox 3284 2554 3305 2601; x_wconf 72' lang='grc' dir='ltr'><strong>ι</strong></span> <span class='ocrx_word' id='word_1_680' title='bbox 3352 2552 3838 2620; x_wconf 73' lang='lat' dir='ltr'><strong>przcdestinationis</strong></span> 
     </span>
    </p>
   </div>
   <div class='ocr_carea' id='block_1_86' title="bbox 2245 2626 3838 2718">
    <p class='ocr_par' dir='ltr' id='par_1_86' title="bbox 2245 2626 3838 2718">
     <span class='ocr_line' id='line_1_87' title="bbox 2245 2626 3838 2718; baseline 0.018 -38"><span class='ocrx_word' id='word_1_681' title='bbox 2245 2626 2607 2685; x_wconf 80' lang='lat' dir='ltr'><strong>definitionem</strong></span> <span class='ocrx_word' id='word_1_682' title='bbox 2682 2633 2895 2689; x_wconf 85' lang='lat' dir='ltr'><strong>utilitati</strong></span> <span class='ocrx_word' id='word_1_683' title='bbox 2954 2634 3344 2707; x_wconf 62' lang='lat' dir='ltr'><strong>praedicationis</strong></span> <span class='ocrx_word' id='word_1_684' title='bbox 3398 2644 3716 2718; x_wconf 82' lang='lat' dir='ltr'><strong>adversam,</strong></span> <span class='ocrx_word' id='word_1_685' title='bbox 3771 2666 3838 2709; x_wconf 90' lang='lat' dir='ltr'><strong>eo</strong></span> 
     </span>
    </p>
   </div>
   <div class='ocr_carea' id='block_1_87' title="bbox 2243 2718 3837 2805">
    <p class='ocr_par' dir='ltr' id='par_1_87' title="bbox 2243 2718 3837 2805">
     <span class='ocr_line' id='line_1_88' title="bbox 2243 2718 3837 2805; baseline 0.018 -36"><span class='ocrx_word' id='word_1_686' title='bbox 2243 2718 2386 2787; x_wconf 90' lang='lat' dir='ltr'><strong>quod</strong></span> <span class='ocrx_word' id='word_1_687' title='bbox 2432 2722 2534 2776; x_wconf 83' lang='lat' dir='ltr'><strong>hac</strong></span> <span class='ocrx_word' id='word_1_688' title='bbox 2573 2720 2772 2792; x_wconf 84' lang='lat' dir='ltr'><strong>audita,</strong></span> <span class='ocrx_word' id='word_1_689' title='bbox 2820 2740 2978 2783; x_wconf 85' lang='lat' dir='ltr'><strong>nemo</strong></span> <span class='ocrx_word' id='word_1_690' title='bbox 3027 2728 3194 2798; x_wconf 70' lang='lat' dir='ltr'><strong>possit</strong></span> <span class='ocrx_word' id='word_1_691' title='bbox 3231 2734 3581 2805; x_wconf 80' lang='lat' dir='ltr'><strong>correptionis</strong></span> <span class='ocrx_word' id='word_1_692' title='bbox 3603 2740 3837 2798; x_wconf 68' lang='lat' dir='ltr'><strong>stimulis</strong></span> 
     </span>
    </p>
   </div>
   <div class='ocr_carea' id='block_1_88' title="bbox 2244 2806 3835 2906">
    <p class='ocr_par' dir='ltr' id='par_1_88' title="bbox 2244 2806 3835 2906">
     <span class='ocr_line' id='line_1_89' title="bbox 2244 2806 3835 2906; baseline 0.017 -41"><span class='ocrx_word' id='word_1_693' title='bbox 2244 2806 2482 2867; x_wconf 71' lang='lat' dir='ltr'><strong>excitari.</strong></span> <span class='ocrx_word' id='word_1_694' title='bbox 2517 2833 2537 2866; x_wconf 77' lang='grc' dir='ltr'><strong>ι</strong></span> <span class='ocrx_word' id='word_1_695' title='bbox 2573 2815 2698 2872; x_wconf 62' lang='lat' dir='ltr'><strong>Haec</strong></span> <span class='ocrx_word' id='word_1_696' title='bbox 2735 2818 2975 2876; x_wconf 86' lang='lat' dir='ltr'><strong>dicentes</strong></span> <span class='ocrx_word' id='word_1_697' title='bbox 3010 2823 3198 2879; x_wconf 86' lang='lat' dir='ltr'><strong>noltmt</strong></span> <span class='ocrx_word' id='word_1_698' title='bbox 3233 2822 3253 2879; x_wconf 68' lang='grc' dir='ltr'><strong>ι</strong></span> <span class='ocrx_word' id='word_1_699' title='bbox 3286 2827 3590 2888; x_wconf 88' lang='lat' dir='ltr'><strong>hominibus</strong></span> <span class='ocrx_word' id='word_1_700' title='bbox 3632 2836 3835 2906; x_wconf 65' lang='lat' dir='ltr'><strong>praedi-</strong></span> 
     </span>
    </p>
   </div>
   <div class='ocr_carea' id='block_1_89' title="bbox 2243 2904 3837 2994">
    <p class='ocr_par' dir='ltr' id='par_1_89' title="bbox 2243 2904 3837 2994">
     <span class='ocr_line' id='line_1_90' title="bbox 2243 2904 3837 2994; baseline 0.018 -38"><span class='ocrx_word' id='word_1_701' title='bbox 2243 2904 2351 2958; x_wconf 91' lang='lat' dir='ltr'><strong>cari</strong></span> <span class='ocrx_word' id='word_1_702' title='bbox 2380 2905 2519 2961; x_wconf 89' lang='lat' dir='ltr'><strong>dona</strong></span> <span class='ocrx_word' id='word_1_703' title='bbox 2542 2906 2639 2962; x_wconf 83' lang='lat' dir='ltr'><strong>Dei</strong></span> <span class='ocrx_word' id='word_1_704' title='bbox 2671 2922 2810 2978; x_wconf 85' lang='lat' dir='ltr'><strong>esse,</strong></span> <span class='ocrx_word' id='word_1_705' title='bbox 2828 2920 2887 2967; x_wconf 92' lang='lat' dir='ltr'><strong>ut</strong></span> <span class='ocrx_word' id='word_1_706' title='bbox 2907 2914 3227 2973; x_wconf 75' lang='lat' dir='ltr'><strong>veniaturad</strong></span> <span class='ocrx_word' id='word_1_707' title='bbox 3248 2916 3495 2989; x_wconf 78' lang='lat' dir='ltr'><strong>ﬁdem,et</strong></span> <span class='ocrx_word' id='word_1_708' title='bbox 3510 2904 3837 2994; x_wconf 78' lang='lat' dir='ltr'><strong>permanea-</strong></span> 
     </span>
    </p>
   </div>
   <div class='ocr_carea' id='block_1_90' title="bbox 2245 2995 3835 3091">
    <p class='ocr_par' dir='ltr' id='par_1_90' title="bbox 2245 2995 3835 3091">
     <span class='ocr_line' id='line_1_91' title="bbox 2245 2995 3835 3091; baseline 0.019 -44"><span class='ocrx_word' id='word_1_709' title='bbox 2245 3003 2328 3049; x_wconf 85' lang='lat' dir='ltr'><strong>tur</strong></span> <span class='ocrx_word' id='word_1_710' title='bbox 2358 2995 2409 3050; x_wconf 90' lang='lat' dir='ltr'><strong>iu</strong></span> <span class='ocrx_word' id='word_1_711' title='bbox 2443 2997 2565 3063; x_wconf 86' lang='lat' dir='ltr'><strong>lide,</strong></span> <span class='ocrx_word' id='word_1_712' title='bbox 2588 3014 2656 3055; x_wconf 90' lang='lat' dir='ltr'><strong>ne</strong></span> <span class='ocrx_word' id='word_1_713' title='bbox 2680 3001 2799 3071; x_wconf 86' lang='lat' dir='ltr'><strong>plus</strong></span> <span class='ocrx_word' id='word_1_714' title='bbox 2834 3002 3134 3074; x_wconf 86' lang='lat' dir='ltr'><strong>desperatio</strong></span> <span class='ocrx_word' id='word_1_715' title='bbox 3150 3024 3306 3080; x_wconf 91' lang='lat' dir='ltr'><strong>quam</strong></span> <span class='ocrx_word' id='word_1_716' title='bbox 3335 3010 3637 3073; x_wconf 72' lang='lat' dir='ltr'><strong>exhortatio</strong></span> <span class='ocrx_word' id='word_1_717' title='bbox 3657 3019 3734 3091; x_wconf 90' lang='lat' dir='ltr'><strong>(a)</strong></span> <span class='ocrx_word' id='word_1_718' title='bbox 3756 3022 3835 3076; x_wconf 58' lang='lat' dir='ltr'><strong>vi;</strong></span> 
     </span>
    </p>
   </div>
   <div class='ocr_carea' id='block_1_91' title="bbox 2242 3087 3833 3175">
    <p class='ocr_par' dir='ltr' id='par_1_91' title="bbox 2242 3087 3833 3175">
     <span class='ocr_line' id='line_1_92' title="bbox 2242 3087 3833 3175; baseline 0.019 -35"><span class='ocrx_word' id='word_1_719' title='bbox 2242 3087 2433 3143; x_wconf 87' lang='lat' dir='ltr'><strong>deatur</strong></span> <span class='ocrx_word' id='word_1_720' title='bbox 2475 3090 2673 3160; x_wconf 75' lang='lat' dir='ltr'><strong>afferri,</strong></span> <span class='ocrx_word' id='word_1_721' title='bbox 2715 3092 2841 3150; x_wconf 88' lang='lat' dir='ltr'><strong>dum</strong></span> <span class='ocrx_word' id='word_1_722' title='bbox 2881 3097 3115 3168; x_wconf 78' lang='lat' dir='ltr'><strong>cogitant</strong></span> <span class='ocrx_word' id='word_1_723' title='bbox 3149 3103 3241 3172; x_wconf 92' lang='lat' dir='ltr'><strong>qui</strong></span> <span class='ocrx_word' id='word_1_724' title='bbox 3287 3104 3524 3175; x_wconf 85' lang='lat' dir='ltr'><strong>audiunt,</strong></span> <span class='ocrx_word' id='word_1_725' title='bbox 3566 3087 3833 3170; x_wconf 82' lang='lat' dir='ltr'><strong>incertum</strong></span> 
     </span>
    </p>
   </div>
   <div class='ocr_carea' id='block_1_92' title="bbox 2242 3179 3835 3267">
    <p class='ocr_par' dir='ltr' id='par_1_92' title="bbox 2242 3179 3835 3267">
     <span class='ocr_line' id='line_1_93' title="bbox 2242 3179 3835 3267; baseline 0.019 -36"><span class='ocrx_word' id='word_1_726' title='bbox 2242 3192 2361 3233; x_wconf 90' lang='lat' dir='ltr'><strong>esse</strong></span> <span class='ocrx_word' id='word_1_727' title='bbox 2392 3179 2637 3258; x_wconf 75' lang='lat' dir='ltr'><strong>humanae</strong></span> <span class='ocrx_word' id='word_1_728' title='bbox 2673 3184 2983 3255; x_wconf 82' lang='lat' dir='ltr'><strong>ignorantiae</strong></span> <span class='ocrx_word' id='word_1_729' title='bbox 3007 3191 3093 3246; x_wconf 92' lang='lat' dir='ltr'><strong>cui</strong></span> <span class='ocrx_word' id='word_1_730' title='bbox 3123 3192 3383 3265; x_wconf 78' lang='lat' dir='ltr'><strong>largiatur</strong></span> <span class='ocrx_word' id='word_1_731' title='bbox 3410 3196 3570 3267; x_wconf 88' lang='lat' dir='ltr'><strong>Deus,</strong></span> <span class='ocrx_word' id='word_1_732' title='bbox 3597 3201 3685 3258; x_wconf 85' lang='lat' dir='ltr'><strong>cui</strong></span> <span class='ocrx_word' id='word_1_733' title='bbox 3721 3198 3835 3261; x_wconf 74' lang='lat' dir='ltr'><strong>non</strong></span> 
     </span>
    </p>
   </div>
   <div class='ocr_carea' id='block_1_93' title="bbox 2241 3271 3835 3366">
    <p class='ocr_par' dir='ltr' id='par_1_93' title="bbox 2241 3271 3835 3366">
     <span class='ocr_line' id='line_1_94' title="bbox 2241 3271 3835 3366; baseline 0.018 -41"><span class='ocrx_word' id='word_1_734' title='bbox 2241 3271 2494 3342; x_wconf 81' lang='lat' dir='ltr'><strong>largiatur</strong></span> <span class='ocrx_word' id='word_1_735' title='bbox 2522 3274 2637 3331; x_wconf 70' lang='lat' dir='ltr'><strong>haec</strong></span> <span class='ocrx_word' id='word_1_736' title='bbox 2661 3277 2819 3333; x_wconf 91' lang='lat' dir='ltr'><strong>dona.</strong></span> <span class='ocrx_word' id='word_1_737' title='bbox 2846 3297 2868 3333; x_wconf 71' lang='grc' dir='ltr'><strong><em>ο</em></strong></span> <span class='ocrx_word' id='word_1_738' title='bbox 2888 3281 3000 3337; x_wconf 89' lang='lat' dir='ltr'><strong>Cur</strong></span> <span class='ocrx_word' id='word_1_739' title='bbox 3027 3288 3154 3355; x_wconf 81' lang='lat' dir='ltr'><strong>ergo</strong></span> <span class='ocrx_word' id='word_1_740' title='bbox 3177 3296 3231 3341; x_wconf 91' lang='lat' dir='ltr'><strong>et</strong></span> <span class='ocrx_word' id='word_1_741' title='bbox 3259 3288 3360 3358; x_wconf 81' lang='lat' dir='ltr'><strong>ipsi</strong></span> <span class='ocrx_word' id='word_1_742' title='bbox 3388 3290 3664 3347; x_wconf 71' lang='lat' dir='ltr'><strong>nobiscum</strong></span> <span class='ocrx_word' id='word_1_743' title='bbox 3690 3309 3835 3366; x_wconf 72' lang='lat' dir='ltr'><strong>prte-</strong></span> 
     </span>
    </p>
   </div>
   <div class='ocr_carea' id='block_1_94' title="bbox 2244 3365 3832 3446">
    <p class='ocr_par' dir='ltr' id='par_1_94' title="bbox 2244 3365 3832 3446">
     <span class='ocr_line' id='line_1_95' title="bbox 2244 3365 3832 3446; baseline 0.016 -28"><span class='ocrx_word' id='word_1_744' title='bbox 2244 3365 2441 3431; x_wconf 85' lang='lat' dir='ltr'><strong>dicant,</strong></span> <span class='ocrx_word' id='word_1_745' title='bbox 2473 3366 2610 3423; x_wconf 92' lang='lat' dir='ltr'><strong>dona</strong></span> <span class='ocrx_word' id='word_1_746' title='bbox 2656 3369 2757 3427; x_wconf 82' lang='lat' dir='ltr'><strong>Dei</strong></span> <span class='ocrx_word' id='word_1_747' title='bbox 2791 3380 2911 3429; x_wconf 83' lang='lat' dir='ltr'><strong>esse</strong></span> <span class='ocrx_word' id='word_1_748' title='bbox 2958 3376 3272 3446; x_wconf 74' lang='lat' dir='ltr'><strong>Sapientiam</strong></span> <span class='ocrx_word' id='word_1_749' title='bbox 3312 3389 3371 3438; x_wconf 87' lang='lat' dir='ltr'><strong>et</strong></span> <span class='ocrx_word' id='word_1_750' title='bbox 3408 3365 3832 3443; x_wconf 72' lang='lat' dir='ltr'><strong>continentiam?</strong></span> 
     </span>
    </p>
   </div>
   <div class='ocr_carea' id='block_1_95' title="bbox 2246 3456 3835 3547">
    <p class='ocr_par' dir='ltr' id='par_1_95' title="bbox 2246 3456 3835 3547">
     <span class='ocr_line' id='line_1_96' title="bbox 2246 3456 3835 3547; baseline 0.02 -39"><span class='ocrx_word' id='word_1_751' title='bbox 2246 3456 2397 3522; x_wconf 81' lang='lat' dir='ltr'><strong>Quod</strong></span> <span class='ocrx_word' id='word_1_752' title='bbox 2445 3459 2487 3513; x_wconf 90' lang='lat' dir='ltr'><strong>si</strong></span> <span class='ocrx_word' id='word_1_753' title='bbox 2526 3460 2639 3517; x_wconf 62' lang='lat' dir='ltr'><strong>haec</strong></span> <span class='ocrx_word' id='word_1_754' title='bbox 2680 3478 2800 3519; x_wconf 93' lang='lat' dir='ltr'><strong>cum</strong></span> <span class='ocrx_word' id='word_1_755' title='bbox 2842 3465 2935 3521; x_wconf 88' lang='lat' dir='ltr'><strong>Dei</strong></span> <span class='ocrx_word' id='word_1_756' title='bbox 2978 3467 3114 3524; x_wconf 85' lang='lat' dir='ltr'><strong>dona</strong></span> <span class='ocrx_word' id='word_1_757' title='bbox 3150 3472 3275 3528; x_wconf 84' lang='lat' dir='ltr'><strong>esse</strong></span> <span class='ocrx_word' id='word_1_758' title='bbox 3315 3473 3691 3547; x_wconf 66' lang='lat' dir='ltr'><strong>pricdiéantur,</strong></span> <span class='ocrx_word' id='word_1_759' title='bbox 3720 3497 3835 3541; x_wconf 78' lang='lat' dir='ltr'><strong>non</strong></span> 
     </span>
    </p>
   </div>
   <div class='ocr_carea' id='block_1_96' title="bbox 2238 3546 3830 3630">
    <p class='ocr_par' dir='ltr' id='par_1_96' title="bbox 2238 3546 3830 3630">
     <span class='ocr_line' id='line_1_97' title="bbox 2238 3546 3830 3630; baseline 0.019 -30"><span class='ocrx_word' id='word_1_760' title='bbox 2238 3546 2525 3617; x_wconf 87' lang='lat' dir='ltr'><strong>impeditur</strong></span> <span class='ocrx_word' id='word_1_761' title='bbox 2567 3550 2801 3610; x_wconf 85' lang='lat' dir='ltr'><strong>hortatio</strong></span> <span class='ocrx_word' id='word_1_762' title='bbox 2843 3572 2945 3628; x_wconf 90' lang='lat' dir='ltr'><strong>qua</strong></span> <span class='ocrx_word' id='word_1_763' title='bbox 2985 3558 3233 3619; x_wconf 80' lang='lat' dir='ltr'><strong>homines</strong></span> <span class='ocrx_word' id='word_1_764' title='bbox 3272 3563 3556 3625; x_wconf 77' lang='lat' dir='ltr'><strong>hortamur</strong></span> <span class='ocrx_word' id='word_1_765' title='bbox 3579 3546 3703 3628; x_wconf 88' lang='lat' dir='ltr'><strong>esse</strong></span> <span class='ocrx_word' id='word_1_766' title='bbox 3738 3587 3830 3630; x_wconf 85' lang='lat' dir='ltr'><strong>sa-</strong></span> 
     </span>
    </p>
   </div>
   <div class='ocr_carea' id='block_1_97' title="bbox 2234 3640 3835 3721">
    <p class='ocr_par' dir='ltr' id='par_1_97' title="bbox 2234 3640 3835 3721">
     <span class='ocr_line' id='line_1_98' title="bbox 2234 3640 3835 3721; baseline 0.019 -28"><span class='ocrx_word' id='word_1_767' title='bbox 2234 3640 2444 3711; x_wconf 72' lang='lat' dir='ltr'><strong>pientes</strong></span> <span class='ocrx_word' id='word_1_768' title='bbox 2468 3653 2521 3697; x_wconf 84' lang='lat' dir='ltr'><strong>et</strong></span> <span class='ocrx_word' id='word_1_769' title='bbox 2544 3646 2906 3713; x_wconf 84' lang='lat' dir='ltr'><strong>continentes;</strong></span> <span class='ocrx_word' id='word_1_770' title='bbox 2935 3667 3055 3721; x_wconf 62' lang='lat' dir='ltr'><strong>quas</strong></span> <span class='ocrx_word' id='word_1_771' title='bbox 3084 3655 3297 3711; x_wconf 84' lang='lat' dir='ltr'><strong>tandem</strong></span> <span class='ocrx_word' id='word_1_772' title='bbox 3337 3672 3495 3714; x_wconf 90' lang='lat' dir='ltr'><strong>causa</strong></span> <span class='ocrx_word' id='word_1_773' title='bbox 3521 3674 3603 3718; x_wconf 94' lang='lat' dir='ltr'><strong>est</strong></span> <span class='ocrx_word' id='word_1_774' title='bbox 3634 3674 3697 3720; x_wconf 82' lang='lat' dir='ltr'><strong>ut</strong></span> <span class='ocrx_word' id='word_1_775' title='bbox 3716 3666 3835 3721; x_wconf 81' lang='lat' dir='ltr'><strong>exi-</strong></span> 
     </span>
    </p>
   </div>
   <div class='ocr_carea' id='block_1_98' title="bbox 2234 3733 3832 3818">
    <p class='ocr_par' dir='ltr' id='par_1_98' title="bbox 2234 3733 3832 3818">
     <span class='ocr_line' id='line_1_99' title="bbox 2234 3733 3832 3818; baseline 0.017 -32"><span class='ocrx_word' id='word_1_776' title='bbox 2234 3733 2450 3788; x_wconf 78' lang='lat' dir='ltr'><strong>stinient</strong></span> <span class='ocrx_word' id='word_1_777' title='bbox 2478 3735 2722 3806; x_wconf 87' lang='lat' dir='ltr'><strong>impediri</strong></span> <span class='ocrx_word' id='word_1_778' title='bbox 2746 3739 3193 3813; x_wconf 81' lang='lat' dir='ltr'><strong>exhortationem,</strong></span> <span class='ocrx_word' id='word_1_779' title='bbox 3217 3761 3319 3818; x_wconf 90' lang='lat' dir='ltr'><strong>qua</strong></span> <span class='ocrx_word' id='word_1_780' title='bbox 3352 3750 3700 3810; x_wconf 74' lang='lat' dir='ltr'><strong>exhortamur</strong></span> <span class='ocrx_word' id='word_1_781' title='bbox 3723 3755 3832 3813; x_wconf 77' lang='lat' dir='ltr'><strong>ho-</strong></span> 
     </span>
    </p>
   </div>
   <div class='ocr_carea' id='block_1_99' title="bbox 2234 3825 3835 3918">
    <p class='ocr_par' dir='ltr' id='par_1_99' title="bbox 2234 3825 3835 3918">
     <span class='ocr_line' id='line_1_100' title="bbox 2234 3825 3835 3918; baseline 0.018 -42"><span class='ocrx_word' id='word_1_782' title='bbox 2234 3825 2407 3879; x_wconf 88' lang='lat' dir='ltr'><strong>mines</strong></span> <span class='ocrx_word' id='word_1_783' title='bbox 2433 3827 2617 3884; x_wconf 82' lang='lat' dir='ltr'><strong>venire</strong></span> <span class='ocrx_word' id='word_1_784' title='bbox 2652 3829 2717 3884; x_wconf 90' lang='lat' dir='ltr'><strong>ad</strong></span> <span class='ocrx_word' id='word_1_785' title='bbox 2755 3829 2933 3899; x_wconf 82' lang='lat' dir='ltr'><strong>ﬁdem,</strong></span> <span class='ocrx_word' id='word_1_786' title='bbox 2966 3842 3022 3891; x_wconf 90' lang='lat' dir='ltr'><strong>et</strong></span> <span class='ocrx_word' id='word_1_787' title='bbox 3049 3836 3103 3890; x_wconf 90' lang='lat' dir='ltr'><strong>in</strong></span> <span class='ocrx_word' id='word_1_788' title='bbox 3128 3852 3190 3892; x_wconf 88' lang='lat' dir='ltr'><strong>ea</strong></span> <span class='ocrx_word' id='word_1_789' title='bbox 3218 3846 3533 3908; x_wconf 86' lang='lat' dir='ltr'><strong>permanere</strong></span> <span class='ocrx_word' id='word_1_790' title='bbox 3572 3860 3743 3918; x_wconf 85' lang='lat' dir='ltr'><strong>usque</strong></span> <span class='ocrx_word' id='word_1_791' title='bbox 3772 3848 3835 3906; x_wconf 87' lang='lat' dir='ltr'><strong>in</strong></span> 
     </span>
    </p>
   </div>
   <div class='ocr_carea' id='block_1_100' title="bbox 2234 3915 3831 4009">
    <p class='ocr_par' dir='ltr' id='par_1_100' title="bbox 2234 3915 3831 4009">
     <span class='ocr_line' id='line_1_101' title="bbox 2234 3915 3831 4009; baseline 0.018 -39"><span class='ocrx_word' id='word_1_792' title='bbox 2234 3915 2415 3981; x_wconf 79' lang='lat' dir='ltr'><strong>tinem,</strong></span> <span class='ocrx_word' id='word_1_793' title='bbox 2442 3920 2488 3974; x_wconf 90' lang='lat' dir='ltr'><strong>si</strong></span> <span class='ocrx_word' id='word_1_794' title='bbox 2515 3930 2567 3975; x_wconf 90' lang='lat' dir='ltr'><strong>et</strong></span> <span class='ocrx_word' id='word_1_795' title='bbox 2594 3922 2707 3977; x_wconf 74' lang='lat' dir='ltr'><strong>lucc</strong></span> <span class='ocrx_word' id='word_1_796' title='bbox 2740 3923 2880 3980; x_wconf 84' lang='lat' dir='ltr'><strong>dena</strong></span> <span class='ocrx_word' id='word_1_797' title='bbox 2924 3927 3017 3983; x_wconf 84' lang='lat' dir='ltr'><strong>Dei</strong></span> <span class='ocrx_word' id='word_1_798' title='bbox 3055 3943 3174 3985; x_wconf 89' lang='lat' dir='ltr'><strong>esse</strong></span> <span class='ocrx_word' id='word_1_799' title='bbox 3198 3931 3462 4005; x_wconf 80' lang='lat' dir='ltr'><strong>dicantur,</strong></span> <span class='ocrx_word' id='word_1_800' title='bbox 3495 3915 3831 4009; x_wconf 33' lang='lat' dir='ltr'><strong>quod—Serti</strong></span> 
     </span>
    </p>
   </div>
   <div class='ocr_carea' id='block_1_101' title="bbox 2235 4007 3240 4088">
    <p class='ocr_par' dir='ltr' id='par_1_101' title="bbox 2235 4007 3240 4088">
     <span class='ocr_line' id='line_1_102' title="bbox 2235 4007 3240 4088; baseline 0.015 -26"><span class='ocrx_word' id='word_1_801' title='bbox 2235 4007 2401 4077; x_wconf 78' lang='lat' dir='ltr'><strong>pluris</strong></span> <span class='ocrx_word' id='word_1_802' title='bbox 2431 4009 2548 4079; x_wconf 85' lang='lat' dir='ltr'><strong>ejus</strong></span> <span class='ocrx_word' id='word_1_803' title='bbox 2575 4013 2800 4069; x_wconf 87' lang='lat' dir='ltr'><strong>testibus</strong></span> <span class='ocrx_word' id='word_1_804' title='bbox 2816 4019 3240 4088; x_wconf 72' lang='lat' dir='ltr'><strong>comprobatur?</strong></span> 
     </span>
    </p>
   </div>
   <div class='ocr_carea' id='block_1_102' title="bbox 2301 4118 3830 4204">
    <p class='ocr_par' dir='ltr' id='par_1_102' title="bbox 2301 4118 3830 4204">
     <span class='ocr_line' id='line_1_103' title="bbox 2301 4118 3830 4204; baseline 0.018 -32"><span class='ocrx_word' id='word_1_805' title='bbox 2301 4118 2390 4174; x_wconf 69' lang='grc'><strong>44.</strong></span> <span class='ocrx_word' id='word_1_806' title='bbox 2427 4121 2647 4187; x_wconf 85' lang='lat' dir='ltr'><strong>Ecee,ut</strong></span> <span class='ocrx_word' id='word_1_807' title='bbox 2674 4123 2742 4180; x_wconf 91' lang='lat' dir='ltr'><strong>de</strong></span> <span class='ocrx_word' id='word_1_808' title='bbox 2763 4128 3087 4186; x_wconf 88' lang='lat' dir='ltr'><strong>continentia</strong></span> <span class='ocrx_word' id='word_1_809' title='bbox 3122 4142 3412 4204; x_wconf 88' lang='lat' dir='ltr'><strong>taceamus,</strong></span> <span class='ocrx_word' id='word_1_810' title='bbox 3435 4144 3489 4194; x_wconf 88' lang='lat' dir='ltr'><strong>et</strong></span> <span class='ocrx_word' id='word_1_811' title='bbox 3515 4136 3584 4196; x_wconf 91' lang='lat' dir='ltr'><strong>de</strong></span> <span class='ocrx_word' id='word_1_812' title='bbox 3618 4142 3733 4197; x_wconf 86' lang='lat' dir='ltr'><strong>sola</strong></span> <span class='ocrx_word' id='word_1_813' title='bbox 3768 4140 3830 4201; x_wconf 83' lang='lat' dir='ltr'><strong>in</strong></span> 
     </span>
    </p>
   </div>
   <div class='ocr_carea' id='block_1_103' title="bbox 2233 4208 3829 4302">
    <p class='ocr_par' dir='ltr' id='par_1_103' title="bbox 2233 4208 3829 4302">
     <span class='ocr_line' id='line_1_104' title="bbox 2233 4208 3829 4302; baseline 0.018 -39"><span class='ocrx_word' id='word_1_814' title='bbox 2233 4208 2336 4265; x_wconf 91' lang='lat' dir='ltr'><strong>hoc</strong></span> <span class='ocrx_word' id='word_1_815' title='bbox 2367 4211 2486 4266; x_wconf 93' lang='lat' dir='ltr'><strong>loco</strong></span> <span class='ocrx_word' id='word_1_816' title='bbox 2523 4215 2780 4284; x_wconf 85' lang='lat' dir='ltr'><strong>sapientia</strong></span> <span class='ocrx_word' id='word_1_817' title='bbox 2810 4219 3177 4291; x_wconf 87' lang='lat' dir='ltr'><strong>disputemus;</strong></span> <span class='ocrx_word' id='word_1_818' title='bbox 3212 4242 3401 4299; x_wconf 87' lang='lat' dir='ltr'><strong>nempe</strong></span> <span class='ocrx_word' id='word_1_819' title='bbox 3430 4243 3589 4302; x_wconf 89' lang='lat' dir='ltr'><strong>supra</strong></span> <span class='ocrx_word' id='word_1_820' title='bbox 3617 4248 3829 4291; x_wconf 89' lang='lat' dir='ltr'><strong>memo-</strong></span> 
     </span>
    </p>
   </div>
   <div class='ocr_carea' id='block_1_104' title="bbox 2231 4307 3829 4386">
    <p class='ocr_par' dir='ltr' id='par_1_104' title="bbox 2231 4307 3829 4386">
     <span class='ocr_line' id='line_1_105' title="bbox 2231 4307 3829 4386; baseline 0.014 -30"><span class='ocrx_word' id='word_1_821' title='bbox 2231 4312 2379 4359; x_wconf 85' lang='lat' dir='ltr'><strong>ratus</strong></span> <span class='ocrx_word' id='word_1_822' title='bbox 2414 4307 2686 4376; x_wconf 83' lang='lat' dir='ltr'><strong>apostolus</strong></span> <span class='ocrx_word' id='word_1_823' title='bbox 2711 4309 2942 4368; x_wconf 82' lang='lat' dir='ltr'><strong>Jacobus</strong></span> <span class='ocrx_word' id='word_1_824' title='bbox 2971 4314 3117 4383; x_wconf 89' lang='lat' dir='ltr'><strong>dicit,</strong></span> <span class='ocrx_word' id='word_1_825' title='bbox 3156 4316 3285 4386; x_wconf 68' lang='lat' dir='ltr'><strong>Qua:</strong></span> <span class='ocrx_word' id='word_1_826' title='bbox 3318 4320 3580 4378; x_wconf 82' lang='lat' dir='ltr'><strong>desursum</strong></span> <span class='ocrx_word' id='word_1_827' title='bbox 3618 4335 3694 4380; x_wconf 82' lang='lat' dir='ltr'><strong>est</strong></span> <span class='ocrx_word' id='word_1_828' title='bbox 3737 4344 3829 4381; x_wconf 77' lang='lat' dir='ltr'><strong>sa.-</strong></span> 
     </span>
    </p>
   </div>
   <div class='ocr_carea' id='block_1_105' title="bbox 2229 4396 3823 4489">
    <p class='ocr_par' dir='ltr' id='par_1_105' title="bbox 2229 4396 3823 4489">
     <span class='ocr_line' id='line_1_106' title="bbox 2229 4396 3823 4489; baseline 0.017 -42"><span class='ocrx_word' id='word_1_829' title='bbox 2229 4396 2441 4467; x_wconf 80' lang='lat' dir='ltr'><strong>pien‘tia,</strong></span> <span class='ocrx_word' id='word_1_830' title='bbox 2488 4400 2707 4470; x_wconf 84' lang='lat' dir='ltr'><strong>primunt</strong></span> <span class='ocrx_word' id='word_1_831' title='bbox 2744 4403 2948 4473; x_wconf 83' lang='lat' dir='ltr'><strong>quidem</strong></span> <span class='ocrx_word' id='word_1_832' title='bbox 2988 4407 3174 4476; x_wconf 86' lang='lat' dir='ltr'><strong>pudica</strong></span> <span class='ocrx_word' id='word_1_833' title='bbox 3221 4421 3313 4483; x_wconf 87' lang='lat' dir='ltr'><strong>est,</strong></span> <span class='ocrx_word' id='word_1_834' title='bbox 3362 4413 3542 4470; x_wconf 86' lang='lat' dir='ltr'><strong>deinde</strong></span> <span class='ocrx_word' id='word_1_835' title='bbox 3581 4418 3823 4489; x_wconf 77' lang='lat' dir='ltr'><strong>paciﬁca,</strong></span> 
     </span>
    </p>
   </div>
   <div class='ocr_carea' id='block_1_106' title="bbox 2228 4488 3827 4580">
    <p class='ocr_par' dir='ltr' id='par_1_106' title="bbox 2228 4488 3827 4580">
     <span class='ocr_line' id='line_1_107' title="bbox 2228 4488 3827 4580; baseline 0.015 -37"><span class='ocrx_word' id='word_1_836' title='bbox 2228 4488 2473 4559; x_wconf 66' lang='lat' dir='ltr'><strong>mouens,</strong></span> <span class='ocrx_word' id='word_1_837' title='bbox 2497 4492 2780 4560; x_wconf 85' lang='lat' dir='ltr'><strong>suadibilis,</strong></span> <span class='ocrx_word' id='word_1_838' title='bbox 2817 4496 2967 4568; x_wconf 86' lang='lat' dir='ltr'><strong>&#39;plena</strong></span> <span class='ocrx_word' id='word_1_839' title='bbox 2995 4501 3342 4559; x_wconf 81' lang='lat' dir='ltr'><strong>misericordia</strong></span> <span class='ocrx_word' id='word_1_840' title='bbox 3379 4517 3425 4561; x_wconf 85' lang='lat' dir='ltr'><strong>et</strong></span> <span class='ocrx_word' id='word_1_841' title='bbox 3457 4500 3706 4580; x_wconf 79' lang='lat' dir='ltr'><strong>fructibus</strong></span> <span class='ocrx_word' id='word_1_842' title='bbox 3734 4511 3827 4567; x_wconf 81' lang='lat' dir='ltr'><strong>bo-</strong></span> 
     </span>
    </p>
   </div>
   <div class='ocr_carea' id='block_1_107' title="bbox 2227 4584 3819 4678">
    <p class='ocr_par' dir='ltr' id='par_1_107' title="bbox 2227 4584 3819 4678">
     <span class='ocr_line' id='line_1_108' title="bbox 2227 4584 3819 4678; baseline 0.015 -40"><span class='ocrx_word' id='word_1_843' title='bbox 2227 4584 2339 4639; x_wconf 76' lang='lat' dir='ltr'><strong>nis&#39;</strong></span> <span class='ocrx_word' id='word_1_844' title='bbox 2373 4627 2388 4652; x_wconf 92' lang='lat'><strong>,</strong></span> <span class='ocrx_word' id='word_1_845' title='bbox 2416 4585 2801 4657; x_wconf 67' lang='lat' dir='ltr'><strong>inaestimabilis,</strong></span> <span class='ocrx_word' id='word_1_846' title='bbox 2834 4592 2943 4646; x_wconf 84' lang='lat' dir='ltr'><strong>sine</strong></span> <span class='ocrx_word' id='word_1_847' title='bbox 2980 4593 3548 4670; x_wconf 60' lang='lat' dir='ltr'><strong>simulationellucobi</strong></span> <span class='ocrx_word' id='word_1_848' title='bbox 3581 4606 3661 4673; x_wconf 71' lang='lat' dir='ltr'><strong>in,</strong></span> <span class='ocrx_word' id='word_1_849' title='bbox 3696 4596 3819 4678; x_wconf 78' lang='lat' dir='ltr'><strong>i7).</strong></span> 
     </span>
    </p>
   </div>
   <div class='ocr_carea' id='block_1_108' title="bbox 2226 4678 3817 4769">
    <p class='ocr_par' dir='ltr' id='par_1_108' title="bbox 2226 4678 3817 4769">
     <span class='ocr_line' id='line_1_109' title="bbox 2226 4678 3817 4769; baseline 0.013 -35"><span class='ocrx_word' id='word_1_850' title='bbox 2226 4678 2545 4748; x_wconf 87' lang='lat' dir='ltr'><strong>Cernitisne,</strong></span> <span class='ocrx_word' id='word_1_851' title='bbox 2570 4684 2813 4752; x_wconf 88' lang='lat' dir='ltr'><strong>obsecro,</strong></span> <span class='ocrx_word' id='word_1_852' title='bbox 2842 4700 2874 4741; x_wconf 89' lang='lat' dir='ltr'><strong>a</strong></span> <span class='ocrx_word' id='word_1_853' title='bbox 2902 4687 3058 4744; x_wconf 85' lang='lat' dir='ltr'><strong>Patre</strong></span> <span class='ocrx_word' id='word_1_854' title='bbox 3078 4686 3335 4746; x_wconf 89' lang='lat' dir='ltr'><strong>luminum</strong></span> <span class='ocrx_word' id='word_1_855' title='bbox 3362 4694 3620 4764; x_wconf 88' lang='lat' dir='ltr'><strong>sapientia</strong></span> <span class='ocrx_word' id='word_1_856' title='bbox 3652 4713 3817 4769; x_wconf 88' lang='lat' dir='ltr'><strong>quam</strong></span> 
     </span>
    </p>
   </div>
   <div class='ocr_carea' id='block_1_109' title="bbox 2225 4770 3825 4849">
    <p class='ocr_par' dir='ltr' id='par_1_109' title="bbox 2225 4770 3825 4849">
     <span class='ocr_line' id='line_1_110' title="bbox 2225 4770 3825 4849; baseline 0.017 -26"><span class='ocrx_word' id='word_1_857' title='bbox 2225 4770 2408 4826; x_wconf 88' lang='lat' dir='ltr'><strong>multis</strong></span> <span class='ocrx_word' id='word_1_858' title='bbox 2446 4781 2501 4827; x_wconf 89' lang='lat' dir='ltr'><strong>et</strong></span> <span class='ocrx_word' id='word_1_859' title='bbox 2544 4777 2747 4843; x_wconf 85' lang='lat' dir='ltr'><strong>magnis</strong></span> <span class='ocrx_word' id='word_1_860' title='bbox 2794 4774 2947 4834; x_wconf 87' lang='lat' dir='ltr'><strong>bonis</strong></span> <span class='ocrx_word' id='word_1_861' title='bbox 2989 4779 3227 4837; x_wconf 75' lang='lat' dir='ltr'><strong>referta&#39;</strong></span> <span class='ocrx_word' id='word_1_862' title='bbox 3279 4778 3603 4844; x_wconf 78' lang='lat' dir='ltr'><strong>descendat?</strong></span> <span class='ocrx_word' id='word_1_863' title='bbox 3654 4784 3825 4849; x_wconf 68' lang='lat' dir='ltr'><strong>Dione</strong></span> 
     </span>
    </p>
   </div>
   <div class='ocr_carea' id='block_1_110' title="bbox 2225 4863 3821 4946">
    <p class='ocr_par' dir='ltr' id='par_1_110' title="bbox 2225 4863 3821 4946">
     <span class='ocr_line' id='line_1_111' title="bbox 2225 4863 3821 4946; baseline 0.013 -30"><span class='ocrx_word' id='word_1_864' title='bbox 2225 4863 2419 4932; x_wconf 88' lang='lat' dir='ltr'><strong>quippe</strong></span> <span class='ocrx_word' id='word_1_865' title='bbox 2461 4863 2635 4918; x_wconf 86' lang='lat' dir='ltr'><strong>datum</strong></span> <span class='ocrx_word' id='word_1_866' title='bbox 2675 4867 2942 4937; x_wconf 81' lang='lat' dir='ltr'><strong>Optimum,</strong></span> <span class='ocrx_word' id='word_1_867' title='bbox 2987 4870 3124 4926; x_wconf 85' lang='lat' dir='ltr'><strong>sicut</strong></span> <span class='ocrx_word' id='word_1_868' title='bbox 3173 4872 3314 4929; x_wconf 90' lang='lat' dir='ltr'><strong>idem</strong></span> <span class='ocrx_word' id='word_1_869' title='bbox 3369 4870 3519 4946; x_wconf 88' lang='lat' dir='ltr'><strong>dicit,</strong></span> <span class='ocrx_word' id='word_1_870' title='bbox 3557 4886 3605 4934; x_wconf 78' lang='lat' dir='ltr'><strong>et</strong></span> <span class='ocrx_word' id='word_1_871' title='bbox 3666 4897 3821 4937; x_wconf 83' lang='lat' dir='ltr'><strong>autne</strong></span> 
     </span>
    </p>
   </div>
   <div class='ocr_carea' id='block_1_111' title="bbox 2223 4954 3823 5030">
    <p class='ocr_par' dir='ltr' id='par_1_111' title="bbox 2223 4954 3823 5030">
     <span class='ocr_line' id='line_1_112' title="bbox 2223 4954 3823 5030; baseline 0.014 -24"><span class='ocrx_word' id='word_1_872' title='bbox 2223 4954 2409 5007; x_wconf 83' lang='lat' dir='ltr'><strong>donum</strong></span> <span class='ocrx_word' id='word_1_873' title='bbox 2456 4955 2729 5025; x_wconf 80' lang='lat' dir='ltr'><strong>perfectum</strong></span> <span class='ocrx_word' id='word_1_874' title='bbox 2776 4959 3038 5015; x_wconf 85' lang='lat' dir='ltr'><strong>desursum</strong></span> <span class='ocrx_word' id='word_1_875' title='bbox 3061 4972 3163 5030; x_wconf 83' lang='lat' dir='ltr'><strong>est,</strong></span> <span class='ocrx_word' id='word_1_876' title='bbox 3222 4967 3526 5024; x_wconf 84' lang='lat' dir='ltr'><strong>descendens</strong></span> <span class='ocrx_word' id='word_1_877' title='bbox 3575 4987 3609 5026; x_wconf 89' lang='lat' dir='ltr'><strong>a</strong></span> <span class='ocrx_word' id='word_1_878' title='bbox 3657 4971 3823 5029; x_wconf 76' lang='lat' dir='ltr'><strong>Patre</strong></span> 
     </span>
    </p>
   </div>
   <div class='ocr_carea' id='block_1_112' title="bbox 2225 5044 3817 5136">
    <p class='ocr_par' dir='ltr' id='par_1_112' title="bbox 2225 5044 3817 5136">
     <span class='ocr_line' id='line_1_113' title="bbox 2225 5044 3817 5136; baseline 0.017 -40"><span class='ocrx_word' id='word_1_879' title='bbox 2225 5044 2473 5099; x_wconf 80' lang='lat' dir='ltr'><strong>luminum</strong></span> <span class='ocrx_word' id='word_1_880' title='bbox 2522 5045 2631 5119; x_wconf 87' lang='lat' dir='ltr'><strong>(Id.</strong></span> <span class='ocrx_word' id='word_1_881' title='bbox 2654 5063 2694 5113; x_wconf 80' lang='grc' dir='ltr'>ι,</span> <span class='ocrx_word' id='word_1_882' title='bbox 2721 5047 2833 5122; x_wconf 84' lang='lat' dir='ltr'><strong>l&#39;l).</strong></span> <span class='ocrx_word' id='word_1_883' title='bbox 2863 5050 2970 5107; x_wconf 87' lang='lat' dir='ltr'><strong>Cur</strong></span> <span class='ocrx_word' id='word_1_884' title='bbox 3011 5070 3159 5126; x_wconf 88' lang='lat' dir='ltr'><strong>ergo,</strong></span> <span class='ocrx_word' id='word_1_885' title='bbox 3206 5056 3262 5113; x_wconf 86' lang='lat' dir='ltr'><strong>ut</strong></span> <span class='ocrx_word' id='word_1_886' title='bbox 3300 5062 3545 5118; x_wconf 81' lang='lat' dir='ltr'><strong>omittam</strong></span> <span class='ocrx_word' id='word_1_887' title='bbox 3594 5075 3817 5136; x_wconf 68' lang='lat' dir='ltr'><strong>caetera,</strong></span> 
     </span>
    </p>
   </div>
   <div class='ocr_carea' id='block_1_113' title="bbox 2223 5136 3817 5224">
    <p class='ocr_par' dir='ltr' id='par_1_113' title="bbox 2223 5136 3817 5224">
     <span class='ocr_line' id='line_1_114' title="bbox 2223 5136 3817 5224; baseline 0.018 -37"><span class='ocrx_word' id='word_1_888' title='bbox 2223 5136 2539 5204; x_wconf 84' lang='lat' dir='ltr'><strong>corripimus</strong></span> <span class='ocrx_word' id='word_1_889' title='bbox 2588 5138 2884 5208; x_wconf 77' lang='lat' dir='ltr'><strong>impudicas</strong></span> <span class='ocrx_word' id='word_1_890' title='bbox 2910 5146 2966 5199; x_wconf 85' lang='lat' dir='ltr'><strong>et</strong></span> <span class='ocrx_word' id='word_1_891' title='bbox 2997 5148 3380 5218; x_wconf 78' lang='lat' dir='ltr'><strong>contentiosos,</strong></span> <span class='ocrx_word' id='word_1_892' title='bbox 3403 5154 3598 5224; x_wconf 89' lang='lat' dir='ltr'><strong>quibus</strong></span> <span class='ocrx_word' id='word_1_893' title='bbox 3634 5167 3817 5216; x_wconf 89' lang='lat' dir='ltr'><strong>tamen</strong></span> 
     </span>
    </p>
   </div>
   <div class='ocr_carea' id='block_1_114' title="bbox 2224 5226 3812 5321">
    <p class='ocr_par' dir='ltr' id='par_1_114' title="bbox 2224 5226 3812 5321">
     <span class='ocr_line' id='line_1_115' title="bbox 2224 5226 3812 5321; baseline 0.019 -42"><span class='ocrx_word' id='word_1_894' title='bbox 2224 5226 2574 5295; x_wconf 71' lang='lat' dir='ltr'><strong>prmdicamus</strong></span> <span class='ocrx_word' id='word_1_895' title='bbox 2616 5230 2817 5288; x_wconf 80' lang='lat' dir='ltr'><strong>donum</strong></span> <span class='ocrx_word' id='word_1_896' title='bbox 2856 5236 2950 5292; x_wconf 86' lang='lat' dir='ltr'><strong>Dei</strong></span> <span class='ocrx_word' id='word_1_897' title='bbox 3002 5246 3123 5294; x_wconf 78' lang='lat' dir='ltr'><strong>eSSe</strong></span> <span class='ocrx_word' id='word_1_898' title='bbox 3172 5243 3508 5312; x_wconf 84' lang='lat' dir='ltr'><strong>sapientiam,</strong></span> <span class='ocrx_word' id='word_1_899' title='bbox 3540 5249 3812 5321; x_wconf 88' lang='lat' dir='ltr'><strong>pudicam,</strong></span> 
     </span>
    </p>
   </div>
   <div class='ocr_carea' id='block_1_115' title="bbox 2220 5322 3813 5405">
    <p class='ocr_par' dir='ltr' id='par_1_115' title="bbox 2220 5322 3813 5405">
     <span class='ocr_line' id='line_1_116' title="bbox 2220 5322 3813 5405; baseline 0.018 -32"><span class='ocrx_word' id='word_1_900' title='bbox 2220 5324 2377 5390; x_wconf 85' lang='lat' dir='ltr'><strong>atque</strong></span> <span class='ocrx_word' id='word_1_901' title='bbox 2402 5322 2709 5392; x_wconf 74' lang='lat' dir='ltr'><strong>paciﬁcum;</strong></span> <span class='ocrx_word' id='word_1_902' title='bbox 2739 5330 2839 5383; x_wconf 86' lang='lat' dir='ltr'><strong>nec</strong></span> <span class='ocrx_word' id='word_1_903' title='bbox 2863 5328 3115 5387; x_wconf 83' lang='lat' dir='ltr'><strong>timemus</strong></span> <span class='ocrx_word' id='word_1_904' title='bbox 3146 5348 3216 5389; x_wconf 91' lang='lat' dir='ltr'><strong>ne</strong></span> <span class='ocrx_word' id='word_1_905' title='bbox 3241 5339 3466 5405; x_wconf 87' lang='lat' dir='ltr'><strong>permoti</strong></span> <span class='ocrx_word' id='word_1_906' title='bbox 3495 5339 3689 5399; x_wconf 78' lang='lat' dir='ltr'><strong>divimc</strong></span> <span class='ocrx_word' id='word_1_907' title='bbox 3712 5362 3813 5402; x_wconf 81' lang='lat' dir='ltr'><strong>vo-</strong></span> 
     </span>
    </p>
   </div>
   <div class='ocr_carea' id='block_1_116' title="bbox 2224 5413 3814 5510">
    <p class='ocr_par' dir='ltr' id='par_1_116' title="bbox 2224 5413 3814 5510">
     <span class='ocr_line' id='line_1_117' title="bbox 2224 5413 3814 5510; baseline 0.018 -44"><span class='ocrx_word' id='word_1_908' title='bbox 2224 5413 2441 5469; x_wconf 87' lang='lat' dir='ltr'><strong>luntatis</strong></span> <span class='ocrx_word' id='word_1_909' title='bbox 2487 5415 2711 5484; x_wconf 89' lang='lat' dir='ltr'><strong>incerto,</strong></span> <span class='ocrx_word' id='word_1_910' title='bbox 2744 5420 2862 5490; x_wconf 91' lang='lat' dir='ltr'><strong>plus</strong></span> <span class='ocrx_word' id='word_1_911' title='bbox 2901 5421 2954 5478; x_wconf 94' lang='lat' dir='ltr'><strong>in</strong></span> <span class='ocrx_word' id='word_1_912' title='bbox 2994 5424 3094 5482; x_wconf 90' lang='lat' dir='ltr'><strong>hac</strong></span> <span class='ocrx_word' id='word_1_913' title='bbox 3139 5428 3516 5498; x_wconf 68' lang='lat' dir='ltr'><strong>praedicatione</strong></span> <span class='ocrx_word' id='word_1_914' title='bbox 3554 5436 3814 5510; x_wconf 36' lang='lat' dir='ltr'><strong>desperas</strong></span> 
     </span>
    </p>
   </div>
   <div class='ocr_carea' id='block_1_117' title="bbox 2221 5503 3811 5600">
    <p class='ocr_par' dir='ltr' id='par_1_117' title="bbox 2221 5503 3811 5600">
     <span class='ocr_line' id='line_1_118' title="bbox 2221 5503 3811 5600; baseline 0.018 -42"><span class='ocrx_word' id='word_1_915' title='bbox 2221 5503 2380 5560; x_wconf 86' lang='lat' dir='ltr'><strong>tionis</strong></span> <span class='ocrx_word' id='word_1_916' title='bbox 2406 5518 2565 5577; x_wconf 85' lang='lat' dir='ltr'><strong>quam</strong></span> <span class='ocrx_word' id='word_1_917' title='bbox 2591 5508 2978 5570; x_wconf 79' lang='lat' dir='ltr'><strong>exhortationis</strong></span> <span class='ocrx_word' id='word_1_918' title='bbox 3002 5515 3311 5589; x_wconf 82' lang='lat' dir='ltr'><strong>inveniant;</strong></span> <span class='ocrx_word' id='word_1_919' title='bbox 3340 5528 3439 5580; x_wconf 87' lang='lat' dir='ltr'><strong>nec</strong></span> <span class='ocrx_word' id='word_1_920' title='bbox 3455 5503 3811 5600; x_wconf 72' lang='lat' dir='ltr'><strong>cormpiionis</strong></span> 
     </span>
    </p>
   </div>
   <div class='ocr_carea' id='block_1_118' title="bbox 2282 5612 3309 5692">
    <p class='ocr_par' dir='ltr' id='par_1_118' title="bbox 2282 5612 3309 5692">
     <span class='ocr_line' id='line_1_119' title="bbox 2282 5612 3309 5692; baseline 0.019 -29"><span class='ocrx_word' id='word_1_921' title='bbox 2282 5615 2302 5692; x_wconf 63' lang='grc' dir='ltr'><strong>ξ</strong></span> <span class='ocrx_word' id='word_1_922' title='bbox 2332 5616 2473 5692; x_wconf 63' lang='lat' dir='ltr'><strong>gditi,</strong></span> <span class='ocrx_word' id='word_1_923' title='bbox 2489 5617 2660 5692; x_wconf 58' lang='lat' dir='ltr'><strong>[antra</strong></span> <span class='ocrx_word' id='word_1_924' title='bbox 2679 5634 2800 5676; x_wconf 80' lang='lat' dir='ltr'><strong>esse.</strong></span> <span class='ocrx_word' id='word_1_925' title='bbox 2823 5626 2988 5692; x_wconf 63' lang='lat' dir='ltr'><strong>Abest,</strong></span> <span class='ocrx_word' id='word_1_926' title='bbox 3006 5641 3128 5692; x_wconf 79' lang='lat' dir='ltr'><strong>esse,</strong></span> <span class='ocrx_word' id='word_1_927' title='bbox 3149 5643 3180 5684; x_wconf 75' lang='grc' dir='ltr'><strong>ι</strong></span> <span class='ocrx_word' id='word_1_928' title='bbox 3202 5612 3309 5686; x_wconf 74' lang='lat' dir='ltr'><strong>uss.</strong></span> 
     </span>
    </p>
   </div>
   <div class='ocr_carea' id='block_1_119' title="bbox 2280 5677 3811 5762">
    <p class='ocr_par' dir='ltr' id='par_1_119' title="bbox 2280 5677 3811 5762">
     <span class='ocr_line' id='line_1_120' title="bbox 2280 5677 3811 5762; baseline 0.022 -37"><span class='ocrx_word' id='word_1_929' title='bbox 2280 5677 2776 5762; x_wconf 39' lang='lat' dir='ltr'><strong>igneiepsisstsp</strong></span> <span class='ocrx_word' id='word_1_930' title='bbox 2810 5677 3494 5762; x_wconf 52' lang='grc' dir='ltr'><strong>ῃιξσὲὶξὶόῗξᾷίᾶἶῇειϋω</strong></span> <span class='ocrx_word' id='word_1_931' title='bbox 3537 5700 3687 5755; x_wconf 77' lang='lat' dir='ltr'><strong>bonis.</strong></span> <span class='ocrx_word' id='word_1_932' title='bbox 3714 5711 3811 5757; x_wconf 70' lang='lat' dir='ltr'><strong>ita-</strong></span> 
     </span>
    </p>
   </div>
   <div class='ocr_carea' id='block_1_120' title="bbox 2215 5742 3478 5881">
    <p class='ocr_par' dir='ltr' id='par_1_120' title="bbox 2215 5742 3478 5881">
     <span class='ocr_line' id='line_1_121' title="bbox 2215 5742 3478 5852; baseline 0.019 -65"><span class='ocrx_word' id='word_1_933' title='bbox 2215 5742 2444 5852; x_wconf 50' lang='lat' dir='ltr'><strong>nuserigti</strong></span> <span class='ocrx_word' id='word_1_934' title='bbox 2466 5742 2623 5817; x_wconf 33' lang='lat' dir='ltr'><strong>aliioet</strong></span> <span class='ocrx_word' id='word_1_935' title='bbox 2640 5742 2784 5809; x_wconf 74' lang='lat' dir='ltr'><strong>editi,</strong></span> <span class='ocrx_word' id='word_1_936' title='bbox 3186 5742 3226 5747; x_wconf 77' lang='grc'><em>”</em></span> <span class='ocrx_word' id='word_1_937' title='bbox 3268 5742 3478 5762; x_wconf 71' lang='grc'><strong>’⁷⁷””“</strong></span> 
     </span>
     <span class='ocr_line' id='line_1_122' title="bbox 2280 5803 3478 5881; baseline 0.016 -25"><span class='ocrx_word' id='word_1_938' title='bbox 2280 5803 2364 5881; x_wconf 12' lang='lat' dir='ltr'><strong>fis</strong></span> <span class='ocrx_word' id='word_1_939' title='bbox 2397 5815 2977 5881; x_wconf 44' lang='lat' dir='ltr'><strong>_marginem.&amp;asmtana</strong></span> <span class='ocrx_word' id='word_1_940' title='bbox 2998 5818 3148 5881; x_wconf 72' lang='lat' dir='ltr'><strong>editio</strong></span> <span class='ocrx_word' id='word_1_941' title='bbox 3171 5818 3336 5881; x_wconf 76' lang='lat' dir='ltr'><strong>habet.</strong></span> <span class='ocrx_word' id='word_1_942' title='bbox 3360 5840 3385 5873; x_wconf 75' lang='grc' dir='ltr'><strong>ι</strong></span> <span class='ocrx_word' id='word_1_943' title='bbox 3407 5830 3478 5875; x_wconf 75' lang='lat' dir='ltr'><strong>st.</strong></span> 
     </span>
    </p>
   </div>
   <div class='ocr_carea' id='block_1_121' title="bbox 2419 5815 3684 5873">
    <p class='ocr_par' dir='ltr' id='par_1_121' title="bbox 2419 5815 3684 5873">
     <span class='ocr_line' id='line_1_123' title="bbox 2419 5815 3684 5873; baseline 0.01 -11"><span class='ocrx_word' id='word_1_944' title='bbox 2419 5815 2977 5873; x_wconf 27' lang='lat' dir='ltr'><strong>marginem‘ﬁ‘asmtana</strong></span> <span class='ocrx_word' id='word_1_945' title='bbox 2998 5818 3336 5873; x_wconf 78' lang='lat' dir='ltr'><strong>editiohabet.</strong></span> <span class='ocrx_word' id='word_1_946' title='bbox 3360 5825 3684 5873; x_wconf 54' lang='lat' dir='ltr'><strong>«unum.»</strong></span> 
     </span>
    </p>
   </div>
   <div class='ocr_carea' id='block_1_122' title="bbox 2219 5825 3807 5997">
    <p class='ocr_par' dir='ltr' id='par_1_122' title="bbox 2219 5825 3807 5997">
     <span class='ocr_line' id='line_1_124' title="bbox 2280 5825 3684 5900; baseline 0.016 -50"><span class='ocrx_word' id='word_1_947' title='bbox 2280 5825 2301 5836; x_wconf 83' lang='lat'><strong>-</strong></span> <span class='ocrx_word' id='word_1_948' title='bbox 2331 5825 2399 5852; x_wconf 71' lang='lat' dir='ltr'><strong>au</strong></span> <span class='ocrx_word' id='word_1_949' title='bbox 2419 5825 2690 5870; x_wconf 70' lang='lat' dir='ltr'><strong>risui-ginem</strong></span> <span class='ocrx_word' id='word_1_950' title='bbox 2711 5825 2977 5867; x_wconf 65' lang='lat' dir='ltr'><strong>muniens</strong></span> <span class='ocrx_word' id='word_1_951' title='bbox 2998 5825 3148 5890; x_wconf 58' lang='lat' dir='ltr'><strong>editio</strong></span> <span class='ocrx_word' id='word_1_952' title='bbox 3171 5825 3336 5881; x_wconf 77' lang='lat' dir='ltr'><strong>habet,</strong></span> <span class='ocrx_word' id='word_1_953' title='bbox 3360 5840 3385 5873; x_wconf 74' lang='grc' dir='ltr'><strong>ι</strong></span> <span class='ocrx_word' id='word_1_954' title='bbox 3407 5830 3478 5875; x_wconf 73' lang='grc' dir='ltr'><strong>ΔΙ.</strong></span> <span class='ocrx_word' id='word_1_955' title='bbox 3498 5825 3684 5900; x_wconf 52' lang='grc' dir='ltr'><strong>Λίβα.)</strong></span> 
     </span>
     <span class='ocr_line' id='line_1_125' title="bbox 2219 5865 3807 5997; baseline 0.021 -84"><span class='ocrx_word' id='word_1_956' title='bbox 2219 5865 2636 5997; x_wconf 46' lang='grc' dir='ltr'><strong>ωξοὼΐῡξτὲιεῗ,</strong></span> <span class='ocrx_word' id='word_1_957' title='bbox 2658 5869 2767 5937; x_wconf 79' lang='lat' dir='ltr'><strong>plus</strong></span> <span class='ocrx_word' id='word_1_958' title='bbox 2782 5874 3128 5942; x_wconf 78' lang='lat' dir='ltr'><strong>desperatwnss</strong></span> <span class='ocrx_word' id='word_1_959' title='bbox 3160 5894 3308 5948; x_wconf 71' lang='lat' dir='ltr'><strong>qm</strong></span> <span class='ocrx_word' id='word_1_960' title='bbox 3325 5885 3699 5986; x_wconf 63' lang='lat' dir='ltr'><strong>mnis,</strong></span> <span class='ocrx_word' id='word_1_961' title='bbox 3734 5904 3807 5943; x_wconf 79' lang='lat' dir='ltr'><strong>It-</strong></span> 
     </span>
    </p>
   </div>
  </div>
