  <div class='ocr_page' id='page_1' title='image "/cluster/home/n/w/nwhite01/storage/ocr_20150623/44-45/uva.x000217727/516.png"; bbox 0 0 4102 6492; ppageno 0'>
   <div class='ocr_carea' id='block_1_1' title="bbox 227 374 355 453">
    <p class='ocr_par' dir='ltr' id='par_1_1' title="bbox 227 374 355 453">
     <span class='ocr_line' id='line_1_1' title="bbox 227 374 355 453; baseline 0 -1"><span class='ocrx_word' id='word_1_1' title='bbox 227 374 355 453; x_wconf 68' lang='lat' dir='ltr'><strong>mai</strong></span> 
     </span>
    </p>
   </div>
   <div class='ocr_carea' id='block_1_2' title="bbox 215 506 1811 579">
    <p class='ocr_par' dir='ltr' id='par_1_2' title="bbox 215 506 1811 579">
     <span class='ocr_line' id='line_1_2' title="bbox 215 506 1811 579; baseline -0.008 -8"><span class='ocrx_word' id='word_1_2' title='bbox 215 512 454 571; x_wconf 86' lang='lat' dir='ltr'><strong>stimulis</strong></span> <span class='ocrx_word' id='word_1_3' title='bbox 482 508 739 567; x_wconf 76' lang='lat' dir='ltr'><strong>adversus</strong></span> <span class='ocrx_word' id='word_1_4' title='bbox 768 524 827 565; x_wconf 91' lang='lat' dir='ltr'><strong>se</strong></span> <span class='ocrx_word' id='word_1_5' title='bbox 871 507 1033 579; x_wconf 81' lang='lat' dir='ltr'><strong>ipsos,</strong></span> <span class='ocrx_word' id='word_1_6' title='bbox 1059 506 1153 564; x_wconf 88' lang='lat' dir='ltr'><strong>sed</strong></span> <span class='ocrx_word' id='word_1_7' title='bbox 1203 507 1376 578; x_wconf 99' lang='lat' dir='ltr'><strong>potius</strong></span> <span class='ocrx_word' id='word_1_8' title='bbox 1415 507 1670 564; x_wconf 81' lang='lat' dir='ltr'><strong>adversus</strong></span> <span class='ocrx_word' id='word_1_9' title='bbox 1711 519 1811 560; x_wconf 90' lang='lat' dir='ltr'><strong>nos</strong></span> 
     </span>
    </p>
   </div>
   <div class='ocr_carea' id='block_1_3' title="bbox 215 592 1810 679">
    <p class='ocr_par' dir='ltr' id='par_1_3' title="bbox 215 592 1810 679">
     <span class='ocr_line' id='line_1_3' title="bbox 215 592 1810 679; baseline -0.008 -14"><span class='ocrx_word' id='word_1_10' title='bbox 215 609 548 679; x_wconf 70' lang='lat' dir='ltr'><strong>excitentur,</strong></span> <span class='ocrx_word' id='word_1_11' title='bbox 578 605 699 679; x_wconf 88' lang='lat' dir='ltr'><strong>quia</strong></span> <span class='ocrx_word' id='word_1_12' title='bbox 741 618 836 660; x_wconf 88' lang='lat' dir='ltr'><strong>eos</strong></span> <span class='ocrx_word' id='word_1_13' title='bbox 876 596 1194 672; x_wconf 77' lang='lat' dir='ltr'><strong>corripimus</strong></span> <span class='ocrx_word' id='word_1_14' title='bbox 1234 596 1350 657; x_wconf 84' lang='lat' dir='ltr'><strong>haec</strong></span> <span class='ocrx_word' id='word_1_15' title='bbox 1384 592 1493 657; x_wconf 74' lang='lat' dir='ltr'><strong>non</strong></span> <span class='ocrx_word' id='word_1_16' title='bbox 1532 600 1810 665; x_wconf 77' lang='lat' dir='ltr'><strong>habentes,</strong></span> 
     </span>
    </p>
   </div>
   <div class='ocr_carea' id='block_1_4' title="bbox 214 680 1815 772">
    <p class='ocr_par' dir='ltr' id='par_1_4' title="bbox 214 680 1815 772">
     <span class='ocr_line' id='line_1_4' title="bbox 214 680 1815 772; baseline -0.007 -16"><span class='ocrx_word' id='word_1_17' title='bbox 214 692 340 772; x_wconf 60' lang='lat' dir='ltr'><strong>qtae</strong></span> <span class='ocrx_word' id='word_1_18' title='bbox 368 698 468 770; x_wconf 84' lang='lat' dir='ltr'><strong>ipsi</strong></span> <span class='ocrx_word' id='word_1_19' title='bbox 494 688 722 753; x_wconf 82' lang='lat' dir='ltr'><strong>dicimus</strong></span> <span class='ocrx_word' id='word_1_20' title='bbox 754 709 861 750; x_wconf 92' lang='lat' dir='ltr'><strong>non</strong></span> <span class='ocrx_word' id='word_1_21' title='bbox 888 692 1120 772; x_wconf 83' lang='lat' dir='ltr'><strong>humana</strong></span> <span class='ocrx_word' id='word_1_22' title='bbox 1144 682 1414 749; x_wconf 82' lang='lat' dir='ltr'><strong>voluntate</strong></span> <span class='ocrx_word' id='word_1_23' title='bbox 1440 680 1687 763; x_wconf 68' lang='lat' dir='ltr'><strong>proferri,</strong></span> <span class='ocrx_word' id='word_1_24' title='bbox 1718 687 1815 745; x_wconf 86' lang='lat' dir='ltr'><strong>sed</strong></span> 
     </span>
    </p>
   </div>
   <div class='ocr_carea' id='block_1_5' title="bbox 215 768 1813 859">
    <p class='ocr_par' dir='ltr' id='par_1_5' title="bbox 215 768 1813 859">
     <span class='ocr_line' id='line_1_5' title="bbox 215 768 1813 859; baseline -0.008 -12"><span class='ocrx_word' id='word_1_25' title='bbox 215 768 402 847; x_wconf 76' lang='lat' dir='ltr'><strong>divina</strong></span> <span class='ocrx_word' id='word_1_26' title='bbox 420 782 669 859; x_wconf 80' lang='lat' dir='ltr'><strong>largitate</strong></span> <span class='ocrx_word' id='word_1_27' title='bbox 686 776 871 842; x_wconf 82' lang='lat' dir='ltr'><strong>donari</strong></span> <span class='ocrx_word' id='word_1_28' title='bbox 890 768 915 838; x_wconf 68' lang='lat' dir='ltr'><strong>l</strong></span> <span class='ocrx_word' id='word_1_29' title='bbox 934 768 1044 840; x_wconf 55' lang='lat' dir='ltr'><strong>Cur</strong></span> <span class='ocrx_word' id='word_1_30' title='bbox 1066 780 1297 854; x_wconf 85' lang='lat' dir='ltr'><strong>denique</strong></span> <span class='ocrx_word' id='word_1_31' title='bbox 1320 774 1491 854; x_wconf 88' lang='lat' dir='ltr'><strong>ipsum</strong></span> <span class='ocrx_word' id='word_1_32' title='bbox 1513 780 1813 852; x_wconf 85' lang='lat' dir='ltr'><strong>apostolum</strong></span> 
     </span>
    </p>
   </div>
   <div class='ocr_carea' id='block_1_6' title="bbox 213 864 1815 950">
    <p class='ocr_par' dir='ltr' id='par_1_6' title="bbox 213 864 1815 950">
     <span class='ocr_line' id='line_1_6' title="bbox 213 864 1815 950; baseline -0.009 -10"><span class='ocrx_word' id='word_1_33' title='bbox 213 864 476 941; x_wconf 83' lang='lat' dir='ltr'><strong>Jacobum</strong></span> <span class='ocrx_word' id='word_1_34' title='bbox 500 868 660 949; x_wconf 78' lang='lat' dir='ltr'><strong>bujii&#39;s</strong></span> <span class='ocrx_word' id='word_1_35' title='bbox 675 874 859 950; x_wconf 69' lang='lat' dir='ltr'><strong>gratim</strong></span> <span class='ocrx_word' id='word_1_36' title='bbox 888 872 1192 948; x_wconf 73' lang='lat' dir='ltr'><strong>prz&#39;edicatio</strong></span> <span class='ocrx_word' id='word_1_37' title='bbox 1222 868 1326 930; x_wconf 64' lang='lat' dir='ltr'><strong>no&#39;n</strong></span> <span class='ocrx_word' id='word_1_38' title='bbox 1358 864 1620 929; x_wconf 84' lang='lat' dir='ltr'><strong>deterruit</strong></span> <span class='ocrx_word' id='word_1_39' title='bbox 1640 870 1815 926; x_wconf 83' lang='lat' dir='ltr'><strong>&#39;corri-</strong></span> 
     </span>
    </p>
   </div>
   <div class='ocr_carea' id='block_1_7' title="bbox 211 956 1812 1048">
    <p class='ocr_par' dir='ltr' id='par_1_7' title="bbox 211 956 1812 1048">
     <span class='ocr_line' id='line_1_7' title="bbox 211 956 1812 1048; baseline -0.007 -19"><span class='ocrx_word' id='word_1_40' title='bbox 211 989 351 1048; x_wconf 78' lang='lat' dir='ltr'><strong>pere</strong></span> <span class='ocrx_word' id='word_1_41' title='bbox 391 962 675 1043; x_wconf 77' lang='lat' dir='ltr'><strong>inquietos,</strong></span> <span class='ocrx_word' id='word_1_42' title='bbox 708 956 761 1025; x_wconf 73' lang='lat' dir='ltr'><strong>ei</strong></span> <span class='ocrx_word' id='word_1_43' title='bbox 791 960 988 1036; x_wconf 80' lang='lat' dir='ltr'><strong>dicere,</strong></span> <span class='ocrx_word' id='word_1_44' title='bbox 1024 964 1084 1022; x_wconf 97' lang='lat' dir='ltr'><strong>Si</strong></span> <span class='ocrx_word' id='word_1_45' title='bbox 1125 967 1286 1021; x_wconf 79' lang='lat' dir='ltr'><strong>zelum</strong></span> <span class='ocrx_word' id='word_1_46' title='bbox 1326 982 1558 1019; x_wconf 88' lang='lat' dir='ltr'><strong>amarum</strong></span> <span class='ocrx_word' id='word_1_47' title='bbox 1601 962 1812 1029; x_wconf 75' lang='lat' dir='ltr'><strong>habetis,</strong></span> 
     </span>
    </p>
   </div>
   <div class='ocr_carea' id='block_1_8' title="bbox 214 1048 1818 1127">
    <p class='ocr_par' dir='ltr' id='par_1_8' title="bbox 214 1048 1818 1127">
     <span class='ocr_line' id='line_1_8' title="bbox 214 1048 1818 1127; baseline -0.006 -8"><span class='ocrx_word' id='word_1_48' title='bbox 214 1076 264 1120; x_wconf 89' lang='lat' dir='ltr'><strong>et</strong></span> <span class='ocrx_word' id='word_1_49' title='bbox 292 1056 636 1118; x_wconf 71' lang='lat' dir='ltr'><strong>contentiones</strong></span> <span class='ocrx_word' id='word_1_50' title='bbox 666 1054 782 1115; x_wconf 74' lang='lat' dir='ltr'><strong>suul</strong></span> <span class='ocrx_word' id='word_1_51' title='bbox 824 1058 876 1114; x_wconf 84' lang='lat' dir='ltr'><strong>in</strong></span> <span class='ocrx_word' id='word_1_52' title='bbox 911 1056 1147 1113; x_wconf 77' lang='lat' dir='ltr'><strong>cordibus</strong></span> <span class='ocrx_word' id='word_1_53' title='bbox 1185 1058 1378 1122; x_wconf 86' lang='lat' dir='ltr'><strong>vestris,</strong></span> <span class='ocrx_word' id='word_1_54' title='bbox 1410 1054 1566 1109; x_wconf 87' lang='lat' dir='ltr'><strong>nolite</strong></span> <span class='ocrx_word' id='word_1_55' title='bbox 1608 1048 1818 1127; x_wconf 75' lang='lat' dir='ltr'><strong>gloriari</strong></span> 
     </span>
    </p>
   </div>
   <div class='ocr_carea' id='block_1_9' title="bbox 221 1142 1813 1215">
    <p class='ocr_par' dir='ltr' id='par_1_9' title="bbox 221 1142 1813 1215">
     <span class='ocr_line' id='line_1_9' title="bbox 221 1142 1813 1215; baseline -0.008 0"><span class='ocrx_word' id='word_1_56' title='bbox 221 1147 267 1215; x_wconf 65' lang='lat' dir='ltr'><strong>et</strong></span> <span class='ocrx_word' id='word_1_57' title='bbox 300 1148 565 1212; x_wconf 65' lang='lat' dir='ltr'><strong>mendaces</strong></span> <span class='ocrx_word' id='word_1_58' title='bbox 608 1148 716 1210; x_wconf 64' lang='lat' dir='ltr'><strong>esse</strong></span> <span class='ocrx_word' id='word_1_59' title='bbox 754 1146 990 1208; x_wconf 81' lang='lat' dir='ltr'><strong>adversus</strong></span> <span class='ocrx_word' id='word_1_60' title='bbox 1032 1152 1285 1206; x_wconf 71' lang='lat' dir='ltr'><strong>veritatem</strong></span> <span class='ocrx_word' id='word_1_61' title='bbox 1309 1142 1447 1205; x_wconf 65' lang='grc' dir='ltr'><strong>ὲηοῗι</strong></span> <span class='ocrx_word' id='word_1_62' title='bbox 1485 1158 1559 1203; x_wconf 89' lang='lat' dir='ltr'><strong>est</strong></span> <span class='ocrx_word' id='word_1_63' title='bbox 1592 1148 1689 1204; x_wconf 89' lang='lat' dir='ltr'><strong>ista</strong></span> <span class='ocrx_word' id='word_1_64' title='bbox 1727 1166 1813 1203; x_wconf 86' lang='lat' dir='ltr'><strong>sa-</strong></span> 
     </span>
    </p>
   </div>
   <div class='ocr_carea' id='block_1_10' title="bbox 217 1228 1811 1318">
    <p class='ocr_par' dir='ltr' id='par_1_10' title="bbox 217 1228 1811 1318">
     <span class='ocr_line' id='line_1_10' title="bbox 217 1228 1811 1318; baseline -0.003 -17"><span class='ocrx_word' id='word_1_65' title='bbox 217 1250 419 1318; x_wconf 80' lang='lat' dir='ltr'><strong>pientia</strong></span> <span class='ocrx_word' id='word_1_66' title='bbox 463 1236 723 1301; x_wconf 82' lang='lat' dir='ltr'><strong>desursum</strong></span> <span class='ocrx_word' id='word_1_67' title='bbox 778 1240 1118 1309; x_wconf 79' lang='lat' dir='ltr'><strong>descendens;</strong></span> <span class='ocrx_word' id='word_1_68' title='bbox 1147 1242 1237 1297; x_wconf 85' lang='lat' dir='ltr'><strong>sed</strong></span> <span class='ocrx_word' id='word_1_69' title='bbox 1288 1228 1500 1305; x_wconf 76' lang='lat' dir='ltr'><strong>terrena,</strong></span> <span class='ocrx_word' id='word_1_70' title='bbox 1555 1240 1811 1309; x_wconf 80' lang='lat' dir='ltr'><strong>animalis,</strong></span> 
     </span>
    </p>
   </div>
   <div class='ocr_carea' id='block_1_11' title="bbox 217 1320 1808 1413">
    <p class='ocr_par' dir='ltr' id='par_1_11' title="bbox 217 1320 1808 1413">
     <span class='ocr_line' id='line_1_11' title="bbox 217 1320 1808 1413; baseline -0.005 -20"><span class='ocrx_word' id='word_1_71' title='bbox 217 1320 479 1396; x_wconf 70' lang='lat' dir='ltr'><strong>diabolica</strong></span> <span class='ocrx_word' id='word_1_72' title='bbox 507 1354 525 1393; x_wconf 91' lang='lat'><strong><em>:</em></strong></span> <span class='ocrx_word' id='word_1_73' title='bbox 555 1337 636 1391; x_wconf 88' lang='lat' dir='ltr'><strong>ubi</strong></span> <span class='ocrx_word' id='word_1_74' title='bbox 664 1328 795 1390; x_wconf 84' lang='lat' dir='ltr'><strong>enim</strong></span> <span class='ocrx_word' id='word_1_75' title='bbox 814 1330 950 1413; x_wconf 78' lang='lat' dir='ltr'><strong>zelus</strong></span> <span class='ocrx_word' id='word_1_76' title='bbox 975 1320 1020 1388; x_wconf 83' lang='lat' dir='ltr'><strong>et</strong></span> <span class='ocrx_word' id='word_1_77' title='bbox 1043 1328 1317 1399; x_wconf 76' lang='lat' dir='ltr'><strong>contentio,</strong></span> <span class='ocrx_word' id='word_1_78' title='bbox 1348 1330 1418 1413; x_wconf 82' lang='lat' dir='ltr'><strong>ibi</strong></span> <span class='ocrx_word' id='word_1_79' title='bbox 1448 1322 1808 1405; x_wconf 65' lang='lat' dir='ltr'><strong>inconstantia,</strong></span> 
     </span>
    </p>
   </div>
   <div class='ocr_carea' id='block_1_12' title="bbox 214 1408 1817 1499">
    <p class='ocr_par' dir='ltr' id='par_1_12' title="bbox 214 1408 1817 1499">
     <span class='ocr_line' id='line_1_12' title="bbox 214 1408 1817 1499; baseline -0.004 -13"><span class='ocrx_word' id='word_1_80' title='bbox 214 1424 268 1486; x_wconf 75' lang='lat' dir='ltr'><strong>et</strong></span> <span class='ocrx_word' id='word_1_81' title='bbox 293 1448 441 1486; x_wconf 88' lang='lat' dir='ltr'><strong>omne</strong></span> <span class='ocrx_word' id='word_1_82' title='bbox 464 1424 588 1499; x_wconf 84' lang='lat' dir='ltr'><strong>opus</strong></span> <span class='ocrx_word' id='word_1_83' title='bbox 615 1426 824 1499; x_wconf 73' lang='lat' dir='ltr'><strong>pravam</strong></span> <span class='ocrx_word' id='word_1_84' title='bbox 873 1408 1077 1499; x_wconf 55' lang='grc' dir='ltr'><strong>(ἀαεόὁί</strong></span> <span class='ocrx_word' id='word_1_85' title='bbox 1107 1442 1180 1490; x_wconf 86' lang='grc' dir='ltr'><strong>ιιι,</strong></span> <span class='ocrx_word' id='word_1_86' title='bbox 1214 1410 1452 1496; x_wconf 62' lang='grc'><strong>14-16)⁴1</strong></span> <span class='ocrx_word' id='word_1_87' title='bbox 1498 1418 1645 1479; x_wconf 90' lang='lat' dir='ltr'><strong>Sicut</strong></span> <span class='ocrx_word' id='word_1_88' title='bbox 1688 1430 1817 1495; x_wconf 81' lang='lat' dir='ltr'><strong>ergo</strong></span> 
     </span>
    </p>
   </div>
   <div class='ocr_carea' id='block_1_13' title="bbox 211 1506 1810 1590">
    <p class='ocr_par' dir='ltr' id='par_1_13' title="bbox 211 1506 1810 1590">
     <span class='ocr_line' id='line_1_13' title="bbox 211 1506 1810 1590; baseline -0.004 -14"><span class='ocrx_word' id='word_1_89' title='bbox 211 1520 538 1590; x_wconf 85' lang='lat' dir='ltr'><strong>corripiendi</strong></span> <span class='ocrx_word' id='word_1_90' title='bbox 569 1528 692 1573; x_wconf 91' lang='lat' dir='ltr'><strong>sunt</strong></span> <span class='ocrx_word' id='word_1_91' title='bbox 721 1514 961 1588; x_wconf 79' lang='lat' dir='ltr'><strong>inquieti,</strong></span> <span class='ocrx_word' id='word_1_92' title='bbox 1014 1516 1067 1572; x_wconf 86' lang='lat' dir='ltr'><strong>el</strong></span> <span class='ocrx_word' id='word_1_93' title='bbox 1092 1506 1284 1571; x_wconf 85' lang='lat' dir='ltr'><strong>divinis</strong></span> <span class='ocrx_word' id='word_1_94' title='bbox 1313 1506 1539 1585; x_wconf 75' lang='lat' dir='ltr'><strong>eloquiis</strong></span> <span class='ocrx_word' id='word_1_95' title='bbox 1565 1515 1810 1582; x_wconf 85' lang='lat' dir='ltr'><strong>testibus,</strong></span> 
     </span>
    </p>
   </div>
   <div class='ocr_carea' id='block_1_14' title="bbox 211 1602 1816 1683">
    <p class='ocr_par' dir='ltr' id='par_1_14' title="bbox 211 1602 1816 1683">
     <span class='ocr_line' id='line_1_14' title="bbox 211 1602 1816 1683; baseline -0.004 -15"><span class='ocrx_word' id='word_1_96' title='bbox 211 1623 272 1668; x_wconf 90' lang='lat' dir='ltr'><strong>et</strong></span> <span class='ocrx_word' id='word_1_97' title='bbox 302 1614 431 1683; x_wconf 88' lang='lat' dir='ltr'><strong>ipsis</strong></span> <span class='ocrx_word' id='word_1_98' title='bbox 455 1606 591 1683; x_wconf 82' lang='lat' dir='ltr'><strong>quos</strong></span> <span class='ocrx_word' id='word_1_99' title='bbox 614 1608 889 1666; x_wconf 83' lang='lat' dir='ltr'><strong>nobiscum</strong></span> <span class='ocrx_word' id='word_1_100' title='bbox 926 1602 1015 1665; x_wconf 86' lang='lat' dir='ltr'><strong>isti</strong></span> <span class='ocrx_word' id='word_1_101' title='bbox 1036 1624 1346 1665; x_wconf 86' lang='lat' dir='ltr'><strong>communes</strong></span> <span class='ocrx_word' id='word_1_102' title='bbox 1372 1607 1574 1663; x_wconf 81' lang='lat' dir='ltr'><strong>habent</strong></span> <span class='ocrx_word' id='word_1_103' title='bbox 1608 1607 1816 1663; x_wconf 79' lang='lat' dir='ltr'><strong>actibus</strong></span> 
     </span>
    </p>
   </div>
   <div class='ocr_carea' id='block_1_15' title="bbox 213 1698 1817 1774">
    <p class='ocr_par' dir='ltr' id='par_1_15' title="bbox 213 1698 1817 1774">
     <span class='ocr_line' id='line_1_15' title="bbox 213 1698 1817 1774; baseline -0.006 -13"><span class='ocrx_word' id='word_1_104' title='bbox 213 1706 457 1771; x_wconf 77' lang='lat' dir='ltr'><strong>nostris;</strong></span> <span class='ocrx_word' id='word_1_105' title='bbox 489 1719 664 1774; x_wconf 88' lang='lat' dir='ltr'><strong>neque</strong></span> <span class='ocrx_word' id='word_1_106' title='bbox 698 1702 835 1759; x_wconf 90' lang='lat' dir='ltr'><strong>hanc</strong></span> <span class='ocrx_word' id='word_1_107' title='bbox 862 1698 1090 1773; x_wconf 84' lang='lat' dir='ltr'><strong>impedit</strong></span> <span class='ocrx_word' id='word_1_108' title='bbox 1119 1699 1533 1771; x_wconf 89' lang='lat' dir='ltr'><strong>correptionem,</strong></span> <span class='ocrx_word' id='word_1_109' title='bbox 1566 1698 1709 1771; x_wconf 90' lang='lat' dir='ltr'><strong>quod</strong></span> <span class='ocrx_word' id='word_1_110' title='bbox 1731 1714 1817 1753; x_wconf 88' lang='lat' dir='ltr'><strong>sa-</strong></span> 
     </span>
    </p>
   </div>
   <div class='ocr_carea' id='block_1_16' title="bbox 213 1778 1817 1867">
    <p class='ocr_par' dir='ltr' id='par_1_16' title="bbox 213 1778 1817 1867">
     <span class='ocr_line' id='line_1_16' title="bbox 213 1778 1817 1867; baseline -0.002 -18"><span class='ocrx_word' id='word_1_111' title='bbox 213 1794 472 1867; x_wconf 82' lang='lat' dir='ltr'><strong>pientiam</strong></span> <span class='ocrx_word' id='word_1_112' title='bbox 503 1788 618 1865; x_wconf 85' lang='lat' dir='ltr'><strong>paci</strong></span> <span class='ocrx_word' id='word_1_113' title='bbox 630 1795 806 1861; x_wconf 86' lang='lat' dir='ltr'><strong>licam,</strong></span> <span class='ocrx_word' id='word_1_114' title='bbox 833 1792 939 1864; x_wconf 83' lang='lat' dir='ltr'><strong>qua</strong></span> <span class='ocrx_word' id='word_1_115' title='bbox 961 1778 1274 1849; x_wconf 84' lang='lat' dir='ltr'><strong>contentiosi</strong></span> <span class='ocrx_word' id='word_1_116' title='bbox 1299 1786 1637 1862; x_wconf 83' lang='lat' dir='ltr'><strong>corriguntur</strong></span> <span class='ocrx_word' id='word_1_117' title='bbox 1660 1800 1817 1863; x_wconf 86' lang='lat' dir='ltr'><strong>atque</strong></span> 
     </span>
    </p>
   </div>
   <div class='ocr_carea' id='block_1_17' title="bbox 214 1876 1817 1954">
    <p class='ocr_par' dir='ltr' id='par_1_17' title="bbox 214 1876 1817 1954">
     <span class='ocr_line' id='line_1_17' title="bbox 214 1876 1817 1954; baseline -0.003 -12"><span class='ocrx_word' id='word_1_118' title='bbox 214 1882 500 1953; x_wconf 71' lang='lat' dir='ltr'><strong>sanantur,</strong></span> <span class='ocrx_word' id='word_1_119' title='bbox 520 1880 717 1940; x_wconf 82' lang='lat' dir='ltr'><strong>donum</strong></span> <span class='ocrx_word' id='word_1_120' title='bbox 743 1878 970 1941; x_wconf 76' lang='lat' dir='ltr'><strong>Dei&#39;es&#39;se</strong></span> <span class='ocrx_word' id='word_1_121' title='bbox 990 1876 1338 1954; x_wconf 58' lang='lat' dir='ltr'><strong>prie&#39;dicam&#39;us</strong></span> <span class='ocrx_word' id='word_1_122' title='bbox 1365 1901 1378 1937; x_wconf 88' lang='lat'><strong>:</strong></span> <span class='ocrx_word' id='word_1_123' title='bbox 1404 1882 1471 1937; x_wconf 80' lang='lat' dir='ltr'><strong>ita</strong></span> <span class='ocrx_word' id='word_1_124' title='bbox 1496 1878 1817 1952; x_wconf 83' lang='lat' dir='ltr'><strong>corripiendi</strong></span> 
     </span>
    </p>
   </div>
   <div class='ocr_carea' id='block_1_18' title="bbox 217 1966 1816 2045">
    <p class='ocr_par' dir='ltr' id='par_1_18' title="bbox 217 1966 1816 2045">
     <span class='ocr_line' id='line_1_18' title="bbox 217 1966 1816 2045; baseline -0.006 -10"><span class='ocrx_word' id='word_1_125' title='bbox 217 1966 350 2036; x_wconf 70' lang='lat' dir='ltr'><strong>sunt</strong></span> <span class='ocrx_word' id='word_1_126' title='bbox 394 1976 656 2043; x_wconf 82' lang='lat' dir='ltr'><strong>inﬁdeles,</strong></span> <span class='ocrx_word' id='word_1_127' title='bbox 691 1977 772 2032; x_wconf 77' lang='lat' dir='ltr'><strong>vel</strong></span> <span class='ocrx_word' id='word_1_128' title='bbox 802 1977 854 2031; x_wconf 92' lang='lat' dir='ltr'><strong>in</strong></span> <span class='ocrx_word' id='word_1_129' title='bbox 883 1976 986 2031; x_wconf 89' lang='lat' dir='ltr'><strong>lide</strong></span> <span class='ocrx_word' id='word_1_130' title='bbox 1029 1992 1134 2029; x_wconf 90' lang='lat' dir='ltr'><strong>non</strong></span> <span class='ocrx_word' id='word_1_131' title='bbox 1163 1976 1556 2045; x_wconf 77' lang='lat' dir='ltr'><strong>permanentes,</strong></span> <span class='ocrx_word' id='word_1_132' title='bbox 1586 1968 1691 2029; x_wconf 85' lang='lat' dir='ltr'><strong>non</strong></span> <span class='ocrx_word' id='word_1_133' title='bbox 1715 1972 1816 2027; x_wconf 85' lang='lat' dir='ltr'><strong>im-</strong></span> 
     </span>
    </p>
   </div>
   <div class='ocr_carea' id='block_1_19' title="bbox 218 2058 1819 2148">
    <p class='ocr_par' dir='ltr' id='par_1_19' title="bbox 218 2058 1819 2148">
     <span class='ocr_line' id='line_1_19' title="bbox 218 2058 1819 2148; baseline -0.006 -21"><span class='ocrx_word' id='word_1_134' title='bbox 218 2064 473 2142; x_wconf 78' lang='lat' dir='ltr'><strong>pediente</strong></span> <span class='ocrx_word' id='word_1_135' title='bbox 528 2061 684 2148; x_wconf 77' lang='lat' dir='ltr'><strong>istam</strong></span> <span class='ocrx_word' id='word_1_136' title='bbox 746 2058 1140 2137; x_wconf 70' lang='lat' dir='ltr'><strong>‘correpiionetii</strong></span> <span class='ocrx_word' id='word_1_137' title='bbox 1210 2060 1588 2135; x_wconf 64' lang='lat' dir='ltr'><strong>praedicatione</strong></span> <span class='ocrx_word' id='word_1_138' title='bbox 1634 2064 1819 2136; x_wconf 75' lang='lat' dir='ltr'><strong>gratiae</strong></span> 
     </span>
    </p>
   </div>
   <div class='ocr_carea' id='block_1_20' title="bbox 218 2148 1818 2233">
    <p class='ocr_par' dir='ltr' id='par_1_20' title="bbox 218 2148 1818 2233">
     <span class='ocr_line' id='line_1_20' title="bbox 218 2148 1818 2233; baseline -0.006 -15"><span class='ocrx_word' id='word_1_139' title='bbox 218 2154 339 2228; x_wconf 85' lang='lat' dir='ltr'><strong>Dei,</strong></span> <span class='ocrx_word' id='word_1_140' title='bbox 380 2174 497 2233; x_wconf 67' lang='lat' dir='ltr'><strong>qua:</strong></span> <span class='ocrx_word' id='word_1_141' title='bbox 537 2160 695 2216; x_wconf 87' lang='lat' dir='ltr'><strong>iidem</strong></span> <span class='ocrx_word' id='word_1_142' title='bbox 741 2156 951 2230; x_wconf 86' lang='lat' dir='ltr'><strong>quoque</strong></span> <span class='ocrx_word' id='word_1_143' title='bbox 994 2158 1163 2227; x_wconf 80' lang='lat' dir='ltr'><strong>ipsam</strong></span> <span class='ocrx_word' id='word_1_144' title='bbox 1204 2168 1261 2233; x_wconf 86' lang='lat' dir='ltr'><strong>et</strong></span> <span class='ocrx_word' id='word_1_145' title='bbox 1307 2148 1363 2211; x_wconf 66' lang='lat' dir='ltr'><strong>i&#39;n</strong></span> <span class='ocrx_word' id='word_1_146' title='bbox 1389 2171 1451 2211; x_wconf 89' lang='lat' dir='ltr'><strong>ea</strong></span> <span class='ocrx_word' id='word_1_147' title='bbox 1492 2156 1818 2226; x_wconf 74' lang='lat' dir='ltr'><strong>permansio-</strong></span> 
     </span>
    </p>
   </div>
   <div class='ocr_carea' id='block_1_21' title="bbox 215 2230 1820 2314">
    <p class='ocr_par' dir='ltr' id='par_1_21' title="bbox 215 2230 1820 2314">
     <span class='ocr_line' id='line_1_21' title="bbox 215 2230 1820 2314; baseline -0.006 -5"><span class='ocrx_word' id='word_1_148' title='bbox 215 2248 342 2309; x_wconf 83' lang='lat' dir='ltr'><strong>nem</strong></span> <span class='ocrx_word' id='word_1_149' title='bbox 369 2252 508 2307; x_wconf 85' lang='lat' dir='ltr'><strong>dona</strong></span> <span class='ocrx_word' id='word_1_150' title='bbox 537 2242 634 2306; x_wconf 79' lang='lat' dir='ltr'><strong>Dei</strong></span> <span class='ocrx_word' id='word_1_151' title='bbox 657 2248 780 2306; x_wconf 85' lang='lat' dir='ltr'><strong>esse</strong></span> <span class='ocrx_word' id='word_1_152' title='bbox 805 2238 1165 2305; x_wconf 75' lang='lat' dir='ltr'><strong>commendat.</strong></span> <span class='ocrx_word' id='word_1_153' title='bbox 1200 2230 1335 2314; x_wconf 64' lang='lat' dir='ltr'><strong>Quia</strong></span> <span class='ocrx_word' id='word_1_154' title='bbox 1361 2246 1460 2302; x_wconf 89' lang='lat' dir='ltr'><strong>etsi</strong></span> <span class='ocrx_word' id='word_1_155' title='bbox 1490 2262 1553 2302; x_wconf 85' lang='lat' dir='ltr'><strong>ex</strong></span> <span class='ocrx_word' id='word_1_156' title='bbox 1586 2245 1690 2301; x_wconf 80' lang='lat' dir='ltr'><strong>[ide</strong></span> <span class='ocrx_word' id='word_1_157' title='bbox 1721 2248 1820 2300; x_wconf 88' lang='lat' dir='ltr'><strong>im-</strong></span> 
     </span>
    </p>
   </div>
   <div class='ocr_carea' id='block_1_22' title="bbox 214 2332 1815 2419">
    <p class='ocr_par' dir='ltr' id='par_1_22' title="bbox 214 2332 1815 2419">
     <span class='ocr_line' id='line_1_22' title="bbox 214 2332 1815 2419; baseline -0.004 -20"><span class='ocrx_word' id='word_1_158' title='bbox 214 2338 462 2419; x_wconf 72' lang='lat' dir='ltr'><strong>petratur</strong></span> <span class='ocrx_word' id='word_1_159' title='bbox 504 2332 789 2414; x_wconf 73' lang='lat' dir='ltr'><strong>Sapieniia,</strong></span> <span class='ocrx_word' id='word_1_160' title='bbox 820 2336 956 2397; x_wconf 77' lang='lat' dir='ltr'><strong>sicut</strong></span> <span class='ocrx_word' id='word_1_161' title='bbox 1000 2333 1117 2412; x_wconf 80' lang='lat' dir='ltr'><strong>ipse</strong></span> <span class='ocrx_word' id='word_1_162' title='bbox 1143 2332 1379 2395; x_wconf 79' lang='lat' dir='ltr'><strong>Jacobus</strong></span> <span class='ocrx_word' id='word_1_163' title='bbox 1402 2334 1525 2394; x_wconf 82' lang='lat' dir='ltr'><strong>cum</strong></span> <span class='ocrx_word' id='word_1_164' title='bbox 1573 2338 1815 2405; x_wconf 79' lang='lat' dir='ltr'><strong>dixisset,</strong></span> 
     </span>
    </p>
   </div>
   <div class='ocr_carea' id='block_1_23' title="bbox 220 2428 1819 2509">
    <p class='ocr_par' dir='ltr' id='par_1_23' title="bbox 220 2428 1819 2509">
     <span class='ocr_line' id='line_1_23' title="bbox 220 2428 1819 2509; baseline -0.006 -17"><span class='ocrx_word' id='word_1_165' title='bbox 220 2428 283 2493; x_wconf 85' lang='lat' dir='ltr'><strong>Si</strong></span> <span class='ocrx_word' id='word_1_166' title='bbox 310 2436 421 2509; x_wconf 80' lang='lat' dir='ltr'><strong>quis</strong></span> <span class='ocrx_word' id='word_1_167' title='bbox 465 2446 683 2491; x_wconf 83' lang='lat' dir='ltr'><strong>vestrum</strong></span> <span class='ocrx_word' id='word_1_168' title='bbox 723 2430 909 2504; x_wconf 75' lang='lat' dir='ltr'><strong>indiget</strong></span> <span class='ocrx_word' id='word_1_169' title='bbox 962 2434 1234 2505; x_wconf 73' lang='lat' dir='ltr'><strong>sapientia,</strong></span> <span class='ocrx_word' id='word_1_170' title='bbox 1269 2428 1482 2502; x_wconf 77' lang='lat' dir='ltr'><strong>postulet</strong></span> <span class='ocrx_word' id='word_1_171' title='bbox 1514 2448 1544 2484; x_wconf 91' lang='lat' dir='ltr'><strong>a</strong></span> <span class='ocrx_word' id='word_1_172' title='bbox 1566 2428 1696 2496; x_wconf 88' lang='lat' dir='ltr'><strong>Deo,</strong></span> <span class='ocrx_word' id='word_1_173' title='bbox 1734 2429 1819 2501; x_wconf 86' lang='lat' dir='ltr'><strong>qui</strong></span> 
     </span>
    </p>
   </div>
   <div class='ocr_carea' id='block_1_24' title="bbox 219 2518 1803 2599">
    <p class='ocr_par' dir='ltr' id='par_1_24' title="bbox 219 2518 1803 2599">
     <span class='ocr_line' id='line_1_24' title="bbox 219 2518 1803 2599; baseline -0.006 -15"><span class='ocrx_word' id='word_1_174' title='bbox 219 2529 313 2584; x_wconf 85' lang='lat' dir='ltr'><strong>dat</strong></span> <span class='ocrx_word' id='word_1_175' title='bbox 352 2520 579 2585; x_wconf 71' lang='lat' dir='ltr'><strong>omnibus</strong></span> <span class='ocrx_word' id='word_1_176' title='bbox 614 2522 888 2599; x_wconf 72' lang='lat' dir='ltr'><strong>afﬂuenter,</strong></span> <span class='ocrx_word' id='word_1_177' title='bbox 916 2536 962 2580; x_wconf 88' lang='lat' dir='ltr'><strong>et</strong></span> <span class='ocrx_word' id='word_1_178' title='bbox 998 2542 1101 2579; x_wconf 89' lang='lat' dir='ltr'><strong>non</strong></span> <span class='ocrx_word' id='word_1_179' title='bbox 1142 2518 1474 2595; x_wconf 87' lang='lat' dir='ltr'><strong>improperat,</strong></span> <span class='ocrx_word' id='word_1_180' title='bbox 1513 2518 1562 2577; x_wconf 70' lang='lat' dir='ltr'><strong>et</strong></span> <span class='ocrx_word' id='word_1_181' title='bbox 1605 2521 1803 2576; x_wconf 84' lang='lat' dir='ltr'><strong>dabitur</strong></span> 
     </span>
    </p>
   </div>
   <div class='ocr_carea' id='block_1_25' title="bbox 222 2604 1816 2680">
    <p class='ocr_par' dir='ltr' id='par_1_25' title="bbox 222 2604 1816 2680">
     <span class='ocr_line' id='line_1_25' title="bbox 222 2604 1816 2680; baseline -0.004 -12"><span class='ocrx_word' id='word_1_182' title='bbox 222 2614 309 2680; x_wconf 83' lang='lat' dir='ltr'><strong>ei;</strong></span> <span class='ocrx_word' id='word_1_183' title='bbox 334 2616 462 2667; x_wconf 63' lang='lat' dir='ltr'><strong>mox</strong></span> <span class='ocrx_word' id='word_1_184' title='bbox 488 2610 708 2676; x_wconf 77' lang='lat' dir='ltr'><strong>addidit,</strong></span> <span class='ocrx_word' id='word_1_185' title='bbox 738 2604 965 2666; x_wconf 77' lang='lat' dir='ltr'><strong>Po&#39;stulet</strong></span> <span class='ocrx_word' id='word_1_186' title='bbox 993 2604 1161 2663; x_wconf 59' lang='lat' dir='ltr'><strong>autem</strong></span> <span class='ocrx_word' id='word_1_187' title='bbox 1191 2608 1244 2663; x_wconf 85' lang='lat' dir='ltr'><strong>in</strong></span> <span class='ocrx_word' id='word_1_188' title='bbox 1275 2608 1396 2679; x_wconf 70' lang='lat' dir='ltr'><strong>ﬁde,</strong></span> <span class='ocrx_word' id='word_1_189' title='bbox 1420 2606 1548 2662; x_wconf 82' lang='lat' dir='ltr'><strong>nihil</strong></span> <span class='ocrx_word' id='word_1_190' title='bbox 1576 2607 1816 2662; x_wconf 66' lang='lat' dir='ltr'><strong>haesitans</strong></span> 
     </span>
    </p>
   </div>
   <div class='ocr_carea' id='block_1_26' title="bbox 226 2684 1812 2777">
    <p class='ocr_par' dir='ltr' id='par_1_26' title="bbox 226 2684 1812 2777">
     <span class='ocr_line' id='line_1_26' title="bbox 226 2684 1812 2777; baseline -0.002 -21"><span class='ocrx_word' id='word_1_191' title='bbox 226 2684 338 2777; x_wconf 77' lang='lat' dir='ltr'><strong>(id.</strong></span> <span class='ocrx_word' id='word_1_192' title='bbox 376 2719 395 2758; x_wconf 83' lang='lat'>1</span> <span class='ocrx_word' id='word_1_193' title='bbox 419 2743 435 2770; x_wconf 90' lang='lat'><strong>,</strong></span> <span class='ocrx_word' id='word_1_194' title='bbox 463 2704 519 2769; x_wconf 79' lang='lat'><strong>5,</strong></span> <span class='ocrx_word' id='word_1_195' title='bbox 550 2702 604 2774; x_wconf 84' lang='lat'><strong>6)</strong></span> <span class='ocrx_word' id='word_1_196' title='bbox 630 2721 646 2758; x_wconf 86' lang='lat'><strong>:</strong></span> <span class='ocrx_word' id='word_1_197' title='bbox 676 2700 779 2757; x_wconf 79' lang='lat' dir='ltr'><strong>bon</strong></span> <span class='ocrx_word' id='word_1_198' title='bbox 803 2711 979 2756; x_wconf 84' lang='lat' dir='ltr'><strong>tamen</strong></span> <span class='ocrx_word' id='word_1_199' title='bbox 1006 2698 1257 2771; x_wconf 79' lang='lat' dir='ltr'><strong>quoniam</strong></span> <span class='ocrx_word' id='word_1_200' title='bbox 1286 2697 1418 2756; x_wconf 88' lang='lat' dir='ltr'><strong>ﬁdes</strong></span> <span class='ocrx_word' id='word_1_201' title='bbox 1458 2698 1615 2754; x_wconf 78' lang='lat' dir='ltr'><strong>tiatur</strong></span> <span class='ocrx_word' id='word_1_202' title='bbox 1642 2694 1812 2769; x_wconf 81' lang='lat' dir='ltr'><strong>prius-</strong></span> 
     </span>
    </p>
   </div>
   <div class='ocr_carea' id='block_1_27' title="bbox 222 2784 1819 2867">
    <p class='ocr_par' dir='ltr' id='par_1_27' title="bbox 222 2784 1819 2867">
     <span class='ocr_line' id='line_1_27' title="bbox 222 2784 1819 2867; baseline -0.003 -17"><span class='ocrx_word' id='word_1_203' title='bbox 222 2788 387 2867; x_wconf 78' lang='lat' dir='ltr'><strong>quam</strong></span> <span class='ocrx_word' id='word_1_204' title='bbox 416 2790 715 2865; x_wconf 72' lang='lat' dir='ltr'><strong>postuletur</strong></span> <span class='ocrx_word' id='word_1_205' title='bbox 741 2786 807 2849; x_wconf 89' lang='lat' dir='ltr'><strong>ab</strong></span> <span class='ocrx_word' id='word_1_206' title='bbox 838 2794 927 2850; x_wconf 91' lang='lat' dir='ltr'><strong>illo</strong></span> <span class='ocrx_word' id='word_1_207' title='bbox 973 2790 1055 2849; x_wconf 86' lang='lat' dir='ltr'><strong>cui</strong></span> <span class='ocrx_word' id='word_1_208' title='bbox 1088 2792 1276 2859; x_wconf 85' lang='lat' dir='ltr'><strong>datur,</strong></span> <span class='ocrx_word' id='word_1_209' title='bbox 1323 2792 1443 2848; x_wconf 85' lang='lat' dir='ltr'><strong>ideo</strong></span> <span class='ocrx_word' id='word_1_210' title='bbox 1486 2784 1709 2847; x_wconf 80' lang='lat' dir='ltr'><strong>dicenda</strong></span> <span class='ocrx_word' id='word_1_211' title='bbox 1738 2794 1819 2846; x_wconf 86' lang='lat' dir='ltr'><strong>est</strong></span> 
     </span>
    </p>
   </div>
   <div class='ocr_carea' id='block_1_28' title="bbox 219 2882 1820 2956">
    <p class='ocr_par' dir='ltr' id='par_1_28' title="bbox 219 2882 1820 2956">
     <span class='ocr_line' id='line_1_28' title="bbox 219 2882 1820 2956; baseline -0.004 -10"><span class='ocrx_word' id='word_1_212' title='bbox 219 2888 329 2946; x_wconf 81' lang='lat' dir='ltr'><strong>niin</strong></span> <span class='ocrx_word' id='word_1_213' title='bbox 361 2904 482 2946; x_wconf 88' lang='lat' dir='ltr'><strong>esse</strong></span> <span class='ocrx_word' id='word_1_214' title='bbox 500 2889 697 2944; x_wconf 84' lang='lat' dir='ltr'><strong>donum</strong></span> <span class='ocrx_word' id='word_1_215' title='bbox 726 2884 820 2943; x_wconf 82' lang='lat' dir='ltr'><strong>Dei</strong></span> <span class='ocrx_word' id='word_1_216' title='bbox 846 2930 860 2953; x_wconf 92' lang='lat'><strong>,</strong></span> <span class='ocrx_word' id='word_1_217' title='bbox 892 2884 986 2943; x_wconf 81' lang='lat' dir='ltr'><strong>sed</strong></span> <span class='ocrx_word' id='word_1_218' title='bbox 1014 2882 1133 2942; x_wconf 85' lang='lat' dir='ltr'><strong>esse</strong></span> <span class='ocrx_word' id='word_1_219' title='bbox 1158 2892 1187 2940; x_wconf 79' lang='lat' dir='ltr'><strong>a</strong></span> <span class='ocrx_word' id='word_1_220' title='bbox 1216 2884 1366 2941; x_wconf 83' lang='lat' dir='ltr'><strong>nobis</strong></span> <span class='ocrx_word' id='word_1_221' title='bbox 1390 2928 1405 2952; x_wconf 93' lang='lat'><strong>,</strong></span> <span class='ocrx_word' id='word_1_222' title='bbox 1435 2887 1554 2956; x_wconf 89' lang='lat' dir='ltr'><strong>quia</strong></span> <span class='ocrx_word' id='word_1_223' title='bbox 1583 2882 1706 2939; x_wconf 83' lang='lat' dir='ltr'><strong>tlala</strong></span> <span class='ocrx_word' id='word_1_224' title='bbox 1735 2882 1820 2939; x_wconf 81' lang='lat' dir='ltr'><strong>est</strong></span> 
     </span>
    </p>
   </div>
   <div class='ocr_carea' id='block_1_29' title="bbox 218 2968 1816 3055">
    <p class='ocr_par' dir='ltr' id='par_1_29' title="bbox 218 2968 1816 3055">
     <span class='ocr_line' id='line_1_29' title="bbox 218 2968 1816 3055; baseline -0.004 -17"><span class='ocrx_word' id='word_1_225' title='bbox 218 2976 397 3049; x_wconf 70' lang='lat' dir='ltr'><strong>nobis,</strong></span> <span class='ocrx_word' id='word_1_226' title='bbox 419 2980 526 3038; x_wconf 68' lang='lat' dir='ltr'><strong>non</strong></span> <span class='ocrx_word' id='word_1_227' title='bbox 556 2976 860 3055; x_wconf 83' lang='lat' dir='ltr'><strong>petentibus</strong></span> <span class='ocrx_word' id='word_1_228' title='bbox 886 2974 1058 3036; x_wconf 75' lang='lat' dir='ltr'><strong>nobis.</strong></span> <span class='ocrx_word' id='word_1_229' title='bbox 1090 2968 1375 3049; x_wconf 77' lang='lat' dir='ltr'><strong>Apostolus</strong></span> <span class='ocrx_word' id='word_1_230' title='bbox 1416 2975 1558 3034; x_wconf 78' lang='lat' dir='ltr'><strong>enim</strong></span> <span class='ocrx_word' id='word_1_231' title='bbox 1589 2972 1816 3047; x_wconf 77' lang='lat' dir='ltr'><strong>apertis-</strong></span> 
     </span>
    </p>
   </div>
   <div class='ocr_carea' id='block_1_30' title="bbox 215 3064 1817 3147">
    <p class='ocr_par' dir='ltr' id='par_1_30' title="bbox 215 3064 1817 3147">
     <span class='ocr_line' id='line_1_30' title="bbox 215 3064 1817 3147; baseline -0.005 -15"><span class='ocrx_word' id='word_1_232' title='bbox 215 3072 353 3133; x_wconf 73' lang='lat' dir='ltr'><strong>sime</strong></span> <span class='ocrx_word' id='word_1_233' title='bbox 387 3074 518 3132; x_wconf 88' lang='lat' dir='ltr'><strong>dicit</strong></span> <span class='ocrx_word' id='word_1_234' title='bbox 547 3093 561 3131; x_wconf 90' lang='lat'><strong>:</strong></span> <span class='ocrx_word' id='word_1_235' title='bbox 594 3070 713 3129; x_wconf 72' lang='lat' dir='ltr'><strong>Pax</strong></span> <span class='ocrx_word' id='word_1_236' title='bbox 759 3072 1000 3147; x_wconf 74' lang='lat' dir='ltr'><strong>fratribus</strong></span> <span class='ocrx_word' id='word_1_237' title='bbox 1039 3083 1082 3127; x_wconf 84' lang='lat' dir='ltr'><strong>et</strong></span> <span class='ocrx_word' id='word_1_238' title='bbox 1120 3072 1341 3127; x_wconf 69' lang='lat' dir='ltr'><strong>Charitas</strong></span> <span class='ocrx_word' id='word_1_239' title='bbox 1368 3086 1483 3125; x_wconf 82' lang='lat' dir='ltr'><strong>eum</strong></span> <span class='ocrx_word' id='word_1_240' title='bbox 1524 3064 1625 3139; x_wconf 76' lang='lat' dir='ltr'><strong>ﬁde</strong></span> <span class='ocrx_word' id='word_1_241' title='bbox 1649 3084 1682 3124; x_wconf 88' lang='lat' dir='ltr'><strong>a</strong></span> <span class='ocrx_word' id='word_1_242' title='bbox 1712 3069 1817 3124; x_wconf 82' lang='lat' dir='ltr'><strong>Deo</strong></span> 
     </span>
    </p>
   </div>
   <div class='ocr_carea' id='block_1_31' title="bbox 218 3148 1815 3237">
    <p class='ocr_par' dir='ltr' id='par_1_31' title="bbox 218 3148 1815 3237">
     <span class='ocr_line' id='line_1_31' title="bbox 218 3148 1815 3237; baseline -0.005 -13"><span class='ocrx_word' id='word_1_243' title='bbox 218 3148 376 3224; x_wconf 70' lang='lat' dir='ltr'><strong>Patre</strong></span> <span class='ocrx_word' id='word_1_244' title='bbox 400 3160 447 3223; x_wconf 79' lang='lat' dir='ltr'><strong>et</strong></span> <span class='ocrx_word' id='word_1_245' title='bbox 484 3160 705 3225; x_wconf 80' lang='lat' dir='ltr'><strong>Domino</strong></span> <span class='ocrx_word' id='word_1_246' title='bbox 730 3156 857 3220; x_wconf 64' lang='lat' dir='ltr'><strong>rem</strong></span> <span class='ocrx_word' id='word_1_247' title='bbox 887 3164 1089 3220; x_wconf 84' lang='lat' dir='ltr'><strong>Christo</strong></span> <span class='ocrx_word' id='word_1_248' title='bbox 1130 3161 1343 3237; x_wconf 79' lang='lat' dir='ltr'><strong>(Ephes.</strong></span> <span class='ocrx_word' id='word_1_249' title='bbox 1373 3176 1462 3231; x_wconf 72' lang='lat' dir='ltr'><strong>vi,</strong></span> <span class='ocrx_word' id='word_1_250' title='bbox 1490 3158 1605 3235; x_wconf 65' lang='grc' dir='ltr'><strong>εδ).</strong></span> <span class='ocrx_word' id='word_1_251' title='bbox 1635 3162 1678 3218; x_wconf 73' lang='grc' dir='ltr'>Α</span> <span class='ocrx_word' id='word_1_252' title='bbox 1708 3176 1815 3232; x_wconf 91' lang='lat' dir='ltr'><strong>quo</strong></span> 
     </span>
    </p>
   </div>
   <div class='ocr_carea' id='block_1_32' title="bbox 217 3248 1818 3334">
    <p class='ocr_par' dir='ltr' id='par_1_32' title="bbox 217 3248 1818 3334">
     <span class='ocr_line' id='line_1_32' title="bbox 217 3248 1818 3334; baseline -0.006 -15"><span class='ocrx_word' id='word_1_253' title='bbox 217 3258 348 3334; x_wconf 63' lang='lat' dir='ltr'><strong>ergo</strong></span> <span class='ocrx_word' id='word_1_254' title='bbox 399 3262 500 3334; x_wconf 76' lang='lat' dir='ltr'><strong>pax</strong></span> <span class='ocrx_word' id='word_1_255' title='bbox 555 3269 610 3316; x_wconf 88' lang='lat' dir='ltr'><strong>et</strong></span> <span class='ocrx_word' id='word_1_256' title='bbox 661 3258 930 3325; x_wconf 66' lang='lat' dir='ltr'><strong>charitas,</strong></span> <span class='ocrx_word' id='word_1_257' title='bbox 977 3248 1163 3312; x_wconf 87' lang='lat' dir='ltr'><strong>abillo</strong></span> <span class='ocrx_word' id='word_1_258' title='bbox 1201 3266 1283 3312; x_wconf 89' lang='lat' dir='ltr'><strong>est</strong></span> <span class='ocrx_word' id='word_1_259' title='bbox 1326 3265 1379 3311; x_wconf 90' lang='lat' dir='ltr'><strong>et</strong></span> <span class='ocrx_word' id='word_1_260' title='bbox 1408 3252 1562 3324; x_wconf 85' lang='lat' dir='ltr'><strong>ﬁdes,</strong></span> <span class='ocrx_word' id='word_1_261' title='bbox 1584 3250 1818 3326; x_wconf 61' lang='lat' dir='ltr'><strong>propter</strong></span> 
     </span>
    </p>
   </div>
   <div class='ocr_carea' id='block_1_33' title="bbox 219 3346 1816 3426">
    <p class='ocr_par' dir='ltr' id='par_1_33' title="bbox 219 3346 1816 3426">
     <span class='ocr_line' id='line_1_33' title="bbox 219 3346 1816 3426; baseline -0.006 -16"><span class='ocrx_word' id='word_1_262' title='bbox 219 3353 361 3426; x_wconf 85' lang='lat' dir='ltr'><strong>quod</strong></span> <span class='ocrx_word' id='word_1_263' title='bbox 376 3354 443 3410; x_wconf 90' lang='lat' dir='ltr'><strong>ab</strong></span> <span class='ocrx_word' id='word_1_264' title='bbox 471 3350 565 3409; x_wconf 83' lang='lat' dir='ltr'><strong>illo</strong></span> <span class='ocrx_word' id='word_1_265' title='bbox 584 3366 700 3408; x_wconf 87' lang='lat' dir='ltr'><strong>eam</strong></span> <span class='ocrx_word' id='word_1_266' title='bbox 730 3366 837 3406; x_wconf 89' lang='lat' dir='ltr'><strong>non</strong></span> <span class='ocrx_word' id='word_1_267' title='bbox 863 3349 1033 3405; x_wconf 90' lang='lat' dir='ltr'><strong>solum</strong></span> <span class='ocrx_word' id='word_1_268' title='bbox 1064 3348 1241 3418; x_wconf 80' lang='lat' dir='ltr'><strong>augeri</strong></span> <span class='ocrx_word' id='word_1_269' title='bbox 1273 3346 1609 3415; x_wconf 89' lang='lat' dir='ltr'><strong>habentibus,</strong></span> <span class='ocrx_word' id='word_1_270' title='bbox 1633 3361 1816 3403; x_wconf 87' lang='lat' dir='ltr'><strong>verum</strong></span> 
     </span>
    </p>
   </div>
   <div class='ocr_carea' id='block_1_34' title="bbox 220 3436 1324 3509">
    <p class='ocr_par' dir='ltr' id='par_1_34' title="bbox 220 3436 1324 3509">
     <span class='ocr_line' id='line_1_34' title="bbox 220 3436 1324 3509; baseline -0.007 -8"><span class='ocrx_word' id='word_1_271' title='bbox 220 3444 387 3501; x_wconf 79' lang='lat' dir='ltr'><strong>etiam</strong></span> <span class='ocrx_word' id='word_1_272' title='bbox 412 3438 862 3498; x_wconf 59' lang='lat' dir='ltr'><strong>bon‘babentibtts</strong></span> <span class='ocrx_word' id='word_1_273' title='bbox 892 3439 1162 3509; x_wconf 83' lang='lat' dir='ltr'><strong>poscimus</strong></span> <span class='ocrx_word' id='word_1_274' title='bbox 1184 3436 1324 3494; x_wconf 80' lang='lat' dir='ltr'><strong>dari.</strong></span> 
     </span>
    </p>
   </div>
   <div class='ocr_carea' id='block_1_35' title="bbox 296 3524 1814 3606">
    <p class='ocr_par' dir='ltr' id='par_1_35' title="bbox 296 3524 1814 3606">
     <span class='ocr_line' id='line_1_35' title="bbox 296 3524 1814 3606; baseline -0.007 -13"><span class='ocrx_word' id='word_1_275' title='bbox 296 3533 388 3594; x_wconf 68' lang='grc'><strong>45.</strong></span> <span class='ocrx_word' id='word_1_276' title='bbox 414 3531 599 3605; x_wconf 70' lang='lat' dir='ltr'><strong>Neque</strong></span> <span class='ocrx_word' id='word_1_277' title='bbox 647 3532 769 3600; x_wconf 88' lang='lat' dir='ltr'><strong>isti,</strong></span> <span class='ocrx_word' id='word_1_278' title='bbox 800 3528 1021 3606; x_wconf 73' lang='lat' dir='ltr'><strong>propter</strong></span> <span class='ocrx_word' id='word_1_279' title='bbox 1066 3528 1199 3602; x_wconf 82' lang='lat' dir='ltr'><strong>quos</strong></span> <span class='ocrx_word' id='word_1_280' title='bbox 1242 3524 1360 3585; x_wconf 68' lang='lat' dir='ltr'><strong>iure</strong></span> <span class='ocrx_word' id='word_1_281' title='bbox 1412 3524 1679 3594; x_wconf 68' lang='lat' dir='ltr'><strong>dicinitt‘s&#39;,</strong></span> <span class='ocrx_word' id='word_1_282' title='bbox 1720 3525 1814 3599; x_wconf 80' lang='lat' dir='ltr'><strong>qui</strong></span> 
     </span>
    </p>
   </div>
   <div class='ocr_carea' id='block_1_36' title="bbox 221 3610 1816 3701">
    <p class='ocr_par' dir='ltr' id='par_1_36' title="bbox 221 3610 1816 3701">
     <span class='ocr_line' id='line_1_36' title="bbox 221 3610 1816 3701; baseline -0.006 -17"><span class='ocrx_word' id='word_1_283' title='bbox 221 3624 607 3701; x_wconf 74' lang='lat' dir='ltr'><strong>praedicatione</strong></span> <span class='ocrx_word' id='word_1_284' title='bbox 652 3610 1130 3696; x_wconf 59' lang='lat' dir='ltr'><strong>pmdestinationis</strong></span> <span class='ocrx_word' id='word_1_285' title='bbox 1171 3620 1225 3677; x_wconf 79' lang='lat' dir='ltr'><strong>&#39;ét</strong></span> <span class='ocrx_word' id='word_1_286' title='bbox 1252 3620 1435 3691; x_wconf 79' lang='lat' dir='ltr'><strong>gratiae</strong></span> <span class='ocrx_word' id='word_1_287' title='bbox 1482 3617 1816 3675; x_wconf 67' lang='lat' dir='ltr'><strong>exhortatio-</strong></span> 
     </span>
    </p>
   </div>
   <div class='ocr_carea' id='block_1_37' title="bbox 222 3708 1814 3786">
    <p class='ocr_par' dir='ltr' id='par_1_37' title="bbox 222 3708 1814 3786">
     <span class='ocr_line' id='line_1_37' title="bbox 222 3708 1814 3786; baseline -0.008 -10"><span class='ocrx_word' id='word_1_288' title='bbox 222 3730 351 3776; x_wconf 86' lang='lat' dir='ltr'><strong>n&#39;em</strong></span> <span class='ocrx_word' id='word_1_289' title='bbox 379 3712 652 3774; x_wconf 77' lang='lat' dir='ltr'><strong>clamitant</strong></span> <span class='ocrx_word' id='word_1_290' title='bbox 674 3712 1017 3786; x_wconf 75' lang='lat' dir='ltr'><strong>inipediri,ad</strong></span> <span class='ocrx_word' id='word_1_291' title='bbox 1038 3710 1151 3769; x_wconf 83' lang='lat' dir='ltr'><strong>sola</strong></span> <span class='ocrx_word' id='word_1_292' title='bbox 1172 3710 1261 3766; x_wconf 87' lang='lat' dir='ltr'><strong>illa</strong></span> <span class='ocrx_word' id='word_1_293' title='bbox 1284 3708 1633 3764; x_wconf 72' lang='lat' dir='ltr'><strong>exhortantur</strong></span> <span class='ocrx_word' id='word_1_294' title='bbox 1652 3708 1814 3777; x_wconf 88' lang='lat' dir='ltr'><strong>dona,</strong></span> 
     </span>
    </p>
   </div>
   <div class='ocr_carea' id='block_1_38' title="bbox 220 3799 1813 3883">
    <p class='ocr_par' dir='ltr' id='par_1_38' title="bbox 220 3799 1813 3883">
     <span class='ocr_line' id='line_1_38' title="bbox 220 3799 1813 3883; baseline -0.007 -16"><span class='ocrx_word' id='word_1_295' title='bbox 220 3816 345 3883; x_wconf 73' lang='lat' dir='ltr'><strong>qua:</strong></span> <span class='ocrx_word' id='word_1_296' title='bbox 386 3812 495 3865; x_wconf 60' lang='grc' dir='ltr'><strong>ἢθη</strong></span> <span class='ocrx_word' id='word_1_297' title='bbox 524 3824 554 3863; x_wconf 90' lang='lat' dir='ltr'><strong>a</strong></span> <span class='ocrx_word' id='word_1_298' title='bbox 600 3800 710 3864; x_wconf 77' lang='lat' dir='ltr'><strong>Ded</strong></span> <span class='ocrx_word' id='word_1_299' title='bbox 732 3805 847 3862; x_wconf 72' lang='lat' dir='ltr'><strong>dari</strong></span> <span class='ocrx_word' id='word_1_300' title='bbox 874 3846 889 3871; x_wconf 85' lang='lat'><strong>,</strong></span> <span class='ocrx_word' id='word_1_301' title='bbox 918 3804 1010 3860; x_wconf 65' lang='lat' dir='ltr'><strong>Sed</strong></span> <span class='ocrx_word' id='word_1_302' title='bbox 1040 3812 1071 3858; x_wconf 81' lang='lat' dir='ltr'><strong>a</strong></span> <span class='ocrx_word' id='word_1_303' title='bbox 1098 3801 1250 3859; x_wconf 84' lang='lat' dir='ltr'><strong>nobis</strong></span> <span class='ocrx_word' id='word_1_304' title='bbox 1284 3810 1405 3856; x_wconf 82' lang='lat' dir='ltr'><strong>esse</strong></span> <span class='ocrx_word' id='word_1_305' title='bbox 1450 3799 1777 3856; x_wconf 83' lang='lat' dir='ltr'><strong>contendunt</strong></span> <span class='ocrx_word' id='word_1_306' title='bbox 1796 3840 1813 3867; x_wconf 90' lang='lat'><strong>,</strong></span> 
     </span>
    </p>
   </div>
   <div class='ocr_carea' id='block_1_39' title="bbox 217 3890 1817 3966">
    <p class='ocr_par' dir='ltr' id='par_1_39' title="bbox 217 3890 1817 3966">
     <span class='ocr_line' id='line_1_39' title="bbox 217 3890 1817 3966; baseline -0.008 -4"><span class='ocrx_word' id='word_1_307' title='bbox 217 3905 357 3963; x_wconf 63' lang='lat' dir='ltr'><strong>situt</strong></span> <span class='ocrx_word' id='word_1_308' title='bbox 379 3900 508 3961; x_wconf 67' lang='lat' dir='ltr'><strong>sunt</strong></span> <span class='ocrx_word' id='word_1_309' title='bbox 545 3903 751 3958; x_wconf 89' lang='lat' dir='ltr'><strong>initium</strong></span> <span class='ocrx_word' id='word_1_310' title='bbox 779 3900 939 3966; x_wconf 77' lang='lat' dir='ltr'><strong>ﬁ‘dei,</strong></span> <span class='ocrx_word' id='word_1_311' title='bbox 965 3907 1020 3955; x_wconf 88' lang='lat' dir='ltr'><strong>et</strong></span> <span class='ocrx_word' id='word_1_312' title='bbox 1052 3899 1105 3953; x_wconf 89' lang='lat' dir='ltr'><strong>in</strong></span> <span class='ocrx_word' id='word_1_313' title='bbox 1127 3900 1189 3953; x_wconf 81' lang='lat' dir='ltr'><strong>ea</strong></span> <span class='ocrx_word' id='word_1_314' title='bbox 1220 3890 1389 3966; x_wconf 70' lang='lat' dir='ltr'><strong>aeque</strong></span> <span class='ocrx_word' id='word_1_315' title='bbox 1420 3911 1473 3950; x_wconf 81' lang='lat' dir='ltr'><strong>in</strong></span> <span class='ocrx_word' id='word_1_316' title='bbox 1500 3895 1661 3950; x_wconf 88' lang='lat' dir='ltr'><strong>ﬁnem</strong></span> <span class='ocrx_word' id='word_1_317' title='bbox 1691 3908 1817 3965; x_wconf 82' lang='lat' dir='ltr'><strong>per-</strong></span> 
     </span>
    </p>
   </div>
   <div class='ocr_carea' id='block_1_40' title="bbox 219 3987 1819 4067">
    <p class='ocr_par' dir='ltr' id='par_1_40' title="bbox 219 3987 1819 4067">
     <span class='ocr_line' id='line_1_40' title="bbox 219 3987 1819 4067; baseline -0.01 -13"><span class='ocrx_word' id='word_1_318' title='bbox 219 3988 517 4055; x_wconf 74' lang='lat' dir='ltr'><strong>severantia</strong></span> <span class='ocrx_word' id='word_1_319' title='bbox 552 4013 565 4049; x_wconf 86' lang='lat'><strong>:</strong></span> <span class='ocrx_word' id='word_1_320' title='bbox 594 3993 733 4067; x_wconf 88' lang='lat' dir='ltr'><strong>quod</strong></span> <span class='ocrx_word' id='word_1_321' title='bbox 756 3994 942 4064; x_wconf 82' lang='lat' dir='ltr'><strong>utique</strong></span> <span class='ocrx_word' id='word_1_322' title='bbox 970 3990 1148 4046; x_wconf 78' lang='lat' dir='ltr'><strong>facere</strong></span> <span class='ocrx_word' id='word_1_323' title='bbox 1175 3987 1432 4044; x_wconf 76' lang='lat' dir='ltr'><strong>deberent</strong></span> <span class='ocrx_word' id='word_1_324' title='bbox 1465 4028 1479 4052; x_wconf 96' lang='lat'><strong>,</strong></span> <span class='ocrx_word' id='word_1_325' title='bbox 1503 3995 1562 4041; x_wconf 90' lang='lat' dir='ltr'><strong>ut</strong></span> <span class='ocrx_word' id='word_1_326' title='bbox 1587 3988 1819 4042; x_wconf 77' lang='lat' dir='ltr'><strong>tantum—</strong></span> 
     </span>
    </p>
   </div>
   <div class='ocr_carea' id='block_1_41' title="bbox 218 4078 1821 4147">
    <p class='ocr_par' dir='ltr' id='par_1_41' title="bbox 218 4078 1821 4147">
     <span class='ocr_line' id='line_1_41' title="bbox 218 4078 1821 4147; baseline -0.009 -1"><span class='ocrx_word' id='word_1_327' title='bbox 218 4082 382 4146; x_wconf 83' lang='lat' dir='ltr'><strong>moth</strong></span> <span class='ocrx_word' id='word_1_328' title='bbox 406 4082 649 4143; x_wconf 82' lang='lat' dir='ltr'><strong>inﬁdeles</strong></span> <span class='ocrx_word' id='word_1_329' title='bbox 676 4086 1022 4141; x_wconf 80' lang='lat' dir='ltr'><strong>hortarentur</strong></span> <span class='ocrx_word' id='word_1_330' title='bbox 1050 4084 1107 4137; x_wconf 86' lang='lat' dir='ltr'><strong>ut</strong></span> <span class='ocrx_word' id='word_1_331' title='bbox 1135 4079 1434 4147; x_wconf 82' lang='lat' dir='ltr'><strong>crederent,</strong></span> <span class='ocrx_word' id='word_1_332' title='bbox 1468 4080 1521 4135; x_wconf 84' lang='lat' dir='ltr'><strong>et</strong></span> <span class='ocrx_word' id='word_1_333' title='bbox 1547 4078 1731 4134; x_wconf 78' lang='lat' dir='ltr'><strong>ﬁdeles</strong></span> <span class='ocrx_word' id='word_1_334' title='bbox 1761 4085 1821 4133; x_wconf 89' lang='lat' dir='ltr'><strong>ut</strong></span> 
     </span>
    </p>
   </div>
   <div class='ocr_carea' id='block_1_42' title="bbox 219 4170 1817 4249">
    <p class='ocr_par' dir='ltr' id='par_1_42' title="bbox 219 4170 1817 4249">
     <span class='ocr_line' id='line_1_42' title="bbox 219 4170 1817 4249; baseline -0.008 -13"><span class='ocrx_word' id='word_1_335' title='bbox 219 4180 444 4236; x_wconf 85' lang='lat' dir='ltr'><strong>credere</strong></span> <span class='ocrx_word' id='word_1_336' title='bbox 473 4178 491 4212; x_wconf 74' lang='grc'><strong><em>⁸</em></strong></span> <span class='ocrx_word' id='word_1_337' title='bbox 519 4180 915 4249; x_wconf 81' lang='lat' dir='ltr'><strong>permanerent.</strong></span> <span class='ocrx_word' id='word_1_338' title='bbox 944 4175 1020 4229; x_wconf 73' lang='lat' dir='ltr'><strong>Ea</strong></span> <span class='ocrx_word' id='word_1_339' title='bbox 1067 4176 1194 4228; x_wconf 79' lang='lat' dir='ltr'><strong>verti</strong></span> <span class='ocrx_word' id='word_1_340' title='bbox 1242 4174 1362 4243; x_wconf 67' lang='lat' dir='ltr'><strong>quaé</strong></span> <span class='ocrx_word' id='word_1_341' title='bbox 1402 4170 1678 4226; x_wconf 84' lang='lat' dir='ltr'><strong>nobiscum</strong></span> <span class='ocrx_word' id='word_1_342' title='bbox 1726 4170 1817 4224; x_wconf 87' lang='lat' dir='ltr'><strong>Dei</strong></span> 
     </span>
    </p>
   </div>
   <div class='ocr_carea' id='block_1_43' title="bbox 222 4264 1822 4340">
    <p class='ocr_par' dir='ltr' id='par_1_43' title="bbox 222 4264 1822 4340">
     <span class='ocr_line' id='line_1_43' title="bbox 222 4264 1822 4340; baseline -0.006 -12"><span class='ocrx_word' id='word_1_343' title='bbox 222 4273 367 4329; x_wconf 82' lang='lat' dir='ltr'><strong>dona</strong></span> <span class='ocrx_word' id='word_1_344' title='bbox 391 4286 513 4327; x_wconf 85' lang='lat' dir='ltr'><strong>esse</strong></span> <span class='ocrx_word' id='word_1_345' title='bbox 556 4286 661 4326; x_wconf 92' lang='lat' dir='ltr'><strong>non</strong></span> <span class='ocrx_word' id='word_1_346' title='bbox 692 4268 885 4340; x_wconf 79' lang='lat' dir='ltr'><strong>negant</strong></span> <span class='ocrx_word' id='word_1_347' title='bbox 907 4312 921 4336; x_wconf 92' lang='lat'><strong>,</strong></span> <span class='ocrx_word' id='word_1_348' title='bbox 956 4270 1013 4324; x_wconf 87' lang='lat' dir='ltr'><strong>ut</strong></span> <span class='ocrx_word' id='word_1_349' title='bbox 1054 4266 1327 4322; x_wconf 73' lang='lat' dir='ltr'><strong>nobiscum</strong></span> <span class='ocrx_word' id='word_1_350' title='bbox 1357 4264 1699 4335; x_wconf 78' lang='lat' dir='ltr'><strong>Pelagianum</strong></span> <span class='ocrx_word' id='word_1_351' title='bbox 1724 4264 1822 4320; x_wconf 88' lang='lat' dir='ltr'><strong>de-</strong></span> 
     </span>
    </p>
   </div>
   <div class='ocr_carea' id='block_1_44' title="bbox 226 4352 1817 4430">
    <p class='ocr_par' dir='ltr' id='par_1_44' title="bbox 226 4352 1817 4430">
     <span class='ocr_line' id='line_1_44' title="bbox 226 4352 1817 4430; baseline -0.007 -8"><span class='ocrx_word' id='word_1_352' title='bbox 226 4366 519 4422; x_wconf 73' lang='lat' dir='ltr'><strong>molientur</strong></span> <span class='ocrx_word' id='word_1_353' title='bbox 563 4372 801 4419; x_wconf 84' lang='lat' dir='ltr'><strong>errorem</strong></span> <span class='ocrx_word' id='word_1_354' title='bbox 826 4405 840 4429; x_wconf 95' lang='lat'><strong>,</strong></span> <span class='ocrx_word' id='word_1_355' title='bbox 868 4364 1005 4417; x_wconf 84' lang='lat' dir='ltr'><strong>sicut</strong></span> <span class='ocrx_word' id='word_1_356' title='bbox 1035 4352 1118 4417; x_wconf 82' lang='lat' dir='ltr'><strong>est</strong></span> <span class='ocrx_word' id='word_1_357' title='bbox 1142 4358 1391 4430; x_wconf 88' lang='lat' dir='ltr'><strong>pudicitia</strong></span> <span class='ocrx_word' id='word_1_358' title='bbox 1413 4401 1427 4426; x_wconf 97' lang='lat'><strong>,</strong></span> <span class='ocrx_word' id='word_1_359' title='bbox 1454 4358 1779 4415; x_wconf 80' lang='lat' dir='ltr'><strong>continentia</strong></span> <span class='ocrx_word' id='word_1_360' title='bbox 1802 4399 1817 4423; x_wconf 96' lang='lat'><strong>,</strong></span> 
     </span>
    </p>
   </div>
   <div class='ocr_carea' id='block_1_45' title="bbox 226 4448 1823 4530">
    <p class='ocr_par' dir='ltr' id='par_1_45' title="bbox 226 4448 1823 4530">
     <span class='ocr_line' id='line_1_45' title="bbox 226 4448 1823 4530; baseline -0.004 -19"><span class='ocrx_word' id='word_1_361' title='bbox 226 4456 485 4530; x_wconf 81' lang='lat' dir='ltr'><strong>patientia</strong></span> <span class='ocrx_word' id='word_1_362' title='bbox 509 4498 523 4521; x_wconf 90' lang='lat'><strong>,</strong></span> <span class='ocrx_word' id='word_1_363' title='bbox 555 4464 607 4511; x_wconf 92' lang='lat' dir='ltr'><strong>et</strong></span> <span class='ocrx_word' id='word_1_364' title='bbox 648 4463 840 4510; x_wconf 69' lang='lat' dir='ltr'><strong>uetera</strong></span> <span class='ocrx_word' id='word_1_365' title='bbox 870 4450 1057 4524; x_wconf 77' lang='lat' dir='ltr'><strong>quibus</strong></span> <span class='ocrx_word' id='word_1_366' title='bbox 1096 4454 1240 4507; x_wconf 68' lang='lat' dir='ltr'><strong>recte</strong></span> <span class='ocrx_word' id='word_1_367' title='bbox 1269 4451 1463 4508; x_wconf 71' lang='lat' dir='ltr'><strong>vivitur</strong></span> <span class='ocrx_word' id='word_1_368' title='bbox 1482 4492 1497 4519; x_wconf 96' lang='lat'><strong>,</strong></span> <span class='ocrx_word' id='word_1_369' title='bbox 1529 4454 1583 4506; x_wconf 88' lang='lat' dir='ltr'><strong>et</strong></span> <span class='ocrx_word' id='word_1_370' title='bbox 1610 4456 1677 4505; x_wconf 65' lang='lat' dir='ltr'><strong>et</strong></span> <span class='ocrx_word' id='word_1_371' title='bbox 1718 4448 1823 4505; x_wconf 85' lang='lat' dir='ltr'><strong>ﬁde</strong></span> 
     </span>
    </p>
   </div>
   <div class='ocr_carea' id='block_1_46' title="bbox 224 4538 1823 4619">
    <p class='ocr_par' dir='ltr' id='par_1_46' title="bbox 224 4538 1823 4619">
     <span class='ocr_line' id='line_1_46' title="bbox 224 4538 1823 4619; baseline -0.008 -14"><span class='ocrx_word' id='word_1_372' title='bbox 224 4549 586 4619; x_wconf 86' lang='lat' dir='ltr'><strong>impetraritur</strong></span> <span class='ocrx_word' id='word_1_373' title='bbox 615 4556 644 4601; x_wconf 84' lang='lat' dir='ltr'><strong>a</strong></span> <span class='ocrx_word' id='word_1_374' title='bbox 693 4542 918 4600; x_wconf 62' lang='lat' dir='ltr'><strong>Domino</strong></span> <span class='ocrx_word' id='word_1_375' title='bbox 947 4586 961 4610; x_wconf 95' lang='lat'><strong>,</strong></span> <span class='ocrx_word' id='word_1_376' title='bbox 992 4538 1190 4598; x_wconf 76' lang='lat' dir='ltr'><strong>orantia</strong></span> <span class='ocrx_word' id='word_1_377' title='bbox 1216 4546 1519 4596; x_wconf 80' lang='lat' dir='ltr'><strong>monstrare</strong></span> <span class='ocrx_word' id='word_1_378' title='bbox 1562 4546 1616 4595; x_wconf 90' lang='lat' dir='ltr'><strong>et</strong></span> <span class='ocrx_word' id='word_1_379' title='bbox 1665 4544 1823 4594; x_wconf 80' lang='lat' dir='ltr'><strong>orare</strong></span> 
     </span>
    </p>
   </div>
   <div class='ocr_carea' id='block_1_47' title="bbox 224 4633 1821 4700">
    <p class='ocr_par' dir='ltr' id='par_1_47' title="bbox 224 4633 1821 4700">
     <span class='ocr_line' id='line_1_47' title="bbox 224 4633 1821 4700; baseline -0.008 -3"><span class='ocrx_word' id='word_1_380' title='bbox 224 4634 401 4697; x_wconf 77' lang='lat' dir='ltr'><strong>stilum</strong></span> <span class='ocrx_word' id='word_1_381' title='bbox 435 4638 518 4692; x_wconf 79' lang='lat' dir='ltr'><strong>vel</strong></span> <span class='ocrx_word' id='word_1_382' title='bbox 544 4636 644 4693; x_wconf 86' lang='lat' dir='ltr'><strong>sibi</strong></span> <span class='ocrx_word' id='word_1_383' title='bbox 675 4636 757 4690; x_wconf 82' lang='lat' dir='ltr'><strong>vel</strong></span> <span class='ocrx_word' id='word_1_384' title='bbox 787 4635 904 4690; x_wconf 79' lang='lat' dir='ltr'><strong>aliis</strong></span> <span class='ocrx_word' id='word_1_385' title='bbox 930 4633 1258 4700; x_wconf 82' lang='lat' dir='ltr'><strong>debuerunt;</strong></span> <span class='ocrx_word' id='word_1_386' title='bbox 1288 4644 1395 4686; x_wconf 90' lang='lat' dir='ltr'><strong>non</strong></span> <span class='ocrx_word' id='word_1_387' title='bbox 1424 4638 1599 4686; x_wconf 86' lang='lat' dir='ltr'><strong>autem</strong></span> <span class='ocrx_word' id='word_1_388' title='bbox 1628 4639 1821 4700; x_wconf 84' lang='lat' dir='ltr'><strong>quem-</strong></span> 
     </span>
    </p>
   </div>
   <div class='ocr_carea' id='block_1_48' title="bbox 224 4720 1822 4805">
    <p class='ocr_par' dir='ltr' id='par_1_48' title="bbox 224 4720 1822 4805">
     <span class='ocr_line' id='line_1_48' title="bbox 224 4720 1822 4805; baseline -0.008 -18"><span class='ocrx_word' id='word_1_389' title='bbox 224 4734 383 4805; x_wconf 83' lang='lat' dir='ltr'><strong>quam</strong></span> <span class='ocrx_word' id='word_1_390' title='bbox 406 4776 420 4799; x_wconf 94' lang='lat'><strong>,</strong></span> <span class='ocrx_word' id='word_1_391' title='bbox 452 4740 509 4787; x_wconf 87' lang='lat' dir='ltr'><strong>ut</strong></span> <span class='ocrx_word' id='word_1_392' title='bbox 547 4745 609 4786; x_wconf 86' lang='lat' dir='ltr'><strong>ea</strong></span> <span class='ocrx_word' id='word_1_393' title='bbox 655 4724 958 4798; x_wconf 69' lang='lat' dir='ltr'><strong>capcSSere&#39;t</strong></span> <span class='ocrx_word' id='word_1_394' title='bbox 990 4732 1041 4782; x_wconf 89' lang='lat' dir='ltr'><strong>et</strong></span> <span class='ocrx_word' id='word_1_395' title='bbox 1086 4726 1376 4791; x_wconf 70' lang='lat' dir='ltr'><strong>retineret,</strong></span> <span class='ocrx_word' id='word_1_396' title='bbox 1427 4721 1647 4777; x_wconf 63' lang='lat' dir='ltr'><strong>hortari.</strong></span> <span class='ocrx_word' id='word_1_397' title='bbox 1687 4720 1822 4776; x_wconf 84' lang='lat' dir='ltr'><strong>Cum</strong></span> 
     </span>
    </p>
   </div>
   <div class='ocr_carea' id='block_1_49' title="bbox 226 4816 1825 4886">
    <p class='ocr_par' dir='ltr' id='par_1_49' title="bbox 226 4816 1825 4886">
     <span class='ocr_line' id='line_1_49' title="bbox 226 4816 1825 4886; baseline -0.009 -6"><span class='ocrx_word' id='word_1_398' title='bbox 226 4839 356 4880; x_wconf 91' lang='lat' dir='ltr'><strong>vero</strong></span> <span class='ocrx_word' id='word_1_399' title='bbox 401 4832 454 4878; x_wconf 90' lang='lat' dir='ltr'><strong>et</strong></span> <span class='ocrx_word' id='word_1_400' title='bbox 502 4819 571 4877; x_wconf 91' lang='lat' dir='ltr'><strong>ad</strong></span> <span class='ocrx_word' id='word_1_401' title='bbox 599 4821 717 4875; x_wconf 64' lang='lat' dir='ltr'><strong>haec</strong></span> <span class='ocrx_word' id='word_1_402' title='bbox 760 4816 1140 4883; x_wconf 81' lang='lat' dir='ltr'><strong>exhortantur,</strong></span> <span class='ocrx_word' id='word_1_403' title='bbox 1177 4825 1233 4871; x_wconf 90' lang='lat' dir='ltr'><strong>ut</strong></span> <span class='ocrx_word' id='word_1_404' title='bbox 1264 4821 1517 4886; x_wconf 91' lang='lat' dir='ltr'><strong>possunt,</strong></span> <span class='ocrx_word' id='word_1_405' title='bbox 1549 4823 1709 4882; x_wconf 88' lang='lat' dir='ltr'><strong>atque</strong></span> <span class='ocrx_word' id='word_1_406' title='bbox 1732 4827 1825 4867; x_wconf 83' lang='lat' dir='ltr'><strong>ex-</strong></span> 
     </span>
    </p>
   </div>
   <div class='ocr_carea' id='block_1_50' title="bbox 227 4905 1823 4995">
    <p class='ocr_par' dir='ltr' id='par_1_50' title="bbox 227 4905 1823 4995">
     <span class='ocr_line' id='line_1_50' title="bbox 227 4905 1823 4995; baseline -0.006 -24"><span class='ocrx_word' id='word_1_407' title='bbox 227 4914 521 4995; x_wconf 75' lang='lat' dir='ltr'><strong>hortandos</strong></span> <span class='ocrx_word' id='word_1_408' title='bbox 549 4928 671 4971; x_wconf 89' lang='lat' dir='ltr'><strong>esse</strong></span> <span class='ocrx_word' id='word_1_409' title='bbox 699 4911 948 4971; x_wconf 85' lang='lat' dir='ltr'><strong>homines</strong></span> <span class='ocrx_word' id='word_1_410' title='bbox 978 4908 1341 4989; x_wconf 78' lang='lat' dir='ltr'><strong>conﬁtentur;</strong></span> <span class='ocrx_word' id='word_1_411' title='bbox 1372 4905 1502 4962; x_wconf 88' lang='lat' dir='ltr'><strong>satis</strong></span> <span class='ocrx_word' id='word_1_412' title='bbox 1525 4905 1708 4978; x_wconf 88' lang='lat' dir='ltr'><strong>utique</strong></span> <span class='ocrx_word' id='word_1_413' title='bbox 1733 4922 1823 4961; x_wconf 92' lang='lat' dir='ltr'><strong>os-</strong></span> 
     </span>
    </p>
   </div>
   <div class='ocr_carea' id='block_1_51' title="bbox 230 4996 1822 5074">
    <p class='ocr_par' dir='ltr' id='par_1_51' title="bbox 230 4996 1822 5074">
     <span class='ocr_line' id='line_1_51' title="bbox 230 4996 1822 5074; baseline -0.006 -12"><span class='ocrx_word' id='word_1_414' title='bbox 230 5006 482 5071; x_wconf 87' lang='lat' dir='ltr'><strong>tendunt,</strong></span> <span class='ocrx_word' id='word_1_415' title='bbox 506 5020 606 5061; x_wconf 88' lang='lat' dir='ltr'><strong>nec</strong></span> <span class='ocrx_word' id='word_1_416' title='bbox 633 5020 697 5058; x_wconf 79' lang='lat' dir='ltr'><strong>ea</strong></span> <span class='ocrx_word' id='word_1_417' title='bbox 722 5002 1098 5074; x_wconf 68' lang='lat' dir='ltr'><strong>prmdicatione</strong></span> <span class='ocrx_word' id='word_1_418' title='bbox 1125 4998 1368 5070; x_wconf 88' lang='lat' dir='ltr'><strong>impediri</strong></span> <span class='ocrx_word' id='word_1_419' title='bbox 1400 4996 1822 5064; x_wconf 72' lang='lat' dir='ltr'><strong>exhortationes.</strong></span> 
     </span>
    </p>
   </div>
   <div class='ocr_carea' id='block_1_52' title="bbox 230 5086 1820 5167">
    <p class='ocr_par' dir='ltr' id='par_1_52' title="bbox 230 5086 1820 5167">
     <span class='ocr_line' id='line_1_52' title="bbox 230 5086 1820 5167; baseline -0.006 -13"><span class='ocrx_word' id='word_1_420' title='bbox 230 5099 345 5155; x_wconf 89' lang='lat' dir='ltr'><strong>sive</strong></span> <span class='ocrx_word' id='word_1_421' title='bbox 369 5096 433 5153; x_wconf 83' lang='lat' dir='ltr'><strong>ad</strong></span> <span class='ocrx_word' id='word_1_422' title='bbox 453 5092 631 5165; x_wconf 76' lang='lat' dir='ltr'><strong>ﬁdem,</strong></span> <span class='ocrx_word' id='word_1_423' title='bbox 655 5088 768 5155; x_wconf 65' lang='lat' dir='ltr'><strong>sire</strong></span> <span class='ocrx_word' id='word_1_424' title='bbox 793 5086 858 5151; x_wconf 86' lang='lat' dir='ltr'><strong>ad</strong></span> <span class='ocrx_word' id='word_1_425' title='bbox 889 5092 1338 5167; x_wconf 75' lang='lat' dir='ltr'><strong>perseverantiam</strong></span> <span class='ocrx_word' id='word_1_426' title='bbox 1367 5090 1536 5164; x_wconf 81' lang='lat' dir='ltr'><strong>usque</strong></span> <span class='ocrx_word' id='word_1_427' title='bbox 1558 5088 1613 5147; x_wconf 90' lang='lat' dir='ltr'><strong>in</strong></span> <span class='ocrx_word' id='word_1_428' title='bbox 1640 5086 1820 5160; x_wconf 87' lang='lat' dir='ltr'><strong>ﬁnem,</strong></span> 
     </span>
    </p>
   </div>
   <div class='ocr_carea' id='block_1_53' title="bbox 229 5184 1821 5260">
    <p class='ocr_par' dir='ltr' id='par_1_53' title="bbox 229 5184 1821 5260">
     <span class='ocr_line' id='line_1_53' title="bbox 229 5184 1821 5260; baseline -0.003 -15"><span class='ocrx_word' id='word_1_429' title='bbox 229 5191 355 5260; x_wconf 85' lang='lat' dir='ltr'><strong>quia</strong></span> <span class='ocrx_word' id='word_1_430' title='bbox 405 5198 460 5245; x_wconf 86' lang='lat' dir='ltr'><strong>et</strong></span> <span class='ocrx_word' id='word_1_431' title='bbox 498 5189 598 5244; x_wconf 77' lang='lat' dir='ltr'><strong>ista</strong></span> <span class='ocrx_word' id='word_1_432' title='bbox 627 5189 717 5244; x_wconf 85' lang='lat' dir='ltr'><strong>Dei</strong></span> <span class='ocrx_word' id='word_1_433' title='bbox 760 5188 899 5245; x_wconf 89' lang='lat' dir='ltr'><strong>dona</strong></span> <span class='ocrx_word' id='word_1_434' title='bbox 926 5202 1083 5253; x_wconf 83' lang='lat' dir='ltr'><strong>esse,</strong></span> <span class='ocrx_word' id='word_1_435' title='bbox 1112 5201 1215 5243; x_wconf 88' lang='lat' dir='ltr'><strong>nec</strong></span> <span class='ocrx_word' id='word_1_436' title='bbox 1256 5202 1285 5242; x_wconf 89' lang='lat' dir='ltr'><strong>a</strong></span> <span class='ocrx_word' id='word_1_437' title='bbox 1313 5201 1375 5242; x_wconf 84' lang='lat' dir='ltr'><strong>se</strong></span> <span class='ocrx_word' id='word_1_438' title='bbox 1400 5185 1519 5258; x_wconf 89' lang='lat' dir='ltr'><strong>ipso</strong></span> <span class='ocrx_word' id='word_1_439' title='bbox 1542 5184 1821 5255; x_wconf 88' lang='lat' dir='ltr'><strong>cuiquam,</strong></span> 
     </span>
    </p>
   </div>
   <div class='ocr_carea' id='block_1_54' title="bbox 226 5272 1199 5355">
    <p class='ocr_par' dir='ltr' id='par_1_54' title="bbox 226 5272 1199 5355">
     <span class='ocr_line' id='line_1_54' title="bbox 226 5272 1199 5355; baseline -0.005 -16"><span class='ocrx_word' id='word_1_440' title='bbox 226 5281 326 5339; x_wconf 83' lang='lat' dir='ltr'><strong>sed</strong></span> <span class='ocrx_word' id='word_1_441' title='bbox 355 5281 423 5339; x_wconf 84' lang='lat' dir='ltr'><strong>ab</strong></span> <span class='ocrx_word' id='word_1_442' title='bbox 452 5272 542 5338; x_wconf 88' lang='lat' dir='ltr'><strong>illo</strong></span> <span class='ocrx_word' id='word_1_443' title='bbox 569 5276 724 5337; x_wconf 79' lang='lat' dir='ltr'><strong>tribui</strong></span> <span class='ocrx_word' id='word_1_444' title='bbox 751 5272 1123 5353; x_wconf 71' lang='lat' dir='ltr'><strong>praedicamus.</strong></span> <span class='ocrx_word' id='word_1_445' title='bbox 1196 5348 1199 5355; x_wconf 24' lang='grc' dir='ltr'><strong>η</strong></span> 
     </span>
    </p>
   </div>
   <div class='ocr_carea' id='block_1_55' title="bbox 300 5369 1824 5447">
    <p class='ocr_par' dir='ltr' id='par_1_55' title="bbox 300 5369 1824 5447">
     <span class='ocr_line' id='line_1_55' title="bbox 300 5369 1824 5447; baseline -0.005 -14"><span class='ocrx_word' id='word_1_446' title='bbox 300 5377 393 5433; x_wconf 74' lang='grc'><strong>46.</strong></span> <span class='ocrx_word' id='word_1_447' title='bbox 436 5376 507 5432; x_wconf 74' lang='lat' dir='ltr'><strong>At</strong></span> <span class='ocrx_word' id='word_1_448' title='bbox 555 5375 718 5439; x_wconf 83' lang='lat' dir='ltr'><strong>enim,</strong></span> <span class='ocrx_word' id='word_1_449' title='bbox 754 5393 773 5429; x_wconf 85' lang='lat' dir='ltr'><strong>I</strong></span> <span class='ocrx_word' id='word_1_450' title='bbox 811 5375 939 5432; x_wconf 86' lang='lat' dir='ltr'><strong>vitio</strong></span> <span class='ocrx_word' id='word_1_451' title='bbox 966 5389 1068 5429; x_wconf 87' lang='lat' dir='ltr'><strong>suo</strong></span> <span class='ocrx_word' id='word_1_452' title='bbox 1117 5372 1345 5447; x_wconf 74' lang='lat' dir='ltr'><strong>quisque</strong></span> <span class='ocrx_word' id='word_1_453' title='bbox 1390 5370 1590 5427; x_wconf 87' lang='lat' dir='ltr'><strong>deserit</strong></span> <span class='ocrx_word' id='word_1_454' title='bbox 1626 5369 1824 5436; x_wconf 86' lang='lat' dir='ltr'><strong>ﬁdem,</strong></span> 
     </span>
    </p>
   </div>
   <div class='ocr_carea' id='block_1_56' title="bbox 224 5458 1827 5539">
    <p class='ocr_par' dir='ltr' id='par_1_56' title="bbox 224 5458 1827 5539">
     <span class='ocr_line' id='line_1_56' title="bbox 224 5458 1827 5539; baseline -0.003 -13"><span class='ocrx_word' id='word_1_455' title='bbox 224 5485 351 5527; x_wconf 92' lang='lat' dir='ltr'><strong>cum</strong></span> <span class='ocrx_word' id='word_1_456' title='bbox 382 5462 523 5526; x_wconf 88' lang='lat' dir='ltr'><strong>cedit</strong></span> <span class='ocrx_word' id='word_1_457' title='bbox 568 5468 845 5525; x_wconf 82' lang='lat' dir='ltr'><strong>tehtationi</strong></span> <span class='ocrx_word' id='word_1_458' title='bbox 888 5474 1049 5539; x_wconf 85' lang='lat' dir='ltr'><strong>atque</strong></span> <span class='ocrx_word' id='word_1_459' title='bbox 1091 5460 1390 5533; x_wconf 76' lang='lat' dir='ltr'><strong>‘c&#39;Onsentit,</strong></span> <span class='ocrx_word' id='word_1_460' title='bbox 1419 5480 1522 5537; x_wconf 89' lang='lat' dir='ltr'><strong>qua</strong></span> <span class='ocrx_word' id='word_1_461' title='bbox 1567 5466 1688 5520; x_wconf 83' lang='lat' dir='ltr'><strong>cum</strong></span> <span class='ocrx_word' id='word_1_462' title='bbox 1732 5458 1827 5521; x_wconf 84' lang='lat' dir='ltr'><strong>nlo</strong></span> 
     </span>
    </p>
   </div>
   <div class='ocr_carea' id='block_1_57' title="bbox 223 5554 1827 5635">
    <p class='ocr_par' dir='ltr' id='par_1_57' title="bbox 223 5554 1827 5635">
     <span class='ocr_line' id='line_1_57' title="bbox 223 5554 1827 5635; baseline -0.004 -18"><span class='ocrx_word' id='word_1_463' title='bbox 223 5564 403 5635; x_wconf 66' lang='lat' dir='ltr'><strong>agitur</strong></span> <span class='ocrx_word' id='word_1_464' title='bbox 428 5573 489 5617; x_wconf 84' lang='lat' dir='ltr'><strong>ut</strong></span> <span class='ocrx_word' id='word_1_465' title='bbox 525 5560 740 5618; x_wconf 80' lang='lat' dir='ltr'><strong>deserat</strong></span> <span class='ocrx_word' id='word_1_466' title='bbox 781 5561 961 5617; x_wconf 88' lang='lat' dir='ltr'><strong>ﬁdem.</strong></span> <span class='ocrx_word' id='word_1_467' title='bbox 991 5578 1012 5613; x_wconf 73' lang='grc' dir='ltr'><strong><em>ι</em></strong></span> <span class='ocrx_word' id='word_1_468' title='bbox 1047 5559 1179 5628; x_wconf 85' lang='lat' dir='ltr'><strong>Quis</strong></span> <span class='ocrx_word' id='word_1_469' title='bbox 1206 5559 1407 5630; x_wconf 70' lang='lat' dir='ltr'><strong>negat?</strong></span> <span class='ocrx_word' id='word_1_470' title='bbox 1437 5557 1544 5614; x_wconf 89' lang='lat' dir='ltr'><strong>Sed</strong></span> <span class='ocrx_word' id='word_1_471' title='bbox 1574 5572 1681 5613; x_wconf 88' lang='lat' dir='ltr'><strong>non</strong></span> <span class='ocrx_word' id='word_1_472' title='bbox 1706 5554 1827 5611; x_wconf 87' lang='lat' dir='ltr'><strong>ideo</strong></span> 
     </span>
    </p>
   </div>
   <div class='ocr_carea' id='block_1_58' title="bbox 226 5644 1826 5733">
    <p class='ocr_par' dir='ltr' id='par_1_58' title="bbox 226 5644 1826 5733">
     <span class='ocr_line' id='line_1_58' title="bbox 226 5644 1826 5733; baseline -0.008 -21"><span class='ocrx_word' id='word_1_473' title='bbox 226 5653 454 5733; x_wconf 79' lang='lat' dir='ltr'><strong>dicenda</strong></span> <span class='ocrx_word' id='word_1_474' title='bbox 503 5654 587 5710; x_wconf 83' lang='lat' dir='ltr'><strong>est</strong></span> <span class='ocrx_word' id='word_1_475' title='bbox 620 5652 695 5731; x_wconf 74' lang='lat' dir='ltr'><strong>in</strong></span> <span class='ocrx_word' id='word_1_476' title='bbox 742 5648 848 5710; x_wconf 85' lang='lat' dir='ltr'><strong>ﬁde</strong></span> <span class='ocrx_word' id='word_1_477' title='bbox 893 5646 1285 5725; x_wconf 67' lang='lat' dir='ltr'><strong>perseverantia</strong></span> <span class='ocrx_word' id='word_1_478' title='bbox 1330 5644 1438 5706; x_wconf 85' lang='lat' dir='ltr'><strong>non</strong></span> <span class='ocrx_word' id='word_1_479' title='bbox 1474 5656 1592 5706; x_wconf 77' lang='lat' dir='ltr'><strong>esse</strong></span> <span class='ocrx_word' id='word_1_480' title='bbox 1625 5646 1826 5704; x_wconf 85' lang='lat' dir='ltr'><strong>donum</strong></span> 
     </span>
    </p>
   </div>
   <div class='ocr_carea' id='block_1_59' title="bbox 188 5736 1829 5842">
    <p class='ocr_par' dir='ltr' id='par_1_59' title="bbox 188 5736 1829 5842">
     <span class='ocr_line' id='line_1_59' title="bbox 188 5736 1829 5842; baseline -0.005 -38"><span class='ocrx_word' id='word_1_481' title='bbox 188 5749 204 5842; x_wconf 49' lang='grc' dir='ltr'><em>ξ</em></span> <span class='ocrx_word' id='word_1_482' title='bbox 229 5747 347 5805; x_wconf 76' lang='lat' dir='ltr'><strong>Dei.</strong></span> <span class='ocrx_word' id='word_1_483' title='bbox 375 5745 526 5803; x_wconf 74' lang='lat' dir='ltr'><strong>Hanc</strong></span> <span class='ocrx_word' id='word_1_484' title='bbox 550 5745 694 5801; x_wconf 76' lang='lat' dir='ltr'><strong>enim</strong></span> <span class='ocrx_word' id='word_1_485' title='bbox 723 5744 962 5816; x_wconf 81' lang='lat' dir='ltr'><strong>quotidie</strong></span> <span class='ocrx_word' id='word_1_486' title='bbox 980 5736 1190 5815; x_wconf 76' lang='lat' dir='ltr'><strong>poscit,</strong></span> <span class='ocrx_word' id='word_1_487' title='bbox 1211 5743 1302 5815; x_wconf 88' lang='lat' dir='ltr'><strong>qui</strong></span> <span class='ocrx_word' id='word_1_488' title='bbox 1330 5741 1493 5810; x_wconf 86' lang='lat' dir='ltr'><strong>dicit,</strong></span> <span class='ocrx_word' id='word_1_489' title='bbox 1527 5739 1611 5796; x_wconf 82' lang='lat' dir='ltr'><strong><em>Ne</em></strong></span> <span class='ocrx_word' id='word_1_490' title='bbox 1630 5754 1722 5796; x_wconf 76' lang='lat' dir='ltr'><strong>nos</strong></span> <span class='ocrx_word' id='word_1_491' title='bbox 1747 5741 1829 5796; x_wconf 81' lang='lat' dir='ltr'><strong>itt-</strong></span> 
     </span>
    </p>
   </div>
   <div class='ocr_carea' id='block_1_60' title="bbox 222 5896 1769 5987">
    <p class='ocr_par' dir='ltr' id='par_1_60' title="bbox 222 5896 1769 5987">
     <span class='ocr_line' id='line_1_60' title="bbox 222 5896 1769 5987; baseline -0.006 -9"><span class='ocrx_word' id='word_1_492' title='bbox 222 5920 227 5927; x_wconf 85' lang='grc'><strong>’</strong></span> <span class='ocrx_word' id='word_1_493' title='bbox 300 5924 321 5957; x_wconf 79' lang='grc'><strong>⁸</strong></span> <span class='ocrx_word' id='word_1_494' title='bbox 351 5931 451 5977; x_wconf 71' lang='grc' dir='ltr'><strong>ιω.</strong></span> <span class='ocrx_word' id='word_1_495' title='bbox 629 5956 647 5987; x_wconf 62' lang='grc' dir='ltr'><em>δ</em></span> <span class='ocrx_word' id='word_1_496' title='bbox 681 5910 733 5976; x_wconf 77' lang='lat' dir='ltr'><strong>ut</strong></span> <span class='ocrx_word' id='word_1_497' title='bbox 754 5914 1022 5976; x_wconf 62' lang='lat' dir='ltr'><strong>«celantes.</strong></span> <span class='ocrx_word' id='word_1_498' title='bbox 1056 5900 1341 5975; x_wconf 57' lang='lat' dir='ltr'><strong>basiliensis</strong></span> <span class='ocrx_word' id='word_1_499' title='bbox 1366 5910 1468 5986; x_wconf 62' lang='lat' dir='ltr'><strong>iis,</strong></span> <span class='ocrx_word' id='word_1_500' title='bbox 1491 5908 1540 5972; x_wconf 85' lang='lat' dir='ltr'><strong>ut</strong></span> <span class='ocrx_word' id='word_1_501' title='bbox 1563 5896 1769 5973; x_wconf 77' lang='lat' dir='ltr'><strong>creduli.</strong></span> 
     </span>
    </p>
   </div>
   <div class='ocr_carea' id='block_1_61' title="bbox 1286 358 2496 453">
    <p class='ocr_par' dir='ltr' id='par_1_61' title="bbox 1286 358 2496 453">
     <span class='ocr_line' id='line_1_61' title="bbox 1286 358 2496 453; baseline 0.003 -6"><span class='ocrx_word' id='word_1_502' title='bbox 1286 391 1490 449; x_wconf 75' lang='lat' dir='ltr'><strong>uasa</strong></span> <span class='ocrx_word' id='word_1_503' title='bbox 1524 362 1618 448; x_wconf 65' lang='lat' dir='ltr'><strong>bis</strong></span> <span class='ocrx_word' id='word_1_504' title='bbox 1656 364 1841 446; x_wconf 64' lang='lat' dir='ltr'><strong>nouo</strong></span> <span class='ocrx_word' id='word_1_505' title='bbox 1874 358 2496 453; x_wconf 58' lang='lat' dir='ltr'><strong>i’bitsev’En‘AN&#39;rm.</strong></span> 
     </span>
    </p>
   </div>
   <div class='ocr_carea' id='block_1_62' title="bbox 1924 505 3505 589">
    <p class='ocr_par' dir='ltr' id='par_1_62' title="bbox 1924 505 3505 589">
     <span class='ocr_line' id='line_1_62' title="bbox 1924 505 3505 589; baseline 0.009 -28"><span class='ocrx_word' id='word_1_506' title='bbox 1924 515 2059 577; x_wconf 83' lang='lat' dir='ltr'><strong>[eras</strong></span> <span class='ocrx_word' id='word_1_507' title='bbox 2086 507 2138 564; x_wconf 88' lang='lat' dir='ltr'><strong>in</strong></span> <span class='ocrx_word' id='word_1_508' title='bbox 2168 511 2485 568; x_wconf 87' lang='lat' dir='ltr'><strong>tentationem</strong></span> <span class='ocrx_word' id='word_1_509' title='bbox 2524 505 2740 588; x_wconf 42' lang='lat' dir='ltr'><strong>&#39;(Matth.</strong></span> <span class='ocrx_word' id='word_1_510' title='bbox 2768 516 2818 571; x_wconf 76' lang='lat' dir='ltr'><strong>vt</strong></span> <span class='ocrx_word' id='word_1_511' title='bbox 2839 558 2855 586; x_wconf 91' lang='lat'><strong>,</strong></span> <span class='ocrx_word' id='word_1_512' title='bbox 2883 510 2974 589; x_wconf 74' lang='grc'><strong>15)</strong></span> <span class='ocrx_word' id='word_1_513' title='bbox 2998 533 3014 585; x_wconf 89' lang='lat'><strong>;</strong></span> <span class='ocrx_word' id='word_1_514' title='bbox 3043 506 3097 575; x_wconf 81' lang='lat' dir='ltr'><strong>et</strong></span> <span class='ocrx_word' id='word_1_515' title='bbox 3128 507 3180 574; x_wconf 54' lang='lat' dir='ltr'><strong>ei</strong></span> <span class='ocrx_word' id='word_1_516' title='bbox 3202 508 3505 587; x_wconf 57' lang='lat' dir='ltr'><strong>exauditur,</strong></span> 
     </span>
    </p>
   </div>
   <div class='ocr_carea' id='block_1_63' title="bbox 1923 592 3509 691">
    <p class='ocr_par' dir='ltr' id='par_1_63' title="bbox 1923 592 3509 691">
     <span class='ocr_line' id='line_1_63' title="bbox 1923 592 3509 691; baseline 0.009 -37"><span class='ocrx_word' id='word_1_517' title='bbox 1923 598 2060 656; x_wconf 87' lang='lat' dir='ltr'><strong>hanc</strong></span> <span class='ocrx_word' id='word_1_518' title='bbox 2111 598 2303 691; x_wconf 81' lang='lat' dir='ltr'><strong>accipit</strong></span> <span class='ocrx_word' id='word_1_519' title='bbox 2340 621 2453 691; x_wconf 26' lang='lat' dir='ltr'><strong>:hac</strong></span> <span class='ocrx_word' id='word_1_520' title='bbox 2505 624 2600 678; x_wconf 90' lang='lat' dir='ltr'><strong>per</strong></span> <span class='ocrx_word' id='word_1_521' title='bbox 2635 607 2767 677; x_wconf 88' lang='lat' dir='ltr'><strong>hoc,</strong></span> <span class='ocrx_word' id='word_1_522' title='bbox 2812 592 3047 680; x_wconf 81' lang='lat' dir='ltr'><strong>quotidie</strong></span> <span class='ocrx_word' id='word_1_523' title='bbox 3089 619 3144 667; x_wconf 91' lang='lat' dir='ltr'><strong>ut</strong></span> <span class='ocrx_word' id='word_1_524' title='bbox 3198 606 3509 683; x_wconf 78' lang='lat' dir='ltr'><strong>perseveret</strong></span> 
     </span>
    </p>
   </div>
   <div class='ocr_carea' id='block_1_64' title="bbox 1921 684 3510 781">
    <p class='ocr_par' dir='ltr' id='par_1_64' title="bbox 1921 684 3510 781">
     <span class='ocr_line' id='line_1_64' title="bbox 1921 684 3510 781; baseline 0.011 -36"><span class='ocrx_word' id='word_1_525' title='bbox 1921 700 2133 762; x_wconf 88' lang='lat' dir='ltr'><strong>petens,</strong></span> <span class='ocrx_word' id='word_1_526' title='bbox 2168 684 2408 781; x_wconf 66' lang='lat' dir='ltr'><strong>proiecit)</strong></span> <span class='ocrx_word' id='word_1_527' title='bbox 2433 694 2851 767; x_wconf 66' lang='lat' dir='ltr'><strong>perseverantiae</strong></span> <span class='ocrx_word' id='word_1_528' title='bbox 2895 700 3005 757; x_wconf 73' lang='lat' dir='ltr'><strong>Sure</strong></span> <span class='ocrx_word' id='word_1_529' title='bbox 3030 716 3180 773; x_wconf 77' lang='lat' dir='ltr'><strong>Spem</strong></span> <span class='ocrx_word' id='word_1_530' title='bbox 3208 706 3317 760; x_wconf 77' lang='lat' dir='ltr'><strong>&#39;no‘n</strong></span> <span class='ocrx_word' id='word_1_531' title='bbox 3346 704 3399 760; x_wconf 91' lang='lat' dir='ltr'><strong>in</strong></span> <span class='ocrx_word' id='word_1_532' title='bbox 3449 704 3510 763; x_wconf 76' lang='lat' dir='ltr'><strong>se</strong></span> 
     </span>
    </p>
   </div>
   <div class='ocr_carea' id='block_1_65' title="bbox 1922 784 3508 873">
    <p class='ocr_par' dir='ltr' id='par_1_65' title="bbox 1922 784 3508 873">
     <span class='ocr_line' id='line_1_65' title="bbox 1922 784 3508 873; baseline 0.01 -36"><span class='ocrx_word' id='word_1_533' title='bbox 1922 784 2075 873; x_wconf 83' lang='lat' dir='ltr'><strong>ipso,</strong></span> <span class='ocrx_word' id='word_1_534' title='bbox 2106 784 2202 842; x_wconf 91' lang='lat' dir='ltr'><strong>sed</strong></span> <span class='ocrx_word' id='word_1_535' title='bbox 2249 787 2303 843; x_wconf 93' lang='lat' dir='ltr'><strong>in</strong></span> <span class='ocrx_word' id='word_1_536' title='bbox 2331 784 2443 873; x_wconf 78' lang='lat' dir='ltr'><strong>Deo</strong></span> <span class='ocrx_word' id='word_1_537' title='bbox 2463 790 2634 869; x_wconf 81' lang='lat' dir='ltr'><strong>ponit.</strong></span> <span class='ocrx_word' id='word_1_538' title='bbox 2666 788 2780 862; x_wconf 84' lang='lat' dir='ltr'><strong>Ego</strong></span> <span class='ocrx_word' id='word_1_539' title='bbox 2825 800 3001 848; x_wconf 88' lang='lat' dir='ltr'><strong>autem</strong></span> <span class='ocrx_word' id='word_1_540' title='bbox 3042 794 3165 850; x_wconf 85' lang='lat' dir='ltr'><strong>nolo</strong></span> <span class='ocrx_word' id='word_1_541' title='bbox 3188 790 3508 868; x_wconf 66' lang='lat' dir='ltr'><strong>exaggerate</strong></span> 
     </span>
    </p>
   </div>
   <div class='ocr_carea' id='block_1_66' title="bbox 1922 860 3509 965">
    <p class='ocr_par' dir='ltr' id='par_1_66' title="bbox 1922 860 3509 965">
     <span class='ocr_line' id='line_1_66' title="bbox 1922 860 3509 965; baseline 0.008 -36"><span class='ocrx_word' id='word_1_542' title='bbox 1922 868 2056 965; x_wconf 84' lang='lat' dir='ltr'><strong>meis</strong></span> <span class='ocrx_word' id='word_1_543' title='bbox 2075 872 2252 965; x_wconf 79' lang='lat' dir='ltr'><strong>verbis</strong></span> <span class='ocrx_word' id='word_1_544' title='bbox 2275 919 2290 944; x_wconf 92' lang='lat'><strong>,</strong></span> <span class='ocrx_word' id='word_1_545' title='bbox 2322 860 2418 965; x_wconf 80' lang='lat' dir='ltr'><strong>sed</strong></span> <span class='ocrx_word' id='word_1_546' title='bbox 2445 865 2547 934; x_wconf 85' lang='lat' dir='ltr'><strong>illis</strong></span> <span class='ocrx_word' id='word_1_547' title='bbox 2568 860 2905 953; x_wconf 77' lang='lat' dir='ltr'><strong>cogitandum</strong></span> <span class='ocrx_word' id='word_1_548' title='bbox 2935 880 3108 953; x_wconf 78' lang='lat' dir='ltr'><strong>potius</strong></span> <span class='ocrx_word' id='word_1_549' title='bbox 3139 860 3379 957; x_wconf 73' lang='lat' dir='ltr'><strong>relinquo</strong></span> <span class='ocrx_word' id='word_1_550' title='bbox 3404 928 3420 952; x_wconf 96' lang='lat'><strong>,</strong></span> <span class='ocrx_word' id='word_1_551' title='bbox 3449 894 3509 942; x_wconf 89' lang='lat' dir='ltr'><strong>ut</strong></span> 
     </span>
    </p>
   </div>
   <div class='ocr_carea' id='block_1_67' title="bbox 1922 960 3505 1053">
    <p class='ocr_par' dir='ltr' id='par_1_67' title="bbox 1922 960 3505 1053">
     <span class='ocr_line' id='line_1_67' title="bbox 1922 960 3505 1053; baseline 0.008 -34"><span class='ocrx_word' id='word_1_552' title='bbox 1922 960 2136 1053; x_wconf 78' lang='lat' dir='ltr'><strong>videant</strong></span> <span class='ocrx_word' id='word_1_553' title='bbox 2187 968 2343 1039; x_wconf 85' lang='lat' dir='ltr'><strong>quale</strong></span> <span class='ocrx_word' id='word_1_554' title='bbox 2373 960 2444 1023; x_wconf 91' lang='lat' dir='ltr'><strong>sit</strong></span> <span class='ocrx_word' id='word_1_555' title='bbox 2479 970 2621 1040; x_wconf 89' lang='lat' dir='ltr'><strong>quod</strong></span> <span class='ocrx_word' id='word_1_556' title='bbox 2666 966 2767 1028; x_wconf 88' lang='lat' dir='ltr'><strong>sibi</strong></span> <span class='ocrx_word' id='word_1_557' title='bbox 2815 970 3225 1044; x_wconf 79' lang='lat' dir='ltr'><strong>persuaserunt,</strong></span> <span class='ocrx_word' id='word_1_558' title='bbox 3254 972 3276 1029; x_wconf 62' lang='grc' dir='ltr'><em>ἃ</em></span> <span class='ocrx_word' id='word_1_559' title='bbox 3306 968 3505 1047; x_wconf 48' lang='lat' dir='ltr'><strong>praedi;</strong></span> 
     </span>
    </p>
   </div>
   <div class='ocr_carea' id='block_1_68' title="bbox 1921 1058 3507 1138">
    <p class='ocr_par' dir='ltr' id='par_1_68' title="bbox 1921 1058 3507 1138">
     <span class='ocr_line' id='line_1_68' title="bbox 1921 1058 3507 1138; baseline 0.008 -26"><span class='ocrx_word' id='word_1_560' title='bbox 1921 1058 2129 1113; x_wconf 89' lang='lat' dir='ltr'><strong>catione</strong></span> <span class='ocrx_word' id='word_1_561' title='bbox 2177 1058 2663 1130; x_wconf 69' lang='lat' dir='ltr'><strong>praedestinationis</strong></span> <span class='ocrx_word' id='word_1_562' title='bbox 2712 1064 3047 1120; x_wconf 88' lang='lat' dir='ltr'><strong>audientibus</strong></span> <span class='ocrx_word' id='word_1_563' title='bbox 3092 1066 3206 1135; x_wconf 87' lang='lat' dir='ltr'><strong>plus</strong></span> <span class='ocrx_word' id='word_1_564' title='bbox 3250 1064 3507 1138; x_wconf 79' lang='lat' dir='ltr'><strong>despera-</strong></span> 
     </span>
    </p>
   </div>
   <div class='ocr_carea' id='block_1_69' title="bbox 1925 1142 3511 1223">
    <p class='ocr_par' dir='ltr' id='par_1_69' title="bbox 1925 1142 3511 1223">
     <span class='ocr_line' id='line_1_69' title="bbox 1925 1142 3511 1223; baseline 0.006 -18"><span class='ocrx_word' id='word_1_565' title='bbox 1925 1144 2079 1206; x_wconf 73' lang='lat' dir='ltr'><strong>tio&#39;nis</strong></span> <span class='ocrx_word' id='word_1_566' title='bbox 2107 1168 2265 1223; x_wconf 89' lang='lat' dir='ltr'><strong>quam</strong></span> <span class='ocrx_word' id='word_1_567' title='bbox 2307 1142 2692 1211; x_wconf 79' lang='lat' dir='ltr'><strong>exhortationis</strong></span> <span class='ocrx_word' id='word_1_568' title='bbox 2716 1152 2916 1212; x_wconf 76' lang='lat' dir='ltr'><strong>aﬁ‘e&#39;r&#39;ri.</strong></span> <span class='ocrx_word' id='word_1_569' title='bbox 2950 1176 2970 1211; x_wconf 76' lang='grc' dir='ltr'><strong><em>ι</em></strong></span> <span class='ocrx_word' id='word_1_570' title='bbox 3007 1148 3120 1215; x_wconf 87' lang='lat' dir='ltr'><strong>iioc</strong></span> <span class='ocrx_word' id='word_1_571' title='bbox 3143 1168 3224 1215; x_wconf 80' lang='lat' dir='ltr'><strong>eSt</strong></span> <span class='ocrx_word' id='word_1_572' title='bbox 3246 1158 3387 1218; x_wconf 82' lang='lat' dir='ltr'><strong>enim</strong></span> <span class='ocrx_word' id='word_1_573' title='bbox 3429 1152 3511 1215; x_wconf 89' lang='lat' dir='ltr'><strong>di-</strong></span> 
     </span>
    </p>
   </div>
   <div class='ocr_carea' id='block_1_70' title="bbox 1922 1234 3507 1323">
    <p class='ocr_par' dir='ltr' id='par_1_70' title="bbox 1922 1234 3507 1323">
     <span class='ocr_line' id='line_1_70' title="bbox 1922 1234 3507 1323; baseline 0.008 -27"><span class='ocrx_word' id='word_1_574' title='bbox 1922 1234 2065 1309; x_wconf 82' lang='lat' dir='ltr'><strong>cere,</strong></span> <span class='ocrx_word' id='word_1_575' title='bbox 2100 1234 2227 1300; x_wconf 77' lang='lat' dir='ltr'><strong>tunc</strong></span> <span class='ocrx_word' id='word_1_576' title='bbox 2250 1242 2317 1300; x_wconf 90' lang='lat' dir='ltr'><strong>de</strong></span> <span class='ocrx_word' id='word_1_577' title='bbox 2344 1259 2437 1300; x_wconf 89' lang='lat' dir='ltr'><strong>sua</strong></span> <span class='ocrx_word' id='word_1_578' title='bbox 2465 1246 2635 1302; x_wconf 90' lang='lat' dir='ltr'><strong>salute</strong></span> <span class='ocrx_word' id='word_1_579' title='bbox 2666 1247 2936 1303; x_wconf 88' lang='lat' dir='ltr'><strong>hominem</strong></span> <span class='ocrx_word' id='word_1_580' title='bbox 2967 1244 3273 1320; x_wconf 85' lang='lat' dir='ltr'><strong>desperare,</strong></span> <span class='ocrx_word' id='word_1_581' title='bbox 3295 1246 3507 1323; x_wconf 77' lang='lat' dir='ltr'><strong>quando</strong></span> 
     </span>
    </p>
   </div>
   <div class='ocr_carea' id='block_1_71' title="bbox 1922 1336 3507 1415">
    <p class='ocr_par' dir='ltr' id='par_1_71' title="bbox 1922 1336 3507 1415">
     <span class='ocr_line' id='line_1_71' title="bbox 1922 1336 3507 1415; baseline 0.006 -27"><span class='ocrx_word' id='word_1_582' title='bbox 1922 1342 2070 1407; x_wconf 86' lang='lat' dir='ltr'><strong>spem</strong></span> <span class='ocrx_word' id='word_1_583' title='bbox 2096 1351 2249 1391; x_wconf 88' lang='lat' dir='ltr'><strong>suam</strong></span> <span class='ocrx_word' id='word_1_584' title='bbox 2292 1338 2398 1392; x_wconf 86' lang='lat' dir='ltr'><strong>non</strong></span> <span class='ocrx_word' id='word_1_585' title='bbox 2428 1339 2481 1392; x_wconf 93' lang='lat' dir='ltr'><strong>in</strong></span> <span class='ocrx_word' id='word_1_586' title='bbox 2525 1354 2585 1394; x_wconf 91' lang='lat' dir='ltr'><strong>se</strong></span> <span class='ocrx_word' id='word_1_587' title='bbox 2606 1339 2721 1409; x_wconf 87' lang='lat' dir='ltr'><strong>ipso</strong></span> <span class='ocrx_word' id='word_1_588' title='bbox 2745 1381 2760 1407; x_wconf 96' lang='lat'><strong>,</strong></span> <span class='ocrx_word' id='word_1_589' title='bbox 2788 1338 2881 1396; x_wconf 86' lang='lat' dir='ltr'><strong>sed</strong></span> <span class='ocrx_word' id='word_1_590' title='bbox 2902 1342 2955 1395; x_wconf 91' lang='lat' dir='ltr'><strong>in</strong></span> <span class='ocrx_word' id='word_1_591' title='bbox 2998 1342 3106 1397; x_wconf 90' lang='lat' dir='ltr'><strong>Deo</strong></span> <span class='ocrx_word' id='word_1_592' title='bbox 3146 1336 3389 1398; x_wconf 85' lang='lat' dir='ltr'><strong>didicerit</strong></span> <span class='ocrx_word' id='word_1_593' title='bbox 3408 1350 3507 1415; x_wconf 84' lang='lat' dir='ltr'><strong>po-</strong></span> 
     </span>
    </p>
   </div>
   <div class='ocr_carea' id='block_1_72' title="bbox 1922 1431 3557 1515">
    <p class='ocr_par' dir='ltr' id='par_1_72' title="bbox 1922 1431 3557 1515">
     <span class='ocr_line' id='line_1_72' title="bbox 1922 1431 3557 1515; baseline 0.006 -33"><span class='ocrx_word' id='word_1_594' title='bbox 1922 1443 2053 1485; x_wconf 89' lang='lat' dir='ltr'><strong>nere</strong></span> <span class='ocrx_word' id='word_1_595' title='bbox 2091 1447 2103 1483; x_wconf 92' lang='lat'>:</span> <span class='ocrx_word' id='word_1_596' title='bbox 2136 1446 2256 1485; x_wconf 89' lang='lat' dir='ltr'><strong>cum</strong></span> <span class='ocrx_word' id='word_1_597' title='bbox 2302 1431 2560 1501; x_wconf 82' lang='lat' dir='ltr'><strong>pmpheta</strong></span> <span class='ocrx_word' id='word_1_598' title='bbox 2594 1433 2833 1515; x_wconf 25' lang='lat' dir='ltr'><strong>‘ciamet,</strong></span> <span class='ocrx_word' id='word_1_599' title='bbox 2879 1434 3185 1491; x_wconf 83' lang='lat' dir='ltr'><strong>Matedictus</strong></span> <span class='ocrx_word' id='word_1_600' title='bbox 3210 1436 3372 1493; x_wconf 85' lang='lat' dir='ltr'><strong>omnis</strong></span> <span class='ocrx_word' id='word_1_601' title='bbox 3421 1437 3509 1509; x_wconf 82' lang='lat' dir='ltr'><strong>qui</strong></span> <span class='ocrx_word' id='word_1_602' title='bbox 3543 1489 3557 1515; x_wconf 58' lang='grc'>,</span> 
     </span>
    </p>
   </div>
   <div class='ocr_carea' id='block_1_73' title="bbox 1921 1516 3057 1600">
    <p class='ocr_par' dir='ltr' id='par_1_73' title="bbox 1921 1516 3057 1600">
     <span class='ocr_line' id='line_1_73' title="bbox 1921 1516 3057 1600; baseline 0.006 -27"><span class='ocrx_word' id='word_1_603' title='bbox 1921 1536 2059 1597; x_wconf 80' lang='lat' dir='ltr'><strong>spem</strong></span> <span class='ocrx_word' id='word_1_604' title='bbox 2085 1518 2230 1595; x_wconf 78' lang='lat' dir='ltr'><strong>habet</strong></span> <span class='ocrx_word' id='word_1_605' title='bbox 2255 1522 2307 1576; x_wconf 88' lang='lat' dir='ltr'><strong>in</strong></span> <span class='ocrx_word' id='word_1_606' title='bbox 2334 1523 2534 1579; x_wconf 78' lang='lat' dir='ltr'><strong>homine</strong></span> <span class='ocrx_word' id='word_1_607' title='bbox 2560 1520 2774 1595; x_wconf 74' lang='lat' dir='ltr'><strong>(Ierem.</strong></span> <span class='ocrx_word' id='word_1_608' title='bbox 2802 1516 2905 1580; x_wconf 65' lang='lat' dir='ltr'><strong>ivit</strong></span> <span class='ocrx_word' id='word_1_609' title='bbox 2926 1568 2940 1591; x_wconf 93' lang='lat'><strong>,</strong></span> <span class='ocrx_word' id='word_1_610' title='bbox 2970 1520 3057 1600; x_wconf 83' lang='lat'><strong>5).</strong></span> 
     </span>
    </p>
   </div>
   <div class='ocr_carea' id='block_1_74' title="bbox 1991 1610 3511 1689">
    <p class='ocr_par' dir='ltr' id='par_1_74' title="bbox 1991 1610 3511 1689">
     <span class='ocr_line' id='line_1_74' title="bbox 1991 1610 3511 1689; baseline 0.007 -22"><span class='ocrx_word' id='word_1_611' title='bbox 1991 1612 2080 1689; x_wconf 64' lang='lat'><strong>4&#39;1.</strong></span> <span class='ocrx_word' id='word_1_612' title='bbox 2127 1612 2252 1669; x_wconf 58' lang='lat' dir='ltr'><strong>llaec</strong></span> <span class='ocrx_word' id='word_1_613' title='bbox 2278 1610 2453 1687; x_wconf 86' lang='lat' dir='ltr'><strong>itaque</strong></span> <span class='ocrx_word' id='word_1_614' title='bbox 2495 1616 2633 1671; x_wconf 88' lang='lat' dir='ltr'><strong>dona</strong></span> <span class='ocrx_word' id='word_1_615' title='bbox 2666 1614 2791 1683; x_wconf 89' lang='lat' dir='ltr'><strong>Dei,</strong></span> <span class='ocrx_word' id='word_1_616' title='bbox 2831 1636 2947 1689; x_wconf 59' lang='lat' dir='ltr'><strong>quae</strong></span> <span class='ocrx_word' id='word_1_617' title='bbox 2977 1610 3176 1675; x_wconf 77' lang='lat' dir='ltr'><strong>dantur</strong></span> <span class='ocrx_word' id='word_1_618' title='bbox 3212 1620 3397 1677; x_wconf 88' lang='lat' dir='ltr'><strong>electis</strong></span> <span class='ocrx_word' id='word_1_619' title='bbox 3425 1636 3511 1678; x_wconf 84' lang='lat' dir='ltr'><strong>se-</strong></span> 
     </span>
    </p>
   </div>
   <div class='ocr_carea' id='block_1_75' title="bbox 1924 1682 3511 1783">
    <p class='ocr_par' dir='ltr' id='par_1_75' title="bbox 1924 1682 3511 1783">
     <span class='ocr_line' id='line_1_75' title="bbox 1924 1682 3511 1783; baseline 0.008 -24"><span class='ocrx_word' id='word_1_620' title='bbox 1924 1682 2156 1761; x_wconf 87' lang='lat' dir='ltr'><strong>cundum</strong></span> <span class='ocrx_word' id='word_1_621' title='bbox 2185 1708 2278 1763; x_wconf 92' lang='lat' dir='ltr'><strong>Dei</strong></span> <span class='ocrx_word' id='word_1_622' title='bbox 2321 1710 2652 1779; x_wconf 82' lang='lat' dir='ltr'><strong>prOpositum</strong></span> <span class='ocrx_word' id='word_1_623' title='bbox 2684 1714 2917 1779; x_wconf 82' lang='lat' dir='ltr'><strong>vocatis,</strong></span> <span class='ocrx_word' id='word_1_624' title='bbox 2946 1712 2998 1768; x_wconf 90' lang='lat' dir='ltr'><strong>in</strong></span> <span class='ocrx_word' id='word_1_625' title='bbox 3030 1708 3223 1783; x_wconf 86' lang='lat' dir='ltr'><strong>quibus</strong></span> <span class='ocrx_word' id='word_1_626' title='bbox 3247 1710 3402 1770; x_wconf 89' lang='lat' dir='ltr'><strong>donis</strong></span> <span class='ocrx_word' id='word_1_627' title='bbox 3427 1723 3511 1771; x_wconf 90' lang='lat' dir='ltr'><strong>est</strong></span> 
     </span>
    </p>
   </div>
   <div class='ocr_carea' id='block_1_76' title="bbox 1923 1792 3508 1875">
    <p class='ocr_par' dir='ltr' id='par_1_76' title="bbox 1923 1792 3508 1875">
     <span class='ocr_line' id='line_1_76' title="bbox 1923 1792 3508 1875; baseline 0.006 -24"><span class='ocrx_word' id='word_1_628' title='bbox 1923 1808 1977 1852; x_wconf 91' lang='lat' dir='ltr'><strong>et</strong></span> <span class='ocrx_word' id='word_1_629' title='bbox 2026 1797 2257 1872; x_wconf 86' lang='lat' dir='ltr'><strong>incipere</strong></span> <span class='ocrx_word' id='word_1_630' title='bbox 2283 1800 2505 1856; x_wconf 79' lang='lat' dir='ltr'><strong>credere</strong></span> <span class='ocrx_word' id='word_1_631' title='bbox 2528 1843 2542 1867; x_wconf 94' lang='lat'><strong>,</strong></span> <span class='ocrx_word' id='word_1_632' title='bbox 2568 1810 2621 1856; x_wconf 90' lang='lat' dir='ltr'><strong>et</strong></span> <span class='ocrx_word' id='word_1_633' title='bbox 2651 1803 2701 1856; x_wconf 91' lang='lat' dir='ltr'><strong>in</strong></span> <span class='ocrx_word' id='word_1_634' title='bbox 2736 1796 2837 1857; x_wconf 88' lang='lat' dir='ltr'><strong>ﬁde</strong></span> <span class='ocrx_word' id='word_1_635' title='bbox 2883 1819 3051 1874; x_wconf 88' lang='lat' dir='ltr'><strong>usque</strong></span> <span class='ocrx_word' id='word_1_636' title='bbox 3077 1792 3141 1857; x_wconf 89' lang='lat' dir='ltr'><strong>ad</strong></span> <span class='ocrx_word' id='word_1_637' title='bbox 3186 1804 3307 1858; x_wconf 70' lang='lat' dir='ltr'><strong>viae</strong></span> <span class='ocrx_word' id='word_1_638' title='bbox 3350 1798 3508 1875; x_wconf 83' lang='lat' dir='ltr'><strong>btijus</strong></span> 
     </span>
    </p>
   </div>
   <div class='ocr_carea' id='block_1_77' title="bbox 1925 1888 3511 1969">
    <p class='ocr_par' dir='ltr' id='par_1_77' title="bbox 1925 1888 3511 1969">
     <span class='ocr_line' id='line_1_77' title="bbox 1925 1888 3511 1969; baseline 0.006 -28"><span class='ocrx_word' id='word_1_639' title='bbox 1925 1888 2207 1969; x_wconf 89' lang='lat' dir='ltr'><strong>terminum</strong></span> <span class='ocrx_word' id='word_1_640' title='bbox 2249 1906 2622 1961; x_wconf 88' lang='lat' dir='ltr'><strong>perseverare,</strong></span> <span class='ocrx_word' id='word_1_641' title='bbox 2669 1893 2803 1948; x_wconf 87' lang='lat' dir='ltr'><strong>sicut</strong></span> <span class='ocrx_word' id='word_1_642' title='bbox 2846 1902 2989 1948; x_wconf 89' lang='lat' dir='ltr'><strong>tanta</strong></span> <span class='ocrx_word' id='word_1_643' title='bbox 3041 1892 3304 1969; x_wconf 79' lang='lat' dir='ltr'><strong>rationum</strong></span> <span class='ocrx_word' id='word_1_644' title='bbox 3348 1892 3511 1969; x_wconf 75' lang='lat' dir='ltr'><strong>atque</strong></span> 
     </span>
    </p>
   </div>
   <div class='ocr_carea' id='block_1_78' title="bbox 1923 1968 3506 2061">
    <p class='ocr_par' dir='ltr' id='par_1_78' title="bbox 1923 1968 3506 2061">
     <span class='ocr_line' id='line_1_78' title="bbox 1923 1968 3506 2061; baseline 0.006 -28"><span class='ocrx_word' id='word_1_645' title='bbox 1923 1968 2291 2035; x_wconf 48' lang='lat' dir='ltr'><strong>auc&#39;toritatum</strong></span> <span class='ocrx_word' id='word_1_646' title='bbox 2317 1984 2704 2039; x_wconf 87' lang='lat' dir='ltr'><strong>contestatione</strong></span> <span class='ocrx_word' id='word_1_647' title='bbox 2723 1968 3240 2056; x_wconf 52' lang='lat' dir='ltr'><strong>probavinntsﬂiatc,</strong></span> <span class='ocrx_word' id='word_1_648' title='bbox 3269 1968 3506 2061; x_wconf 85' lang='lat' dir='ltr'><strong>inquam,</strong></span> 
     </span>
    </p>
   </div>
   <div class='ocr_carea' id='block_1_79' title="bbox 1926 2069 3510 2148">
    <p class='ocr_par' dir='ltr' id='par_1_79' title="bbox 1926 2069 3510 2148">
     <span class='ocr_line' id='line_1_79' title="bbox 1926 2069 3510 2148; baseline 0.006 -24"><span class='ocrx_word' id='word_1_649' title='bbox 1926 2069 2019 2125; x_wconf 86' lang='lat' dir='ltr'><strong>Dei</strong></span> <span class='ocrx_word' id='word_1_650' title='bbox 2058 2071 2196 2127; x_wconf 92' lang='lat' dir='ltr'><strong>dona</strong></span> <span class='ocrx_word' id='word_1_651' title='bbox 2216 2113 2232 2140; x_wconf 94' lang='lat'><strong>,</strong></span> <span class='ocrx_word' id='word_1_652' title='bbox 2263 2074 2306 2128; x_wconf 89' lang='lat' dir='ltr'><strong>si</strong></span> <span class='ocrx_word' id='word_1_653' title='bbox 2340 2075 2479 2128; x_wconf 90' lang='lat' dir='ltr'><strong>nulla</strong></span> <span class='ocrx_word' id='word_1_654' title='bbox 2509 2082 2591 2130; x_wconf 85' lang='lat' dir='ltr'><strong>est</strong></span> <span class='ocrx_word' id='word_1_655' title='bbox 2622 2074 3020 2147; x_wconf 72' lang='lat' dir='ltr'><strong>przede&#39;stiiialio</strong></span> <span class='ocrx_word' id='word_1_656' title='bbox 3064 2093 3222 2148; x_wconf 93' lang='lat' dir='ltr'><strong>quam</strong></span> <span class='ocrx_word' id='word_1_657' title='bbox 3262 2077 3510 2134; x_wconf 77' lang='lat' dir='ltr'><strong>delendi-</strong></span> 
     </span>
    </p>
   </div>
   <div class='ocr_carea' id='block_1_80' title="bbox 1925 2154 3507 2239">
    <p class='ocr_par' dir='ltr' id='par_1_80' title="bbox 1925 2154 3507 2239">
     <span class='ocr_line' id='line_1_80' title="bbox 1925 2154 3507 2239; baseline 0.006 -24"><span class='ocrx_word' id='word_1_658' title='bbox 1925 2176 2042 2216; x_wconf 88' lang='lat' dir='ltr'><strong>mus</strong></span> <span class='ocrx_word' id='word_1_659' title='bbox 2062 2204 2076 2227; x_wconf 94' lang='lat'><strong>,</strong></span> <span class='ocrx_word' id='word_1_660' title='bbox 2106 2154 2210 2218; x_wconf 85' lang='lat' dir='ltr'><strong>non</strong></span> <span class='ocrx_word' id='word_1_661' title='bbox 2258 2166 2613 2235; x_wconf 66' lang='lat' dir='ltr'><strong>prmsciuntur</strong></span> <span class='ocrx_word' id='word_1_662' title='bbox 2650 2183 2680 2222; x_wconf 86' lang='lat' dir='ltr'><strong>a</strong></span> <span class='ocrx_word' id='word_1_663' title='bbox 2712 2158 2826 2222; x_wconf 65' lang='lat' dir='ltr'><strong>Deo</strong></span> <span class='ocrx_word' id='word_1_664' title='bbox 2857 2186 2870 2222; x_wconf 92' lang='lat'>:</span> <span class='ocrx_word' id='word_1_665' title='bbox 2904 2168 3254 2239; x_wconf 62' lang='lat' dir='ltr'><strong>praesciumur</strong></span> <span class='ocrx_word' id='word_1_666' title='bbox 3293 2168 3507 2236; x_wconf 73' lang='lat' dir='ltr'><strong>autem;</strong></span> 
     </span>
    </p>
   </div>
   <div class='ocr_carea' id='block_1_81' title="bbox 1924 2244 3323 2340">
    <p class='ocr_par' dir='ltr' id='par_1_81' title="bbox 1924 2244 3323 2340">
     <span class='ocr_line' id='line_1_81' title="bbox 1924 2244 3323 2340; baseline 0.004 -31"><span class='ocrx_word' id='word_1_667' title='bbox 1924 2246 2147 2340; x_wconf 30' lang='lat' dir='ltr'><strong>litifC&#39;DSl.</strong></span> <span class='ocrx_word' id='word_1_668' title='bbox 2177 2257 2335 2340; x_wconf 77' lang='lat' dir='ltr'><strong>igitur</strong></span> <span class='ocrx_word' id='word_1_669' title='bbox 2358 2256 2753 2327; x_wconf 66' lang='lat' dir='ltr'><strong>prtedestinalio</strong></span> <span class='ocrx_word' id='word_1_670' title='bbox 2781 2254 2937 2331; x_wconf 75' lang='lat' dir='ltr'><strong>quam</strong></span> <span class='ocrx_word' id='word_1_671' title='bbox 2969 2244 3323 2317; x_wconf 74' lang='lat' dir='ltr'><strong>delentiimus.</strong></span> 
     </span>
    </p>
   </div>
   <div class='ocr_carea' id='block_1_82' title="bbox 1990 2334 3509 2423">
    <p class='ocr_par' dir='ltr' id='par_1_82' title="bbox 1990 2334 3509 2423">
     <span class='ocr_line' id='line_1_82' title="bbox 1990 2334 3509 2423; baseline 0.005 -22"><span class='ocrx_word' id='word_1_672' title='bbox 1990 2334 2221 2404; x_wconf 67' lang='lat' dir='ltr'><strong>CAPUT</strong></span> <span class='ocrx_word' id='word_1_673' title='bbox 2268 2346 2454 2404; x_wconf 85' lang='lat' dir='ltr'><strong>xvm.</strong></span> <span class='ocrx_word' id='word_1_674' title='bbox 2483 2379 2555 2390; x_wconf 90' lang='lat'><strong>—</strong></span> <span class='ocrx_word' id='word_1_675' title='bbox 2584 2349 2736 2406; x_wconf 89' lang='lat' dir='ltr'><strong>Unde</strong></span> <span class='ocrx_word' id='word_1_676' title='bbox 2760 2351 3043 2423; x_wconf 86' lang='lat' dir='ltr'><strong>aliquando</strong></span> <span class='ocrx_word' id='word_1_677' title='bbox 3079 2352 3265 2409; x_wconf 88' lang='lat' dir='ltr'><strong>eadem</strong></span> <span class='ocrx_word' id='word_1_678' title='bbox 3300 2350 3509 2423; x_wconf 74' lang='lat' dir='ltr'><strong>praede-</strong></span> 
     </span>
    </p>
   </div>
   <div class='ocr_carea' id='block_1_83' title="bbox 1924 2428 3508 2513">
    <p class='ocr_par' dir='ltr' id='par_1_83' title="bbox 1924 2428 3508 2513">
     <span class='ocr_line' id='line_1_83' title="bbox 1924 2428 3508 2513; baseline 0.004 -21"><span class='ocrx_word' id='word_1_679' title='bbox 1924 2428 2143 2493; x_wconf 69' lang='lat' dir='ltr'><strong>sti‘rialio</strong></span> <span class='ocrx_word' id='word_1_680' title='bbox 2170 2439 2497 2513; x_wconf 81' lang='lat' dir='ltr'><strong>signiﬁcatur</strong></span> <span class='ocrx_word' id='word_1_681' title='bbox 2522 2442 2680 2497; x_wconf 90' lang='lat' dir='ltr'><strong>etiam</strong></span> <span class='ocrx_word' id='word_1_682' title='bbox 2725 2443 2942 2497; x_wconf 86' lang='lat' dir='ltr'><strong>nomine</strong></span> <span class='ocrx_word' id='word_1_683' title='bbox 2971 2438 3340 2512; x_wconf 75' lang='lat' dir='ltr'><strong>praescieniire,</strong></span> <span class='ocrx_word' id='word_1_684' title='bbox 3368 2438 3508 2499; x_wconf 81' lang='lat' dir='ltr'><strong>sicut</strong></span> 
     </span>
    </p>
   </div>
   <div class='ocr_carea' id='block_1_84' title="bbox 1924 2517 3512 2607">
    <p class='ocr_par' dir='ltr' id='par_1_84' title="bbox 1924 2517 3512 2607">
     <span class='ocr_line' id='line_1_84' title="bbox 1924 2517 3512 2607; baseline 0.004 -25"><span class='ocrx_word' id='word_1_685' title='bbox 1924 2522 2000 2584; x_wconf 87' lang='lat' dir='ltr'><strong>ait</strong></span> <span class='ocrx_word' id='word_1_686' title='bbox 2023 2517 2309 2600; x_wconf 71' lang='lat' dir='ltr'><strong>Apostolus</strong></span> <span class='ocrx_word' id='word_1_687' title='bbox 2329 2573 2344 2597; x_wconf 92' lang='lat'><strong>,</strong></span> <span class='ocrx_word' id='word_1_688' title='bbox 2375 2530 2496 2586; x_wconf 83' lang='lat' dir='ltr'><strong>Non</strong></span> <span class='ocrx_word' id='word_1_689' title='bbox 2538 2533 2722 2603; x_wconf 85' lang='lat' dir='ltr'><strong>repulit</strong></span> <span class='ocrx_word' id='word_1_690' title='bbox 2748 2526 2885 2587; x_wconf 77' lang='lat' dir='ltr'><strong>De&#39;us</strong></span> <span class='ocrx_word' id='word_1_691' title='bbox 2919 2526 3112 2605; x_wconf 88' lang='lat' dir='ltr'><strong>plebent</strong></span> <span class='ocrx_word' id='word_1_692' title='bbox 3136 2551 3281 2589; x_wconf 90' lang='lat' dir='ltr'><strong>suam</strong></span> <span class='ocrx_word' id='word_1_693' title='bbox 3303 2579 3316 2600; x_wconf 87' lang='lat'><strong>,</strong></span> <span class='ocrx_word' id='word_1_694' title='bbox 3358 2528 3512 2607; x_wconf 76' lang='lat' dir='ltr'><strong>quam</strong></span> 
     </span>
    </p>
   </div>
   <div class='ocr_carea' id='block_1_85' title="bbox 1924 2616 3512 2696">
    <p class='ocr_par' dir='ltr' id='par_1_85' title="bbox 1924 2616 3512 2696">
     <span class='ocr_line' id='line_1_85' title="bbox 1924 2616 3512 2696; baseline 0.003 -22"><span class='ocrx_word' id='word_1_695' title='bbox 1924 2616 2191 2693; x_wconf 79' lang='lat' dir='ltr'><strong>prt&#39;escivit.</strong></span> <span class='ocrx_word' id='word_1_696' title='bbox 2218 2620 2314 2677; x_wconf 88' lang='lat' dir='ltr'><strong>ilic</strong></span> <span class='ocrx_word' id='word_1_697' title='bbox 2339 2622 2479 2695; x_wconf 88' lang='lat' dir='ltr'><strong>quod</strong></span> <span class='ocrx_word' id='word_1_698' title='bbox 2503 2623 2608 2689; x_wconf 92' lang='lat' dir='ltr'><strong>ait,</strong></span> <span class='ocrx_word' id='word_1_699' title='bbox 2642 2624 2888 2695; x_wconf 70' lang='lat' dir='ltr'><strong>prazscivit</strong></span> <span class='ocrx_word' id='word_1_700' title='bbox 2908 2666 2923 2691; x_wconf 96' lang='lat'><strong>,</strong></span> <span class='ocrx_word' id='word_1_701' title='bbox 2954 2620 3058 2679; x_wconf 80' lang='lat' dir='ltr'><strong>noli</strong></span> <span class='ocrx_word' id='word_1_702' title='bbox 3087 2618 3232 2681; x_wconf 77' lang='lat' dir='ltr'><strong>recte</strong></span> <span class='ocrx_word' id='word_1_703' title='bbox 3258 2620 3512 2696; x_wconf 75' lang='lat' dir='ltr'><strong>intelligi-</strong></span> 
     </span>
    </p>
   </div>
   <div class='ocr_carea' id='block_1_86' title="bbox 1926 2714 3513 2789">
    <p class='ocr_par' dir='ltr' id='par_1_86' title="bbox 1926 2714 3513 2789">
     <span class='ocr_line' id='line_1_86' title="bbox 1926 2714 3513 2789; baseline 0.002 -21"><span class='ocrx_word' id='word_1_704' title='bbox 1926 2722 2045 2788; x_wconf 88' lang='lat' dir='ltr'><strong>tur,</strong></span> <span class='ocrx_word' id='word_1_705' title='bbox 2079 2715 2212 2782; x_wconf 90' lang='lat' dir='ltr'><strong>nisi,</strong></span> <span class='ocrx_word' id='word_1_706' title='bbox 2258 2716 2653 2786; x_wconf 64' lang='lat' dir='ltr'><strong>praedestinavit</strong></span> <span class='ocrx_word' id='word_1_707' title='bbox 2685 2735 2697 2771; x_wconf 94' lang='lat'>:</span> <span class='ocrx_word' id='word_1_708' title='bbox 2730 2714 2874 2789; x_wconf 85' lang='lat' dir='ltr'><strong>quod</strong></span> <span class='ocrx_word' id='word_1_709' title='bbox 2918 2717 3315 2773; x_wconf 82' lang='lat' dir='ltr'><strong>circumstantia</strong></span> <span class='ocrx_word' id='word_1_710' title='bbox 3343 2718 3513 2788; x_wconf 88' lang='lat' dir='ltr'><strong>ipsius</strong></span> 
     </span>
    </p>
   </div>
   <div class='ocr_carea' id='block_1_87' title="bbox 1925 2798 3513 2882">
    <p class='ocr_par' dir='ltr' id='par_1_87' title="bbox 1925 2798 3513 2882">
     <span class='ocr_line' id='line_1_87' title="bbox 1925 2798 3513 2882; baseline 0.003 -22"><span class='ocrx_word' id='word_1_711' title='bbox 1925 2798 2169 2861; x_wconf 82' lang='lat' dir='ltr'><strong>lectionis</strong></span> <span class='ocrx_word' id='word_1_712' title='bbox 2192 2804 2209 2839; x_wconf 77' lang='grc'><strong>¹</strong></span> <span class='ocrx_word' id='word_1_713' title='bbox 2240 2808 2492 2864; x_wconf 89' lang='lat' dir='ltr'><strong>ostendit.</strong></span> <span class='ocrx_word' id='word_1_714' title='bbox 2525 2804 2861 2880; x_wconf 88' lang='lat' dir='ltr'><strong>Loquebatur</strong></span> <span class='ocrx_word' id='word_1_715' title='bbox 2889 2810 3030 2865; x_wconf 90' lang='lat' dir='ltr'><strong>enim</strong></span> <span class='ocrx_word' id='word_1_716' title='bbox 3062 2808 3130 2865; x_wconf 91' lang='lat' dir='ltr'><strong>de</strong></span> <span class='ocrx_word' id='word_1_717' title='bbox 3158 2810 3395 2882; x_wconf 87' lang='lat' dir='ltr'><strong>reliquiis</strong></span> <span class='ocrx_word' id='word_1_718' title='bbox 3418 2811 3513 2868; x_wconf 81' lang='lat' dir='ltr'><strong>Ju-</strong></span> 
     </span>
    </p>
   </div>
   <div class='ocr_carea' id='block_1_88' title="bbox 1924 2888 3509 2971">
    <p class='ocr_par' dir='ltr' id='par_1_88' title="bbox 1924 2888 3509 2971">
     <span class='ocr_line' id='line_1_88' title="bbox 1924 2888 3509 2971; baseline 0.004 -21"><span class='ocrx_word' id='word_1_719' title='bbox 1924 2894 2162 2951; x_wconf 67' lang='lat' dir='ltr'><strong>dteorum</strong></span> <span class='ocrx_word' id='word_1_720' title='bbox 2184 2940 2199 2962; x_wconf 95' lang='lat'><strong>,</strong></span> <span class='ocrx_word' id='word_1_721' title='bbox 2226 2915 2345 2969; x_wconf 83' lang='lat' dir='ltr'><strong>quae</strong></span> <span class='ocrx_word' id='word_1_722' title='bbox 2369 2896 2529 2954; x_wconf 65' lang='lat' dir='ltr'><strong>salvae</strong></span> <span class='ocrx_word' id='word_1_723' title='bbox 2555 2898 2707 2955; x_wconf 70' lang='lat' dir='ltr'><strong>iaette</strong></span> <span class='ocrx_word' id='word_1_724' title='bbox 2728 2908 2851 2955; x_wconf 87' lang='lat' dir='ltr'><strong>sunt</strong></span> <span class='ocrx_word' id='word_1_725' title='bbox 2870 2943 2883 2968; x_wconf 97' lang='lat'><strong>,</strong></span> <span class='ocrx_word' id='word_1_726' title='bbox 2914 2888 3258 2971; x_wconf 78' lang='lat' dir='ltr'><strong>pereuntibus</strong></span> <span class='ocrx_word' id='word_1_727' title='bbox 3281 2898 3509 2957; x_wconf 68' lang='lat' dir='ltr'><strong>caeteris;</strong></span> 
     </span>
    </p>
   </div>
   <div class='ocr_carea' id='block_1_89' title="bbox 1922 2980 3509 3065">
    <p class='ocr_par' dir='ltr' id='par_1_89' title="bbox 1922 2980 3509 3065">
     <span class='ocr_line' id='line_1_89' title="bbox 1922 2980 3509 3065; baseline 0.003 -19"><span class='ocrx_word' id='word_1_728' title='bbox 1922 2989 2056 3046; x_wconf 83' lang='lat' dir='ltr'><strong>Nam</strong></span> <span class='ocrx_word' id='word_1_729' title='bbox 2086 2990 2332 3061; x_wconf 88' lang='lat' dir='ltr'><strong>superius</strong></span> <span class='ocrx_word' id='word_1_730' title='bbox 2357 2980 2599 3059; x_wconf 80' lang='lat' dir='ltr'><strong>dixerat,</strong></span> <span class='ocrx_word' id='word_1_731' title='bbox 2627 2992 2693 3047; x_wconf 89' lang='lat' dir='ltr'><strong>ad</strong></span> <span class='ocrx_word' id='word_1_732' title='bbox 2738 2992 2901 3050; x_wconf 91' lang='lat' dir='ltr'><strong>lsrael</strong></span> <span class='ocrx_word' id='word_1_733' title='bbox 2926 2993 3125 3049; x_wconf 82' lang='lat' dir='ltr'><strong>dixisse</strong></span> <span class='ocrx_word' id='word_1_734' title='bbox 3152 2988 3466 3065; x_wconf 65' lang='lat' dir='ltr'><strong>prophetam</strong></span> <span class='ocrx_word' id='word_1_735' title='bbox 3491 3036 3509 3065; x_wconf 95' lang='lat'><strong>,</strong></span> 
     </span>
    </p>
   </div>
   <div class='ocr_carea' id='block_1_90' title="bbox 1926 3080 3512 3156">
    <p class='ocr_par' dir='ltr' id='par_1_90' title="bbox 1926 3080 3512 3156">
     <span class='ocr_line' id='line_1_90' title="bbox 1926 3080 3512 3156; baseline 0.003 -20"><span class='ocrx_word' id='word_1_736' title='bbox 1926 3080 2053 3137; x_wconf 89' lang='lat' dir='ltr'><strong>Tota</strong></span> <span class='ocrx_word' id='word_1_737' title='bbox 2078 3084 2159 3136; x_wconf 86' lang='lat' dir='ltr'><strong>die</strong></span> <span class='ocrx_word' id='word_1_738' title='bbox 2181 3084 2380 3137; x_wconf 74' lang='lat' dir='ltr'><strong>extendi</strong></span> <span class='ocrx_word' id='word_1_739' title='bbox 2403 3100 2582 3139; x_wconf 83' lang='lat' dir='ltr'><strong>manus</strong></span> <span class='ocrx_word' id='word_1_740' title='bbox 2602 3101 2737 3139; x_wconf 87' lang='lat' dir='ltr'><strong>meas</strong></span> <span class='ocrx_word' id='word_1_741' title='bbox 2756 3083 2824 3137; x_wconf 89' lang='lat' dir='ltr'><strong>ad</strong></span> <span class='ocrx_word' id='word_1_742' title='bbox 2845 3084 3088 3156; x_wconf 77' lang='lat' dir='ltr'><strong>populum</strong></span> <span class='ocrx_word' id='word_1_743' title='bbox 3109 3100 3207 3138; x_wconf 86' lang='lat' dir='ltr'><strong>non</strong></span> <span class='ocrx_word' id='word_1_744' title='bbox 3230 3083 3512 3140; x_wconf 76' lang='lat' dir='ltr'><strong>credenlem</strong></span> 
     </span>
    </p>
   </div>
   <div class='ocr_carea' id='block_1_91' title="bbox 1922 3170 3514 3245">
    <p class='ocr_par' dir='ltr' id='par_1_91' title="bbox 1922 3170 3514 3245">
     <span class='ocr_line' id='line_1_91' title="bbox 1922 3170 3514 3245; baseline 0.001 -17"><span class='ocrx_word' id='word_1_745' title='bbox 1922 3183 1971 3229; x_wconf 89' lang='lat' dir='ltr'><strong>et</strong></span> <span class='ocrx_word' id='word_1_746' title='bbox 1993 3174 2414 3229; x_wconf 85' lang='lat' dir='ltr'><strong>contradicentem</strong></span> <span class='ocrx_word' id='word_1_747' title='bbox 2433 3182 2520 3229; x_wconf 91' lang='lat' dir='ltr'><strong>:et</strong></span> <span class='ocrx_word' id='word_1_748' title='bbox 2538 3178 2787 3245; x_wconf 88' lang='lat' dir='ltr'><strong>tanquam</strong></span> <span class='ocrx_word' id='word_1_749' title='bbox 2811 3173 3243 3245; x_wconf 79' lang='lat' dir='ltr'><strong>reSpOnderctnr,</strong></span> <span class='ocrx_word' id='word_1_750' title='bbox 3269 3170 3365 3230; x_wconf 83' lang='lat' dir='ltr'><strong>Ubi</strong></span> <span class='ocrx_word' id='word_1_751' title='bbox 3387 3178 3514 3231; x_wconf 67' lang='lat' dir='ltr'><strong>Sunt</strong></span> 
     </span>
    </p>
   </div>
   <div class='ocr_carea' id='block_1_92' title="bbox 1924 3258 3516 3342">
    <p class='ocr_par' dir='ltr' id='par_1_92' title="bbox 1924 3258 3516 3342">
     <span class='ocr_line' id='line_1_92' title="bbox 1924 3258 3516 3342; baseline 0.001 -19"><span class='ocrx_word' id='word_1_752' title='bbox 1924 3284 2049 3337; x_wconf 78' lang='lat' dir='ltr'><strong>ergo</strong></span> <span class='ocrx_word' id='word_1_753' title='bbox 2080 3268 2233 3325; x_wconf 70' lang='lat' dir='ltr'><strong>facta:</strong></span> <span class='ocrx_word' id='word_1_754' title='bbox 2255 3269 2638 3342; x_wconf 90' lang='lat' dir='ltr'><strong>promissiones</strong></span> <span class='ocrx_word' id='word_1_755' title='bbox 2665 3268 2755 3325; x_wconf 87' lang='lat' dir='ltr'><strong>Dei</strong></span> <span class='ocrx_word' id='word_1_756' title='bbox 2781 3268 2847 3324; x_wconf 91' lang='lat' dir='ltr'><strong>ad</strong></span> <span class='ocrx_word' id='word_1_757' title='bbox 2875 3258 3077 3324; x_wconf 84' lang='lat' dir='ltr'><strong>lsraei?</strong></span> <span class='ocrx_word' id='word_1_758' title='bbox 3105 3266 3363 3324; x_wconf 81' lang='lat' dir='ltr'><strong>continuo</strong></span> <span class='ocrx_word' id='word_1_759' title='bbox 3386 3268 3516 3325; x_wconf 79' lang='lat' dir='ltr'><strong>sub-</strong></span> 
     </span>
    </p>
   </div>
   <div class='ocr_carea' id='block_1_93' title="bbox 1920 3356 3518 3434">
    <p class='ocr_par' dir='ltr' id='par_1_93' title="bbox 1920 3356 3518 3434">
     <span class='ocr_line' id='line_1_93' title="bbox 1920 3356 3518 3434; baseline 0.001 -20"><span class='ocrx_word' id='word_1_760' title='bbox 1920 3356 2113 3431; x_wconf 83' lang='lat' dir='ltr'><strong>junxit,</strong></span> <span class='ocrx_word' id='word_1_761' title='bbox 2136 3358 2267 3415; x_wconf 88' lang='lat' dir='ltr'><strong>Dico</strong></span> <span class='ocrx_word' id='word_1_762' title='bbox 2289 3378 2428 3433; x_wconf 90' lang='lat' dir='ltr'><strong>ergo,</strong></span> <span class='ocrx_word' id='word_1_763' title='bbox 2451 3360 2716 3434; x_wconf 84' lang='lat' dir='ltr'><strong>Numquid</strong></span> <span class='ocrx_word' id='word_1_764' title='bbox 2739 3361 2926 3431; x_wconf 83' lang='lat' dir='ltr'><strong>repulit</strong></span> <span class='ocrx_word' id='word_1_765' title='bbox 2950 3358 3088 3414; x_wconf 83' lang='lat' dir='ltr'><strong>Deus</strong></span> <span class='ocrx_word' id='word_1_766' title='bbox 3109 3360 3301 3432; x_wconf 84' lang='lat' dir='ltr'><strong>plebem</strong></span> <span class='ocrx_word' id='word_1_767' title='bbox 3321 3364 3469 3415; x_wconf 70' lang='lat' dir='ltr'><strong>suam</strong></span> <span class='ocrx_word' id='word_1_768' title='bbox 3488 3359 3518 3416; x_wconf 67' lang='grc' dir='ltr'><strong>Ρ</strong></span> 
     </span>
    </p>
   </div>
   <div class='ocr_carea' id='block_1_94' title="bbox 1922 3440 3511 3525">
    <p class='ocr_par' dir='ltr' id='par_1_94' title="bbox 1922 3440 3511 3525">
     <span class='ocr_line' id='line_1_94' title="bbox 1922 3440 3511 3525; baseline 0 -19"><span class='ocrx_word' id='word_1_769' title='bbox 1922 3440 2064 3506; x_wconf 64' lang='lat' dir='ltr'><strong>Absit</strong></span> <span class='ocrx_word' id='word_1_770' title='bbox 2096 3448 2114 3507; x_wconf 67' lang='grc' dir='ltr'><strong><em>ὲ</em></strong></span> <span class='ocrx_word' id='word_1_771' title='bbox 2144 3470 2263 3507; x_wconf 86' lang='lat' dir='ltr'><strong>nant</strong></span> <span class='ocrx_word' id='word_1_772' title='bbox 2301 3461 2346 3506; x_wconf 87' lang='lat' dir='ltr'><strong>et</strong></span> <span class='ocrx_word' id='word_1_773' title='bbox 2385 3469 2476 3525; x_wconf 89' lang='lat' dir='ltr'><strong>ego</strong></span> <span class='ocrx_word' id='word_1_774' title='bbox 2500 3452 2739 3507; x_wconf 80' lang='lat' dir='ltr'><strong>Israelita</strong></span> <span class='ocrx_word' id='word_1_775' title='bbox 2775 3456 2888 3507; x_wconf 80' lang='lat' dir='ltr'><strong>sum</strong></span> <span class='ocrx_word' id='word_1_776' title='bbox 2926 3446 2989 3507; x_wconf 72' lang='lat' dir='ltr'><strong>ex</strong></span> <span class='ocrx_word' id='word_1_777' title='bbox 3004 3448 3196 3507; x_wconf 76' lang='lat' dir='ltr'><strong>semine</strong></span> <span class='ocrx_word' id='word_1_778' title='bbox 3215 3450 3511 3522; x_wconf 72' lang='lat' dir='ltr'><strong>Abraham;</strong></span> 
     </span>
    </p>
   </div>
   <div class='ocr_carea' id='block_1_95' title="bbox 1925 3538 3515 3616">
    <p class='ocr_par' dir='ltr' id='par_1_95' title="bbox 1925 3538 3515 3616">
     <span class='ocr_line' id='line_1_95' title="bbox 1925 3538 3515 3616; baseline 0.001 -19"><span class='ocrx_word' id='word_1_779' title='bbox 1925 3540 2056 3599; x_wconf 87' lang='lat' dir='ltr'><strong>tribu</strong></span> <span class='ocrx_word' id='word_1_780' title='bbox 2077 3543 2378 3616; x_wconf 80' lang='lat' dir='ltr'><strong>Benjamin&#39;</strong></span> <span class='ocrx_word' id='word_1_781' title='bbox 2406 3563 2420 3599; x_wconf 90' lang='lat'><strong>:</strong></span> <span class='ocrx_word' id='word_1_782' title='bbox 2446 3546 2694 3615; x_wconf 81' lang='lat' dir='ltr'><strong>tanquam</strong></span> <span class='ocrx_word' id='word_1_783' title='bbox 2722 3538 2946 3611; x_wconf 77' lang='lat' dir='ltr'><strong>dicerei,</strong></span> <span class='ocrx_word' id='word_1_784' title='bbox 2966 3542 3097 3599; x_wconf 87' lang='lat' dir='ltr'><strong>Nam</strong></span> <span class='ocrx_word' id='word_1_785' title='bbox 3124 3544 3178 3598; x_wconf 85' lang='lat' dir='ltr'><strong>et</strong></span> <span class='ocrx_word' id='word_1_786' title='bbox 3192 3548 3297 3614; x_wconf 80' lang='lat' dir='ltr'><strong>’ego</strong></span> <span class='ocrx_word' id='word_1_787' title='bbox 3313 3558 3379 3599; x_wconf 84' lang='lat' dir='ltr'><strong>ex</strong></span> <span class='ocrx_word' id='word_1_788' title='bbox 3400 3544 3515 3614; x_wconf 82' lang='lat' dir='ltr'><strong>ipsa</strong></span> 
     </span>
    </p>
   </div>
   <div class='ocr_carea' id='block_1_96' title="bbox 1925 3626 3515 3706">
    <p class='ocr_par' dir='ltr' id='par_1_96' title="bbox 1925 3626 3515 3706">
     <span class='ocr_line' id='line_1_96' title="bbox 1925 3626 3515 3706; baseline -0.001 -15"><span class='ocrx_word' id='word_1_789' title='bbox 1925 3626 2080 3706; x_wconf 88' lang='lat' dir='ltr'><strong>plebe</strong></span> <span class='ocrx_word' id='word_1_790' title='bbox 2108 3648 2248 3692; x_wconf 90' lang='lat' dir='ltr'><strong>sum.</strong></span> <span class='ocrx_word' id='word_1_791' title='bbox 2284 3636 2486 3692; x_wconf 86' lang='lat' dir='ltr'><strong>Deinde</strong></span> <span class='ocrx_word' id='word_1_792' title='bbox 2515 3634 2718 3691; x_wconf 89' lang='lat' dir='ltr'><strong>addidit</strong></span> <span class='ocrx_word' id='word_1_793' title='bbox 2747 3634 2885 3690; x_wconf 91' lang='lat' dir='ltr'><strong>unde</strong></span> <span class='ocrx_word' id='word_1_794' title='bbox 2929 3644 3070 3690; x_wconf 85' lang='lat' dir='ltr'><strong>nunc</strong></span> <span class='ocrx_word' id='word_1_795' title='bbox 3098 3635 3303 3706; x_wconf 80' lang='lat' dir='ltr'><strong>agimus</strong></span> <span class='ocrx_word' id='word_1_796' title='bbox 3326 3677 3341 3702; x_wconf 97' lang='lat'><strong>,</strong></span> <span class='ocrx_word' id='word_1_797' title='bbox 3389 3633 3515 3691; x_wconf 70' lang='lat' dir='ltr'><strong>Non</strong></span> 
     </span>
    </p>
   </div>
   <div class='ocr_carea' id='block_1_97' title="bbox 1923 3726 3516 3805">
    <p class='ocr_par' dir='ltr' id='par_1_97' title="bbox 1923 3726 3516 3805">
     <span class='ocr_line' id='line_1_97' title="bbox 1923 3726 3516 3805; baseline -0.002 -18"><span class='ocrx_word' id='word_1_798' title='bbox 1923 3728 2108 3805; x_wconf 76' lang='lat' dir='ltr'><strong>repulit</strong></span> <span class='ocrx_word' id='word_1_799' title='bbox 2133 3726 2267 3787; x_wconf 85' lang='lat' dir='ltr'><strong>Deus</strong></span> <span class='ocrx_word' id='word_1_800' title='bbox 2290 3731 2484 3803; x_wconf 86' lang='lat' dir='ltr'><strong>plebem</strong></span> <span class='ocrx_word' id='word_1_801' title='bbox 2505 3748 2669 3797; x_wconf 88' lang='lat' dir='ltr'><strong>suam,</strong></span> <span class='ocrx_word' id='word_1_802' title='bbox 2690 3747 2842 3801; x_wconf 83' lang='lat' dir='ltr'><strong>quant</strong></span> <span class='ocrx_word' id='word_1_803' title='bbox 2863 3729 3134 3800; x_wconf 68' lang='lat' dir='ltr'><strong>prazseivit.</strong></span> <span class='ocrx_word' id='word_1_804' title='bbox 3159 3730 3332 3800; x_wconf 87' lang='lat' dir='ltr'><strong>Atque</strong></span> <span class='ocrx_word' id='word_1_805' title='bbox 3350 3726 3410 3784; x_wconf 79' lang='lat' dir='ltr'><strong>iit</strong></span> <span class='ocrx_word' id='word_1_806' title='bbox 3429 3740 3516 3784; x_wconf 86' lang='lat' dir='ltr'><strong>os-</strong></span> 
     </span>
    </p>
   </div>
   <div class='ocr_carea' id='block_1_98' title="bbox 1928 3812 3515 3895">
    <p class='ocr_par' dir='ltr' id='par_1_98' title="bbox 1928 3812 3515 3895">
     <span class='ocr_line' id='line_1_98' title="bbox 1928 3812 3515 3895; baseline -0.003 -16"><span class='ocrx_word' id='word_1_807' title='bbox 1928 3825 2172 3881; x_wconf 86' lang='lat' dir='ltr'><strong>tenderet</strong></span> <span class='ocrx_word' id='word_1_808' title='bbox 2195 3820 2285 3879; x_wconf 91' lang='lat' dir='ltr'><strong>Dei</strong></span> <span class='ocrx_word' id='word_1_809' title='bbox 2310 3823 2481 3895; x_wconf 76' lang='lat' dir='ltr'><strong>gratia</strong></span> <span class='ocrx_word' id='word_1_810' title='bbox 2514 3822 2675 3876; x_wconf 82' lang='lat' dir='ltr'><strong>fuisse</strong></span> <span class='ocrx_word' id='word_1_811' title='bbox 2700 3820 2912 3876; x_wconf 72' lang='lat' dir='ltr'><strong>relictas</strong></span> <span class='ocrx_word' id='word_1_812' title='bbox 2935 3812 3187 3891; x_wconf 81' lang='lat' dir='ltr'><strong>reliquias</strong></span> <span class='ocrx_word' id='word_1_813' title='bbox 3206 3862 3221 3888; x_wconf 94' lang='lat'><strong>,</strong></span> <span class='ocrx_word' id='word_1_814' title='bbox 3252 3834 3356 3873; x_wconf 91' lang='lat' dir='ltr'><strong>non</strong></span> <span class='ocrx_word' id='word_1_815' title='bbox 3395 3833 3515 3875; x_wconf 86' lang='lat' dir='ltr'><strong>me-</strong></span> 
     </span>
    </p>
   </div>
   <div class='ocr_carea' id='block_1_99' title="bbox 1924 3904 3515 3988">
    <p class='ocr_par' dir='ltr' id='par_1_99' title="bbox 1924 3904 3515 3988">
     <span class='ocr_line' id='line_1_99' title="bbox 1924 3904 3515 3988; baseline -0.006 -14"><span class='ocrx_word' id='word_1_816' title='bbox 1924 3918 2042 3974; x_wconf 84' lang='lat' dir='ltr'><strong>ritis</strong></span> <span class='ocrx_word' id='word_1_817' title='bbox 2067 3933 2287 3988; x_wconf 84' lang='lat' dir='ltr'><strong>Operum</strong></span> <span class='ocrx_word' id='word_1_818' title='bbox 2314 3931 2534 3979; x_wconf 87' lang='lat' dir='ltr'><strong>eorum,</strong></span> <span class='ocrx_word' id='word_1_819' title='bbox 2566 3908 2782 3969; x_wconf 82' lang='lat' dir='ltr'><strong>secutus</strong></span> <span class='ocrx_word' id='word_1_820' title='bbox 2806 3910 3050 3981; x_wconf 74' lang='lat' dir='ltr'><strong>adiunxit</strong></span> <span class='ocrx_word' id='word_1_821' title='bbox 3071 3953 3085 3977; x_wconf 92' lang='lat'><strong>,</strong></span> <span class='ocrx_word' id='word_1_822' title='bbox 3117 3904 3196 3966; x_wconf 77' lang='lat' dir='ltr'><strong>An</strong></span> <span class='ocrx_word' id='word_1_823' title='bbox 3224 3911 3423 3966; x_wconf 75' lang='lat' dir='ltr'><strong>nescitis</strong></span> <span class='ocrx_word' id='word_1_824' title='bbox 3457 3908 3515 3966; x_wconf 66' lang='lat' dir='ltr'><strong>ﬁt</strong></span> 
     </span>
    </p>
   </div>
   <div class='ocr_carea' id='block_1_100' title="bbox 1926 3994 3516 4080">
    <p class='ocr_par' dir='ltr' id='par_1_100' title="bbox 1926 3994 3516 4080">
     <span class='ocr_line' id='line_1_100' title="bbox 1926 3994 3516 4080; baseline -0.005 -15"><span class='ocrx_word' id='word_1_825' title='bbox 1926 4009 2046 4065; x_wconf 86' lang='lat' dir='ltr'><strong>Elia</strong></span> <span class='ocrx_word' id='word_1_826' title='bbox 2083 4009 2204 4080; x_wconf 87' lang='lat' dir='ltr'><strong>quid</strong></span> <span class='ocrx_word' id='word_1_827' title='bbox 2246 4006 2367 4062; x_wconf 75' lang='lat' dir='ltr'><strong>dicit</strong></span> <span class='ocrx_word' id='word_1_828' title='bbox 2410 4006 2717 4078; x_wconf 84' lang='lat' dir='ltr'><strong>Scriptura;</strong></span> <span class='ocrx_word' id='word_1_829' title='bbox 2765 3994 3191 4076; x_wconf 74' lang='lat' dir='ltr'><strong>queritadmodum</strong></span> <span class='ocrx_word' id='word_1_830' title='bbox 3228 4001 3516 4073; x_wconf 71' lang='lat' dir='ltr'><strong>interpella!</strong></span> 
     </span>
    </p>
   </div>
   <div class='ocr_carea' id='block_1_101' title="bbox 1928 4084 3520 4167">
    <p class='ocr_par' dir='ltr' id='par_1_101' title="bbox 1928 4084 3520 4167">
     <span class='ocr_line' id='line_1_101' title="bbox 1928 4084 3520 4167; baseline -0.004 -9"><span class='ocrx_word' id='word_1_831' title='bbox 1928 4104 2092 4158; x_wconf 90' lang='lat' dir='ltr'><strong>Deum</strong></span> <span class='ocrx_word' id='word_1_832' title='bbox 2111 4103 2349 4157; x_wconf 83' lang='lat' dir='ltr'><strong>adversus</strong></span> <span class='ocrx_word' id='word_1_833' title='bbox 2372 4098 2573 4154; x_wconf 78' lang='lat' dir='ltr'><strong>Israel?</strong></span> <span class='ocrx_word' id='word_1_834' title='bbox 2589 4088 2641 4153; x_wconf 81' lang='lat' dir='ltr'><strong>et</strong></span> <span class='ocrx_word' id='word_1_835' title='bbox 2664 4084 2879 4155; x_wconf 67' lang='lat' dir='ltr'><strong>callent.</strong></span> <span class='ocrx_word' id='word_1_836' title='bbox 2908 4096 3014 4152; x_wconf 85' lang='lat' dir='ltr'><strong>Sed</strong></span> <span class='ocrx_word' id='word_1_837' title='bbox 3034 4096 3158 4167; x_wconf 83' lang='lat' dir='ltr'><strong>quid</strong></span> <span class='ocrx_word' id='word_1_838' title='bbox 3178 4097 3298 4151; x_wconf 79' lang='lat' dir='ltr'><strong>dicit</strong></span> <span class='ocrx_word' id='word_1_839' title='bbox 3319 4094 3415 4162; x_wconf 81' lang='lat' dir='ltr'><strong>illi,</strong></span> <span class='ocrx_word' id='word_1_840' title='bbox 3434 4094 3520 4151; x_wconf 69' lang='lat' dir='ltr'><strong>itf-</strong></span> 
     </span>
    </p>
   </div>
   <div class='ocr_carea' id='block_1_102' title="bbox 1926 4186 3517 4268">
    <p class='ocr_par' dir='ltr' id='par_1_102' title="bbox 1926 4186 3517 4268">
     <span class='ocr_line' id='line_1_102' title="bbox 1926 4186 3517 4268; baseline -0.004 -18"><span class='ocrx_word' id='word_1_841' title='bbox 1926 4197 2056 4268; x_wconf 87' lang='lat' dir='ltr'><strong>quit,</strong></span> <span class='ocrx_word' id='word_1_842' title='bbox 2080 4200 2376 4266; x_wconf 80' lang='lat' dir='ltr'><strong>responsum</strong></span> <span class='ocrx_word' id='word_1_843' title='bbox 2397 4188 2658 4247; x_wconf 78' lang='lat' dir='ltr'><strong>divinum?</strong></span> <span class='ocrx_word' id='word_1_844' title='bbox 2676 4186 2880 4262; x_wconf 81' lang='lat' dir='ltr'><strong>Reliqui</strong></span> <span class='ocrx_word' id='word_1_845' title='bbox 2902 4187 3030 4244; x_wconf 74' lang='lat' dir='ltr'><strong>inihi</strong></span> <span class='ocrx_word' id='word_1_846' title='bbox 3049 4200 3235 4261; x_wconf 82' lang='lat' dir='ltr'><strong>septem</strong></span> <span class='ocrx_word' id='word_1_847' title='bbox 3257 4188 3417 4243; x_wconf 73' lang='lat' dir='ltr'><strong>millia</strong></span> <span class='ocrx_word' id='word_1_848' title='bbox 3441 4188 3517 4243; x_wconf 81' lang='lat' dir='ltr'><strong>vi-</strong></span> 
     </span>
    </p>
   </div>
   <div class='ocr_carea' id='block_1_103' title="bbox 1924 4276 3514 4359">
    <p class='ocr_par' dir='ltr' id='par_1_103' title="bbox 1924 4276 3514 4359">
     <span class='ocr_line' id='line_1_103' title="bbox 1924 4276 3514 4359; baseline -0.008 -15"><span class='ocrx_word' id='word_1_849' title='bbox 1924 4305 2101 4344; x_wconf 88' lang='lat' dir='ltr'><strong>rorum</strong></span> <span class='ocrx_word' id='word_1_850' title='bbox 2120 4329 2133 4350; x_wconf 86' lang='lat'><strong>,</strong></span> <span class='ocrx_word' id='word_1_851' title='bbox 2160 4288 2245 4359; x_wconf 88' lang='lat' dir='ltr'><strong>qui</strong></span> <span class='ocrx_word' id='word_1_852' title='bbox 2270 4302 2369 4340; x_wconf 85' lang='lat' dir='ltr'><strong>non</strong></span> <span class='ocrx_word' id='word_1_853' title='bbox 2393 4276 2724 4339; x_wconf 64' lang='lat' dir='ltr'><strong>curva’vefuri’t</strong></span> <span class='ocrx_word' id='word_1_854' title='bbox 2757 4297 2887 4352; x_wconf 87' lang='lat' dir='ltr'><strong>genu</strong></span> <span class='ocrx_word' id='word_1_855' title='bbox 2923 4288 3038 4334; x_wconf 82' lang='lat' dir='ltr'><strong>ante</strong></span> <span class='ocrx_word' id='word_1_856' title='bbox 3060 4276 3207 4334; x_wconf 76' lang='lat' dir='ltr'><strong>Baal.</strong></span> <span class='ocrx_word' id='word_1_857' title='bbox 3233 4278 3344 4334; x_wconf 70' lang='lat' dir='ltr'><strong>Non</strong></span> <span class='ocrx_word' id='word_1_858' title='bbox 3368 4279 3514 4334; x_wconf 61' lang='lat' dir='ltr'><strong>cnim</strong></span> 
     </span>
    </p>
   </div>
   <div class='ocr_carea' id='block_1_104' title="bbox 1926 4371 3511 4446">
    <p class='ocr_par' dir='ltr' id='par_1_104' title="bbox 1926 4371 3511 4446">
     <span class='ocr_line' id='line_1_104' title="bbox 1926 4371 3511 4446; baseline -0.007 -10"><span class='ocrx_word' id='word_1_859' title='bbox 1926 4382 2020 4446; x_wconf 91' lang='lat' dir='ltr'><strong>ait,</strong></span> <span class='ocrx_word' id='word_1_860' title='bbox 2047 4374 2248 4435; x_wconf 84' lang='lat' dir='ltr'><strong>Relicta</strong></span> <span class='ocrx_word' id='word_1_861' title='bbox 2276 4386 2399 4432; x_wconf 90' lang='lat' dir='ltr'><strong>sunt</strong></span> <span class='ocrx_word' id='word_1_862' title='bbox 2422 4374 2579 4441; x_wconf 87' lang='lat' dir='ltr'><strong>mihi;</strong></span> <span class='ocrx_word' id='word_1_863' title='bbox 2605 4384 2716 4442; x_wconf 92' lang='lat' dir='ltr'><strong>aut,</strong></span> <span class='ocrx_word' id='word_1_864' title='bbox 2744 4374 3091 4444; x_wconf 80' lang='lat' dir='ltr'><strong>Reliquerunt</strong></span> <span class='ocrx_word' id='word_1_865' title='bbox 3117 4388 3175 4428; x_wconf 89' lang='lat' dir='ltr'><strong>sc</strong></span> <span class='ocrx_word' id='word_1_866' title='bbox 3202 4372 3331 4427; x_wconf 87' lang='lat' dir='ltr'><strong>mihi</strong></span> <span class='ocrx_word' id='word_1_867' title='bbox 3357 4389 3369 4425; x_wconf 86' lang='lat'><strong>:</strong></span> <span class='ocrx_word' id='word_1_868' title='bbox 3394 4371 3511 4437; x_wconf 79' lang='lat' dir='ltr'><strong>&#39;sed;</strong></span> 
     </span>
    </p>
   </div>
   <div class='ocr_carea' id='block_1_105' title="bbox 1926 4454 3517 4547">
    <p class='ocr_par' dir='ltr' id='par_1_105' title="bbox 1926 4454 3517 4547">
     <span class='ocr_line' id='line_1_105' title="bbox 1926 4454 3517 4547; baseline -0.008 -17"><span class='ocrx_word' id='word_1_869' title='bbox 1926 4460 2106 4547; x_wconf 85' lang='lat' dir='ltr'><strong>reliqui</strong></span> <span class='ocrx_word' id='word_1_870' title='bbox 2128 4470 2270 4525; x_wconf 80' lang='lat' dir='ltr'><strong>mihi.</strong></span> <span class='ocrx_word' id='word_1_871' title='bbox 2296 4454 2384 4526; x_wconf 86' lang='lat' dir='ltr'><strong>Sic</strong></span> <span class='ocrx_word' id='word_1_872' title='bbox 2406 4486 2541 4547; x_wconf 83' lang='lat' dir='ltr'><strong>ergo,</strong></span> <span class='ocrx_word' id='word_1_873' title='bbox 2574 4462 2762 4547; x_wconf 78' lang='lat' dir='ltr'><strong>inquit,</strong></span> <span class='ocrx_word' id='word_1_874' title='bbox 2792 4475 2837 4521; x_wconf 88' lang='lat' dir='ltr'><strong>et</strong></span> <span class='ocrx_word' id='word_1_875' title='bbox 2862 4467 2914 4519; x_wconf 88' lang='lat' dir='ltr'><strong>in</strong></span> <span class='ocrx_word' id='word_1_876' title='bbox 2938 4465 3031 4519; x_wconf 69' lang='lat' dir='ltr'><strong>hoc</strong></span> <span class='ocrx_word' id='word_1_877' title='bbox 3052 4475 3273 4536; x_wconf 86' lang='lat' dir='ltr'><strong>tempore</strong></span> <span class='ocrx_word' id='word_1_878' title='bbox 3291 4464 3517 4533; x_wconf 66' lang='lat' dir='ltr'><strong>reliquias</strong></span> 
     </span>
    </p>
   </div>
   <div class='ocr_carea' id='block_1_106' title="bbox 1928 4546 3520 4640">
    <p class='ocr_par' dir='ltr' id='par_1_106' title="bbox 1928 4546 3520 4640">
     <span class='ocr_line' id='line_1_106' title="bbox 1928 4546 3520 4640; baseline -0.008 -17"><span class='ocrx_word' id='word_1_879' title='bbox 1928 4585 2017 4640; x_wconf 85' lang='lat' dir='ltr'><strong>per</strong></span> <span class='ocrx_word' id='word_1_880' title='bbox 2035 4546 2325 4622; x_wconf 87' lang='lat' dir='ltr'><strong>electionem</strong></span> <span class='ocrx_word' id='word_1_881' title='bbox 2345 4546 2522 4634; x_wconf 66' lang='lat' dir='ltr'><strong>gratim</strong></span> <span class='ocrx_word' id='word_1_882' title='bbox 2540 4550 2562 4592; x_wconf 66' lang='grc'><strong><em>³</em></strong></span> <span class='ocrx_word' id='word_1_883' title='bbox 2593 4546 2741 4632; x_wconf 72' lang='lat' dir='ltr'><strong>facta:</strong></span> <span class='ocrx_word' id='word_1_884' title='bbox 2758 4568 2895 4613; x_wconf 86' lang='lat' dir='ltr'><strong>sunt.</strong></span> <span class='ocrx_word' id='word_1_885' title='bbox 2923 4557 2983 4612; x_wconf 90' lang='lat' dir='ltr'><strong>Si</strong></span> <span class='ocrx_word' id='word_1_886' title='bbox 3004 4556 3168 4611; x_wconf 77' lang='lat' dir='ltr'><strong>autent</strong></span> <span class='ocrx_word' id='word_1_887' title='bbox 3191 4558 3353 4627; x_wconf 89' lang='lat' dir='ltr'><strong>gratia</strong></span> <span class='ocrx_word' id='word_1_888' title='bbox 3373 4597 3389 4623; x_wconf 97' lang='lat'><strong>,</strong></span> <span class='ocrx_word' id='word_1_889' title='bbox 3405 4559 3520 4628; x_wconf 83' lang='lat' dir='ltr'><strong>jam</strong></span> 
     </span>
    </p>
   </div>
   <div class='ocr_carea' id='block_1_107' title="bbox 1929 4642 3573 4728">
    <p class='ocr_par' dir='ltr' id='par_1_107' title="bbox 1929 4642 3573 4728">
     <span class='ocr_line' id='line_1_107' title="bbox 1929 4642 3573 4728; baseline -0.007 -13"><span class='ocrx_word' id='word_1_890' title='bbox 1929 4676 2031 4714; x_wconf 88' lang='lat' dir='ltr'><strong>non</strong></span> <span class='ocrx_word' id='word_1_891' title='bbox 2053 4675 2115 4714; x_wconf 80' lang='lat' dir='ltr'><strong>ea:</strong></span> <span class='ocrx_word' id='word_1_892' title='bbox 2147 4655 2417 4728; x_wconf 85' lang='lat' dir='ltr'><strong>operibus;</strong></span> <span class='ocrx_word' id='word_1_893' title='bbox 2446 4652 2672 4723; x_wconf 86' lang='lat' dir='ltr'><strong>alioquin</strong></span> <span class='ocrx_word' id='word_1_894' title='bbox 2704 4651 2867 4723; x_wconf 87' lang='lat' dir='ltr'><strong>gratia</strong></span> <span class='ocrx_word' id='word_1_895' title='bbox 2879 4650 2993 4722; x_wconf 89' lang='lat' dir='ltr'><strong>jam</strong></span> <span class='ocrx_word' id='word_1_896' title='bbox 3029 4666 3127 4703; x_wconf 88' lang='lat' dir='ltr'><strong>non</strong></span> <span class='ocrx_word' id='word_1_897' title='bbox 3148 4659 3221 4703; x_wconf 91' lang='lat' dir='ltr'><strong>est</strong></span> <span class='ocrx_word' id='word_1_898' title='bbox 3242 4650 3427 4720; x_wconf 88' lang='lat' dir='ltr'><strong>gratia.</strong></span> <span class='ocrx_word' id='word_1_899' title='bbox 3452 4648 3520 4704; x_wconf 80' lang='lat' dir='ltr'><strong>Et</strong></span> <span class='ocrx_word' id='word_1_900' title='bbox 3568 4642 3573 4648; x_wconf 69' lang='grc'><em>’</em></span> 
     </span>
    </p>
   </div>
   <div class='ocr_carea' id='block_1_108' title="bbox 1894 4738 3520 4817">
    <p class='ocr_par' dir='ltr' id='par_1_108' title="bbox 1894 4738 3520 4817">
     <span class='ocr_line' id='line_1_108' title="bbox 1894 4738 3520 4817; baseline -0.009 -8"><span class='ocrx_word' id='word_1_901' title='bbox 1894 4808 1899 4813; x_wconf 90' lang='grc' dir='ltr'><strong> </strong></span> <span class='ocrx_word' id='word_1_902' title='bbox 1929 4757 2253 4808; x_wconf 88' lang='lat' dir='ltr'><strong>connectens</strong></span> <span class='ocrx_word' id='word_1_903' title='bbox 2280 4746 2368 4803; x_wconf 90' lang='lat' dir='ltr'><strong>illa</strong></span> <span class='ocrx_word' id='word_1_904' title='bbox 2393 4762 2510 4817; x_wconf 71' lang='lat' dir='ltr'><strong>qua:</strong></span> <span class='ocrx_word' id='word_1_905' title='bbox 2528 4745 2639 4814; x_wconf 88' lang='lat' dir='ltr'><strong>jam</strong></span> <span class='ocrx_word' id='word_1_906' title='bbox 2664 4757 2821 4811; x_wconf 89' lang='lat' dir='ltr'><strong>supra</strong></span> <span class='ocrx_word' id='word_1_907' title='bbox 2853 4740 3164 4811; x_wconf 82' lang='lat' dir='ltr'><strong>interposui,</strong></span> <span class='ocrx_word' id='word_1_908' title='bbox 3197 4738 3335 4805; x_wconf 74' lang='lat' dir='ltr'><strong>Quid</strong></span> <span class='ocrx_word' id='word_1_909' title='bbox 3354 4756 3473 4811; x_wconf 81' lang='lat' dir='ltr'><strong>ergo</strong></span> <span class='ocrx_word' id='word_1_910' title='bbox 3494 4740 3520 4795; x_wconf 70' lang='lat'><strong>.9</strong></span> 
     </span>
    </p>
   </div>
   <div class='ocr_carea' id='block_1_109' title="bbox 1930 4818 3518 4910">
    <p class='ocr_par' dir='ltr' id='par_1_109' title="bbox 1930 4818 3518 4910">
     <span class='ocr_line' id='line_1_109' title="bbox 1930 4818 3518 4910; baseline -0.01 -7"><span class='ocrx_word' id='word_1_911' title='bbox 1930 4855 1985 4903; x_wconf 89' lang='lat' dir='ltr'><strong>et</strong></span> <span class='ocrx_word' id='word_1_912' title='bbox 2010 4845 2133 4900; x_wconf 85' lang='lat' dir='ltr'><strong>huic</strong></span> <span class='ocrx_word' id='word_1_913' title='bbox 2160 4836 2558 4910; x_wconf 80' lang='lat' dir='ltr'><strong>interrogationi</strong></span> <span class='ocrx_word' id='word_1_914' title='bbox 2588 4834 2936 4906; x_wconf 88' lang='lat' dir='ltr'><strong>respondens,</strong></span> <span class='ocrx_word' id='word_1_915' title='bbox 2964 4833 3112 4900; x_wconf 84' lang='lat' dir='ltr'><strong>Quod</strong></span> <span class='ocrx_word' id='word_1_916' title='bbox 3134 4818 3406 4902; x_wconf 75' lang='lat' dir='ltr'><strong>qutt&#39;i‘ebat,</strong></span> <span class='ocrx_word' id='word_1_917' title='bbox 3430 4832 3518 4887; x_wconf 84' lang='lat' dir='ltr'><strong>iu-</strong></span> 
     </span>
    </p>
   </div>
   <div class='ocr_carea' id='block_1_110' title="bbox 1929 4922 3521 5011">
    <p class='ocr_par' dir='ltr' id='par_1_110' title="bbox 1929 4922 3521 5011">
     <span class='ocr_line' id='line_1_110' title="bbox 1929 4922 3521 5011; baseline -0.01 -17"><span class='ocrx_word' id='word_1_918' title='bbox 1929 4938 2064 5011; x_wconf 91' lang='lat' dir='ltr'><strong>quit,</strong></span> <span class='ocrx_word' id='word_1_919' title='bbox 2095 4922 2280 5000; x_wconf 76' lang='lat' dir='ltr'><strong>lsrael,</strong></span> <span class='ocrx_word' id='word_1_920' title='bbox 2308 4931 2402 4985; x_wconf 86' lang='lat' dir='ltr'><strong>hoc</strong></span> <span class='ocrx_word' id='word_1_921' title='bbox 2424 4946 2523 4984; x_wconf 89' lang='lat' dir='ltr'><strong>non</strong></span> <span class='ocrx_word' id='word_1_922' title='bbox 2546 4938 2617 4983; x_wconf 90' lang='lat' dir='ltr'><strong>est</strong></span> <span class='ocrx_word' id='word_1_923' title='bbox 2649 4934 2980 4989; x_wconf 88' lang='lat' dir='ltr'><strong>consecutus;</strong></span> <span class='ocrx_word' id='word_1_924' title='bbox 3009 4923 3182 4978; x_wconf 85' lang='lat' dir='ltr'><strong>electio</strong></span> <span class='ocrx_word' id='word_1_925' title='bbox 3208 4933 3375 4977; x_wconf 85' lang='lat' dir='ltr'><strong>autem</strong></span> <span class='ocrx_word' id='word_1_926' title='bbox 3396 4938 3521 4978; x_wconf 87' lang='lat' dir='ltr'><strong>con-</strong></span> 
     </span>
    </p>
   </div>
   <div class='ocr_carea' id='block_1_111' title="bbox 1930 5012 3520 5095">
    <p class='ocr_par' dir='ltr' id='par_1_111' title="bbox 1930 5012 3520 5095">
     <span class='ocr_line' id='line_1_111' title="bbox 1930 5012 3520 5095; baseline -0.009 -9"><span class='ocrx_word' id='word_1_927' title='bbox 1930 5039 2100 5087; x_wconf 86' lang='lat' dir='ltr'><strong>secuta</strong></span> <span class='ocrx_word' id='word_1_928' title='bbox 2120 5038 2223 5095; x_wconf 88' lang='lat' dir='ltr'><strong>est;</strong></span> <span class='ocrx_word' id='word_1_929' title='bbox 2246 5026 2415 5081; x_wconf 72' lang='lat' dir='ltr'><strong>caeteri</strong></span> <span class='ocrx_word' id='word_1_930' title='bbox 2433 5039 2545 5077; x_wconf 87' lang='lat' dir='ltr'><strong>vero</strong></span> <span class='ocrx_word' id='word_1_931' title='bbox 2570 5019 2807 5076; x_wconf 65' lang='grc' dir='ltr'><strong>εει-ωεριὶ</strong></span> <span class='ocrx_word' id='word_1_932' title='bbox 2829 5026 2944 5072; x_wconf 87' lang='lat' dir='ltr'><strong>sunt</strong></span> <span class='ocrx_word' id='word_1_933' title='bbox 2972 5012 3145 5087; x_wconf 79' lang='lat' dir='ltr'><strong>(llum.</strong></span> <span class='ocrx_word' id='word_1_934' title='bbox 3176 5033 3229 5083; x_wconf 82' lang='lat' dir='ltr'><strong>x,</strong></span> <span class='ocrx_word' id='word_1_935' title='bbox 3249 5013 3417 5084; x_wconf 66' lang='grc' dir='ltr'><strong>ΞΙ-Χι,</strong></span> <span class='ocrx_word' id='word_1_936' title='bbox 3445 5017 3520 5088; x_wconf 89' lang='lat'><strong>7).</strong></span> 
     </span>
    </p>
   </div>
   <div class='ocr_carea' id='block_1_112' title="bbox 1932 5110 3524 5191">
    <p class='ocr_par' dir='ltr' id='par_1_112' title="bbox 1932 5110 3524 5191">
     <span class='ocr_line' id='line_1_112' title="bbox 1932 5110 3524 5191; baseline -0.011 -11"><span class='ocrx_word' id='word_1_937' title='bbox 1932 5125 1988 5180; x_wconf 89' lang='lat' dir='ltr'><strong>In</strong></span> <span class='ocrx_word' id='word_1_938' title='bbox 2017 5122 2116 5178; x_wconf 88' lang='lat' dir='ltr'><strong>hac</strong></span> <span class='ocrx_word' id='word_1_939' title='bbox 2139 5136 2265 5191; x_wconf 77' lang='lat' dir='ltr'><strong>ergo</strong></span> <span class='ocrx_word' id='word_1_940' title='bbox 2290 5118 2575 5180; x_wconf 89' lang='lat' dir='ltr'><strong>electione,</strong></span> <span class='ocrx_word' id='word_1_941' title='bbox 2599 5122 2654 5170; x_wconf 91' lang='lat' dir='ltr'><strong>et</strong></span> <span class='ocrx_word' id='word_1_942' title='bbox 2679 5114 2730 5169; x_wconf 90' lang='lat' dir='ltr'><strong>in</strong></span> <span class='ocrx_word' id='word_1_943' title='bbox 2763 5111 2846 5167; x_wconf 88' lang='lat' dir='ltr'><strong>his</strong></span> <span class='ocrx_word' id='word_1_944' title='bbox 2873 5111 3130 5181; x_wconf 91' lang='lat' dir='ltr'><strong>reliquiis,</strong></span> <span class='ocrx_word' id='word_1_945' title='bbox 3156 5110 3273 5179; x_wconf 56' lang='lat' dir='ltr'><strong>quas</strong></span> <span class='ocrx_word' id='word_1_946' title='bbox 3296 5126 3392 5181; x_wconf 89' lang='lat' dir='ltr'><strong>per</strong></span> <span class='ocrx_word' id='word_1_947' title='bbox 3416 5110 3524 5163; x_wconf 88' lang='lat' dir='ltr'><strong>ele-</strong></span> 
     </span>
    </p>
   </div>
   <div class='ocr_carea' id='block_1_113' title="bbox 1931 5202 3518 5285">
    <p class='ocr_par' dir='ltr' id='par_1_113' title="bbox 1931 5202 3518 5285">
     <span class='ocr_line' id='line_1_113' title="bbox 1931 5202 3518 5285; baseline -0.013 -10"><span class='ocrx_word' id='word_1_948' title='bbox 1931 5218 2162 5275; x_wconf 88' lang='lat' dir='ltr'><strong>ctionem</strong></span> <span class='ocrx_word' id='word_1_949' title='bbox 2191 5212 2377 5285; x_wconf 63' lang='lat' dir='ltr'><strong>gratia:</strong></span> <span class='ocrx_word' id='word_1_950' title='bbox 2407 5208 2559 5264; x_wconf 70' lang='lat' dir='ltr'><strong>facta:</strong></span> <span class='ocrx_word' id='word_1_951' title='bbox 2601 5215 2759 5273; x_wconf 86' lang='lat' dir='ltr'><strong>sunt,</strong></span> <span class='ocrx_word' id='word_1_952' title='bbox 2792 5204 2958 5259; x_wconf 89' lang='lat' dir='ltr'><strong>voluit</strong></span> <span class='ocrx_word' id='word_1_953' title='bbox 3003 5203 3223 5270; x_wconf 78' lang='lat' dir='ltr'><strong>intelligi</strong></span> <span class='ocrx_word' id='word_1_954' title='bbox 3267 5202 3475 5273; x_wconf 87' lang='lat' dir='ltr'><strong>plebem</strong></span> <span class='ocrx_word' id='word_1_955' title='bbox 3504 5244 3518 5265; x_wconf 92' lang='lat'><strong>,</strong></span> 
     </span>
    </p>
   </div>
   <div class='ocr_carea' id='block_1_114' title="bbox 1932 5288 3520 5381">
    <p class='ocr_par' dir='ltr' id='par_1_114' title="bbox 1932 5288 3520 5381">
     <span class='ocr_line' id='line_1_114' title="bbox 1932 5288 3520 5381; baseline -0.013 -18"><span class='ocrx_word' id='word_1_956' title='bbox 1932 5324 2089 5381; x_wconf 88' lang='lat' dir='ltr'><strong>quam</strong></span> <span class='ocrx_word' id='word_1_957' title='bbox 2119 5313 2393 5377; x_wconf 87' lang='lat' dir='ltr'><strong>propterea</strong></span> <span class='ocrx_word' id='word_1_958' title='bbox 2420 5301 2563 5356; x_wconf 88' lang='lat' dir='ltr'><strong>Deus</strong></span> <span class='ocrx_word' id='word_1_959' title='bbox 2579 5314 2683 5353; x_wconf 92' lang='lat' dir='ltr'><strong>non</strong></span> <span class='ocrx_word' id='word_1_960' title='bbox 2704 5296 2917 5367; x_wconf 88' lang='lat' dir='ltr'><strong>repulit,</strong></span> <span class='ocrx_word' id='word_1_961' title='bbox 2940 5292 3061 5367; x_wconf 90' lang='lat' dir='ltr'><strong>quia</strong></span> <span class='ocrx_word' id='word_1_962' title='bbox 3092 5290 3371 5363; x_wconf 65' lang='lat' dir='ltr'><strong>praescivi&#39;t.</strong></span> <span class='ocrx_word' id='word_1_963' title='bbox 3396 5288 3520 5344; x_wconf 71' lang='lat' dir='ltr'><strong>&quot;il‘C</strong></span> 
     </span>
    </p>
   </div>
   <div class='ocr_carea' id='block_1_115' title="bbox 1932 5382 3518 5467">
    <p class='ocr_par' dir='ltr' id='par_1_115' title="bbox 1932 5382 3518 5467">
     <span class='ocr_line' id='line_1_115' title="bbox 1932 5382 3518 5467; baseline -0.015 -8"><span class='ocrx_word' id='word_1_964' title='bbox 1932 5410 2016 5459; x_wconf 88' lang='lat' dir='ltr'><strong>est</strong></span> <span class='ocrx_word' id='word_1_965' title='bbox 2042 5401 2129 5457; x_wconf 91' lang='lat' dir='ltr'><strong>illa</strong></span> <span class='ocrx_word' id='word_1_966' title='bbox 2155 5398 2345 5455; x_wconf 90' lang='lat' dir='ltr'><strong>electio</strong></span> <span class='ocrx_word' id='word_1_967' title='bbox 2364 5438 2379 5463; x_wconf 95' lang='lat'><strong>,</strong></span> <span class='ocrx_word' id='word_1_968' title='bbox 2407 5409 2510 5467; x_wconf 89' lang='lat' dir='ltr'><strong>qua</strong></span> <span class='ocrx_word' id='word_1_969' title='bbox 2535 5408 2628 5449; x_wconf 90' lang='lat' dir='ltr'><strong>eos</strong></span> <span class='ocrx_word' id='word_1_970' title='bbox 2656 5405 2789 5463; x_wconf 90' lang='lat' dir='ltr'><strong>quos</strong></span> <span class='ocrx_word' id='word_1_971' title='bbox 2815 5388 3017 5453; x_wconf 88' lang='lat' dir='ltr'><strong>voluit,</strong></span> <span class='ocrx_word' id='word_1_972' title='bbox 3046 5387 3204 5457; x_wconf 87' lang='lat' dir='ltr'><strong>elegit</strong></span> <span class='ocrx_word' id='word_1_973' title='bbox 3232 5386 3281 5439; x_wconf 91' lang='lat' dir='ltr'><strong>in</strong></span> <span class='ocrx_word' id='word_1_974' title='bbox 3304 5382 3518 5439; x_wconf 76' lang='lat' dir='ltr'><strong>Christo</strong></span> 
     </span>
    </p>
   </div>
   <div class='ocr_carea' id='block_1_116' title="bbox 2000 5560 3520 5673">
    <p class='ocr_par' dir='ltr' id='par_1_116' title="bbox 2000 5560 3520 5673">
     <span class='ocr_line' id='line_1_116' title="bbox 2000 5560 3520 5673; baseline -0.014 -22"><span class='ocrx_word' id='word_1_975' title='bbox 2000 5607 2015 5635; x_wconf 87' lang='grc' dir='ltr'>ι</span> <span class='ocrx_word' id='word_1_976' title='bbox 2053 5600 2172 5673; x_wconf 63' lang='lat' dir='ltr'><strong>eam</strong></span> <span class='ocrx_word' id='word_1_977' title='bbox 2189 5635 2205 5663; x_wconf 94' lang='lat'><strong>,</strong></span> <span class='ocrx_word' id='word_1_978' title='bbox 2230 5591 2592 5649; x_wconf 80' lang='lat' dir='ltr'><strong>circumstantia</strong></span> <span class='ocrx_word' id='word_1_979' title='bbox 2620 5588 2775 5657; x_wconf 82' lang='lat' dir='ltr'><strong>ipsius</strong></span> <span class='ocrx_word' id='word_1_980' title='bbox 2814 5564 3083 5638; x_wconf 84' lang='lat' dir='ltr'><strong>locutionis.</strong></span> <span class='ocrx_word' id='word_1_981' title='bbox 3107 5560 3278 5632; x_wconf 75' lang='lat' dir='ltr'><strong>Melius</strong></span> <span class='ocrx_word' id='word_1_982' title='bbox 3297 5587 3421 5642; x_wconf 64' lang='lat' dir='ltr'><strong>Mss,</strong></span> <span class='ocrx_word' id='word_1_983' title='bbox 3450 5577 3520 5631; x_wconf 89' lang='lat' dir='ltr'><strong>le-</strong></span> 
     </span>
    </p>
   </div>
   <div class='ocr_carea' id='block_1_117' title="bbox 1931 5665 3522 5830">
    <p class='ocr_par' dir='ltr' id='par_1_117' title="bbox 1931 5665 3522 5830">
     <span class='ocr_line' id='line_1_117' title="bbox 1931 5665 3522 5830; baseline -0.004 -54"><span class='ocrx_word' id='word_1_984' title='bbox 1931 5665 2186 5786; x_wconf 52' lang='lat' dir='ltr'><strong>“imrfim,</strong></span> <span class='ocrx_word' id='word_1_985' title='bbox 2231 5719 2441 5830; x_wconf 54' lang='lat' dir='ltr'><strong>aetriqu</strong></span> <span class='ocrx_word' id='word_1_986' title='bbox 2778 5708 2956 5771; x_wconf 49' lang='lat' dir='ltr'><strong>Abest»</strong></span> <span class='ocrx_word' id='word_1_987' title='bbox 2988 5706 3079 5772; x_wconf 68' lang='grc' dir='ltr'><strong>αθ»</strong></span> <span class='ocrx_word' id='word_1_988' title='bbox 3121 5717 3152 5756; x_wconf 66' lang='grc'>³</span> <span class='ocrx_word' id='word_1_989' title='bbox 3184 5705 3522 5770; x_wconf 56' lang='lat' dir='ltr'><strong>Nummus</strong></span> 
     </span>
     <span class='ocr_line' id='line_1_118' title="bbox 1934 5786 2601 5830; baseline 0 0"><span class='ocrx_word' id='word_1_990' title='bbox 1934 5797 1985 5830; x_wconf 70' lang='lat' dir='ltr'><strong>at</strong></span> <span class='ocrx_word' id='word_1_991' title='bbox 2016 5800 2176 5830; x_wconf 60' lang='lat' dir='ltr'><strong>artem</strong></span> <span class='ocrx_word' id='word_1_992' title='bbox 2199 5786 2341 5830; x_wconf 81' lang='lat' dir='ltr'><strong>texlu</strong></span> <span class='ocrx_word' id='word_1_993' title='bbox 2411 5789 2548 5830; x_wconf 66' lang='lat' dir='ltr'><strong>LOSLO</strong></span> <span class='ocrx_word' id='word_1_994' title='bbox 2590 5817 2601 5829; x_wconf 85' lang='lat'><strong>.</strong></span> 
     </span>
    </p>
   </div>
   <div class='ocr_carea' id='block_1_118' title="bbox 1934 5786 3525 5969">
    <p class='ocr_par' dir='ltr' id='par_1_118' title="bbox 1934 5786 3525 5969">
     <span class='ocr_line' id='line_1_119' title="bbox 1934 5786 3332 5882; baseline -0.009 -44"><span class='ocrx_word' id='word_1_995' title='bbox 1934 5797 1987 5843; x_wconf 86' lang='lat' dir='ltr'><strong>et</strong></span> <span class='ocrx_word' id='word_1_996' title='bbox 2016 5800 2176 5852; x_wconf 59' lang='lat' dir='ltr'><strong>greeae</strong></span> <span class='ocrx_word' id='word_1_997' title='bbox 2199 5786 2341 5861; x_wconf 71' lang='lat' dir='ltr'><strong>textu</strong></span> <span class='ocrx_word' id='word_1_998' title='bbox 2375 5786 2601 5856; x_wconf 65' lang='lat' dir='ltr'><strong>Apostoli.</strong></span> <span class='ocrx_word' id='word_1_999' title='bbox 3172 5832 3177 5839; x_wconf 43' lang='grc'><em>,</em></span> <span class='ocrx_word' id='word_1_1000' title='bbox 3278 5830 3332 5882; x_wconf 60' lang='lat' dir='ltr'><strong>in</strong></span> 
     </span>
     <span class='ocr_line' id='line_1_120' title="bbox 1934 5834 3525 5969; baseline -0.007 0"><span class='ocrx_word' id='word_1_1001' title='bbox 1934 5843 2535 5969; x_wconf 47' lang='lat' dir='ltr'><strong>causam</strong></span> <span class='ocrx_word' id='word_1_1002' title='bbox 2564 5836 2728 5896; x_wconf 63' lang='grc' dir='ltr'><strong>εαιυπ·</strong></span> <span class='ocrx_word' id='word_1_1003' title='bbox 2750 5844 2850 5892; x_wconf 64' lang='grc' dir='ltr'><strong>κου</strong></span> <span class='ocrx_word' id='word_1_1004' title='bbox 2874 5834 3022 5888; x_wconf 62' lang='grc' dir='ltr'><strong>δείλη</strong></span> <span class='ocrx_word' id='word_1_1005' title='bbox 3042 5838 3265 5897; x_wconf 65' lang='lat' dir='ltr'><em>W</em></span> <span class='ocrx_word' id='word_1_1006' title='bbox 3358 5836 3525 5897; x_wconf 66' lang='grc' dir='ltr'><strong>σοι»</strong></span> 
     </span>
    </p>
   </div>
   <div class='ocr_carea' id='block_1_119' title="bbox 1934 5912 2320 5984">
    <p class='ocr_par' dir='ltr' id='par_1_119' title="bbox 1934 5912 2320 5984">
     <span class='ocr_line' id='line_1_121' title="bbox 1934 5912 2320 5984; baseline -0.021 -13"><span class='ocrx_word' id='word_1_1007' title='bbox 1934 5923 2079 5971; x_wconf 79' lang='lat' dir='ltr'><strong>textu</strong></span> <span class='ocrx_word' id='word_1_1008' title='bbox 2095 5912 2320 5984; x_wconf 75' lang='lat' dir='ltr'><strong>Apostoli.</strong></span> 
     </span>
    </p>
   </div>
  </div>
