4102 6498
612 501 737 550 ante
761 488 1188 548 constitutionem
1214 489 1421 551 .nunat,
1440 495 1501 537 ut
1524 490 1704 537 essent
1729 479 1894 535 sancti
1919 488 1972 534 et
2002 479 2189 533 imma-

614 583 774 640 culati
803 583 852 636 in
869 586 1156 648 conspectu
1179 577 1314 646 ejus,
1335 575 1386 629 in
1404 574 1681 638 charitate,
1700 571 2083 643 prmdestinans
2099 584 2191 624 eos

613 680 667 733 in
693 673 1028 742 adoptionem
1054 670 1282 725 iiliorum
1305 667 1517 739 (Ephes.
1545 682 1564 721 ι
1583 707 1596 731 ,
1624 666 1657 720 4
1677 707 1690 730 ,
1720 664 1797 737 5).
1824 662 2008 718 Nullus
2036 661 2192 732 igitur

611 767 700 837 qui
725 765 840 819 hac
884 761 1160 832 intelligit,
1193 774 1389 830 negare
1429 758 1515 811 vel
1543 756 1785 811 dubitare
1831 753 2187 824 permittitur,

609 857 699 913 ubi
743 857 816 911 ait
861 851 1180 923 Apostolus,
1224 849 1347 903 Non
1382 849 1567 919 repulit
1606 846 1741 901 Deus
1779 846 1967 917 plebem
2003 857 2147 897 suam
2171 883 2187 911 ,

606 964 758 1020 quam
780 945 1046 1017 prwsciuit,
1063 939 1586 1013 prindestinationem
1614 937 1912 1005 significare
1935 933 2186 987 voluisse.

609 1039 886 1098 Praescivit
908 1038 1050 1093 enim
1077 1034 1326 1104 reliquias
1346 1073 1361 1097 ,
1393 1045 1524 1101 quas
1549 1027 1842 1084 secundum
1872 1024 2188 1079 electionem

606 1132 787 1204 gratiae
813 1130 991 1185 fuerat
1030 1130 1144 1198 ipse
1188 1127 1438 1181 facturus.
1484 1121 1597 1176 Hoc
1622 1128 1702 1174 est
1742 1132 1870 1187 ergo
1910 1113 2187 1186 praedesti-

605 1222 751 1277 navit
783 1238 796 1275 :
829 1218 945 1274 sine
983 1217 1146 1272 dubio
1171 1216 1314 1271 enim
1344 1211 1642 1284 praescivit,
1670 1209 1716 1264 si
1748 1204 2140 1277 praedestinavit
2170 1220 2184 1257 :

606 1314 700 1370 sed
728 1310 1152 1385 prindestinasse,
1182 1319 1264 1363 est
1287 1306 1389 1361 hoc
1415 1303 1690 1375 praescisse
1714 1299 1854 1371 quod
1882 1298 2054 1353 fuerat
2073 1298 2188 1368 ipse
2233 1325 2236 1328 ~

604 1408 901 1555 ἴπὲλΐιῗῧτ
922 1491 1065 1550 XIX.
1081 1520 1154 1531 —
1167 1488 1254 1545 48.
1272 1485 1410 1556 Quid
1424 1499 1552 1556 ergo
1573 1498 1670 1539 nos
1690 1480 1955 1554 prohibet,
1975 1479 2187 1552 Quando

604 1590 744 1663 apud
768 1589 973 1659 aliquos
1000 1583 1147 1640 verbi
1178 1580 1269 1636 Dei
1307 1586 1623 1633 tractatores
1652 1575 1879 1646 legimus
1928 1573 2019 1629 Dei
2047 1587 2186 1663 prae-

609 1662 911 1747 scientiam,
928 1686 982 1733 et
1010 1675 1183 1745 agitur
1206 1672 1272 1727 de
1295 1670 1573 1725 vocatione
1599 1667 1913 1731 electorum,
1943 1662 2184 1718 eamdem

601 1772 1123 1849 praedestinationem
1171 1763 1508 1834 intelligere?
1536 1760 1700 1832 Magis
1745 1760 1887 1814 enim
1911 1760 1927 1790 ί
1960 1757 2186 1813 fortasse

603 1868 887 1924 voluerunt
914 1862 1016 1916 hoc
1035 1858 1200 1913 verbo
1227 1856 1280 1911 in
1308 1871 1371 1910 ea
1399 1871 1458 1910 re
1487 1854 1557 1908 uti
1580 1895 1594 1920 ,
1623 1851 1764 1922 quod
1789 1861 1844 1906 et
1869 1849 2077 1905 facilius
2103 1850 2185 1904 in-

605 1959 889 2029 tclligitur,
919 1962 973 2008 et
1006 1968 1113 2007 non
1138 1955 1431 2020 repugnat,
1463 1947 1571 2000 imo
1600 1953 1652 1999 et
1690 1943 1932 2013 congruit
1970 1940 2184 1996 veritati

600 2068 719 2125 qua;
743 2050 810 2106 de
834 2044 1298 2119 praedestinatione
1323 2040 1510 2112 gratiae
1540 2036 1879 2108 praedicatur.
1908 2034 2017 2088 lloc
2046 2034 2178 2100 scio,

598 2145 868 2202 neminem
898 2147 1084 2195 contra
1125 2137 1278 2191 istam
1322 2129 1840 2203 przdestinationem
1862 2169 1877 2193 ,
1906 2142 2064 2198 quam
2092 2140 2181 2183 se-

598 2238 830 2295 cundum
858 2232 1161 2304 Scripturas
1184 2234 1396 2284 sanctas
1423 2223 1759 2280 defendimus
1776 2262 1791 2286 ,
1826 2221 1928 2275 nisi
1954 2219 2182 2276 errando

596 2333 869 2403 disputare
891 2325 1145 2398 potuisse.
1178 2321 1311 2377 Puto
1336 2328 1512 2374 tamen
1538 2317 1617 2371 eis
1642 2315 1732 2386 qui
1758 2314 1825 2370 de
1851 2313 1951 2369 hac
1975 2329 2036 2370 re
2060 2328 2182 2369 sen-

599 2425 789 2481 tentias
814 2429 1163 2476 tractatorum
1183 2414 1479 2483 requirunt,
1502 2416 1716 2465 sanctos
1737 2416 1790 2463 et
1816 2407 1867 2462 in
1897 2405 2000 2462 fide
2022 2413 2181 2477 atque

599 2516 842 2573 doctrina
862 2509 1150 2566 christiana
1178 2504 1515 2560 laudabiliter
1536 2515 1916 2572 usquequaque
1943 2497 2184 2555 diffama-

599 2618 681 2664 tos
704 2608 869 2675 viros,
887 2602 1209 2675 Cyprianum
1237 2606 1291 2652 et
1318 2593 1677 2657 Ambrosium,
1698 2607 1923 2663 quorum
1953 2601 2057 2645 tam
2072 2589 2183 2646 cla-

597 2715 656 2753 ra
701 2670 999 2752 testimonia
1029 2688 1336 2762 posuimus,
1364 2686 1561 2742 debere
1586 2682 1831 2739 sufficere
1850 2725 1863 2749 ,
1894 2689 1947 2739 et
1983 2682 2181 2739 debere

597 2790 665 2844 ad
693 2797 996 2856 utrumque,
1028 2783 1081 2838 id
1106 2787 1346 2847 est,utet
1368 2778 1590 2848 gratiam
1624 2776 1713 2831 Dei
1741 2776 2046 2846 gratuitam,
2077 2775 2183 2830 sic-

599 2890 661 2938 ut
680 2877 944 2937 credenda
985 2884 1144 2947 atque
1179 2870 1513 2943 prmdicanda
1535 2878 1636 2937 est,
1657 2884 1753 2940 per
1768 2870 1941 2922 omnia
1963 2867 2182 2923 credant

597 2983 653 3031 et
678 2988 774 3045 per
801 2969 979 3027 omnia
1024 2967 1345 3039 praedicent,
1377 2976 1431 3017 et
1474 2960 1714 3017 eamdem
1748 2961 2180 3032 praedicationem

599 3063 959 3138 praedicationi
981 3076 1082 3132 qua
1101 3060 1378 3113 hortamur
1402 3057 1599 3127 pigros,
1620 3054 1701 3108 vel
1730 3053 2048 3123 corripimus
2067 3067 2181 3107 ma-

597 3161 697 3226 los,
721 3173 828 3213 non
857 3157 1142 3226 Opinentur
1155 3151 1431 3206 adversam
1457 3166 1470 3202 :
1496 3148 1617 3218 quia
1638 3156 1689 3201 et
1710 3146 1796 3200 isti
1814 3146 1934 3209 viri,
1964 3159 2082 3199 cum
2104 3145 2182 3201 sic

599 3250 947 3324 praedicarent
972 3246 1064 3301 Dei
1089 3244 1329 3315 gratiam,
1360 3252 1417 3295 ut
1445 3256 1581 3294 unus
1610 3254 1793 3294 eorum
1825 3238 2044 3303 diceret,
2074 3257 2093 3290 ι
2122 3237 2177 3293 ln

598 3344 747 3400 nullo
771 3336 1356 3414 gloriandum,quando
1379 3341 1617 3388 nostrum
1641 3331 1772 3385 nihil
1802 3331 1870 3384 sit
1898 3350 1916 3383 ›
1946 3329 2180 3402 (Cypria-

597 3453 714 3504 nus,
741 3433 808 3488 ad
835 3432 1119 3500 Quirinum,
1148 3427 1236 3483 lib.
1270 3428 1325 3493 5,
1355 3442 1469 3497 cap.
1502 3425 1583 3492 4);
1614 3424 1747 3478 alter
1772 3430 1967 3487 autem,
2007 3440 2025 3474 ι
2063 3422 2178 3479 Non

595 3537 679 3587 est
701 3528 753 3583 in
783 3532 1047 3597 potestate
1076 3533 1257 3577 nostra
1287 3534 1380 3574 cor
1406 3524 1646 3572 nostrum
1675 3525 1729 3570 et
1753 3523 1948 3570 “Osli‘iB
1979 3514 2180 3584 cogita-

512 3682 520 3689 ,
597 3621 770 3676 tiones
807 3636 826 3671 ι
865 3615 1198 3690 (Ambrosius,
1227 3611 1288 3665 de
1310 3608 1461 3680 Fuga
1488 3608 1682 3674 saeculi,
1715 3624 1824 3677 cap.
1858 3603 1933 3677 l);
1966 3621 2070 3660 non
2099 3613 2180 3659 ta-

595 3728 716 3770 men
736 3709 936 3766 hortari
964 3715 1018 3762 et
1038 3706 1310 3777 corripere
1334 3701 1671 3766 destiterunt,
1692 3707 1747 3752 ut
1772 3697 1961 3753 tierent
1983 3712 2180 3767 praece-

594 3814 684 3879 pta
711 3804 908 3859 divina.
938 3800 1046 3854 Nec
1075 3798 1363 3852 timuerunt
1386 3807 1453 3848 ne
1481 3792 1749 3847 diceretur
1774 3791 1851 3845 eis
1869 3833 1883 3855 ,
1913 3788 2049 3856 Quid
2081 3804 2179 3845 nos

596 3892 922 3954 hortamini?
951 3890 1076 3962 quid
1095 3898 1151 3944 et
1176 3885 1477 3956 corripitis,
1508 3883 1551 3937 si
1582 3881 1711 3936 nihil
1744 3881 1866 3935 boni
1898 3891 1953 3934 ut
1978 3881 2175 3936 habea-

596 4004 717 4045 mus
735 3995 818 4042 est
837 3991 1073 4041 nostrum
1090 3983 1131 4047 ²,
1156 3987 1210 4036 et
1231 3977 1278 4034 si
1298 3992 1404 4032 non
1424 3974 1578 4031 estin
1599 3982 1859 4044 potestate
1888 3980 2065 4027 nostra
2084 3987 2179 4027 cor

594 4079 871 4140 nostrum?
892 4076 1017 4133 llzcc
1047 4090 1115 4130 ne
1140 4073 1444 4129 dicerentur
1471 4069 1568 4134 eis,
1599 4082 1927 4138 nequaquam
1959 4067 2034 4122 illi
2056 4082 2178 4121 san-

594 4181 666 4235 cti
694 4192 758 4233 ea
784 4180 962 4230 mente
995 4171 1181 4227 timere
1200 4174 1505 4240 potuerunt,
1524 4180 1628 4235 qua
1658 4164 2023 4234 intelligebant
2048 4179 2178 4233 pau-

595 4267 827 4327 cissimis
850 4279 968 4320 esse
992 4262 1268 4323 donatum,
1287 4266 1344 4313 ut
1364 4257 1511 4312 nullo
1526 4256 1627 4311 sibi
1651 4254 1863 4310 homine
1887 4255 2177 4323 praedican-

597 4368 671 4426 te,
696 4373 789 4430 per
819 4357 991 4426 ipsum
1025 4353 1186 4407 Deum
1211 4351 1292 4403 vel
1322 4364 1418 4419 per
1438 4347 1669 4417 Angelos
1693 4346 1952 4402 caelorum
1978 4345 2177 4402 doctri-

597 4465 719 4507 nam
745 4448 929 4504 salutis
950 4443 1231 4513 accipiant;
1250 4440 1430 4496 multis
1455 4453 1583 4495 vero
1609 4437 1662 4494 id
1681 4452 1800 4494 esse
1825 4437 2099 4504 donatum,
2120 4446 2177 4495 ut

599 4545 707 4600 Deo
731 4556 823 4613 per
844 4538 1087 4594 homines
1114 4533 1354 4590 credant.
1377 4530 1624 4601 Quolibet
1645 4539 1820 4586 tamen
1845 4529 2002 4585 modo
2028 4530 2175 4588 dica-

598 4644 684 4690 tur
710 4630 911 4688 homini
936 4628 1153 4684 verbum
1178 4625 1292 4691 Dei,
1312 4621 1495 4694 procul
1525 4621 1704 4687 dubio,
1727 4636 1833 4693 quo
1859 4622 1936 4677 sic
1954 4621 2134 4677 audiat
2152 4620 2174 4653 ³

598 4732 655 4780 ut
677 4724 752 4779 illi
772 4720 1004 4786 obediat,
1028 4718 1224 4773 donum
1250 4716 1340 4771 Dei
1368 4724 1467 4768 cst.

671 4814 761 4869 49.
793 4811 945 4868 Unde
971 4825 1126 4879 supra
1149 4808 1273 4863 dicti
1304 4815 1615 4861 tractatores
1640 4805 2067 4860 excellentissimi
2090 4806 2174 4860 di-
2218 4816 2223 4821 '

600 4906 842 4960 vinorum
865 4900 1217 4971 eloquiorum,
1235 4908 1288 4952 ct
1305 4897 1529 4967 gratiam
1552 4896 1645 4950 Dei
1667 4910 1867 4959 veram,
1886 4896 2022 4951 sicut
2043 4911 2177 4966 pra:-

598 4993 822 5052 dicanda
848 5000 932 5048 est
951 5033 964 5056 ,
999 4989 1382 5061 pra-dicarunt,
1417 4986 1468 5041 id
1497 4996 1612 5053 est,
1635 5002 1792 5057 quam
1823 4986 1966 5041 nulla
1987 4988 2174 5044 merita

602 5088 829 5144 humana
861 5082 1199 5155 prmcrdunl;
1231 5088 1285 5135 et
1327 5079 1391 5134 ad
1434 5077 1674 5133 facienda
1704 5078 1880 5133 divina
1910 5088 2175 5149 praecepta

602 5179 862 5233 instanter
892 5173 1085 5228 hortati
1130 5179 1285 5237 sunt,
1316 5179 1373 5224 ut
1402 5170 1489 5240 qui
1521 5169 1776 5222 haberent
1802 5168 1997 5222 donum
2042 5170 2175 5225 obe-

598 5268 832 5335 dientiae,
858 5266 1049 5337 quibus
1068 5263 1232 5335 jussis
1257 5261 1608 5317 obedientium
1635 5271 1795 5327 esset,
1825 5261 2085 5316 audirent.
2118 5261 2175 5317 Si

597 5362 739 5418 enim
765 5359 986 5432 gratiam
1011 5356 1199 5418 merita
1222 5355 1329 5425 ulla
1360 5362 1539 5409 nostra
1567 5351 1904 5423 praecedunt,
1940 5353 2176 5422 profecto

596 5460 689 5509 aut
714 5451 834 5507 facti
861 5449 1117 5519 alicujus,
1148 5457 1240 5502 aut
1276 5446 1436 5511 dicti,
1459 5451 1552 5499 aut
1579 5444 1914 5514 cogitationis
1951 5452 2033 5498 est
2059 5459 2175 5500 me-

595 5546 778 5612 ritum,
808 5543 896 5599 ubi
923 5551 977 5598 et
998 5543 1111 5611 ipsa
1139 5537 1446 5609 intelligitur
1474 5536 1719 5591 voluntas
1744 5535 1879 5591 bona
1906 5554 1921 5590 :
1943 5535 2035 5590 sed
2059 5536 2177 5592 bre-

662 5708 681 5771 ‘.
715 5704 853 5771 Ειὲξιὲν
872 5707 1048 5771 autem:
1062 5706 1203 5771 ,Ψξεη

665 5754 867 5832 ξεᾱὶιῖ,
907 5760 1094 5816 siniltil
1120 5754 1230 5832 bgni
1698 5754 1761 5811 sa
1795 5763 2179 5811 nostrumPrte-

598 5829 794 5941 "'32":
810 5823 1285 5947 dﬂwﬁiw
1292 5820 1592 5934 similae?“

1847 362 1904 420 S.
1943 356 2310 417 AUGUSTINI
2347 357 2654 417 EPISCOPI

3744 370 3882 428 1028

2300 476 2523 541 vissime
2535 478 2842 547 complexus
2860 488 2944 536 est
2967 481 3201 537 omnium
3222 496 3417 552 genera
3438 483 3773 554 meritorum,
3790 494 3879 561 qui

2300 567 2458 632 dicit,
2497 586 2516 619 ‹
2554 569 2611 623 in
2640 571 2785 626 nullo
2822 574 3189 644 gloriandum,
3231 576 3443 646 quando
3474 589 3716 635 nostrum
3753 584 3882 642 nihil

2300 660 2387 713 sit.
2428 679 2445 712 ι
2480 659 2581 729 Qui
2608 677 2736 717 vero
2765 664 2871 729 ait,
2910 684 2929 717 ι
2965 665 3082 720 Non
3106 674 3188 721 est
3217 667 3268 721 in
3304 677 3481 723 nostra
3502 680 3771 740 potestate
3792 688 3882 732 cor

2298 758 2539 804 nostrum
2560 792 2577 820 ,
2614 760 2670 807 et
2693 765 2890 810 nostrae
2913 757 3293 827 cogitationes,
3334 778 3354 813 ι
3388 774 3491 815 nec
3512 760 3625 831 ipsa
3663 761 3805 819 facta
3828 775 3879 825 et

2297 841 2435 897 dicta
2458 845 2713 913 praeteriit
2744 863 2758 899 :
2792 862 2897 902 non
2929 849 3069 903 enim
3092 860 3174 904 est
3201 851 3364 905 ullum
3394 849 3588 908 factum
3609 852 3867 913 dictumvi

2298 934 2561 1003 hominis,
2591 937 2730 1006 quod
2761 953 2870 993 non
2899 954 2963 994 ex
2990 939 3152 996 corde
3177 950 3231 997 et
3255 943 3575 1012 cogitatione
3604 946 3877 1014 procedat.

2295 1027 2431 1096 Quid
2460 1039 2637 1085 autem
2664 1032 2892 1101 amplius
2924 1032 2991 1088 de
3019 1034 3119 1089 hac
3137 1049 3196 1090 re
3226 1050 3384 1105 agere
3407 1034 3711 1109 Cyprianus
3736 1055 3880 1095 mar-

2298 1127 2380 1190 tyr
2402 1119 2817 1189 gloriosissimus
2841 1131 2895 1177 et
2913 1122 3100 1179 doctor
3125 1124 3482 1181 lucidissimus
3502 1129 3696 1198 potuit,
3720 1146 3881 1201 quam

2296 1210 2385 1264 ubi
2414 1226 2509 1265 nos
2531 1211 2583 1265 in
2614 1213 2854 1269 oratione
2881 1213 3142 1271 dominica
3174 1217 3334 1272 etiam
3358 1230 3454 1288 pro
3493 1219 3724 1276 inimicis
3755 1221 3882 1279 fidei

2293 1300 2596 1357 christianae
2624 1319 2779 1359 orare
2825 1316 3075 1373 oportere
3102 1309 3470 1364 commonuit?
3501 1310 3590 1365 ubi
3617 1311 3685 1366 de
3727 1314 3883 1369 initio
3976 1350 3981 1357 -

2294 1392 2595 1463 ﬁdei,quod
2625 1395 2783 1449 etiam
2815 1394 2916 1450 hoc
2937 1396 3132 1452 donum
3162 1397 3255 1452 Dei
3285 1398 3374 1465 sit,
3392 1399 3519 1468 quid
3548 1401 3776 1456 sentiret
3794 1418 3883 1457 os-

2294 1483 2460 1538 tendit
2492 1500 2505 1537 :
2539 1492 2593 1539 et
2616 1499 2714 1555 pro
2740 1488 3137 1555 perseverantia
3162 1503 3329 1559 usque
3350 1490 3402 1544 in
3432 1490 3591 1545 tinem
3611 1533 3627 1558 ,
3660 1493 3785 1563 quia
3828 1501 3883 1550 et

2294 1577 2460 1647 ipsam
2484 1577 2695 1633 nonnisi
2718 1580 2855 1634 Deus
2876 1580 2954 1636 eis
2977 1582 3066 1652 qui
3090 1585 3547 1652 perseveraverint
3568 1584 3757 1653 donat,
3780 1586 3884 1642 Ec-

2292 1668 2508 1722 clesiam
2525 1668 2718 1725 Christi
2741 1670 2976 1740 quotidie
3000 1687 3156 1728 orare
3176 1676 3512 1729 monstravit.
3533 1676 3730 1731 Beatus
3744 1693 3881 1747 quo-

2291 1775 2394 1829 que
2420 1760 2730 1815 Ambrosius
2755 1776 2876 1816 cum
2915 1772 3206 1833 exponeret
3230 1764 3369 1834 quod
3398 1766 3473 1820 ait
3508 1766 3678 1822 Lucas
3706 1782 3855 1823 evan-

2289 1852 2496 1922 gelista,
2538 1850 2714 1907 Visum
2735 1864 2810 1908 est
2838 1862 2886 1909 et
2912 1855 3037 1909 mihi
3065 1854 3216 1927 (Luc.
3246 1873 3285 1925 t,
3316 1859 3371 1928 5)
3405 1876 3418 1912 :
3456 1878 3478 1912 ‹
3505 1859 3709 1925 Potest,
3739 1878 3760 1913 ι
3796 1862 3866 1917 in.

2290 1945 2422 2015 quit,
2460 1963 2481 1997 ‹
2516 1960 2623 1999 non
2654 1947 2753 2000 soli
2782 1947 2951 2001 visum
2982 1963 3121 2015 csse,
3150 1949 3290 2020 quod
3316 1950 3417 2005 sibi
3438 1951 3610 2005 visum
3633 1968 3755 2008 esse
3784 1952 3879 2010 de-

2289 2037 2475 2092 clarat.
2500 2036 2612 2091 Non
2636 2036 2778 2092 enim
2799 2038 3074 2095 voluntate
3095 2048 3297 2095 tantum
3327 2043 3556 2097 humana
3576 2043 3749 2097 visum
3771 2054 3879 2113 est,

2288 2127 2382 2183 sed
2403 2128 2539 2182 sicut
2562 2127 2759 2197 placuit
2785 2129 2833 2183 ei
2860 2129 2948 2199 qui
2975 2130 3027 2184 in
3056 2146 3141 2185 me
3169 2131 3401 2202 loquitur
3422 2131 3685 2198 Christus,
3705 2135 3798 2205 qui
3819 2144 3884 2192 ut

2289 2219 2341 2274 id
2371 2218 2510 2287 quod
2540 2218 2738 2274 bonum
2769 2228 2883 2286 est,
2908 2220 3062 2276 nobis
3091 2222 3496 2292 quoque'videri
3516 2224 3714 2280 bonum
3747 2242 3881 2296 pos-

2286 2311 2376 2378 sit,
2393 2317 2675 2380 operatur:
2700 2325 2861 2381 quem
2885 2312 3028 2367 enim
3055 2312 3358 2381 miseratur,
3379 2326 3432 2369 et
3455 2324 3631 2370 vocat.
3664 2306 3733 2372 Et
3752 2317 3881 2376 ideo

2287 2404 2375 2475 qui
2390 2402 2660 2459 Christum
2681 2405 2940 2473 sequitur,
2962 2412 3138 2474 potest
3158 2406 3515 2477 interrogatus
3533 2424 3628 2464 cur
3648 2425 3769 2465 esse
3789 2426 3884 2466 vo-

2288 2497 2445 2553 luerit
2463 2499 2806 2568 christianus,
2825 2501 3170 2571 respondere,
3200 2499 3375 2555 Visum
3395 2512 3532 2557 estet
3553 2505 3695 2557 mihi.
3720 2505 3881 2573 Quod

2286 2604 2407 2643 cum
2422 2589 2569 2655 dicit,
2590 2606 2696 2647 non
2720 2600 2877 2663 negat
2902 2592 3015 2648 Deo
3033 2593 3241 2660 visum;
3272 2608 3303 2649 a
3334 2594 3443 2650 Deo
3486 2597 3628 2651 enim
3658 2614 3873 2670 praepa-

2285 2692 2433 2739 ratur
2457 2685 2696 2741 voluntas
2718 2686 2991 2742 hominum
3024 2704 3043 2740 ι
3066 2685 3246 2759 (Prov.
3277 2704 3364 2743 vni
3385 2730 3398 2752 ,
3427 2706 3527 2743 sec.
3554 2689 3722 2764 LXX)
3749 2693 3882 2750 .tUt

2284 2775 2429 2829 enim
2451 2775 2588 2830 Deus
2609 2776 2988 2832 honorificetur
3008 2792 3037 2831 a
3058 2787 3263 2846 sancto,
3286 2780 3377 2834 Dei
3398 2781 3566 2850 gratia
3586 2793 3669 2838 est
3694 2802 3715 2837 ι
3743 2784 3880 2853 (Su-

2286 2882 2375 2937 per
2402 2865 2616 2936 Lucam,
2632 2868 2687 2923 in
2707 2869 3017 2940 expositione
3043 2868 3312 2943 prooemii).
3340 2870 3575 2942 Itemque
3600 2872 3653 2928 in
3680 2876 3882 2933 eodem

2286 2974 2467 3029 opere,
2487 2958 2587 3015 hoc
2606 2968 2709 3028 est,
2729 2961 2781 3015 in
2807 2961 3149 3030 Expositione
3172 2962 3410 3033 ejusdem
3433 2964 3728 3037 Evangelii,
3747 2984 3882 3029 eum

2284 3051 2351 3106 ad
2379 3051 2526 3105 illum
2553 3053 2790 3109 venisset
2816 3053 2989 3107 locum
3010 3094 3026 3120 ,
3059 3053 3148 3108 ubi
3174 3055 3455 3109 Dominum
3482 3057 3549 3111 ad
3573 3056 3883 3119 Jerusalem

2287 3153 2591 3215 pergentem
2630 3145 2948 3200 Samaritani
2986 3147 3229 3216 recipere
3266 3148 3552 3204 noluerunt
3586 3168 3601 3206 :
3638 3170 3658 3205 ι
3695 3151 3882 3211 Simul

2286 3235 2462 3303 disce,
2502 3254 2523 3289 ι
2560 3236 2763 3306 inquit,
2802 3255 2821 3289 ‹
2861 3238 2981 3306 quia
3025 3239 3189 3309 recipi
3230 3241 3399 3295 noluit
3428 3257 3459 3295 a
3489 3257 3595 3298 non
3638 3245 3881 3316 simplici

2287 3340 2465 3385 mente
2491 3330 2787 3385 conversis.
2818 3329 2947 3385 Nam
2980 3332 3022 3385 si
3055 3332 3345 3401 voluisset,
3386 3350 3451 3388 cx
3481 3334 3745 3393 indevotis
3772 3339 3879 3395 de-

2285 3430 2437 3478 votos
2461 3420 2693 3478 fecisset.
2719 3423 2827 3477 Cur
2855 3432 3031 3478 autem
3058 3439 3163 3479 non
3185 3428 3487 3497 receperint
3512 3444 3633 3485 eum
3655 3472 3670 3498 ,
3695 3431 3883 3490 Evan-

2283 3516 2470 3586 gelista
2497 3515 2614 3587 ipse
2654 3518 3094 3572 commemoravit
3133 3517 3319 3574 dicens
3351 3537 3363 3573 :
3398 3520 3531 3587 Quia
3560 3524 3715 3595 facies
3757 3526 3883 3596 ejus

2284 3615 2392 3661 erat
2417 3606 2579 3662 euntis
2600 3604 2980 3662 inlerusalems
2999 3607 3148 3680 (Luc.
3164 3627 3239 3678 ix,
3256 3611 3399 3684 55).t
3413 3613 3665 3685 Discipuli
3688 3625 3882 3673 autem

2285 3699 2449 3770 recipi
2474 3700 2610 3754 intra
2632 3700 2927 3756 Samariam
2952 3703 3270 3773 gestiebant.
3292 3704 3398 3761 Sed
3422 3707 3562 3763 Deus
3584 3723 3715 3779 quos
3740 3710 3757 3743 ⁸
3789 3710 3888 3766 di-

2282 3801 2474 3863 gnatur
2500 3801 2690 3859 vocat,
2718 3803 2774 3849 et
2801 3809 2958 3864 quem
2987 3796 3097 3851 vult
3120 3796 3425 3868 religiosum
3448 3798 3572 3855 facit
3611 3820 3631 3852 ι
3668 3800 3809 3874 (Lib.
3840 3805 3882 3861 7

2282 3885 2337 3939 in
2361 3883 2550 3939 Lucam
2569 3926 2584 3950 ,
2619 3902 2671 3938 n.
2700 3883 2814 3957 27).
2843 3885 2979 3955 Quid
3008 3887 3339 3955 evidentius,
3379 3890 3505 3959 quid
3545 3891 3812 3950 illustrius
3846 3912 3885 3954 ι

2283 3981 2429 4037 verbi
2460 3980 2553 4035 Dei
2586 3980 2955 4035 tractatoribus
2978 3981 3297 4049 quaerimus,
3327 3982 3368 4037 si
3391 3992 3445 4037 et
3472 3983 3539 4038 ab
3562 3984 3693 4054 ipsis
3721 3989 3880 4057 quod

2284 4072 2337 4127 in
2360 4070 2650 4140 Scripturis
2669 4070 2869 4125 clarum
2893 4079 2992 4137 est,
3011 4071 3196 4127 audire
3219 4071 3481 4127 delectat?
3497 4074 3603 4129 Sed
3626 4075 3714 4132 his
3733 4078 3878 4134 duo-

2283 4162 2399 4227 bus,
2430 4162 2520 4233 qui
2550 4160 2796 4216 sufficere
2816 4161 3134 4228 debuerunt,
3165 4173 3406 4218 sanctum
3433 4162 3747 4235 Gregorium
3773 4170 3875 4225 ad-

2282 4256 2470 4312 damus
2498 4262 2553 4310 et
2591 4256 2801 4308 tertium
2822 4298 2834 4319 ,
2865 4255 2955 4325 qui
2983 4262 3038 4310 et
3074 4255 3295 4311 credere
3323 4257 3377 4311 in
3407 4257 3574 4312 Demn
3597 4300 3611 4321 ,
3642 4269 3696 4315 et
3721 4263 3870 4332 quod

2281 4348 2545 4405 credimus
2574 4346 2837 4411 conﬁteri,
2870 4347 2961 4401 Dei
2988 4347 3184 4402 donum
3211 4363 3332 4403 esse
3361 4356 3606 4415 testatur,
3639 4350 3823 4408 dicens
3846 4372 3865 4410 :

2288 4459 2308 4494 ι
2341 4439 2510 4498 Unius
2535 4439 2767 4506 deitatis,
2800 4454 2983 4510 quasso
3007 4454 3124 4506 vos,
3151 4441 3478 4496 confitemini
3504 4440 3819 4499 Trinitatem
3845 4460 3865 4501 :

2281 4534 2327 4590 si
2346 4547 2475 4589 vero
2493 4532 2645 4588 aliter
2663 4531 2844 4597 vultis,
2862 4530 3020 4588 dicite
3041 4533 3196 4588 unius
3216 4548 3335 4588 esse
3359 4542 3584 4600 naturae;
3603 4543 3659 4589 et
3680 4535 3820 4591 Deus
3839 4538 3862 4570 '

2281 4641 2468 4684 vocem
2492 4627 2605 4681 dari
2628 4626 2780 4680 vobis
2806 4641 2837 4679 a
2867 4635 3052 4682 sancto
3073 4625 3273 4696 Spiritu
3300 4626 3672 4697 deprecabitur
3702 4645 3717 4682 :
3756 4648 3776 4681 ι
3811 4628 3866 4684 id

2281 4725 2364 4774 est
2382 4760 2396 4785 ,
2431 4717 2703 4788 rogabitur
2729 4716 2869 4771 Deus
2887 4758 2903 4781 ,
2933 4724 2991 4771 ut
3015 4716 3285 4786 permittat
3307 4716 3460 4772 vobis
3485 4716 3599 4773 dari
3633 4733 3820 4774 vocem
3840 4758 3861 4786 ,

2346 4894 2363 4924 ι
2406 4893 2464 4924 ιιι

2346 4894 2363 4924 ι
2400 4891 2587 4954 Aliquot
2618 4898 2743 4952 Mss,
2768 4898 2924 4954 quem.

2344 4956 2367 4987 ³
2399 4952 2451 5002 ln
2471 4953 2704 5025 v_aticanis
2725 4953 2969 5025 codicibus
2988 4955 3256 5025 οῐιιίιιίιιιιχ2
3294 4962 3439 5007 Deus.
3476 4962 3652 5025 yet'um
3672 4957 3865 5011 sublato

2280 4989 2705 5089 ιιρο.
3279 4989 3865 5089 έὲῗιῖίέἑιιέξᾶἓεῗὲἔὲ

2282 5078 2353 5128 sic
2371 5077 2525 5127 habet
2547 5073 2574 5125 :’
2589 5073 2707 5127 uias
2729 5073 3012 5145 ιιιερεέεοέ,ο
3032 5073 3177 5135 σκιαί,
3197 5076 3275 5149 ἕδη
3302 5076 3477 5130 Wa
3499 5073 3730 5146 me

2282 5206 2366 5267 tou_
2387 5197 2857 5267 minuatqu
2878 5197 3150 5267 aitésonten-
3175 5199 3308 5267 desei
3326 5199 3447 5267 σὰν,
3482 5197 3545 5254 eti
3584 5197 3798 5267 oidqfo
3819 5205 3867 5256 to

2282 5260 2452 5332 P'Qw"
2471 5260 2609 5331 ἀοίέει
2624 5258 2765 5332 ⁸αέιρ
2787 5260 3032 5332 MM“;
3058 5258 3139 5332 ἰαιὶ
3392 5258 3541 5332 πάρει
3565 5279 3576 5314 ε
3766 5266 3868 5318 ἀει-

2282 5320 2412 5396 tatis,
2451 5336 2480 5374 ο
2517 5320 2650 5400 uti:
2684 5320 3273 5400 fateamini:
3289 5332 3390 5400 (ξων
3415 5324 3460 5377 εί
3493 5325 3887 5400 ’Μεγαρεῖ

2284 5385 2696 5460 wtius‘naturte“:
2719 5390 2868 5460 cuque,
2894 5383 3018 5456 hanc
3054 5383 3267 5460 vocem_,__'
3294 5383 3440 5460 Deus,
3482 5401 3514 5438 a
3734 5383 3868 5442 vobis

2283 5445 2605 5518 precabiguur.
2644 5454 2766 5518 Nam
2783 5445 2868 5517 qui
3128 5447 3284 5518 dedit,
3308 5445 3443 5518 dabit
3463 5445 3676 5515 profecto
3695 5465 3867 5518 secun-

2285 5509 2403 5576 dum
2419 5545 2435 5571 ,
2470 5509 2618 5576 idque
2638 5509 2951 5576 potissimum.
2975 5509 3485 5576 Notanttovanieuses
3520 5509 3865 5576 augustinum,

2284 5574 2368 5636 qui
2385 5571 2513 5623 haud
2538 5571 2691 5625 dubie
2887 5572 3181 5643 exemplaris
3201 5573 3386 5635 cOpiam
3408 5586 3505 5623 non
3523 5571 3726 5647 habuit,
3768 5571 3868 5627 non

2284 5641 2422 5683 recte
2454 5632 2639 5683 legisse
2656 5669 2672 5683 .
2745 5632 3046 5683 enrecabuur
3063 5647 3081 5683 :
3121 5648 3207 5683 pro
3226 5671 3241 5683 .
3278 5633 3661 5683 deprecamur.
3710 5639 3867 5683 inter-

2281 5631 2422 5712 ίθίξξεε
2454 5632 2682 5712 legisse;
3063 5647 3081 5712 ἐ
3117 5648 3207 5712 E9
3221 5671 3241 5712 ε
3262 5631 3661 5712 accusabimur.
3696 5631 3867 5712 imar-

2282 5671 2440 5767 ίοῑξᾲζε
2456 5671 2691 5767 erant
3109 5671 3867 5767 aaqaa"aa‘sta"ga.;aa;

2283 5709 2440 5761 prcus
2458 5709 2585 5745 torte
2607 5709 2691 5746 aut
2725 5709 2901 5765 codicis
2938 5709 3085 5747 vnto:
3109 5709 3335 5808 ἓξοαιιιιθ
3372 5709 3559 5748 acuitur
3601 5709 3867 5752 sententia

2286 5758 2585 5832 exputanda:
2604 5771 2748 5807 causa
2766 5791 2782 5818 ,
2799 5756 2852 5806 td
2874 5764 2944 5829 est
2962 5792 2977 5818 ,
3010 5770 3097 5823 rog
3277 5767 3421 5832 Deus,
3448 5766 3544 5810 etc.
3566 5767 3689 5836 item
3710 5761 3870 5825 infra,

2283 5831 2367 5883 qui
2388 5818 2524 5870 dedit
2546 5818 2772 5884 credere,
2797 5818 2950 5884 dabit,
2966 5824 3013 5884 et
3046 5817 3280 5884 conﬁteri,
3306 5821 3545 5872 exhibent
3564 5821 3725 5874 italico
3746 5822 3869 5875 cha-

2286 5852 2524 5942 ἔὲιὲἷέἷ
2531 5852 3284 5943 ἄὰἱὶὖὶἶιέὲᾚὲῧηνιὲῗίῖἒῖιὲἐ
3300 5852 3701 5947 iuxtim?
