  <div class='ocr_page' id='page_1' title='image "/cluster/home/n/w/nwhite01/storage/ocr_20150623/44-45/uva.x000217727/518.png"; bbox 0 0 4102 6500; ppageno 0'>
   <div class='ocr_carea' id='block_1_1' title="bbox 306 339 451 396">
    <p class='ocr_par' dir='ltr' id='par_1_1' title="bbox 306 339 451 396">
     <span class='ocr_line' id='line_1_1' title="bbox 306 339 451 396; baseline 0.014 -2"><span class='ocrx_word' id='word_1_1' title='bbox 306 339 451 396; x_wconf 61' lang='grc'><strong>4095</strong></span> 
     </span>
    </p>
   </div>
   <div class='ocr_carea' id='block_1_2' title="bbox 301 447 1879 525">
    <p class='ocr_par' dir='ltr' id='par_1_2' title="bbox 301 447 1879 525">
     <span class='ocr_line' id='line_1_2' title="bbox 301 447 1879 525; baseline 0.003 -18"><span class='ocrx_word' id='word_1_2' title='bbox 301 469 407 525; x_wconf 91' lang='lat' dir='ltr'><strong>qua</strong></span> <span class='ocrx_word' id='word_1_3' title='bbox 438 451 581 522; x_wconf 91' lang='lat' dir='ltr'><strong>quod</strong></span> <span class='ocrx_word' id='word_1_4' title='bbox 626 447 875 516; x_wconf 82' lang='lat' dir='ltr'><strong>creditis,</strong></span> <span class='ocrx_word' id='word_1_5' title='bbox 907 453 1150 508; x_wconf 89' lang='lat' dir='ltr'><strong>conﬁteri</strong></span> <span class='ocrx_word' id='word_1_6' title='bbox 1179 456 1410 524; x_wconf 76' lang='lat' dir='ltr'><strong>possitis.</strong></span> <span class='ocrx_word' id='word_1_7' title='bbox 1450 475 1468 508; x_wconf 75' lang='grc' dir='ltr'>σ</span> <span class='ocrx_word' id='word_1_8' title='bbox 1508 457 1660 513; x_wconf 93' lang='lat' dir='ltr'><strong>Dabit</strong></span> <span class='ocrx_word' id='word_1_9' title='bbox 1696 459 1839 513; x_wconf 91' lang='lat' dir='ltr'><strong>enim</strong></span> <span class='ocrx_word' id='word_1_10' title='bbox 1864 499 1879 521; x_wconf 97' lang='lat'><strong>,</strong></span> 
     </span>
    </p>
   </div>
   <div class='ocr_carea' id='block_1_3' title="bbox 301 545 1884 620">
    <p class='ocr_par' dir='ltr' id='par_1_3' title="bbox 301 545 1884 620">
     <span class='ocr_line' id='line_1_3' title="bbox 301 545 1884 620; baseline 0.003 -21"><span class='ocrx_word' id='word_1_11' title='bbox 301 555 484 600; x_wconf 90' lang='lat' dir='ltr'><strong>certus</strong></span> <span class='ocrx_word' id='word_1_12' title='bbox 507 561 656 611; x_wconf 91' lang='lat' dir='ltr'><strong>sum;</strong></span> <span class='ocrx_word' id='word_1_13' title='bbox 681 547 771 614; x_wconf 89' lang='lat' dir='ltr'><strong>qui</strong></span> <span class='ocrx_word' id='word_1_14' title='bbox 800 545 946 601; x_wconf 91' lang='lat' dir='ltr'><strong>dedit</strong></span> <span class='ocrx_word' id='word_1_15' title='bbox 971 547 1112 616; x_wconf 90' lang='lat' dir='ltr'><strong>quod</strong></span> <span class='ocrx_word' id='word_1_16' title='bbox 1136 549 1362 618; x_wconf 84' lang='lat' dir='ltr'><strong>primum</strong></span> <span class='ocrx_word' id='word_1_17' title='bbox 1385 558 1486 617; x_wconf 91' lang='lat' dir='ltr'><strong>est,</strong></span> <span class='ocrx_word' id='word_1_18' title='bbox 1507 551 1651 605; x_wconf 84' lang='lat' dir='ltr'><strong>dabit</strong></span> <span class='ocrx_word' id='word_1_19' title='bbox 1670 559 1723 606; x_wconf 91' lang='lat' dir='ltr'><strong>et</strong></span> <span class='ocrx_word' id='word_1_20' title='bbox 1742 549 1884 620; x_wconf 88' lang='lat' dir='ltr'><strong>quod</strong></span> 
     </span>
    </p>
   </div>
   <div class='ocr_carea' id='block_1_4' title="bbox 301 637 1885 711">
    <p class='ocr_par' dir='ltr' id='par_1_4' title="bbox 301 637 1885 711">
     <span class='ocr_line' id='line_1_4' title="bbox 301 637 1885 711; baseline 0.003 -19"><span class='ocrx_word' id='word_1_21' title='bbox 301 638 594 692; x_wconf 89' lang='lat' dir='ltr'><strong>secundum</strong></span> <span class='ocrx_word' id='word_1_22' title='bbox 633 647 716 695; x_wconf 91' lang='lat' dir='ltr'><strong>est</strong></span> <span class='ocrx_word' id='word_1_23' title='bbox 762 658 781 692; x_wconf 71' lang='grc' dir='ltr'><strong><em>ι</em></strong></span> <span class='ocrx_word' id='word_1_24' title='bbox 835 637 1149 711; x_wconf 76' lang='lat' dir='ltr'><strong>(Gregorius</strong></span> <span class='ocrx_word' id='word_1_25' title='bbox 1190 640 1545 697; x_wconf 75' lang='lat' dir='ltr'><strong>Nazianzenus</strong></span> <span class='ocrx_word' id='word_1_26' title='bbox 1569 686 1583 710; x_wconf 95' lang='lat'><strong>,</strong></span> <span class='ocrx_word' id='word_1_27' title='bbox 1629 642 1774 696; x_wconf 81' lang='lat' dir='ltr'><strong>Orat.</strong></span> <span class='ocrx_word' id='word_1_28' title='bbox 1815 642 1885 697; x_wconf 73' lang='grc'><strong>44</strong></span> 
     </span>
    </p>
   </div>
   <div class='ocr_carea' id='block_1_5' title="bbox 300 729 1884 806">
    <p class='ocr_par' dir='ltr' id='par_1_5' title="bbox 300 729 1884 806">
     <span class='ocr_line' id='line_1_5' title="bbox 300 729 1884 806; baseline 0.004 -24"><span class='ocrx_word' id='word_1_29' title='bbox 300 731 356 783; x_wconf 85' lang='lat' dir='ltr'><strong>in</strong></span> <span class='ocrx_word' id='word_1_30' title='bbox 400 729 790 806; x_wconf 80' lang='lat' dir='ltr'><strong>Pentecosten);</strong></span> <span class='ocrx_word' id='word_1_31' title='bbox 831 732 922 802; x_wconf 87' lang='lat' dir='ltr'><strong>qui</strong></span> <span class='ocrx_word' id='word_1_32' title='bbox 968 731 1115 788; x_wconf 85' lang='lat' dir='ltr'><strong>dedit</strong></span> <span class='ocrx_word' id='word_1_33' title='bbox 1159 734 1421 804; x_wconf 87' lang='lat' dir='ltr'><strong>credere,</strong></span> <span class='ocrx_word' id='word_1_34' title='bbox 1462 735 1607 792; x_wconf 86' lang='lat' dir='ltr'><strong>dabit</strong></span> <span class='ocrx_word' id='word_1_35' title='bbox 1652 743 1705 789; x_wconf 93' lang='lat' dir='ltr'><strong>et</strong></span> <span class='ocrx_word' id='word_1_36' title='bbox 1750 748 1884 790; x_wconf 88' lang='lat' dir='ltr'><strong>con-</strong></span> 
     </span>
    </p>
   </div>
   <div class='ocr_carea' id='block_1_6' title="bbox 301 821 462 878">
    <p class='ocr_par' dir='ltr' id='par_1_6' title="bbox 301 821 462 878">
     <span class='ocr_line' id='line_1_6' title="bbox 301 821 462 878; baseline 0.006 -3"><span class='ocrx_word' id='word_1_37' title='bbox 301 821 462 878; x_wconf 82' lang='lat' dir='ltr'><strong>ﬁteri.</strong></span> 
     </span>
    </p>
   </div>
   <div class='ocr_carea' id='block_1_7' title="bbox 375 914 1884 986">
    <p class='ocr_par' dir='ltr' id='par_1_7' title="bbox 375 914 1884 986">
     <span class='ocr_line' id='line_1_7' title="bbox 375 914 1884 986; baseline 0.001 -17"><span class='ocrx_word' id='word_1_38' title='bbox 375 915 464 970; x_wconf 86' lang='lat'><strong>50.</strong></span> <span class='ocrx_word' id='word_1_39' title='bbox 490 914 577 970; x_wconf 86' lang='lat' dir='ltr'><strong>isti</strong></span> <span class='ocrx_word' id='word_1_40' title='bbox 600 915 732 971; x_wconf 84' lang='lat' dir='ltr'><strong>tales</strong></span> <span class='ocrx_word' id='word_1_41' title='bbox 753 916 988 986; x_wconf 89' lang='lat' dir='ltr'><strong>tantique</strong></span> <span class='ocrx_word' id='word_1_42' title='bbox 1003 916 1248 973; x_wconf 88' lang='lat' dir='ltr'><strong>doctores</strong></span> <span class='ocrx_word' id='word_1_43' title='bbox 1265 919 1502 974; x_wconf 86' lang='lat' dir='ltr'><strong>dicentes</strong></span> <span class='ocrx_word' id='word_1_44' title='bbox 1523 932 1627 971; x_wconf 92' lang='lat' dir='ltr'><strong>non</strong></span> <span class='ocrx_word' id='word_1_45' title='bbox 1648 933 1766 972; x_wconf 89' lang='lat' dir='ltr'><strong>esse</strong></span> <span class='ocrx_word' id='word_1_46' title='bbox 1785 918 1884 972; x_wconf 88' lang='lat' dir='ltr'><strong>ali-</strong></span> 
     </span>
    </p>
   </div>
   <div class='ocr_carea' id='block_1_8' title="bbox 302 1005 1882 1081">
    <p class='ocr_par' dir='ltr' id='par_1_8' title="bbox 302 1005 1882 1081">
     <span class='ocr_line' id='line_1_8' title="bbox 302 1005 1882 1081; baseline 0.004 -22"><span class='ocrx_word' id='word_1_47' title='bbox 302 1005 451 1077; x_wconf 86' lang='lat' dir='ltr'><strong>quid,</strong></span> <span class='ocrx_word' id='word_1_48' title='bbox 472 1005 538 1062; x_wconf 94' lang='lat' dir='ltr'><strong>de</strong></span> <span class='ocrx_word' id='word_1_49' title='bbox 561 1023 666 1077; x_wconf 89' lang='lat' dir='ltr'><strong>quo</strong></span> <span class='ocrx_word' id='word_1_50' title='bbox 689 1016 937 1077; x_wconf 87' lang='lat' dir='ltr'><strong>tanquam</strong></span> <span class='ocrx_word' id='word_1_51' title='bbox 961 1009 1027 1064; x_wconf 91' lang='lat' dir='ltr'><strong>de</strong></span> <span class='ocrx_word' id='word_1_52' title='bbox 1056 1020 1256 1074; x_wconf 86' lang='lat' dir='ltr'><strong>nostro,</strong></span> <span class='ocrx_word' id='word_1_53' title='bbox 1277 1010 1418 1081; x_wconf 92' lang='lat' dir='ltr'><strong>quod</strong></span> <span class='ocrx_word' id='word_1_54' title='bbox 1439 1011 1593 1065; x_wconf 92' lang='lat' dir='ltr'><strong>nobis</strong></span> <span class='ocrx_word' id='word_1_55' title='bbox 1616 1011 1755 1065; x_wconf 92' lang='lat' dir='ltr'><strong>Deus</strong></span> <span class='ocrx_word' id='word_1_56' title='bbox 1776 1027 1882 1066; x_wconf 93' lang='lat' dir='ltr'><strong>non</strong></span> 
     </span>
    </p>
   </div>
   <div class='ocr_carea' id='block_1_9' title="bbox 301 1096 1878 1174">
    <p class='ocr_par' dir='ltr' id='par_1_9' title="bbox 301 1096 1878 1174">
     <span class='ocr_line' id='line_1_9' title="bbox 301 1096 1878 1174; baseline 0.003 -22"><span class='ocrx_word' id='word_1_57' title='bbox 301 1096 542 1162; x_wconf 83' lang='lat' dir='ltr'><strong>dederit,</strong></span> <span class='ocrx_word' id='word_1_58' title='bbox 573 1098 893 1169; x_wconf 77' lang='lat' dir='ltr'><strong>gloriemur;</strong></span> <span class='ocrx_word' id='word_1_59' title='bbox 926 1115 1021 1154; x_wconf 90' lang='lat' dir='ltr'><strong>nec</strong></span> <span class='ocrx_word' id='word_1_60' title='bbox 1049 1101 1220 1169; x_wconf 90' lang='lat' dir='ltr'><strong>ipsum</strong></span> <span class='ocrx_word' id='word_1_61' title='bbox 1250 1117 1345 1155; x_wconf 89' lang='lat' dir='ltr'><strong>eor</strong></span> <span class='ocrx_word' id='word_1_62' title='bbox 1379 1111 1616 1155; x_wconf 89' lang='lat' dir='ltr'><strong>nostrum</strong></span> <span class='ocrx_word' id='word_1_63' title='bbox 1646 1110 1699 1157; x_wconf 92' lang='lat' dir='ltr'><strong>et</strong></span> <span class='ocrx_word' id='word_1_64' title='bbox 1731 1103 1878 1174; x_wconf 85' lang='lat' dir='ltr'><strong>cogi-</strong></span> 
     </span>
    </p>
   </div>
   <div class='ocr_carea' id='block_1_10' title="bbox 304 1190 1882 1261">
    <p class='ocr_par' dir='ltr' id='par_1_10' title="bbox 304 1190 1882 1261">
     <span class='ocr_line' id='line_1_10' title="bbox 304 1190 1882 1261; baseline 0.006 -19"><span class='ocrx_word' id='word_1_65' title='bbox 304 1190 538 1244; x_wconf 87' lang='lat' dir='ltr'><strong>tationes</strong></span> <span class='ocrx_word' id='word_1_66' title='bbox 566 1200 771 1245; x_wconf 90' lang='lat' dir='ltr'><strong>nostras</strong></span> <span class='ocrx_word' id='word_1_67' title='bbox 812 1191 865 1244; x_wconf 91' lang='lat' dir='ltr'><strong>in</strong></span> <span class='ocrx_word' id='word_1_68' title='bbox 912 1199 1170 1260; x_wconf 86' lang='lat' dir='ltr'><strong>potestate</strong></span> <span class='ocrx_word' id='word_1_69' title='bbox 1218 1203 1396 1248; x_wconf 90' lang='lat' dir='ltr'><strong>nostra</strong></span> <span class='ocrx_word' id='word_1_70' title='bbox 1429 1208 1580 1261; x_wconf 89' lang='lat' dir='ltr'><strong>esse;</strong></span> <span class='ocrx_word' id='word_1_71' title='bbox 1622 1202 1676 1249; x_wconf 91' lang='lat' dir='ltr'><strong>et</strong></span> <span class='ocrx_word' id='word_1_72' title='bbox 1717 1204 1882 1251; x_wconf 90' lang='lat' dir='ltr'><strong>totum</strong></span> 
     </span>
    </p>
   </div>
   <div class='ocr_carea' id='block_1_11' title="bbox 303 1279 1880 1355">
    <p class='ocr_par' dir='ltr' id='par_1_11' title="bbox 303 1279 1880 1355">
     <span class='ocr_line' id='line_1_11' title="bbox 303 1279 1880 1355; baseline 0.006 -21"><span class='ocrx_word' id='word_1_73' title='bbox 303 1279 499 1336; x_wconf 88' lang='lat' dir='ltr'><strong>dantes</strong></span> <span class='ocrx_word' id='word_1_74' title='bbox 528 1281 663 1341; x_wconf 87' lang='lat' dir='ltr'><strong>Deo,</strong></span> <span class='ocrx_word' id='word_1_75' title='bbox 695 1290 850 1350; x_wconf 87' lang='lat' dir='ltr'><strong>atque</strong></span> <span class='ocrx_word' id='word_1_76' title='bbox 879 1281 947 1334; x_wconf 92' lang='lat' dir='ltr'><strong>ab</strong></span> <span class='ocrx_word' id='word_1_77' title='bbox 979 1281 1094 1353; x_wconf 88' lang='lat' dir='ltr'><strong>ipso</strong></span> <span class='ocrx_word' id='word_1_78' title='bbox 1134 1299 1230 1338; x_wconf 92' lang='lat' dir='ltr'><strong>nos</strong></span> <span class='ocrx_word' id='word_1_79' title='bbox 1256 1285 1496 1354; x_wconf 91' lang='lat' dir='ltr'><strong>accipere</strong></span> <span class='ocrx_word' id='word_1_80' title='bbox 1525 1289 1840 1342; x_wconf 89' lang='lat' dir='ltr'><strong>conﬁtentes</strong></span> <span class='ocrx_word' id='word_1_81' title='bbox 1863 1328 1880 1355; x_wconf 92' lang='lat'><strong>,</strong></span> 
     </span>
    </p>
   </div>
   <div class='ocr_carea' id='block_1_12' title="bbox 304 1374 1883 1447">
    <p class='ocr_par' dir='ltr' id='par_1_12' title="bbox 304 1374 1883 1447">
     <span class='ocr_line' id='line_1_12' title="bbox 304 1374 1883 1447; baseline 0.004 -21"><span class='ocrx_word' id='word_1_82' title='bbox 304 1380 367 1426; x_wconf 87' lang='lat' dir='ltr'><strong>ut</strong></span> <span class='ocrx_word' id='word_1_83' title='bbox 409 1374 730 1442; x_wconf 91' lang='lat' dir='ltr'><strong>permansuri</strong></span> <span class='ocrx_word' id='word_1_84' title='bbox 761 1382 1135 1428; x_wconf 83' lang='lat' dir='ltr'><strong>convertamur</strong></span> <span class='ocrx_word' id='word_1_85' title='bbox 1165 1375 1230 1430; x_wconf 92' lang='lat' dir='ltr'><strong>ad</strong></span> <span class='ocrx_word' id='word_1_86' title='bbox 1271 1391 1424 1440; x_wconf 89' lang='lat' dir='ltr'><strong>eum;</strong></span> <span class='ocrx_word' id='word_1_87' title='bbox 1457 1387 1512 1431; x_wconf 89' lang='lat' dir='ltr'><strong>ut</strong></span> <span class='ocrx_word' id='word_1_88' title='bbox 1538 1378 1588 1432; x_wconf 94' lang='lat' dir='ltr'><strong>id</strong></span> <span class='ocrx_word' id='word_1_89' title='bbox 1614 1378 1754 1447; x_wconf 92' lang='lat' dir='ltr'><strong>quod</strong></span> <span class='ocrx_word' id='word_1_90' title='bbox 1786 1379 1883 1433; x_wconf 91' lang='lat' dir='ltr'><strong>bo-</strong></span> 
     </span>
    </p>
   </div>
   <div class='ocr_carea' id='block_1_13' title="bbox 303 1462 1882 1534">
    <p class='ocr_par' dir='ltr' id='par_1_13' title="bbox 303 1462 1882 1534">
     <span class='ocr_line' id='line_1_13' title="bbox 303 1462 1882 1534; baseline 0.004 -18"><span class='ocrx_word' id='word_1_91' title='bbox 303 1477 435 1522; x_wconf 88' lang='lat' dir='ltr'><strong>num</strong></span> <span class='ocrx_word' id='word_1_92' title='bbox 465 1471 578 1527; x_wconf 89' lang='lat' dir='ltr'><strong>est,</strong></span> <span class='ocrx_word' id='word_1_93' title='bbox 620 1462 771 1517; x_wconf 91' lang='lat' dir='ltr'><strong>nobis</strong></span> <span class='ocrx_word' id='word_1_94' title='bbox 797 1479 1006 1534; x_wconf 90' lang='lat' dir='ltr'><strong>quoque</strong></span> <span class='ocrx_word' id='word_1_95' title='bbox 1043 1465 1286 1520; x_wconf 89' lang='lat' dir='ltr'><strong>videatur</strong></span> <span class='ocrx_word' id='word_1_96' title='bbox 1313 1467 1506 1521; x_wconf 87' lang='lat' dir='ltr'><strong>bonum</strong></span> <span class='ocrx_word' id='word_1_97' title='bbox 1531 1511 1546 1534; x_wconf 95' lang='lat'><strong>,</strong></span> <span class='ocrx_word' id='word_1_98' title='bbox 1579 1476 1632 1523; x_wconf 91' lang='lat' dir='ltr'><strong>et</strong></span> <span class='ocrx_word' id='word_1_99' title='bbox 1660 1469 1882 1524; x_wconf 79' lang='lat' dir='ltr'><strong>velimus</strong></span> 
     </span>
    </p>
   </div>
   <div class='ocr_carea' id='block_1_14' title="bbox 299 1552 1878 1628">
    <p class='ocr_par' dir='ltr' id='par_1_14' title="bbox 299 1552 1878 1628">
     <span class='ocr_line' id='line_1_14' title="bbox 299 1552 1878 1628; baseline 0.006 -22"><span class='ocrx_word' id='word_1_100' title='bbox 299 1552 432 1614; x_wconf 82' lang='lat' dir='ltr'><strong>illud</strong></span> <span class='ocrx_word' id='word_1_101' title='bbox 452 1595 466 1616; x_wconf 95' lang='lat'><strong>,</strong></span> <span class='ocrx_word' id='word_1_102' title='bbox 502 1562 557 1607; x_wconf 93' lang='lat' dir='ltr'><strong>ut</strong></span> <span class='ocrx_word' id='word_1_103' title='bbox 579 1553 901 1610; x_wconf 89' lang='lat' dir='ltr'><strong>houoremus</strong></span> <span class='ocrx_word' id='word_1_104' title='bbox 924 1557 1088 1610; x_wconf 89' lang='lat' dir='ltr'><strong>Deum</strong></span> <span class='ocrx_word' id='word_1_105' title='bbox 1109 1598 1123 1624; x_wconf 90' lang='lat'><strong>,</strong></span> <span class='ocrx_word' id='word_1_106' title='bbox 1147 1565 1202 1613; x_wconf 91' lang='lat' dir='ltr'><strong>et</strong></span> <span class='ocrx_word' id='word_1_107' title='bbox 1225 1558 1541 1628; x_wconf 87' lang='lat' dir='ltr'><strong>recipiamus</strong></span> <span class='ocrx_word' id='word_1_108' title='bbox 1564 1558 1839 1616; x_wconf 87' lang='lat' dir='ltr'><strong>Christum</strong></span> <span class='ocrx_word' id='word_1_109' title='bbox 1863 1603 1878 1628; x_wconf 96' lang='lat'><strong>,</strong></span> 
     </span>
    </p>
   </div>
   <div class='ocr_carea' id='block_1_15' title="bbox 298 1644 1885 1724">
    <p class='ocr_par' dir='ltr' id='par_1_15' title="bbox 298 1644 1885 1724">
     <span class='ocr_line' id='line_1_15' title="bbox 298 1644 1885 1724; baseline 0.007 -26"><span class='ocrx_word' id='word_1_110' title='bbox 298 1652 359 1698; x_wconf 92' lang='lat' dir='ltr'><strong>ut</strong></span> <span class='ocrx_word' id='word_1_111' title='bbox 383 1659 453 1698; x_wconf 76' lang='lat' dir='ltr'><strong>ex</strong></span> <span class='ocrx_word' id='word_1_112' title='bbox 486 1644 746 1700; x_wconf 91' lang='lat' dir='ltr'><strong>indevotis</strong></span> <span class='ocrx_word' id='word_1_113' title='bbox 773 1645 1067 1702; x_wconf 91' lang='lat' dir='ltr'><strong>efficiamur</strong></span> <span class='ocrx_word' id='word_1_114' title='bbox 1095 1649 1270 1704; x_wconf 88' lang='lat' dir='ltr'><strong>devoti</strong></span> <span class='ocrx_word' id='word_1_115' title='bbox 1297 1659 1350 1706; x_wconf 93' lang='lat' dir='ltr'><strong>et</strong></span> <span class='ocrx_word' id='word_1_116' title='bbox 1374 1652 1626 1722; x_wconf 81' lang='lat' dir='ltr'><strong>religiosi,</strong></span> <span class='ocrx_word' id='word_1_117' title='bbox 1647 1661 1702 1708; x_wconf 93' lang='lat' dir='ltr'><strong>ut</strong></span> <span class='ocrx_word' id='word_1_118' title='bbox 1731 1655 1781 1708; x_wconf 87' lang='lat' dir='ltr'><strong>in</strong></span> <span class='ocrx_word' id='word_1_119' title='bbox 1805 1655 1885 1724; x_wconf 88' lang='lat' dir='ltr'><strong>ip-</strong></span> 
     </span>
    </p>
   </div>
   <div class='ocr_carea' id='block_1_16' title="bbox 251 1733 1882 1803">
    <p class='ocr_par' dir='ltr' id='par_1_16' title="bbox 251 1733 1882 1803">
     <span class='ocr_line' id='line_1_16' title="bbox 251 1733 1882 1803; baseline 0.008 -15"><span class='ocrx_word' id='word_1_120' title='bbox 251 1769 270 1776; x_wconf 55' lang='grc' dir='ltr'><em>κ</em></span> <span class='ocrx_word' id='word_1_121' title='bbox 300 1750 417 1802; x_wconf 83' lang='lat' dir='ltr'><strong>sam</strong></span> <span class='ocrx_word' id='word_1_122' title='bbox 448 1733 762 1791; x_wconf 89' lang='lat' dir='ltr'><strong>Trinitatem</strong></span> <span class='ocrx_word' id='word_1_123' title='bbox 791 1737 1089 1803; x_wconf 89' lang='lat' dir='ltr'><strong>credamus,</strong></span> <span class='ocrx_word' id='word_1_124' title='bbox 1116 1749 1168 1794; x_wconf 92' lang='lat' dir='ltr'><strong>et</strong></span> <span class='ocrx_word' id='word_1_125' title='bbox 1198 1741 1548 1796; x_wconf 86' lang='lat' dir='ltr'><strong>confiteamur</strong></span> <span class='ocrx_word' id='word_1_126' title='bbox 1572 1744 1730 1800; x_wconf 91' lang='lat' dir='ltr'><strong>etiam</strong></span> <span class='ocrx_word' id='word_1_127' title='bbox 1754 1760 1882 1801; x_wconf 92' lang='lat' dir='ltr'><strong>voce</strong></span> 
     </span>
    </p>
   </div>
   <div class='ocr_carea' id='block_1_17' title="bbox 300 1827 1882 1903">
    <p class='ocr_par' dir='ltr' id='par_1_17' title="bbox 300 1827 1882 1903">
     <span class='ocr_line' id='line_1_17' title="bbox 300 1827 1882 1903; baseline 0.006 -21"><span class='ocrx_word' id='word_1_128' title='bbox 300 1827 442 1898; x_wconf 90' lang='lat' dir='ltr'><strong>quod</strong></span> <span class='ocrx_word' id='word_1_129' title='bbox 473 1827 740 1884; x_wconf 89' lang='lat' dir='ltr'><strong>credimus</strong></span> <span class='ocrx_word' id='word_1_130' title='bbox 772 1846 785 1882; x_wconf 93' lang='lat'>:</span> <span class='ocrx_word' id='word_1_131' title='bbox 822 1830 936 1886; x_wconf 74' lang='lat' dir='ltr'><strong>haec</strong></span> <span class='ocrx_word' id='word_1_132' title='bbox 964 1831 1145 1901; x_wconf 90' lang='lat' dir='ltr'><strong>utique</strong></span> <span class='ocrx_word' id='word_1_133' title='bbox 1165 1833 1350 1902; x_wconf 72' lang='lat' dir='ltr'><strong>gratia:</strong></span> <span class='ocrx_word' id='word_1_134' title='bbox 1372 1833 1465 1888; x_wconf 91' lang='lat' dir='ltr'><strong>Dei</strong></span> <span class='ocrx_word' id='word_1_135' title='bbox 1493 1834 1756 1903; x_wconf 88' lang='lat' dir='ltr'><strong>tribuunt,</strong></span> <span class='ocrx_word' id='word_1_136' title='bbox 1787 1836 1882 1892; x_wconf 90' lang='lat' dir='ltr'><strong>Dei</strong></span> 
     </span>
    </p>
   </div>
   <div class='ocr_carea' id='block_1_18' title="bbox 301 1922 1883 1992">
    <p class='ocr_par' dir='ltr' id='par_1_18' title="bbox 301 1922 1883 1992">
     <span class='ocr_line' id='line_1_18' title="bbox 301 1922 1883 1992; baseline 0.007 -19"><span class='ocrx_word' id='word_1_137' title='bbox 301 1935 521 1974; x_wconf 89' lang='lat' dir='ltr'><strong>munera</strong></span> <span class='ocrx_word' id='word_1_138' title='bbox 561 1930 890 1990; x_wconf 90' lang='lat' dir='ltr'><strong>agnoscunt,</strong></span> <span class='ocrx_word' id='word_1_139' title='bbox 921 1923 988 1977; x_wconf 89' lang='lat' dir='ltr'><strong>ab</strong></span> <span class='ocrx_word' id='word_1_140' title='bbox 1019 1922 1134 1991; x_wconf 91' lang='lat' dir='ltr'><strong>ipso</strong></span> <span class='ocrx_word' id='word_1_141' title='bbox 1160 1924 1311 1979; x_wconf 87' lang='lat' dir='ltr'><strong>nobis</strong></span> <span class='ocrx_word' id='word_1_142' title='bbox 1333 1967 1346 1992; x_wconf 92' lang='lat'><strong>,</strong></span> <span class='ocrx_word' id='word_1_143' title='bbox 1375 1941 1478 1980; x_wconf 92' lang='lat' dir='ltr'><strong>non</strong></span> <span class='ocrx_word' id='word_1_144' title='bbox 1509 1942 1539 1980; x_wconf 93' lang='lat' dir='ltr'><strong>a</strong></span> <span class='ocrx_word' id='word_1_145' title='bbox 1571 1927 1724 1983; x_wconf 91' lang='lat' dir='ltr'><strong>nobis</strong></span> <span class='ocrx_word' id='word_1_146' title='bbox 1762 1943 1883 1984; x_wconf 90' lang='lat' dir='ltr'><strong>esse</strong></span> 
     </span>
    </p>
   </div>
   <div class='ocr_carea' id='block_1_19' title="bbox 302 2013 1878 2088">
    <p class='ocr_par' dir='ltr' id='par_1_19' title="bbox 302 2013 1878 2088">
     <span class='ocr_line' id='line_1_19' title="bbox 302 2013 1878 2088; baseline 0.008 -23"><span class='ocrx_word' id='word_1_147' title='bbox 302 2021 585 2068; x_wconf 87' lang='lat' dir='ltr'><strong>testantur.</strong></span> <span class='ocrx_word' id='word_1_148' title='bbox 610 2013 875 2085; x_wconf 89' lang='lat' dir='ltr'><strong>Numquid</strong></span> <span class='ocrx_word' id='word_1_149' title='bbox 898 2025 1074 2070; x_wconf 88' lang='lat' dir='ltr'><strong>autem</strong></span> <span class='ocrx_word' id='word_1_150' title='bbox 1097 2017 1377 2088; x_wconf 79' lang='lat' dir='ltr'><strong>quisquam</strong></span> <span class='ocrx_word' id='word_1_151' title='bbox 1401 2035 1495 2074; x_wconf 90' lang='lat' dir='ltr'><strong>eos</strong></span> <span class='ocrx_word' id='word_1_152' title='bbox 1519 2019 1756 2076; x_wconf 90' lang='lat' dir='ltr'><strong>dicturus</strong></span> <span class='ocrx_word' id='word_1_153' title='bbox 1776 2031 1878 2088; x_wconf 90' lang='lat' dir='ltr'><strong>est,</strong></span> 
     </span>
    </p>
   </div>
   <div class='ocr_carea' id='block_1_20' title="bbox 302 2103 1882 2183">
    <p class='ocr_par' dir='ltr' id='par_1_20' title="bbox 302 2103 1882 2183">
     <span class='ocr_line' id='line_1_20' title="bbox 302 2103 1882 2183; baseline 0.006 -25"><span class='ocrx_word' id='word_1_154' title='bbox 302 2103 375 2158; x_wconf 88' lang='lat' dir='ltr'><strong>ita</strong></span> <span class='ocrx_word' id='word_1_155' title='bbox 402 2103 674 2160; x_wconf 87' lang='lat' dir='ltr'><strong>confessos</strong></span> <span class='ocrx_word' id='word_1_156' title='bbox 703 2107 860 2161; x_wconf 87' lang='lat' dir='ltr'><strong>istam</strong></span> <span class='ocrx_word' id='word_1_157' title='bbox 886 2108 976 2162; x_wconf 90' lang='lat' dir='ltr'><strong>Dei</strong></span> <span class='ocrx_word' id='word_1_158' title='bbox 1015 2112 1239 2179; x_wconf 81' lang='lat' dir='ltr'><strong>gratiam</strong></span> <span class='ocrx_word' id='word_1_159' title='bbox 1257 2149 1273 2176; x_wconf 94' lang='lat'><strong>,</strong></span> <span class='ocrx_word' id='word_1_160' title='bbox 1317 2117 1375 2164; x_wconf 93' lang='lat' dir='ltr'><strong>ut</strong></span> <span class='ocrx_word' id='word_1_161' title='bbox 1399 2110 1661 2166; x_wconf 86' lang='lat' dir='ltr'><strong>auderent</strong></span> <span class='ocrx_word' id='word_1_162' title='bbox 1688 2127 1882 2183; x_wconf 86' lang='lat' dir='ltr'><strong>negare</strong></span> 
     </span>
    </p>
   </div>
   <div class='ocr_carea' id='block_1_21' title="bbox 300 2197 1881 2271">
    <p class='ocr_par' dir='ltr' id='par_1_21' title="bbox 300 2197 1881 2271">
     <span class='ocr_line' id='line_1_21' title="bbox 300 2197 1881 2271; baseline 0.006 -20"><span class='ocrx_word' id='word_1_163' title='bbox 300 2197 416 2268; x_wconf 87' lang='lat' dir='ltr'><strong>ejus</strong></span> <span class='ocrx_word' id='word_1_164' title='bbox 441 2199 828 2267; x_wconf 71' lang='lat' dir='ltr'><strong>prtescientiam</strong></span> <span class='ocrx_word' id='word_1_165' title='bbox 851 2242 864 2266; x_wconf 94' lang='lat'><strong>,</strong></span> <span class='ocrx_word' id='word_1_166' title='bbox 897 2216 1053 2271; x_wconf 91' lang='lat' dir='ltr'><strong>quam</strong></span> <span class='ocrx_word' id='word_1_167' title='bbox 1082 2217 1187 2256; x_wconf 91' lang='lat' dir='ltr'><strong>non</strong></span> <span class='ocrx_word' id='word_1_168' title='bbox 1216 2202 1386 2257; x_wconf 91' lang='lat' dir='ltr'><strong>solum</strong></span> <span class='ocrx_word' id='word_1_169' title='bbox 1413 2203 1592 2270; x_wconf 85' lang='lat' dir='ltr'><strong>docti,</strong></span> <span class='ocrx_word' id='word_1_170' title='bbox 1617 2205 1709 2259; x_wconf 92' lang='lat' dir='ltr'><strong>sed</strong></span> <span class='ocrx_word' id='word_1_171' title='bbox 1731 2205 1881 2259; x_wconf 75' lang='lat' dir='ltr'><strong>indo-</strong></span> 
     </span>
    </p>
   </div>
   <div class='ocr_carea' id='block_1_22' title="bbox 301 2289 1881 2351">
    <p class='ocr_par' dir='ltr' id='par_1_22' title="bbox 301 2289 1881 2351">
     <span class='ocr_line' id='line_1_22' title="bbox 301 2289 1881 2351; baseline 0.006 -9"><span class='ocrx_word' id='word_1_172' title='bbox 301 2289 371 2343; x_wconf 91' lang='lat' dir='ltr'><strong>cti</strong></span> <span class='ocrx_word' id='word_1_173' title='bbox 398 2291 557 2344; x_wconf 88' lang='lat' dir='ltr'><strong>etiam</strong></span> <span class='ocrx_word' id='word_1_174' title='bbox 595 2291 957 2346; x_wconf 73' lang='lat' dir='ltr'><strong>confitentur?</strong></span> <span class='ocrx_word' id='word_1_175' title='bbox 982 2293 1148 2348; x_wconf 84' lang='lat' dir='ltr'><strong>Porro</strong></span> <span class='ocrx_word' id='word_1_176' title='bbox 1186 2294 1229 2347; x_wconf 92' lang='lat' dir='ltr'><strong>si</strong></span> <span class='ocrx_word' id='word_1_177' title='bbox 1260 2295 1372 2349; x_wconf 72' lang='lat' dir='ltr'><strong>haec</strong></span> <span class='ocrx_word' id='word_1_178' title='bbox 1412 2295 1480 2349; x_wconf 90' lang='lat' dir='ltr'><strong>ita</strong></span> <span class='ocrx_word' id='word_1_179' title='bbox 1510 2296 1674 2350; x_wconf 91' lang='lat' dir='ltr'><strong>Deum</strong></span> <span class='ocrx_word' id='word_1_180' title='bbox 1715 2311 1881 2351; x_wconf 91' lang='lat' dir='ltr'><strong>nove-</strong></span> 
     </span>
    </p>
   </div>
   <div class='ocr_carea' id='block_1_23' title="bbox 301 2380 1883 2453">
    <p class='ocr_par' dir='ltr' id='par_1_23' title="bbox 301 2380 1883 2453">
     <span class='ocr_line' id='line_1_23' title="bbox 301 2380 1883 2453; baseline 0.006 -19"><span class='ocrx_word' id='word_1_181' title='bbox 301 2389 426 2434; x_wconf 85' lang='lat' dir='ltr'><strong>rant</strong></span> <span class='ocrx_word' id='word_1_182' title='bbox 470 2380 599 2436; x_wconf 89' lang='lat' dir='ltr'><strong>dare</strong></span> <span class='ocrx_word' id='word_1_183' title='bbox 620 2423 635 2448; x_wconf 95' lang='lat'><strong>,</strong></span> <span class='ocrx_word' id='word_1_184' title='bbox 665 2391 723 2436; x_wconf 93' lang='lat' dir='ltr'><strong>ut</strong></span> <span class='ocrx_word' id='word_1_185' title='bbox 753 2398 858 2437; x_wconf 89' lang='lat' dir='ltr'><strong>non</strong></span> <span class='ocrx_word' id='word_1_186' title='bbox 902 2381 1208 2453; x_wconf 78' lang='lat' dir='ltr'><strong>ignorarent</strong></span> <span class='ocrx_word' id='word_1_187' title='bbox 1233 2401 1352 2440; x_wconf 91' lang='lat' dir='ltr'><strong>eum</strong></span> <span class='ocrx_word' id='word_1_188' title='bbox 1393 2386 1637 2442; x_wconf 90' lang='lat' dir='ltr'><strong>daturum</strong></span> <span class='ocrx_word' id='word_1_189' title='bbox 1668 2403 1728 2443; x_wconf 90' lang='lat' dir='ltr'><strong>se</strong></span> <span class='ocrx_word' id='word_1_190' title='bbox 1764 2404 1883 2445; x_wconf 88' lang='lat' dir='ltr'><strong>esse</strong></span> 
     </span>
    </p>
   </div>
   <div class='ocr_carea' id='block_1_24' title="bbox 303 2475 1881 2551">
    <p class='ocr_par' dir='ltr' id='par_1_24' title="bbox 303 2475 1881 2551">
     <span class='ocr_line' id='line_1_24' title="bbox 303 2475 1881 2551; baseline 0.008 -25"><span class='ocrx_word' id='word_1_191' title='bbox 303 2475 582 2541; x_wconf 65' lang='lat' dir='ltr'><strong>praescisse</strong></span> <span class='ocrx_word' id='word_1_192' title='bbox 602 2514 617 2540; x_wconf 87' lang='lat'><strong>,</strong></span> <span class='ocrx_word' id='word_1_193' title='bbox 645 2483 698 2531; x_wconf 90' lang='lat' dir='ltr'><strong>et</strong></span> <span class='ocrx_word' id='word_1_194' title='bbox 723 2475 912 2543; x_wconf 87' lang='lat' dir='ltr'><strong>quibus</strong></span> <span class='ocrx_word' id='word_1_195' title='bbox 949 2475 1168 2532; x_wconf 87' lang='lat' dir='ltr'><strong>daturus</strong></span> <span class='ocrx_word' id='word_1_196' title='bbox 1194 2487 1336 2534; x_wconf 87' lang='lat' dir='ltr'><strong>esset</strong></span> <span class='ocrx_word' id='word_1_197' title='bbox 1361 2495 1465 2534; x_wconf 90' lang='lat' dir='ltr'><strong>non</strong></span> <span class='ocrx_word' id='word_1_198' title='bbox 1494 2483 1734 2551; x_wconf 88' lang='lat' dir='ltr'><strong>potuisse</strong></span> <span class='ocrx_word' id='word_1_199' title='bbox 1785 2498 1881 2537; x_wconf 90' lang='lat' dir='ltr'><strong>ne-</strong></span> 
     </span>
    </p>
   </div>
   <div class='ocr_carea' id='block_1_25' title="bbox 309 2564 1882 2643">
    <p class='ocr_par' dir='ltr' id='par_1_25' title="bbox 309 2564 1882 2643">
     <span class='ocr_line' id='line_1_25' title="bbox 309 2564 1882 2643; baseline 0.005 -25"><span class='ocrx_word' id='word_1_200' title='bbox 309 2564 446 2618; x_wconf 88' lang='lat' dir='ltr'><strong>scire</strong></span> <span class='ocrx_word' id='word_1_201' title='bbox 467 2582 481 2630; x_wconf 84' lang='lat'><strong>;</strong></span> <span class='ocrx_word' id='word_1_202' title='bbox 506 2566 687 2634; x_wconf 87' lang='lat' dir='ltr'><strong>procul</strong></span> <span class='ocrx_word' id='word_1_203' title='bbox 708 2565 868 2620; x_wconf 93' lang='lat' dir='ltr'><strong>dubio</strong></span> <span class='ocrx_word' id='word_1_204' title='bbox 888 2579 1138 2622; x_wconf 88' lang='lat' dir='ltr'><strong>noverant</strong></span> <span class='ocrx_word' id='word_1_205' title='bbox 1171 2569 1882 2643; x_wconf 76' lang='lat' dir='ltr'><strong>praedestinationem,quam</strong></span> 
     </span>
    </p>
   </div>
   <div class='ocr_carea' id='block_1_26' title="bbox 309 2657 1884 2733">
    <p class='ocr_par' dir='ltr' id='par_1_26' title="bbox 309 2657 1884 2733">
     <span class='ocr_line' id='line_1_26' title="bbox 309 2657 1884 2733; baseline 0.004 -21"><span class='ocrx_word' id='word_1_206' title='bbox 309 2672 407 2726; x_wconf 89' lang='lat' dir='ltr'><strong>per</strong></span> <span class='ocrx_word' id='word_1_207' title='bbox 425 2659 461 2710; x_wconf 82' lang='lat' dir='ltr'><strong>A</strong></span> <span class='ocrx_word' id='word_1_208' title='bbox 473 2657 702 2726; x_wconf 83' lang='lat' dir='ltr'><strong>postules</strong></span> <span class='ocrx_word' id='word_1_209' title='bbox 716 2658 1050 2728; x_wconf 75' lang='lat' dir='ltr'><strong>praedicatum</strong></span> <span class='ocrx_word' id='word_1_210' title='bbox 1073 2669 1254 2715; x_wconf 88' lang='lat' dir='ltr'><strong>contra</strong></span> <span class='ocrx_word' id='word_1_211' title='bbox 1273 2677 1440 2716; x_wconf 86' lang='lat' dir='ltr'><strong>novos</strong></span> <span class='ocrx_word' id='word_1_212' title='bbox 1462 2661 1740 2719; x_wconf 58' lang='lat' dir='ltr'><strong>haereticos</strong></span> <span class='ocrx_word' id='word_1_213' title='bbox 1756 2679 1884 2733; x_wconf 89' lang='lat' dir='ltr'><strong>ope-</strong></span> 
     </span>
    </p>
   </div>
   <div class='ocr_carea' id='block_1_27' title="bbox 307 2749 1884 2823">
    <p class='ocr_par' dir='ltr' id='par_1_27' title="bbox 307 2749 1884 2823">
     <span class='ocr_line' id='line_1_27' title="bbox 307 2749 1884 2823; baseline 0.006 -20"><span class='ocrx_word' id='word_1_214' title='bbox 307 2750 484 2805; x_wconf 89' lang='lat' dir='ltr'><strong>rosius</strong></span> <span class='ocrx_word' id='word_1_215' title='bbox 510 2749 911 2823; x_wconf 77' lang='lat' dir='ltr'><strong>diligentiusque</strong></span> <span class='ocrx_word' id='word_1_216' title='bbox 931 2752 1263 2809; x_wconf 80' lang='lat' dir='ltr'><strong>defendimus</strong></span> <span class='ocrx_word' id='word_1_217' title='bbox 1287 2772 1300 2808; x_wconf 89' lang='lat'>:</span> <span class='ocrx_word' id='word_1_218' title='bbox 1327 2771 1425 2810; x_wconf 92' lang='lat' dir='ltr'><strong>nec</strong></span> <span class='ocrx_word' id='word_1_219' title='bbox 1449 2765 1622 2812; x_wconf 90' lang='lat' dir='ltr'><strong>tamen</strong></span> <span class='ocrx_word' id='word_1_220' title='bbox 1651 2759 1728 2812; x_wconf 91' lang='lat' dir='ltr'><strong>eis</strong></span> <span class='ocrx_word' id='word_1_221' title='bbox 1755 2759 1884 2814; x_wconf 90' lang='lat' dir='ltr'><strong>obe-</strong></span> 
     </span>
    </p>
   </div>
   <div class='ocr_carea' id='block_1_28' title="bbox 305 2840 1884 2920">
    <p class='ocr_par' dir='ltr' id='par_1_28' title="bbox 305 2840 1884 2920">
     <span class='ocr_line' id='line_1_28' title="bbox 305 2840 1884 2920; baseline 0.008 -25"><span class='ocrx_word' id='word_1_222' title='bbox 305 2840 557 2895; x_wconf 91' lang='lat' dir='ltr'><strong>dientiam</strong></span> <span class='ocrx_word' id='word_1_223' title='bbox 584 2843 1010 2911; x_wconf 65' lang='lat' dir='ltr'><strong>prmdicantibus,</strong></span> <span class='ocrx_word' id='word_1_224' title='bbox 1035 2855 1087 2901; x_wconf 90' lang='lat' dir='ltr'><strong>et</strong></span> <span class='ocrx_word' id='word_1_225' title='bbox 1105 2846 1170 2900; x_wconf 92' lang='lat' dir='ltr'><strong>ad</strong></span> <span class='ocrx_word' id='word_1_226' title='bbox 1193 2860 1310 2900; x_wconf 90' lang='lat' dir='ltr'><strong>eam</strong></span> <span class='ocrx_word' id='word_1_227' title='bbox 1332 2848 1470 2902; x_wconf 88' lang='lat' dir='ltr'><strong>sicut</strong></span> <span class='ocrx_word' id='word_1_228' title='bbox 1489 2849 1711 2919; x_wconf 89' lang='lat' dir='ltr'><strong>quisque</strong></span> <span class='ocrx_word' id='word_1_229' title='bbox 1735 2860 1884 2920; x_wconf 79' lang='lat' dir='ltr'><strong>pete-</strong></span> 
     </span>
    </p>
   </div>
   <div class='ocr_carea' id='block_1_29' title="bbox 302 2931 1881 3011">
    <p class='ocr_par' dir='ltr' id='par_1_29' title="bbox 302 2931 1881 3011">
     <span class='ocr_line' id='line_1_29' title="bbox 302 2931 1881 3011; baseline 0.009 -25"><span class='ocrx_word' id='word_1_230' title='bbox 302 2941 386 2986; x_wconf 91' lang='lat' dir='ltr'><strong>rat</strong></span> <span class='ocrx_word' id='word_1_231' title='bbox 401 2931 668 2990; x_wconf 81' lang='lat' dir='ltr'><strong>ferventer</strong></span> <span class='ocrx_word' id='word_1_232' title='bbox 684 2935 1037 3004; x_wconf 88' lang='lat' dir='ltr'><strong>hortantibus,</strong></span> <span class='ocrx_word' id='word_1_233' title='bbox 1057 2938 1164 2995; x_wconf 93' lang='lat' dir='ltr'><strong>ullo</strong></span> <span class='ocrx_word' id='word_1_234' title='bbox 1177 2939 1338 2997; x_wconf 87' lang='lat' dir='ltr'><strong>modo</strong></span> <span class='ocrx_word' id='word_1_235' title='bbox 1355 2952 1500 2995; x_wconf 90' lang='lat' dir='ltr'><strong>recte</strong></span> <span class='ocrx_word' id='word_1_236' title='bbox 1515 2941 1801 3011; x_wconf 90' lang='lat' dir='ltr'><strong>diceretur,</strong></span> <span class='ocrx_word' id='word_1_237' title='bbox 1825 2943 1881 3000; x_wconf 90' lang='lat' dir='ltr'><strong>Si</strong></span> 
     </span>
    </p>
   </div>
   <div class='ocr_carea' id='block_1_30' title="bbox 300 3026 1884 3103">
    <p class='ocr_par' dir='ltr' id='par_1_30' title="bbox 300 3026 1884 3103">
     <span class='ocr_line' id='line_1_30' title="bbox 300 3026 1884 3103; baseline 0.006 -23"><span class='ocrx_word' id='word_1_238' title='bbox 300 3041 411 3080; x_wconf 89' lang='lat' dir='ltr'><strong>non</strong></span> <span class='ocrx_word' id='word_1_239' title='bbox 433 3026 592 3082; x_wconf 82' lang='lat' dir='ltr'><strong>vultis</strong></span> <span class='ocrx_word' id='word_1_240' title='bbox 604 3027 982 3095; x_wconf 89' lang='lat' dir='ltr'><strong>obedientiam,</strong></span> <span class='ocrx_word' id='word_1_241' title='bbox 1001 3030 1066 3085; x_wconf 89' lang='lat' dir='ltr'><strong>ad</strong></span> <span class='ocrx_word' id='word_1_242' title='bbox 1083 3046 1238 3101; x_wconf 93' lang='lat' dir='ltr'><strong>quam</strong></span> <span class='ocrx_word' id='word_1_243' title='bbox 1262 3049 1358 3087; x_wconf 91' lang='lat' dir='ltr'><strong>nos</strong></span> <span class='ocrx_word' id='word_1_244' title='bbox 1383 3034 1692 3103; x_wconf 89' lang='lat' dir='ltr'><strong>accenditis,</strong></span> <span class='ocrx_word' id='word_1_245' title='bbox 1713 3035 1763 3089; x_wconf 92' lang='lat' dir='ltr'><strong>in</strong></span> <span class='ocrx_word' id='word_1_246' title='bbox 1789 3052 1884 3090; x_wconf 92' lang='lat' dir='ltr'><strong>no-</strong></span> 
     </span>
    </p>
   </div>
   <div class='ocr_carea' id='block_1_31' title="bbox 301 3117 1883 3196">
    <p class='ocr_par' dir='ltr' id='par_1_31' title="bbox 301 3117 1883 3196">
     <span class='ocr_line' id='line_1_31' title="bbox 301 3117 1883 3196; baseline 0.008 -26"><span class='ocrx_word' id='word_1_247' title='bbox 301 3126 416 3172; x_wconf 91' lang='lat' dir='ltr'><strong>stro</strong></span> <span class='ocrx_word' id='word_1_248' title='bbox 442 3119 604 3174; x_wconf 89' lang='lat' dir='ltr'><strong>corde</strong></span> <span class='ocrx_word' id='word_1_249' title='bbox 629 3117 916 3189; x_wconf 80' lang='lat' dir='ltr'><strong>frigescere</strong></span> <span class='ocrx_word' id='word_1_250' title='bbox 935 3163 949 3188; x_wconf 95' lang='lat'><strong>,</strong></span> <span class='ocrx_word' id='word_1_251' title='bbox 985 3122 1150 3178; x_wconf 89' lang='lat' dir='ltr'><strong>nolite</strong></span> <span class='ocrx_word' id='word_1_252' title='bbox 1175 3124 1326 3179; x_wconf 91' lang='lat' dir='ltr'><strong>nobis</strong></span> <span class='ocrx_word' id='word_1_253' title='bbox 1351 3124 1506 3179; x_wconf 88' lang='lat' dir='ltr'><strong>istam</strong></span> <span class='ocrx_word' id='word_1_254' title='bbox 1537 3126 1631 3181; x_wconf 87' lang='lat' dir='ltr'><strong>Dei</strong></span> <span class='ocrx_word' id='word_1_255' title='bbox 1657 3125 1883 3196; x_wconf 80' lang='lat' dir='ltr'><strong>gratiam</strong></span> 
     </span>
    </p>
   </div>
   <div class='ocr_carea' id='block_1_32' title="bbox 302 3208 1881 3287">
    <p class='ocr_par' dir='ltr' id='par_1_32' title="bbox 302 3208 1881 3287">
     <span class='ocr_line' id='line_1_32' title="bbox 302 3208 1881 3287; baseline 0.006 -24"><span class='ocrx_word' id='word_1_256' title='bbox 302 3208 629 3278; x_wconf 77' lang='lat' dir='ltr'><strong>praedicare,</strong></span> <span class='ocrx_word' id='word_1_257' title='bbox 657 3227 760 3282; x_wconf 90' lang='lat' dir='ltr'><strong>qua</strong></span> <span class='ocrx_word' id='word_1_258' title='bbox 794 3213 963 3269; x_wconf 90' lang='lat' dir='ltr'><strong>Deum</strong></span> <span class='ocrx_word' id='word_1_259' title='bbox 987 3213 1114 3270; x_wconf 90' lang='lat' dir='ltr'><strong>dare</strong></span> <span class='ocrx_word' id='word_1_260' title='bbox 1143 3214 1414 3284; x_wconf 90' lang='lat' dir='ltr'><strong>fatemini,</strong></span> <span class='ocrx_word' id='word_1_261' title='bbox 1441 3232 1560 3287; x_wconf 66' lang='lat' dir='ltr'><strong>quae</strong></span> <span class='ocrx_word' id='word_1_262' title='bbox 1599 3226 1655 3272; x_wconf 90' lang='lat' dir='ltr'><strong>ut</strong></span> <span class='ocrx_word' id='word_1_263' title='bbox 1677 3233 1775 3274; x_wconf 88' lang='lat' dir='ltr'><strong>nos</strong></span> <span class='ocrx_word' id='word_1_264' title='bbox 1803 3220 1881 3273; x_wconf 85' lang='lat' dir='ltr'><strong>fa-</strong></span> 
     </span>
    </p>
   </div>
   <div class='ocr_carea' id='block_1_33' title="bbox 303 3299 841 3357">
    <p class='ocr_par' dir='ltr' id='par_1_33' title="bbox 303 3299 841 3357">
     <span class='ocr_line' id='line_1_33' title="bbox 303 3299 841 3357; baseline 0.004 -3"><span class='ocrx_word' id='word_1_265' title='bbox 303 3299 506 3355; x_wconf 85' lang='lat' dir='ltr'><strong>ciamus</strong></span> <span class='ocrx_word' id='word_1_266' title='bbox 533 3300 841 3357; x_wconf 86' lang='lat' dir='ltr'><strong>hortamini.</strong></span> 
     </span>
    </p>
   </div>
   <div class='ocr_carea' id='block_1_34' title="bbox 375 3392 1886 3468">
    <p class='ocr_par' dir='ltr' id='par_1_34' title="bbox 375 3392 1886 3468">
     <span class='ocr_line' id='line_1_34' title="bbox 375 3392 1886 3468; baseline 0.005 -22"><span class='ocrx_word' id='word_1_267' title='bbox 375 3392 601 3449; x_wconf 80' lang='lat' dir='ltr'><strong>CAPUT</strong></span> <span class='ocrx_word' id='word_1_268' title='bbox 628 3393 748 3448; x_wconf 78' lang='lat' dir='ltr'><strong>XX.</strong></span> <span class='ocrx_word' id='word_1_269' title='bbox 778 3423 850 3435; x_wconf 92' lang='lat'><strong>-—</strong></span> <span class='ocrx_word' id='word_1_270' title='bbox 877 3394 966 3450; x_wconf 78' lang='lat' dir='ltr'><strong>5L</strong></span> <span class='ocrx_word' id='word_1_271' title='bbox 997 3395 1350 3462; x_wconf 86' lang='lat' dir='ltr'><strong>Quamobrem</strong></span> <span class='ocrx_word' id='word_1_272' title='bbox 1372 3396 1415 3451; x_wconf 89' lang='lat' dir='ltr'><strong>si</strong></span> <span class='ocrx_word' id='word_1_273' title='bbox 1443 3407 1495 3452; x_wconf 92' lang='lat' dir='ltr'><strong>et</strong></span> <span class='ocrx_word' id='word_1_274' title='bbox 1521 3397 1761 3468; x_wconf 89' lang='lat' dir='ltr'><strong>Apostoli</strong></span> <span class='ocrx_word' id='word_1_275' title='bbox 1782 3440 1795 3463; x_wconf 92' lang='lat'><strong>,</strong></span> <span class='ocrx_word' id='word_1_276' title='bbox 1831 3408 1886 3455; x_wconf 88' lang='lat' dir='ltr'><strong>et</strong></span> 
     </span>
    </p>
   </div>
   <div class='ocr_carea' id='block_1_35' title="bbox 308 3483 1884 3560">
    <p class='ocr_par' dir='ltr' id='par_1_35' title="bbox 308 3483 1884 3560">
     <span class='ocr_line' id='line_1_35' title="bbox 308 3483 1884 3560; baseline 0.006 -23"><span class='ocrx_word' id='word_1_277' title='bbox 308 3483 558 3538; x_wconf 88' lang='lat' dir='ltr'><strong>doctores</strong></span> <span class='ocrx_word' id='word_1_278' title='bbox 580 3483 833 3540; x_wconf 69' lang='lat' dir='ltr'><strong>Ecclesiae</strong></span> <span class='ocrx_word' id='word_1_279' title='bbox 853 3486 942 3556; x_wconf 89' lang='lat' dir='ltr'><strong>qui</strong></span> <span class='ocrx_word' id='word_1_280' title='bbox 971 3486 1049 3542; x_wconf 91' lang='lat' dir='ltr'><strong>eis</strong></span> <span class='ocrx_word' id='word_1_281' title='bbox 1076 3497 1445 3544; x_wconf 89' lang='lat' dir='ltr'><strong>successerunt</strong></span> <span class='ocrx_word' id='word_1_282' title='bbox 1471 3504 1670 3560; x_wconf 86' lang='lat' dir='ltr'><strong>eosque</strong></span> <span class='ocrx_word' id='word_1_283' title='bbox 1697 3490 1884 3546; x_wconf 87' lang='lat' dir='ltr'><strong>imitati</strong></span> 
     </span>
    </p>
   </div>
   <div class='ocr_carea' id='block_1_36' title="bbox 310 3576 1882 3650">
    <p class='ocr_par' dir='ltr' id='par_1_36' title="bbox 310 3576 1882 3650">
     <span class='ocr_line' id='line_1_36' title="bbox 310 3576 1882 3650; baseline 0.005 -23"><span class='ocrx_word' id='word_1_284' title='bbox 310 3583 471 3640; x_wconf 89' lang='lat' dir='ltr'><strong>sunt,</strong></span> <span class='ocrx_word' id='word_1_285' title='bbox 516 3584 798 3645; x_wconf 89' lang='lat' dir='ltr'><strong>utrumque</strong></span> <span class='ocrx_word' id='word_1_286' title='bbox 828 3576 1119 3642; x_wconf 86' lang='lat' dir='ltr'><strong>faciebant,</strong></span> <span class='ocrx_word' id='word_1_287' title='bbox 1168 3577 1219 3633; x_wconf 91' lang='lat' dir='ltr'><strong>id</strong></span> <span class='ocrx_word' id='word_1_288' title='bbox 1244 3587 1356 3644; x_wconf 90' lang='lat' dir='ltr'><strong>est,</strong></span> <span class='ocrx_word' id='word_1_289' title='bbox 1388 3589 1441 3635; x_wconf 90' lang='lat' dir='ltr'><strong>et</strong></span> <span class='ocrx_word' id='word_1_290' title='bbox 1482 3581 1572 3636; x_wconf 92' lang='lat' dir='ltr'><strong>Dei</strong></span> <span class='ocrx_word' id='word_1_291' title='bbox 1618 3582 1840 3650; x_wconf 83' lang='lat' dir='ltr'><strong>gratiam</strong></span> <span class='ocrx_word' id='word_1_292' title='bbox 1867 3622 1882 3647; x_wconf 93' lang='lat'><strong>,</strong></span> 
     </span>
    </p>
   </div>
   <div class='ocr_carea' id='block_1_37' title="bbox 311 3668 1886 3739">
    <p class='ocr_par' dir='ltr' id='par_1_37' title="bbox 311 3668 1886 3739">
     <span class='ocr_line' id='line_1_37' title="bbox 311 3668 1886 3739; baseline 0.004 -20"><span class='ocrx_word' id='word_1_293' title='bbox 311 3681 431 3736; x_wconf 75' lang='lat' dir='ltr'><strong>qua:</strong></span> <span class='ocrx_word' id='word_1_294' title='bbox 462 3681 570 3720; x_wconf 91' lang='lat' dir='ltr'><strong>non</strong></span> <span class='ocrx_word' id='word_1_295' title='bbox 614 3668 902 3722; x_wconf 89' lang='lat' dir='ltr'><strong>secundum</strong></span> <span class='ocrx_word' id='word_1_296' title='bbox 948 3670 1136 3723; x_wconf 88' lang='lat' dir='ltr'><strong>merita</strong></span> <span class='ocrx_word' id='word_1_297' title='bbox 1183 3679 1358 3725; x_wconf 88' lang='lat' dir='ltr'><strong>nostra</strong></span> <span class='ocrx_word' id='word_1_298' title='bbox 1391 3671 1578 3739; x_wconf 88' lang='lat' dir='ltr'><strong>datur,</strong></span> <span class='ocrx_word' id='word_1_299' title='bbox 1628 3675 1886 3729; x_wconf 86' lang='lat' dir='ltr'><strong>veraciter</strong></span> 
     </span>
    </p>
   </div>
   <div class='ocr_carea' id='block_1_38' title="bbox 308 3756 1886 3834">
    <p class='ocr_par' dir='ltr' id='par_1_38' title="bbox 308 3756 1886 3834">
     <span class='ocr_line' id='line_1_38' title="bbox 308 3756 1886 3834; baseline 0.004 -22"><span class='ocrx_word' id='word_1_300' title='bbox 308 3756 709 3828; x_wconf 73' lang='lat' dir='ltr'><strong>praedicabant,</strong></span> <span class='ocrx_word' id='word_1_301' title='bbox 738 3768 792 3814; x_wconf 91' lang='lat' dir='ltr'><strong>et</strong></span> <span class='ocrx_word' id='word_1_302' title='bbox 819 3760 957 3829; x_wconf 88' lang='lat' dir='ltr'><strong>piam</strong></span> <span class='ocrx_word' id='word_1_303' title='bbox 983 3760 1337 3816; x_wconf 87' lang='lat' dir='ltr'><strong>obedientiam</strong></span> <span class='ocrx_word' id='word_1_304' title='bbox 1362 3763 1640 3834; x_wconf 65' lang='lat' dir='ltr'><strong>praeceptis</strong></span> <span class='ocrx_word' id='word_1_305' title='bbox 1665 3766 1886 3819; x_wconf 81' lang='lat' dir='ltr'><strong>salubri-</strong></span> 
     </span>
    </p>
   </div>
   <div class='ocr_carea' id='block_1_39' title="bbox 306 3848 1886 3924">
    <p class='ocr_par' dir='ltr' id='par_1_39' title="bbox 306 3848 1886 3924">
     <span class='ocr_line' id='line_1_39' title="bbox 306 3848 1886 3924; baseline 0.005 -20"><span class='ocrx_word' id='word_1_306' title='bbox 306 3848 409 3905; x_wconf 88' lang='lat' dir='ltr'><strong>bus</strong></span> <span class='ocrx_word' id='word_1_307' title='bbox 439 3851 771 3905; x_wconf 87' lang='lat' dir='ltr'><strong>instruebant</strong></span> <span class='ocrx_word' id='word_1_308' title='bbox 802 3869 814 3904; x_wconf 89' lang='lat'><strong>:</strong></span> <span class='ocrx_word' id='word_1_309' title='bbox 847 3852 973 3923; x_wconf 89' lang='lat' dir='ltr'><strong>quid</strong></span> <span class='ocrx_word' id='word_1_310' title='bbox 1000 3861 1082 3908; x_wconf 92' lang='lat' dir='ltr'><strong>est</strong></span> <span class='ocrx_word' id='word_1_311' title='bbox 1104 3853 1244 3924; x_wconf 92' lang='lat' dir='ltr'><strong>quod</strong></span> <span class='ocrx_word' id='word_1_312' title='bbox 1269 3853 1468 3909; x_wconf 91' lang='lat' dir='ltr'><strong>invicta</strong></span> <span class='ocrx_word' id='word_1_313' title='bbox 1507 3857 1741 3912; x_wconf 89' lang='lat' dir='ltr'><strong>conclusi</strong></span> <span class='ocrx_word' id='word_1_314' title='bbox 1771 3858 1886 3912; x_wconf 83' lang='lat' dir='ltr'><strong>viu-</strong></span> 
     </span>
    </p>
   </div>
   <div class='ocr_carea' id='block_1_40' title="bbox 306 3940 1885 4016">
    <p class='ocr_par' dir='ltr' id='par_1_40' title="bbox 306 3940 1885 4016">
     <span class='ocr_line' id='line_1_40' title="bbox 306 3940 1885 4016; baseline 0.006 -21"><span class='ocrx_word' id='word_1_315' title='bbox 306 3940 468 3996; x_wconf 92' lang='lat' dir='ltr'><strong>lentia</strong></span> <span class='ocrx_word' id='word_1_316' title='bbox 495 3943 736 3998; x_wconf 87' lang='lat' dir='ltr'><strong>veritatis</strong></span> <span class='ocrx_word' id='word_1_317' title='bbox 760 3955 906 3998; x_wconf 91' lang='lat' dir='ltr'><strong>recte</strong></span> <span class='ocrx_word' id='word_1_318' title='bbox 931 3958 990 4000; x_wconf 90' lang='lat' dir='ltr'><strong>se</strong></span> <span class='ocrx_word' id='word_1_319' title='bbox 1017 3945 1102 3998; x_wconf 85' lang='lat' dir='ltr'><strong>isti</strong></span> <span class='ocrx_word' id='word_1_320' title='bbox 1141 3946 1308 3999; x_wconf 91' lang='lat' dir='ltr'><strong>nostri</strong></span> <span class='ocrx_word' id='word_1_321' title='bbox 1337 3946 1518 4001; x_wconf 90' lang='lat' dir='ltr'><strong>dicere</strong></span> <span class='ocrx_word' id='word_1_322' title='bbox 1543 3947 1885 4016; x_wconf 83' lang='lat' dir='ltr'><strong>existimant,</strong></span> 
     </span>
    </p>
   </div>
   <div class='ocr_carea' id='block_1_41' title="bbox 311 4033 1890 4105">
    <p class='ocr_par' dir='ltr' id='par_1_41' title="bbox 311 4033 1890 4105">
     <span class='ocr_line' id='line_1_41' title="bbox 311 4033 1890 4105; baseline 0.008 -23"><span class='ocrx_word' id='word_1_323' title='bbox 311 4050 330 4082; x_wconf 75' lang='grc' dir='ltr'>ι</span> <span class='ocrx_word' id='word_1_324' title='bbox 369 4033 481 4087; x_wconf 89' lang='lat' dir='ltr'><strong>Etsi</strong></span> <span class='ocrx_word' id='word_1_325' title='bbox 511 4049 698 4087; x_wconf 92' lang='lat' dir='ltr'><strong>verum</strong></span> <span class='ocrx_word' id='word_1_326' title='bbox 720 4042 804 4088; x_wconf 92' lang='lat' dir='ltr'><strong>est</strong></span> <span class='ocrx_word' id='word_1_327' title='bbox 830 4034 978 4105; x_wconf 92' lang='lat' dir='ltr'><strong>quod</strong></span> <span class='ocrx_word' id='word_1_328' title='bbox 1006 4035 1199 4090; x_wconf 90' lang='lat' dir='ltr'><strong>dicitur</strong></span> <span class='ocrx_word' id='word_1_329' title='bbox 1223 4035 1289 4090; x_wconf 90' lang='lat' dir='ltr'><strong>de</strong></span> <span class='ocrx_word' id='word_1_330' title='bbox 1312 4037 1773 4104; x_wconf 75' lang='lat' dir='ltr'><strong>przcdestinatione</strong></span> <span class='ocrx_word' id='word_1_331' title='bbox 1799 4041 1890 4094; x_wconf 88' lang='lat' dir='ltr'><strong>be-</strong></span> 
     </span>
    </p>
   </div>
   <div class='ocr_carea' id='block_1_42' title="bbox 306 4126 1884 4199">
    <p class='ocr_par' dir='ltr' id='par_1_42' title="bbox 306 4126 1884 4199">
     <span class='ocr_line' id='line_1_42' title="bbox 306 4126 1884 4199; baseline 0.003 -20"><span class='ocrx_word' id='word_1_332' title='bbox 306 4126 619 4181; x_wconf 86' lang='lat' dir='ltr'><strong>neficiorum</strong></span> <span class='ocrx_word' id='word_1_333' title='bbox 645 4128 757 4191; x_wconf 92' lang='lat' dir='ltr'><strong>Dei,</strong></span> <span class='ocrx_word' id='word_1_334' title='bbox 778 4143 885 4182; x_wconf 92' lang='lat' dir='ltr'><strong>non</strong></span> <span class='ocrx_word' id='word_1_335' title='bbox 908 4137 988 4184; x_wconf 91' lang='lat' dir='ltr'><strong>est</strong></span> <span class='ocrx_word' id='word_1_336' title='bbox 1011 4137 1184 4184; x_wconf 90' lang='lat' dir='ltr'><strong>tamen</strong></span> <span class='ocrx_word' id='word_1_337' title='bbox 1210 4130 1419 4199; x_wconf 91' lang='lat' dir='ltr'><strong>populis</strong></span> <span class='ocrx_word' id='word_1_338' title='bbox 1445 4131 1834 4199; x_wconf 72' lang='lat' dir='ltr'><strong>prtedicaudum</strong></span> <span class='ocrx_word' id='word_1_339' title='bbox 1866 4151 1884 4184; x_wconf 74' lang='grc' dir='ltr'><strong><em>ι</em></strong></span> 
     </span>
    </p>
   </div>
   <div class='ocr_carea' id='block_1_43' title="bbox 312 4219 1888 4293">
    <p class='ocr_par' dir='ltr' id='par_1_43' title="bbox 312 4219 1888 4293">
     <span class='ocr_line' id='line_1_43' title="bbox 312 4219 1888 4293; baseline 0.002 -20"><span class='ocrx_word' id='word_1_340' title='bbox 312 4219 534 4292; x_wconf 83' lang='lat' dir='ltr'><strong>(Supra,</strong></span> <span class='ocrx_word' id='word_1_341' title='bbox 551 4221 605 4274; x_wconf 83' lang='lat' dir='ltr'><strong>in</strong></span> <span class='ocrx_word' id='word_1_342' title='bbox 649 4222 873 4290; x_wconf 80' lang='lat' dir='ltr'><strong>epistolis</strong></span> <span class='ocrx_word' id='word_1_343' title='bbox 895 4220 1135 4293; x_wconf 88' lang='lat' dir='ltr'><strong>Prosperi</strong></span> <span class='ocrx_word' id='word_1_344' title='bbox 1155 4230 1200 4276; x_wconf 87' lang='lat' dir='ltr'><strong>et</strong></span> <span class='ocrx_word' id='word_1_345' title='bbox 1229 4221 1463 4290; x_wconf 80' lang='lat' dir='ltr'><strong>Hilarii).</strong></span> <span class='ocrx_word' id='word_1_346' title='bbox 1493 4223 1888 4277; x_wconf 64' lang='lat' dir='ltr'><strong>Pratdicandum</strong></span> 
     </span>
    </p>
   </div>
   <div class='ocr_carea' id='block_1_44' title="bbox 314 4313 1888 4385">
    <p class='ocr_par' dir='ltr' id='par_1_44' title="bbox 314 4313 1888 4385">
     <span class='ocr_line' id='line_1_44' title="bbox 314 4313 1888 4385; baseline 0.004 -22"><span class='ocrx_word' id='word_1_347' title='bbox 314 4318 400 4363; x_wconf 91' lang='lat' dir='ltr'><strong>est</strong></span> <span class='ocrx_word' id='word_1_348' title='bbox 420 4325 657 4380; x_wconf 82' lang='lat' dir='ltr'><strong>prorsus,</strong></span> <span class='ocrx_word' id='word_1_349' title='bbox 681 4321 740 4366; x_wconf 91' lang='lat' dir='ltr'><strong>ut</strong></span> <span class='ocrx_word' id='word_1_350' title='bbox 759 4313 847 4382; x_wconf 90' lang='lat' dir='ltr'><strong>qui</strong></span> <span class='ocrx_word' id='word_1_351' title='bbox 875 4313 1033 4368; x_wconf 87' lang='lat' dir='ltr'><strong>habet</strong></span> <span class='ocrx_word' id='word_1_352' title='bbox 1063 4329 1216 4368; x_wconf 91' lang='lat' dir='ltr'><strong>aures</strong></span> <span class='ocrx_word' id='word_1_353' title='bbox 1238 4314 1505 4381; x_wconf 88' lang='lat' dir='ltr'><strong>audiendi,</strong></span> <span class='ocrx_word' id='word_1_354' title='bbox 1535 4315 1715 4369; x_wconf 89' lang='lat' dir='ltr'><strong>audiat</strong></span> <span class='ocrx_word' id='word_1_355' title='bbox 1740 4315 1888 4385; x_wconf 85' lang='lat' dir='ltr'><strong>(Luc.</strong></span> 
     </span>
    </p>
   </div>
   <div class='ocr_carea' id='block_1_45' title="bbox 315 4401 1893 4478">
    <p class='ocr_par' dir='ltr' id='par_1_45' title="bbox 315 4401 1893 4478">
     <span class='ocr_line' id='line_1_45' title="bbox 315 4401 1893 4478; baseline 0.004 -22"><span class='ocrx_word' id='word_1_356' title='bbox 315 4416 411 4456; x_wconf 84' lang='lat' dir='ltr'><strong>vm</strong></span> <span class='ocrx_word' id='word_1_357' title='bbox 430 4444 446 4468; x_wconf 94' lang='lat'><strong>,</strong></span> <span class='ocrx_word' id='word_1_358' title='bbox 474 4401 551 4474; x_wconf 86' lang='lat'><strong>8).</strong></span> <span class='ocrx_word' id='word_1_359' title='bbox 579 4403 708 4472; x_wconf 87' lang='lat' dir='ltr'><strong>Quis</strong></span> <span class='ocrx_word' id='word_1_360' title='bbox 734 4415 906 4458; x_wconf 88' lang='lat' dir='ltr'><strong>autem</strong></span> <span class='ocrx_word' id='word_1_361' title='bbox 940 4406 1128 4471; x_wconf 90' lang='lat' dir='ltr'><strong>habet,</strong></span> <span class='ocrx_word' id='word_1_362' title='bbox 1163 4406 1208 4461; x_wconf 89' lang='lat' dir='ltr'><strong>si</strong></span> <span class='ocrx_word' id='word_1_363' title='bbox 1233 4422 1337 4460; x_wconf 92' lang='lat' dir='ltr'><strong>non</strong></span> <span class='ocrx_word' id='word_1_364' title='bbox 1363 4407 1569 4477; x_wconf 90' lang='lat' dir='ltr'><strong>accepit</strong></span> <span class='ocrx_word' id='word_1_365' title='bbox 1596 4407 1662 4460; x_wconf 90' lang='lat' dir='ltr'><strong>ab</strong></span> <span class='ocrx_word' id='word_1_366' title='bbox 1688 4407 1777 4462; x_wconf 92' lang='lat' dir='ltr'><strong>illo</strong></span> <span class='ocrx_word' id='word_1_367' title='bbox 1803 4408 1893 4478; x_wconf 87' lang='lat' dir='ltr'><strong>qui</strong></span> 
     </span>
    </p>
   </div>
   <div class='ocr_carea' id='block_1_46' title="bbox 317 4495 1896 4570">
    <p class='ocr_par' dir='ltr' id='par_1_46' title="bbox 317 4495 1896 4570">
     <span class='ocr_line' id='line_1_46' title="bbox 317 4495 1896 4570; baseline 0.003 -22"><span class='ocrx_word' id='word_1_368' title='bbox 317 4497 411 4560; x_wconf 89' lang='lat' dir='ltr'><strong>ait,</strong></span> <span class='ocrx_word' id='word_1_369' title='bbox 435 4495 579 4549; x_wconf 89' lang='lat' dir='ltr'><strong>Dabo</strong></span> <span class='ocrx_word' id='word_1_370' title='bbox 597 4498 666 4550; x_wconf 86' lang='lat' dir='ltr'><strong>eis</strong></span> <span class='ocrx_word' id='word_1_371' title='bbox 687 4515 774 4551; x_wconf 87' lang='lat' dir='ltr'><strong>cor</strong></span> <span class='ocrx_word' id='word_1_372' title='bbox 797 4499 1124 4568; x_wconf 77' lang='lat' dir='ltr'><strong>cognoscendi</strong></span> <span class='ocrx_word' id='word_1_373' title='bbox 1141 4516 1238 4566; x_wconf 83' lang='lat' dir='ltr'><strong>me,</strong></span> <span class='ocrx_word' id='word_1_374' title='bbox 1258 4509 1303 4553; x_wconf 88' lang='lat' dir='ltr'><strong>et</strong></span> <span class='ocrx_word' id='word_1_375' title='bbox 1327 4517 1471 4553; x_wconf 82' lang='lat' dir='ltr'><strong>aures</strong></span> <span class='ocrx_word' id='word_1_376' title='bbox 1497 4501 1752 4554; x_wconf 84' lang='lat' dir='ltr'><strong>audientes</strong></span> <span class='ocrx_word' id='word_1_377' title='bbox 1772 4500 1896 4570; x_wconf 87' lang='lat' dir='ltr'><strong>(Ba-</strong></span> 
     </span>
    </p>
   </div>
   <div class='ocr_carea' id='block_1_47' title="bbox 317 4588 1894 4661">
    <p class='ocr_par' dir='ltr' id='par_1_47' title="bbox 317 4588 1894 4661">
     <span class='ocr_line' id='line_1_47' title="bbox 317 4588 1894 4661; baseline 0.002 -20"><span class='ocrx_word' id='word_1_378' title='bbox 317 4588 448 4641; x_wconf 75' lang='grc' dir='ltr'><strong>ηιεή</strong></span> <span class='ocrx_word' id='word_1_379' title='bbox 477 4603 514 4642; x_wconf 85' lang='lat' dir='ltr'><strong>n</strong></span> <span class='ocrx_word' id='word_1_380' title='bbox 535 4629 549 4652; x_wconf 96' lang='lat'><strong>,</strong></span> <span class='ocrx_word' id='word_1_381' title='bbox 583 4588 712 4660; x_wconf 74' lang='lat' dir='ltr'><strong>5i)?</strong></span> <span class='ocrx_word' id='word_1_382' title='bbox 737 4589 891 4643; x_wconf 79' lang='lat' dir='ltr'><strong>Certe</strong></span> <span class='ocrx_word' id='word_1_383' title='bbox 921 4591 1006 4658; x_wconf 91' lang='lat' dir='ltr'><strong>qui</strong></span> <span class='ocrx_word' id='word_1_384' title='bbox 1041 4605 1142 4643; x_wconf 94' lang='lat' dir='ltr'><strong>non</strong></span> <span class='ocrx_word' id='word_1_385' title='bbox 1181 4591 1454 4661; x_wconf 76' lang='lat' dir='ltr'><strong>accepit‘,</strong></span> <span class='ocrx_word' id='word_1_386' title='bbox 1487 4591 1691 4660; x_wconf 87' lang='lat' dir='ltr'><strong>rejiciat</strong></span> <span class='ocrx_word' id='word_1_387' title='bbox 1722 4609 1734 4643; x_wconf 92' lang='lat'><strong>:</strong></span> <span class='ocrx_word' id='word_1_388' title='bbox 1769 4591 1894 4645; x_wconf 91' lang='lat' dir='ltr'><strong>dum</strong></span> 
     </span>
    </p>
   </div>
   <div class='ocr_carea' id='block_1_48' title="bbox 319 4675 1899 4750">
    <p class='ocr_par' dir='ltr' id='par_1_48' title="bbox 319 4675 1899 4750">
     <span class='ocr_line' id='line_1_48' title="bbox 319 4675 1899 4750; baseline 0.001 -17"><span class='ocrx_word' id='word_1_389' title='bbox 319 4687 498 4734; x_wconf 91' lang='lat' dir='ltr'><strong>tamen</strong></span> <span class='ocrx_word' id='word_1_390' title='bbox 531 4675 618 4747; x_wconf 76' lang='lat' dir='ltr'><strong>q&#39;ui</strong></span> <span class='ocrx_word' id='word_1_391' title='bbox 647 4680 808 4750; x_wconf 88' lang='lat' dir='ltr'><strong>capit,</strong></span> <span class='ocrx_word' id='word_1_392' title='bbox 839 4689 1012 4733; x_wconf 87' lang='lat' dir='ltr'><strong>sumat</strong></span> <span class='ocrx_word' id='word_1_393' title='bbox 1036 4689 1088 4735; x_wconf 89' lang='lat' dir='ltr'><strong>et</strong></span> <span class='ocrx_word' id='word_1_394' title='bbox 1113 4681 1276 4746; x_wconf 85' lang='lat' dir='ltr'><strong>bibat,</strong></span> <span class='ocrx_word' id='word_1_395' title='bbox 1310 4681 1452 4735; x_wconf 91' lang='lat' dir='ltr'><strong>bibat</strong></span> <span class='ocrx_word' id='word_1_396' title='bbox 1476 4689 1531 4736; x_wconf 90' lang='lat' dir='ltr'><strong>et</strong></span> <span class='ocrx_word' id='word_1_397' title='bbox 1555 4682 1713 4736; x_wconf 77' lang='lat' dir='ltr'><strong>vivat.</strong></span> <span class='ocrx_word' id='word_1_398' title='bbox 1750 4681 1899 4736; x_wconf 91' lang='lat' dir='ltr'><strong>Sicut</strong></span> 
     </span>
    </p>
   </div>
   <div class='ocr_carea' id='block_1_49' title="bbox 317 4771 1898 4843">
    <p class='ocr_par' dir='ltr' id='par_1_49' title="bbox 317 4771 1898 4843">
     <span class='ocr_line' id='line_1_49' title="bbox 317 4771 1898 4843; baseline -0.001 -16"><span class='ocrx_word' id='word_1_399' title='bbox 317 4773 462 4828; x_wconf 92' lang='lat' dir='ltr'><strong>enim</strong></span> <span class='ocrx_word' id='word_1_400' title='bbox 492 4771 829 4841; x_wconf 67' lang='lat' dir='ltr'><strong>prmdicauda</strong></span> <span class='ocrx_word' id='word_1_401' title='bbox 858 4781 938 4827; x_wconf 89' lang='lat' dir='ltr'><strong>est</strong></span> <span class='ocrx_word' id='word_1_402' title='bbox 964 4774 1150 4842; x_wconf 89' lang='lat' dir='ltr'><strong>pietas,</strong></span> <span class='ocrx_word' id='word_1_403' title='bbox 1173 4782 1230 4827; x_wconf 92' lang='lat' dir='ltr'><strong>ut</strong></span> <span class='ocrx_word' id='word_1_404' title='bbox 1254 4773 1321 4826; x_wconf 89' lang='lat' dir='ltr'><strong>ab</strong></span> <span class='ocrx_word' id='word_1_405' title='bbox 1347 4789 1410 4827; x_wconf 92' lang='lat' dir='ltr'><strong>eo</strong></span> <span class='ocrx_word' id='word_1_406' title='bbox 1438 4773 1525 4843; x_wconf 87' lang='lat' dir='ltr'><strong>qui</strong></span> <span class='ocrx_word' id='word_1_407' title='bbox 1557 4772 1716 4828; x_wconf 87' lang='lat' dir='ltr'><strong>habet</strong></span> <span class='ocrx_word' id='word_1_408' title='bbox 1741 4787 1898 4826; x_wconf 87' lang='lat' dir='ltr'><strong>aures</strong></span> 
     </span>
    </p>
   </div>
   <div class='ocr_carea' id='block_1_50' title="bbox 317 4862 1898 4934">
    <p class='ocr_par' dir='ltr' id='par_1_50' title="bbox 317 4862 1898 4934">
     <span class='ocr_line' id='line_1_50' title="bbox 317 4862 1898 4934; baseline -0.002 -14"><span class='ocrx_word' id='word_1_409' title='bbox 317 4864 603 4932; x_wconf 88' lang='lat' dir='ltr'><strong>audiendi,</strong></span> <span class='ocrx_word' id='word_1_410' title='bbox 637 4864 778 4918; x_wconf 88' lang='lat' dir='ltr'><strong>Deus</strong></span> <span class='ocrx_word' id='word_1_411' title='bbox 808 4873 950 4918; x_wconf 90' lang='lat' dir='ltr'><strong>recte</strong></span> <span class='ocrx_word' id='word_1_412' title='bbox 981 4865 1217 4927; x_wconf 85' lang='lat' dir='ltr'><strong>colatur;</strong></span> <span class='ocrx_word' id='word_1_413' title='bbox 1262 4864 1592 4934; x_wconf 65' lang='grc' dir='ltr'><strong>ριοιυάὶοωιώι</strong></span> <span class='ocrx_word' id='word_1_414' title='bbox 1623 4873 1703 4918; x_wconf 90' lang='lat' dir='ltr'><strong>est</strong></span> <span class='ocrx_word' id='word_1_415' title='bbox 1746 4862 1898 4931; x_wconf 82' lang='lat' dir='ltr'><strong>pudi-</strong></span> 
     </span>
    </p>
   </div>
   <div class='ocr_carea' id='block_1_51' title="bbox 320 4954 1899 5024">
    <p class='ocr_par' dir='ltr' id='par_1_51' title="bbox 320 4954 1899 5024">
     <span class='ocr_line' id='line_1_51' title="bbox 320 4954 1899 5024; baseline -0.003 -13"><span class='ocrx_word' id='word_1_416' title='bbox 320 4957 442 5011; x_wconf 89' lang='lat' dir='ltr'><strong>citia</strong></span> <span class='ocrx_word' id='word_1_417' title='bbox 462 4999 475 5020; x_wconf 96' lang='lat'><strong>,</strong></span> <span class='ocrx_word' id='word_1_418' title='bbox 506 4965 564 5010; x_wconf 91' lang='lat' dir='ltr'><strong>ut</strong></span> <span class='ocrx_word' id='word_1_419' title='bbox 589 4956 654 5009; x_wconf 89' lang='lat' dir='ltr'><strong>ab</strong></span> <span class='ocrx_word' id='word_1_420' title='bbox 687 4971 752 5010; x_wconf 92' lang='lat' dir='ltr'><strong>eo</strong></span> <span class='ocrx_word' id='word_1_421' title='bbox 778 4955 868 5024; x_wconf 89' lang='lat' dir='ltr'><strong>qui</strong></span> <span class='ocrx_word' id='word_1_422' title='bbox 897 4954 1055 5009; x_wconf 87' lang='lat' dir='ltr'><strong>habet</strong></span> <span class='ocrx_word' id='word_1_423' title='bbox 1085 4971 1238 5009; x_wconf 87' lang='lat' dir='ltr'><strong>aures</strong></span> <span class='ocrx_word' id='word_1_424' title='bbox 1277 4955 1521 5009; x_wconf 77' lang='lat' dir='ltr'><strong>audiendi</strong></span> <span class='ocrx_word' id='word_1_425' title='bbox 1547 4998 1558 5019; x_wconf 90' lang='lat'><strong>,</strong></span> <span class='ocrx_word' id='word_1_426' title='bbox 1591 4954 1718 5007; x_wconf 88' lang='lat' dir='ltr'><strong>nihil</strong></span> <span class='ocrx_word' id='word_1_427' title='bbox 1749 4954 1899 5022; x_wconf 87' lang='lat' dir='ltr'><strong>geni-</strong></span> 
     </span>
    </p>
   </div>
   <div class='ocr_carea' id='block_1_52' title="bbox 324 5045 1899 5116">
    <p class='ocr_par' dir='ltr' id='par_1_52' title="bbox 324 5045 1899 5116">
     <span class='ocr_line' id='line_1_52' title="bbox 324 5045 1899 5116; baseline 0.002 -18"><span class='ocrx_word' id='word_1_428' title='bbox 324 5046 514 5099; x_wconf 88' lang='lat' dir='ltr'><strong>talibus</strong></span> <span class='ocrx_word' id='word_1_429' title='bbox 560 5047 813 5102; x_wconf 90' lang='lat' dir='ltr'><strong>membris</strong></span> <span class='ocrx_word' id='word_1_430' title='bbox 862 5046 1099 5101; x_wconf 89' lang='lat' dir='ltr'><strong>illicitum</strong></span> <span class='ocrx_word' id='word_1_431' title='bbox 1145 5056 1517 5116; x_wconf 89' lang='lat' dir='ltr'><strong>perpetretur;</strong></span> <span class='ocrx_word' id='word_1_432' title='bbox 1567 5045 1899 5116; x_wconf 80' lang='lat' dir='ltr'><strong>praedicanda</strong></span> 
     </span>
    </p>
   </div>
   <div class='ocr_carea' id='block_1_53' title="bbox 325 5137 1898 5209">
    <p class='ocr_par' dir='ltr' id='par_1_53' title="bbox 325 5137 1898 5209">
     <span class='ocr_line' id='line_1_53' title="bbox 325 5137 1898 5209; baseline 0.001 -17"><span class='ocrx_word' id='word_1_433' title='bbox 325 5147 410 5192; x_wconf 82' lang='lat' dir='ltr'><strong>est</strong></span> <span class='ocrx_word' id='word_1_434' title='bbox 451 5137 711 5202; x_wconf 89' lang='lat' dir='ltr'><strong>charitas,</strong></span> <span class='ocrx_word' id='word_1_435' title='bbox 763 5146 822 5193; x_wconf 95' lang='lat' dir='ltr'><strong>ut</strong></span> <span class='ocrx_word' id='word_1_436' title='bbox 865 5139 932 5193; x_wconf 90' lang='lat' dir='ltr'><strong>ab</strong></span> <span class='ocrx_word' id='word_1_437' title='bbox 976 5154 1041 5194; x_wconf 92' lang='lat' dir='ltr'><strong>eo</strong></span> <span class='ocrx_word' id='word_1_438' title='bbox 1078 5140 1166 5209; x_wconf 90' lang='lat' dir='ltr'><strong>qui</strong></span> <span class='ocrx_word' id='word_1_439' title='bbox 1209 5140 1367 5193; x_wconf 89' lang='lat' dir='ltr'><strong>habet</strong></span> <span class='ocrx_word' id='word_1_440' title='bbox 1414 5155 1568 5194; x_wconf 88' lang='lat' dir='ltr'><strong>aures</strong></span> <span class='ocrx_word' id='word_1_441' title='bbox 1612 5139 1898 5208; x_wconf 87' lang='lat' dir='ltr'><strong>audiendi,</strong></span> 
     </span>
    </p>
   </div>
   <div class='ocr_carea' id='block_1_54' title="bbox 325 5230 1903 5300">
    <p class='ocr_par' dir='ltr' id='par_1_54' title="bbox 325 5230 1903 5300">
     <span class='ocr_line' id='line_1_54' title="bbox 325 5230 1903 5300; baseline 0.001 -17"><span class='ocrx_word' id='word_1_442' title='bbox 325 5230 472 5285; x_wconf 82' lang='lat' dir='ltr'><strong>Deus</strong></span> <span class='ocrx_word' id='word_1_443' title='bbox 515 5238 568 5282; x_wconf 89' lang='lat' dir='ltr'><strong>et</strong></span> <span class='ocrx_word' id='word_1_444' title='bbox 610 5231 876 5298; x_wconf 85' lang='lat' dir='ltr'><strong>proximus</strong></span> <span class='ocrx_word' id='word_1_445' title='bbox 915 5231 1161 5300; x_wconf 80' lang='lat' dir='ltr'><strong>diligatur</strong></span> <span class='ocrx_word' id='word_1_446' title='bbox 1195 5249 1208 5284; x_wconf 91' lang='lat'><strong>:</strong></span> <span class='ocrx_word' id='word_1_447' title='bbox 1243 5232 1311 5285; x_wconf 90' lang='lat' dir='ltr'><strong>ita</strong></span> <span class='ocrx_word' id='word_1_448' title='bbox 1354 5231 1684 5300; x_wconf 67' lang='lat' dir='ltr'><strong>praedicanda</strong></span> <span class='ocrx_word' id='word_1_449' title='bbox 1725 5241 1807 5286; x_wconf 89' lang='lat' dir='ltr'><strong>est</strong></span> <span class='ocrx_word' id='word_1_450' title='bbox 1849 5241 1903 5286; x_wconf 92' lang='lat' dir='ltr'><strong>et</strong></span> 
     </span>
    </p>
   </div>
   <div class='ocr_carea' id='block_1_55' title="bbox 325 5319 1906 5390">
    <p class='ocr_par' dir='ltr' id='par_1_55' title="bbox 325 5319 1906 5390">
     <span class='ocr_line' id='line_1_55' title="bbox 325 5319 1906 5390; baseline 0.002 -16"><span class='ocrx_word' id='word_1_451' title='bbox 325 5321 429 5374; x_wconf 89' lang='lat' dir='ltr'><strong>ista</strong></span> <span class='ocrx_word' id='word_1_452' title='bbox 473 5319 862 5388; x_wconf 67' lang='lat' dir='ltr'><strong>praedestinatio</strong></span> <span class='ocrx_word' id='word_1_453' title='bbox 908 5321 1288 5376; x_wconf 85' lang='lat' dir='ltr'><strong>beneficiorum</strong></span> <span class='ocrx_word' id='word_1_454' title='bbox 1334 5321 1462 5386; x_wconf 88' lang='lat' dir='ltr'><strong>Dei,</strong></span> <span class='ocrx_word' id='word_1_455' title='bbox 1512 5331 1564 5375; x_wconf 90' lang='lat' dir='ltr'><strong>ut</strong></span> <span class='ocrx_word' id='word_1_456' title='bbox 1613 5321 1702 5390; x_wconf 90' lang='lat' dir='ltr'><strong>qui</strong></span> <span class='ocrx_word' id='word_1_457' title='bbox 1747 5321 1906 5377; x_wconf 88' lang='lat' dir='ltr'><strong>habet</strong></span> 
     </span>
    </p>
   </div>
   <div class='ocr_carea' id='block_1_56' title="bbox 324 5410 1905 5482">
    <p class='ocr_par' dir='ltr' id='par_1_56' title="bbox 324 5410 1905 5482">
     <span class='ocr_line' id='line_1_56' title="bbox 324 5410 1905 5482; baseline 0.001 -17"><span class='ocrx_word' id='word_1_458' title='bbox 324 5425 488 5465; x_wconf 89' lang='lat' dir='ltr'><strong>aures</strong></span> <span class='ocrx_word' id='word_1_459' title='bbox 515 5410 760 5467; x_wconf 91' lang='lat' dir='ltr'><strong>audiendi</strong></span> <span class='ocrx_word' id='word_1_460' title='bbox 785 5452 800 5479; x_wconf 93' lang='lat'><strong>,</strong></span> <span class='ocrx_word' id='word_1_461' title='bbox 833 5427 937 5467; x_wconf 93' lang='lat' dir='ltr'><strong>non</strong></span> <span class='ocrx_word' id='word_1_462' title='bbox 968 5411 1022 5468; x_wconf 93' lang='lat' dir='ltr'><strong>iu</strong></span> <span class='ocrx_word' id='word_1_463' title='bbox 1053 5426 1111 5468; x_wconf 90' lang='lat' dir='ltr'><strong>se</strong></span> <span class='ocrx_word' id='word_1_464' title='bbox 1140 5411 1256 5482; x_wconf 90' lang='lat' dir='ltr'><strong>ipso</strong></span> <span class='ocrx_word' id='word_1_465' title='bbox 1280 5453 1294 5480; x_wconf 93' lang='lat'><strong>,</strong></span> <span class='ocrx_word' id='word_1_466' title='bbox 1329 5412 1422 5466; x_wconf 91' lang='lat' dir='ltr'><strong>sed</strong></span> <span class='ocrx_word' id='word_1_467' title='bbox 1453 5412 1503 5466; x_wconf 91' lang='lat' dir='ltr'><strong>in</strong></span> <span class='ocrx_word' id='word_1_468' title='bbox 1539 5412 1760 5466; x_wconf 88' lang='lat' dir='ltr'><strong>Domino</strong></span> <span class='ocrx_word' id='word_1_469' title='bbox 1785 5411 1905 5482; x_wconf 86' lang='lat' dir='ltr'><strong>glo-</strong></span> 
     </span>
    </p>
   </div>
   <div class='ocr_carea' id='block_1_57' title="bbox 324 5504 514 5563">
    <p class='ocr_par' dir='ltr' id='par_1_57' title="bbox 324 5504 514 5563">
     <span class='ocr_line' id='line_1_57' title="bbox 324 5504 514 5563; baseline -0.026 -1"><span class='ocrx_word' id='word_1_470' title='bbox 324 5504 514 5563; x_wconf 78' lang='lat' dir='ltr'><strong>rietur.</strong></span> 
     </span>
    </p>
   </div>
   <div class='ocr_carea' id='block_1_58' title="bbox 398 5593 1907 5665">
    <p class='ocr_par' dir='ltr' id='par_1_58' title="bbox 398 5593 1907 5665">
     <span class='ocr_line' id='line_1_58' title="bbox 398 5593 1907 5665; baseline -0.003 -13"><span class='ocrx_word' id='word_1_471' title='bbox 398 5595 488 5652; x_wconf 73' lang='lat'><strong>52.</strong></span> <span class='ocrx_word' id='word_1_472' title='bbox 530 5594 678 5664; x_wconf 85' lang='lat' dir='ltr'><strong>Quod</strong></span> <span class='ocrx_word' id='word_1_473' title='bbox 709 5606 886 5652; x_wconf 89' lang='lat' dir='ltr'><strong>autem</strong></span> <span class='ocrx_word' id='word_1_474' title='bbox 915 5596 1139 5663; x_wconf 90' lang='lat' dir='ltr'><strong>dicunt,</strong></span> <span class='ocrx_word' id='word_1_475' title='bbox 1176 5615 1194 5648; x_wconf 73' lang='grc' dir='ltr'>ι</span> <span class='ocrx_word' id='word_1_476' title='bbox 1220 5612 1324 5651; x_wconf 90' lang='lat' dir='ltr'><strong>non</strong></span> <span class='ocrx_word' id='word_1_477' title='bbox 1353 5610 1484 5665; x_wconf 91' lang='lat' dir='ltr'><strong>opus</strong></span> <span class='ocrx_word' id='word_1_478' title='bbox 1522 5593 1685 5649; x_wconf 84' lang='lat' dir='ltr'><strong>fuisse</strong></span> <span class='ocrx_word' id='word_1_479' title='bbox 1723 5593 1907 5664; x_wconf 87' lang='lat' dir='ltr'><strong>hujus-</strong></span> 
     </span>
    </p>
   </div>
   <div class='ocr_carea' id='block_1_59' title="bbox 324 5687 1912 5760">
    <p class='ocr_par' dir='ltr' id='par_1_59' title="bbox 324 5687 1912 5760">
     <span class='ocr_line' id='line_1_59' title="bbox 324 5687 1912 5760; baseline -0.003 -14"><span class='ocrx_word' id='word_1_480' title='bbox 324 5688 536 5746; x_wconf 72' lang='lat' dir='ltr'><strong>cemodi</strong></span> <span class='ocrx_word' id='word_1_481' title='bbox 567 5689 941 5760; x_wconf 88' lang='lat' dir='ltr'><strong>disputationis</strong></span> <span class='ocrx_word' id='word_1_482' title='bbox 965 5689 1172 5746; x_wconf 91' lang='lat' dir='ltr'><strong>incerto</strong></span> <span class='ocrx_word' id='word_1_483' title='bbox 1202 5690 1374 5746; x_wconf 89' lang='lat' dir='ltr'><strong>minus</strong></span> <span class='ocrx_word' id='word_1_484' title='bbox 1402 5687 1806 5758; x_wconf 84' lang='lat' dir='ltr'><strong>intelligentium</strong></span> <span class='ocrx_word' id='word_1_485' title='bbox 1834 5694 1912 5742; x_wconf 92' lang='lat' dir='ltr'><strong>tot</strong></span> 
     </span>
    </p>
   </div>
   <div class='ocr_carea' id='block_1_60' title="bbox 393 5817 1142 5886">
    <p class='ocr_par' dir='ltr' id='par_1_60' title="bbox 393 5817 1142 5886">
     <span class='ocr_line' id='line_1_60' title="bbox 393 5817 1142 5886; baseline 0 -14"><span class='ocrx_word' id='word_1_486' title='bbox 393 5817 412 5855; x_wconf 71' lang='grc' dir='ltr'>ί</span> <span class='ocrx_word' id='word_1_487' title='bbox 447 5817 729 5873; x_wconf 61' lang='grc' dir='ltr'><strong>Νοιιιὶθωὶε</strong></span> <span class='ocrx_word' id='word_1_488' title='bbox 754 5828 859 5882; x_wconf 60' lang='grc' dir='ltr'><strong>ιιι,</strong></span> <span class='ocrx_word' id='word_1_489' title='bbox 881 5832 978 5873; x_wconf 81' lang='lat' dir='ltr'><strong>non</strong></span> <span class='ocrx_word' id='word_1_490' title='bbox 997 5819 1142 5886; x_wconf 82' lang='lat' dir='ltr'><strong>capit.</strong></span> 
     </span>
    </p>
   </div>
   <div class='ocr_carea' id='block_1_61' title="bbox 1335 343 2528 413">
    <p class='ocr_par' dir='ltr' id='par_1_61' title="bbox 1335 343 2528 413">
     <span class='ocr_line' id='line_1_61' title="bbox 1335 343 2528 413; baseline 0.012 -18"><span class='ocrx_word' id='word_1_491' title='bbox 1335 343 1537 396; x_wconf 84' lang='lat' dir='ltr'><strong>LIBER</strong></span> <span class='ocrx_word' id='word_1_492' title='bbox 1576 344 1662 398; x_wconf 88' lang='lat' dir='ltr'><strong>DE</strong></span> <span class='ocrx_word' id='word_1_493' title='bbox 1701 344 1881 401; x_wconf 79' lang='grc' dir='ltr'>ΒΟΝο</span> <span class='ocrx_word' id='word_1_494' title='bbox 1915 347 2528 413; x_wconf 68' lang='lat' dir='ltr'><strong>PERSEVERANTIAL</strong></span> 
     </span>
    </p>
   </div>
   <div class='ocr_carea' id='block_1_62' title="bbox 3434 372 3569 428">
    <p class='ocr_par' dir='ltr' id='par_1_62' title="bbox 3434 372 3569 428">
     <span class='ocr_line' id='line_1_62' title="bbox 3434 372 3569 428; baseline 0.015 -2"><span class='ocrx_word' id='word_1_495' title='bbox 3434 372 3569 428; x_wconf 74' lang='grc'><strong>1026</strong></span> 
     </span>
    </p>
   </div>
   <div class='ocr_carea' id='block_1_63' title="bbox 1992 462 3567 544">
    <p class='ocr_par' dir='ltr' id='par_1_63' title="bbox 1992 462 3567 544">
     <span class='ocr_line' id='line_1_63' title="bbox 1992 462 3567 544; baseline 0.018 -29"><span class='ocrx_word' id='word_1_496' title='bbox 1992 462 2155 518; x_wconf 88' lang='lat' dir='ltr'><strong>corda</strong></span> <span class='ocrx_word' id='word_1_497' title='bbox 2181 466 2375 520; x_wconf 90' lang='lat' dir='ltr'><strong>turbari</strong></span> <span class='ocrx_word' id='word_1_498' title='bbox 2406 483 2418 519; x_wconf 93' lang='lat'><strong>:</strong></span> <span class='ocrx_word' id='word_1_499' title='bbox 2449 470 2696 538; x_wconf 91' lang='lat' dir='ltr'><strong>quoniam</strong></span> <span class='ocrx_word' id='word_1_500' title='bbox 2720 487 2828 528; x_wconf 90' lang='lat' dir='ltr'><strong>non</strong></span> <span class='ocrx_word' id='word_1_501' title='bbox 2856 474 3030 532; x_wconf 88' lang='lat' dir='ltr'><strong>minus</strong></span> <span class='ocrx_word' id='word_1_502' title='bbox 3058 479 3259 537; x_wconf 88' lang='lat' dir='ltr'><strong>utiliter</strong></span> <span class='ocrx_word' id='word_1_503' title='bbox 3305 482 3421 539; x_wconf 85' lang='lat' dir='ltr'><strong>sine</strong></span> <span class='ocrx_word' id='word_1_504' title='bbox 3467 485 3567 544; x_wconf 91' lang='lat' dir='ltr'><strong>hac</strong></span> 
     </span>
    </p>
   </div>
   <div class='ocr_carea' id='block_1_64' title="bbox 1991 549 3568 633">
    <p class='ocr_par' dir='ltr' id='par_1_64' title="bbox 1991 549 3568 633">
     <span class='ocr_line' id='line_1_64' title="bbox 1991 549 3568 633; baseline 0.018 -30"><span class='ocrx_word' id='word_1_505' title='bbox 1991 549 2298 609; x_wconf 76' lang='lat' dir='ltr'><strong>definitione</strong></span> <span class='ocrx_word' id='word_1_506' title='bbox 2316 557 2791 624; x_wconf 77' lang='lat' dir='ltr'><strong>przedestinationis</strong></span> <span class='ocrx_word' id='word_1_507' title='bbox 2819 580 2914 633; x_wconf 89' lang='lat' dir='ltr'><strong>per</strong></span> <span class='ocrx_word' id='word_1_508' title='bbox 2947 574 3024 622; x_wconf 92' lang='lat' dir='ltr'><strong>tot</strong></span> <span class='ocrx_word' id='word_1_509' title='bbox 3051 585 3220 626; x_wconf 91' lang='lat' dir='ltr'><strong>annos</strong></span> <span class='ocrx_word' id='word_1_510' title='bbox 3246 572 3458 630; x_wconf 90' lang='lat' dir='ltr'><strong>defensa</strong></span> <span class='ocrx_word' id='word_1_511' title='bbox 3487 585 3568 632; x_wconf 91' lang='lat' dir='ltr'><strong>est</strong></span> 
     </span>
    </p>
   </div>
   <div class='ocr_carea' id='block_1_65' title="bbox 1991 642 3562 724">
    <p class='ocr_par' dir='ltr' id='par_1_65' title="bbox 1991 642 3562 724">
     <span class='ocr_line' id='line_1_65' title="bbox 1991 642 3562 724; baseline 0.019 -29"><span class='ocrx_word' id='word_1_512' title='bbox 1991 642 2244 698; x_wconf 85' lang='lat' dir='ltr'><strong>catholica</strong></span> <span class='ocrx_word' id='word_1_513' title='bbox 2276 646 2407 702; x_wconf 84' lang='lat' dir='ltr'><strong>fides</strong></span> <span class='ocrx_word' id='word_1_514' title='bbox 2431 689 2446 715; x_wconf 91' lang='lat'><strong>,</strong></span> <span class='ocrx_word' id='word_1_515' title='bbox 2481 659 2589 706; x_wconf 91' lang='lat' dir='ltr'><strong>tum</strong></span> <span class='ocrx_word' id='word_1_516' title='bbox 2615 663 2802 710; x_wconf 89' lang='lat' dir='ltr'><strong>contra</strong></span> <span class='ocrx_word' id='word_1_517' title='bbox 2831 658 2964 713; x_wconf 90' lang='lat' dir='ltr'><strong>alios</strong></span> <span class='ocrx_word' id='word_1_518' title='bbox 2987 700 3000 724; x_wconf 95' lang='lat'><strong>,</strong></span> <span class='ocrx_word' id='word_1_519' title='bbox 3035 669 3143 716; x_wconf 93' lang='lat' dir='ltr'><strong>tum</strong></span> <span class='ocrx_word' id='word_1_520' title='bbox 3177 666 3405 722; x_wconf 83' lang='lat' dir='ltr'><strong>maxime</strong></span> <span class='ocrx_word' id='word_1_521' title='bbox 3431 683 3562 724; x_wconf 89' lang='lat' dir='ltr'><strong>con-</strong></span> 
     </span>
    </p>
   </div>
   <div class='ocr_carea' id='block_1_66' title="bbox 1992 735 3562 813">
    <p class='ocr_par' dir='ltr' id='par_1_66' title="bbox 1992 735 3562 813">
     <span class='ocr_line' id='line_1_66' title="bbox 1992 735 3562 813; baseline 0.016 -25"><span class='ocrx_word' id='word_1_522' title='bbox 1992 742 2069 789; x_wconf 91' lang='lat' dir='ltr'><strong>tra</strong></span> <span class='ocrx_word' id='word_1_523' title='bbox 2095 735 2403 807; x_wconf 89' lang='lat' dir='ltr'><strong>Pelagianos</strong></span> <span class='ocrx_word' id='word_1_524' title='bbox 2427 779 2442 807; x_wconf 95' lang='lat'><strong>,</strong></span> <span class='ocrx_word' id='word_1_525' title='bbox 2476 751 2551 795; x_wconf 93' lang='lat' dir='ltr'><strong>tot</strong></span> <span class='ocrx_word' id='word_1_526' title='bbox 2589 744 2967 803; x_wconf 88' lang='lat' dir='ltr'><strong>catholicorum</strong></span> <span class='ocrx_word' id='word_1_527' title='bbox 3013 761 3066 805; x_wconf 90' lang='lat' dir='ltr'><strong>et</strong></span> <span class='ocrx_word' id='word_1_528' title='bbox 3103 755 3323 809; x_wconf 85' lang='lat' dir='ltr'><strong>aliorum</strong></span> <span class='ocrx_word' id='word_1_529' title='bbox 3371 767 3423 810; x_wconf 92' lang='lat' dir='ltr'><strong>et</strong></span> <span class='ocrx_word' id='word_1_530' title='bbox 3463 775 3562 813; x_wconf 86' lang='lat' dir='ltr'><strong>no-</strong></span> 
     </span>
    </p>
   </div>
   <div class='ocr_carea' id='block_1_67' title="bbox 1990 828 3564 918">
    <p class='ocr_par' dir='ltr' id='par_1_67' title="bbox 1990 828 3564 918">
     <span class='ocr_line' id='line_1_67' title="bbox 1990 828 3564 918; baseline 0.015 -37"><span class='ocrx_word' id='word_1_531' title='bbox 1990 828 2114 884; x_wconf 88' lang='lat' dir='ltr'><strong>stris</strong></span> <span class='ocrx_word' id='word_1_532' title='bbox 2139 831 2558 898; x_wconf 65' lang='lat' dir='ltr'><strong>praecedentibus</strong></span> <span class='ocrx_word' id='word_1_533' title='bbox 2583 835 2730 892; x_wconf 91' lang='lat' dir='ltr'><strong>libris</strong></span> <span class='ocrx_word' id='word_1_534' title='bbox 2756 857 2774 890; x_wconf 84' lang='grc'><strong>›</strong></span> <span class='ocrx_word' id='word_1_535' title='bbox 2801 839 3018 912; x_wconf 80' lang='lat' dir='ltr'><strong>(Supra,</strong></span> <span class='ocrx_word' id='word_1_536' title='bbox 3043 845 3095 897; x_wconf 88' lang='lat' dir='ltr'><strong>in</strong></span> <span class='ocrx_word' id='word_1_537' title='bbox 3121 847 3329 915; x_wconf 83' lang='lat' dir='ltr'><strong>epistola</strong></span> <span class='ocrx_word' id='word_1_538' title='bbox 3355 848 3564 918; x_wconf 82' lang='lat' dir='ltr'><strong>Hilarii,</strong></span> 
     </span>
    </p>
   </div>
   <div class='ocr_carea' id='block_1_68' title="bbox 1991 921 3566 1007">
    <p class='ocr_par' dir='ltr' id='par_1_68' title="bbox 1991 921 3566 1007">
     <span class='ocr_line' id='line_1_68' title="bbox 1991 921 3566 1007; baseline 0.017 -34"><span class='ocrx_word' id='word_1_539' title='bbox 1991 937 2042 974; x_wconf 82' lang='grc' dir='ltr'><strong>η.</strong></span> <span class='ocrx_word' id='word_1_540' title='bbox 2072 921 2125 990; x_wconf 87' lang='grc'>8,</span> <span class='ocrx_word' id='word_1_541' title='bbox 2159 924 2256 977; x_wconf 84' lang='lat' dir='ltr'><strong>col.</strong></span> <span class='ocrx_word' id='word_1_542' title='bbox 2297 925 2596 1000; x_wconf 84' lang='lat'><strong>957-958):</strong></span> <span class='ocrx_word' id='word_1_543' title='bbox 2638 931 2855 986; x_wconf 90' lang='lat' dir='ltr'><strong>multum</strong></span> <span class='ocrx_word' id='word_1_544' title='bbox 2893 936 3059 989; x_wconf 86' lang='lat' dir='ltr'><strong>miror</strong></span> <span class='ocrx_word' id='word_1_545' title='bbox 3082 951 3173 990; x_wconf 93' lang='lat' dir='ltr'><strong>eos</strong></span> <span class='ocrx_word' id='word_1_546' title='bbox 3210 939 3428 1007; x_wconf 78' lang='lat' dir='ltr'><strong>dicere;</strong></span> <span class='ocrx_word' id='word_1_547' title='bbox 3468 957 3566 999; x_wconf 91' lang='lat' dir='ltr'><strong>nec</strong></span> 
     </span>
    </p>
   </div>
   <div class='ocr_carea' id='block_1_69' title="bbox 1990 1013 3565 1094">
    <p class='ocr_par' dir='ltr' id='par_1_69' title="bbox 1990 1013 3565 1094">
     <span class='ocr_line' id='line_1_69' title="bbox 1990 1013 3565 1094; baseline 0.015 -29"><span class='ocrx_word' id='word_1_548' title='bbox 1990 1013 2261 1069; x_wconf 87' lang='lat' dir='ltr'><strong>attendere</strong></span> <span class='ocrx_word' id='word_1_549' title='bbox 2286 1057 2298 1081; x_wconf 91' lang='lat'><strong>,</strong></span> <span class='ocrx_word' id='word_1_550' title='bbox 2333 1025 2389 1069; x_wconf 91' lang='lat' dir='ltr'><strong>ut</strong></span> <span class='ocrx_word' id='word_1_551' title='bbox 2416 1015 2482 1071; x_wconf 89' lang='lat' dir='ltr'><strong>de</strong></span> <span class='ocrx_word' id='word_1_552' title='bbox 2517 1018 2637 1073; x_wconf 90' lang='lat' dir='ltr'><strong>aliis</strong></span> <span class='ocrx_word' id='word_1_553' title='bbox 2683 1021 2767 1076; x_wconf 92' lang='lat' dir='ltr'><strong>hic</strong></span> <span class='ocrx_word' id='word_1_554' title='bbox 2806 1032 3004 1078; x_wconf 90' lang='lat' dir='ltr'><strong>taceam</strong></span> <span class='ocrx_word' id='word_1_555' title='bbox 3030 1065 3045 1089; x_wconf 91' lang='lat'><strong>,</strong></span> <span class='ocrx_word' id='word_1_556' title='bbox 3089 1026 3229 1094; x_wconf 90' lang='lat' dir='ltr'><strong>ipsos</strong></span> <span class='ocrx_word' id='word_1_557' title='bbox 3270 1029 3430 1086; x_wconf 88' lang='lat' dir='ltr'><strong>libros</strong></span> <span class='ocrx_word' id='word_1_558' title='bbox 3465 1049 3565 1088; x_wconf 90' lang='lat' dir='ltr'><strong>no-</strong></span> 
     </span>
    </p>
   </div>
   <div class='ocr_carea' id='block_1_70' title="bbox 1991 1110 3568 1189">
    <p class='ocr_par' dir='ltr' id='par_1_70' title="bbox 1991 1110 3568 1189">
     <span class='ocr_line' id='line_1_70' title="bbox 1991 1110 3568 1189; baseline 0.013 -30"><span class='ocrx_word' id='word_1_559' title='bbox 1991 1115 2130 1160; x_wconf 81' lang='lat' dir='ltr'><strong>stros</strong></span> <span class='ocrx_word' id='word_1_560' title='bbox 2148 1114 2203 1162; x_wconf 91' lang='lat' dir='ltr'><strong>et</strong></span> <span class='ocrx_word' id='word_1_561' title='bbox 2229 1115 2511 1178; x_wconf 86' lang='lat' dir='ltr'><strong>antequam</strong></span> <span class='ocrx_word' id='word_1_562' title='bbox 2537 1110 2802 1182; x_wconf 88' lang='lat' dir='ltr'><strong>Pelagiani</strong></span> <span class='ocrx_word' id='word_1_563' title='bbox 2821 1129 3078 1183; x_wconf 87' lang='lat' dir='ltr'><strong>apparere</strong></span> <span class='ocrx_word' id='word_1_564' title='bbox 3104 1119 3410 1189; x_wconf 60' lang='lat' dir='ltr'><strong>coepissent,</strong></span> <span class='ocrx_word' id='word_1_565' title='bbox 3439 1138 3568 1178; x_wconf 82' lang='lat' dir='ltr'><strong>con-</strong></span> 
     </span>
    </p>
   </div>
   <div class='ocr_carea' id='block_1_71' title="bbox 1990 1198 3563 1275">
    <p class='ocr_par' dir='ltr' id='par_1_71' title="bbox 1990 1198 3563 1275">
     <span class='ocr_line' id='line_1_71' title="bbox 1990 1198 3563 1275; baseline 0.013 -25"><span class='ocrx_word' id='word_1_566' title='bbox 1990 1198 2214 1267; x_wconf 90' lang='lat' dir='ltr'><strong>scriptos</strong></span> <span class='ocrx_word' id='word_1_567' title='bbox 2241 1209 2294 1254; x_wconf 90' lang='lat' dir='ltr'><strong>et</strong></span> <span class='ocrx_word' id='word_1_568' title='bbox 2325 1201 2494 1256; x_wconf 92' lang='lat' dir='ltr'><strong>editos</strong></span> <span class='ocrx_word' id='word_1_569' title='bbox 2520 1244 2534 1269; x_wconf 94' lang='lat'><strong>,</strong></span> <span class='ocrx_word' id='word_1_570' title='bbox 2563 1212 2616 1257; x_wconf 91' lang='lat' dir='ltr'><strong>et</strong></span> <span class='ocrx_word' id='word_1_571' title='bbox 2639 1204 2814 1259; x_wconf 89' lang='lat' dir='ltr'><strong>videre</strong></span> <span class='ocrx_word' id='word_1_572' title='bbox 2836 1222 2990 1275; x_wconf 91' lang='lat' dir='ltr'><strong>quam</strong></span> <span class='ocrx_word' id='word_1_573' title='bbox 3022 1211 3200 1265; x_wconf 87' lang='lat' dir='ltr'><strong>multis</strong></span> <span class='ocrx_word' id='word_1_574' title='bbox 3220 1227 3402 1267; x_wconf 92' lang='lat' dir='ltr'><strong>eorum</strong></span> <span class='ocrx_word' id='word_1_575' title='bbox 3433 1215 3563 1273; x_wconf 90' lang='lat' dir='ltr'><strong>locis</strong></span> 
     </span>
    </p>
   </div>
   <div class='ocr_carea' id='block_1_72' title="bbox 1989 1289 3563 1374">
    <p class='ocr_par' dir='ltr' id='par_1_72' title="bbox 1989 1289 3563 1374">
     <span class='ocr_line' id='line_1_72' title="bbox 1989 1289 3563 1374; baseline 0.011 -29"><span class='ocrx_word' id='word_1_576' title='bbox 1989 1289 2218 1346; x_wconf 86' lang='lat' dir='ltr'><strong>futuram</strong></span> <span class='ocrx_word' id='word_1_577' title='bbox 2251 1295 2546 1350; x_wconf 89' lang='lat' dir='ltr'><strong>nescientes</strong></span> <span class='ocrx_word' id='word_1_578' title='bbox 2572 1296 2903 1366; x_wconf 83' lang='lat' dir='ltr'><strong>Pelagianam</strong></span> <span class='ocrx_word' id='word_1_579' title='bbox 2931 1299 3174 1356; x_wconf 69' lang='lat' dir='ltr'><strong>haeresim</strong></span> <span class='ocrx_word' id='word_1_580' title='bbox 3195 1305 3528 1362; x_wconf 82' lang='lat' dir='ltr'><strong>caedebamus</strong></span> <span class='ocrx_word' id='word_1_581' title='bbox 3545 1348 3563 1374; x_wconf 92' lang='lat'><strong>,</strong></span> 
     </span>
    </p>
   </div>
   <div class='ocr_carea' id='block_1_73' title="bbox 1989 1383 3565 1457">
    <p class='ocr_par' dir='ltr' id='par_1_73' title="bbox 1989 1383 3565 1457">
     <span class='ocr_line' id='line_1_73' title="bbox 1989 1383 3565 1457; baseline 0.01 -21"><span class='ocrx_word' id='word_1_582' title='bbox 1989 1383 2326 1452; x_wconf 68' lang='lat' dir='ltr'><strong>prredicando</strong></span> <span class='ocrx_word' id='word_1_583' title='bbox 2353 1388 2575 1455; x_wconf 84' lang='lat' dir='ltr'><strong>gratiam</strong></span> <span class='ocrx_word' id='word_1_584' title='bbox 2603 1429 2617 1453; x_wconf 95' lang='lat'><strong>,</strong></span> <span class='ocrx_word' id='word_1_585' title='bbox 2651 1404 2755 1457; x_wconf 90' lang='lat' dir='ltr'><strong>qua</strong></span> <span class='ocrx_word' id='word_1_586' title='bbox 2797 1405 2893 1444; x_wconf 91' lang='lat' dir='ltr'><strong>nos</strong></span> <span class='ocrx_word' id='word_1_587' title='bbox 2927 1392 3065 1446; x_wconf 92' lang='lat' dir='ltr'><strong>Deus</strong></span> <span class='ocrx_word' id='word_1_588' title='bbox 3106 1394 3296 1448; x_wconf 85' lang='lat' dir='ltr'><strong>liberat</strong></span> <span class='ocrx_word' id='word_1_589' title='bbox 3335 1411 3364 1448; x_wconf 92' lang='lat' dir='ltr'><strong>a</strong></span> <span class='ocrx_word' id='word_1_590' title='bbox 3413 1398 3565 1454; x_wconf 91' lang='lat' dir='ltr'><strong>malis</strong></span> 
     </span>
    </p>
   </div>
   <div class='ocr_carea' id='block_1_74' title="bbox 1987 1476 3566 1550">
    <p class='ocr_par' dir='ltr' id='par_1_74' title="bbox 1987 1476 3566 1550">
     <span class='ocr_line' id='line_1_74' title="bbox 1987 1476 3566 1550; baseline 0.008 -23"><span class='ocrx_word' id='word_1_591' title='bbox 1987 1476 2256 1529; x_wconf 91' lang='lat' dir='ltr'><strong>erroribus</strong></span> <span class='ocrx_word' id='word_1_592' title='bbox 2285 1487 2339 1531; x_wconf 90' lang='lat' dir='ltr'><strong>et</strong></span> <span class='ocrx_word' id='word_1_593' title='bbox 2365 1478 2604 1533; x_wconf 91' lang='lat' dir='ltr'><strong>moribus</strong></span> <span class='ocrx_word' id='word_1_594' title='bbox 2627 1480 2824 1534; x_wconf 90' lang='lat' dir='ltr'><strong>nostris</strong></span> <span class='ocrx_word' id='word_1_595' title='bbox 2850 1523 2862 1548; x_wconf 92' lang='lat'><strong>,</strong></span> <span class='ocrx_word' id='word_1_596' title='bbox 2893 1497 2994 1535; x_wconf 93' lang='lat' dir='ltr'><strong>non</strong></span> <span class='ocrx_word' id='word_1_597' title='bbox 3022 1483 3442 1550; x_wconf 62' lang='lat' dir='ltr'><strong>praecedentibus</strong></span> <span class='ocrx_word' id='word_1_598' title='bbox 3469 1485 3566 1540; x_wconf 88' lang='lat' dir='ltr'><strong>bo-</strong></span> 
     </span>
    </p>
   </div>
   <div class='ocr_carea' id='block_1_75' title="bbox 1985 1565 3566 1646">
    <p class='ocr_par' dir='ltr' id='par_1_75' title="bbox 1985 1565 3566 1646">
     <span class='ocr_line' id='line_1_75' title="bbox 1985 1565 3566 1646; baseline 0.009 -27"><span class='ocrx_word' id='word_1_599' title='bbox 1985 1565 2070 1619; x_wconf 92' lang='lat' dir='ltr'><strong>nis</strong></span> <span class='ocrx_word' id='word_1_600' title='bbox 2099 1568 2301 1621; x_wconf 85' lang='lat' dir='ltr'><strong>meritis</strong></span> <span class='ocrx_word' id='word_1_601' title='bbox 2330 1571 2524 1624; x_wconf 88' lang='lat' dir='ltr'><strong>nostris</strong></span> <span class='ocrx_word' id='word_1_602' title='bbox 2553 1613 2568 1637; x_wconf 96' lang='lat'><strong>,</strong></span> <span class='ocrx_word' id='word_1_603' title='bbox 2599 1570 2802 1626; x_wconf 82' lang='lat' dir='ltr'><strong>faciens</strong></span> <span class='ocrx_word' id='word_1_604' title='bbox 2832 1573 2932 1628; x_wconf 92' lang='lat' dir='ltr'><strong>hoc</strong></span> <span class='ocrx_word' id='word_1_605' title='bbox 2959 1574 3253 1629; x_wconf 91' lang='lat' dir='ltr'><strong>secundum</strong></span> <span class='ocrx_word' id='word_1_606' title='bbox 3279 1577 3566 1646; x_wconf 90' lang='lat' dir='ltr'><strong>gratuitam</strong></span> 
     </span>
    </p>
   </div>
   <div class='ocr_carea' id='block_1_76' title="bbox 1985 1658 3565 1742">
    <p class='ocr_par' dir='ltr' id='par_1_76' title="bbox 1985 1658 3565 1742">
     <span class='ocr_line' id='line_1_76' title="bbox 1985 1658 3565 1742; baseline 0.009 -30"><span class='ocrx_word' id='word_1_607' title='bbox 1985 1658 2404 1715; x_wconf 88' lang='lat' dir='ltr'><strong>misericordiam</strong></span> <span class='ocrx_word' id='word_1_608' title='bbox 2435 1677 2604 1717; x_wconf 88' lang='lat' dir='ltr'><strong>suam.</strong></span> <span class='ocrx_word' id='word_1_609' title='bbox 2633 1664 2784 1730; x_wconf 90' lang='lat' dir='ltr'><strong>Quod</strong></span> <span class='ocrx_word' id='word_1_610' title='bbox 2812 1666 3021 1734; x_wconf 91' lang='lat' dir='ltr'><strong>plenius</strong></span> <span class='ocrx_word' id='word_1_611' title='bbox 3046 1683 3235 1738; x_wconf 88' lang='lat' dir='ltr'><strong>sapere</strong></span> <span class='ocrx_word' id='word_1_612' title='bbox 3260 1671 3397 1742; x_wconf 67' lang='lat' dir='ltr'><strong>coepi</strong></span> <span class='ocrx_word' id='word_1_613' title='bbox 3422 1671 3474 1726; x_wconf 86' lang='lat' dir='ltr'><strong>in</strong></span> <span class='ocrx_word' id='word_1_614' title='bbox 3500 1686 3565 1728; x_wconf 88' lang='lat' dir='ltr'><strong>ea</strong></span> 
     </span>
    </p>
   </div>
   <div class='ocr_carea' id='block_1_77' title="bbox 1985 1749 3566 1825">
    <p class='ocr_par' dir='ltr' id='par_1_77' title="bbox 1985 1749 3566 1825">
     <span class='ocr_line' id='line_1_77' title="bbox 1985 1749 3566 1825; baseline 0.011 -20"><span class='ocrx_word' id='word_1_615' title='bbox 1985 1749 2341 1821; x_wconf 87' lang='lat' dir='ltr'><strong>disputatione</strong></span> <span class='ocrx_word' id='word_1_616' title='bbox 2360 1796 2374 1820; x_wconf 94' lang='lat'><strong>,</strong></span> <span class='ocrx_word' id='word_1_617' title='bbox 2405 1771 2560 1825; x_wconf 89' lang='lat' dir='ltr'><strong>quam</strong></span> <span class='ocrx_word' id='word_1_618' title='bbox 2588 1757 2776 1825; x_wconf 84' lang='lat' dir='ltr'><strong>scripsi</strong></span> <span class='ocrx_word' id='word_1_619' title='bbox 2807 1758 2873 1813; x_wconf 92' lang='lat' dir='ltr'><strong>ad</strong></span> <span class='ocrx_word' id='word_1_620' title='bbox 2910 1757 3077 1814; x_wconf 56' lang='lat' dir='ltr'><strong>beatas</strong></span> <span class='ocrx_word' id='word_1_621' title='bbox 3119 1763 3388 1818; x_wconf 62' lang='lat' dir='ltr'><strong>memoriae</strong></span> <span class='ocrx_word' id='word_1_622' title='bbox 3422 1765 3566 1822; x_wconf 87' lang='lat' dir='ltr'><strong>Sim-</strong></span> 
     </span>
    </p>
   </div>
   <div class='ocr_carea' id='block_1_78' title="bbox 1986 1845 3565 1924">
    <p class='ocr_par' dir='ltr' id='par_1_78' title="bbox 1986 1845 3565 1924">
     <span class='ocr_line' id='line_1_78' title="bbox 1986 1845 3565 1924; baseline 0.009 -25"><span class='ocrx_word' id='word_1_623' title='bbox 1986 1845 2267 1914; x_wconf 90' lang='lat' dir='ltr'><strong>plicianum</strong></span> <span class='ocrx_word' id='word_1_624' title='bbox 2291 1848 2598 1919; x_wconf 89' lang='lat' dir='ltr'><strong>episc0pum</strong></span> <span class='ocrx_word' id='word_1_625' title='bbox 2621 1850 3032 1908; x_wconf 84' lang='lat' dir='ltr'><strong>Mediolanensis</strong></span> <span class='ocrx_word' id='word_1_626' title='bbox 3057 1854 3307 1912; x_wconf 82' lang='lat' dir='ltr'><strong>Ecclesiae</strong></span> <span class='ocrx_word' id='word_1_627' title='bbox 3329 1899 3345 1924; x_wconf 94' lang='lat'><strong>,</strong></span> <span class='ocrx_word' id='word_1_628' title='bbox 3376 1857 3431 1912; x_wconf 93' lang='lat' dir='ltr'><strong>in</strong></span> <span class='ocrx_word' id='word_1_629' title='bbox 3456 1858 3565 1914; x_wconf 91' lang='lat' dir='ltr'><strong>mei</strong></span> 
     </span>
    </p>
   </div>
   <div class='ocr_carea' id='block_1_79' title="bbox 1985 1939 3565 2012">
    <p class='ocr_par' dir='ltr' id='par_1_79' title="bbox 1985 1939 3565 2012">
     <span class='ocr_line' id='line_1_79' title="bbox 1985 1939 3565 2012; baseline 0.008 -20"><span class='ocrx_word' id='word_1_630' title='bbox 1985 1939 2317 2008; x_wconf 89' lang='lat' dir='ltr'><strong>episcopatus</strong></span> <span class='ocrx_word' id='word_1_631' title='bbox 2345 1941 2562 1997; x_wconf 69' lang='lat' dir='ltr'><strong>exordio</strong></span> <span class='ocrx_word' id='word_1_632' title='bbox 2588 1985 2602 2008; x_wconf 92' lang='lat'><strong>,</strong></span> <span class='ocrx_word' id='word_1_633' title='bbox 2633 1943 2845 2012; x_wconf 86' lang='lat' dir='ltr'><strong>quando</strong></span> <span class='ocrx_word' id='word_1_634' title='bbox 2883 1953 2939 2000; x_wconf 92' lang='lat' dir='ltr'><strong>et</strong></span> <span class='ocrx_word' id='word_1_635' title='bbox 2979 1945 3184 2001; x_wconf 90' lang='lat' dir='ltr'><strong>initium</strong></span> <span class='ocrx_word' id='word_1_636' title='bbox 3213 1946 3335 2004; x_wconf 89' lang='lat' dir='ltr'><strong>fidei</strong></span> <span class='ocrx_word' id='word_1_637' title='bbox 3365 1948 3565 2005; x_wconf 90' lang='lat' dir='ltr'><strong>donum</strong></span> 
     </span>
    </p>
   </div>
   <div class='ocr_carea' id='block_1_80' title="bbox 1987 2029 2864 2104">
    <p class='ocr_par' dir='ltr' id='par_1_80' title="bbox 1987 2029 2864 2104">
     <span class='ocr_line' id='line_1_80' title="bbox 1987 2029 2864 2104; baseline 0.006 -20"><span class='ocrx_word' id='word_1_638' title='bbox 1987 2029 2082 2086; x_wconf 90' lang='lat' dir='ltr'><strong>Dei</strong></span> <span class='ocrx_word' id='word_1_639' title='bbox 2113 2047 2231 2087; x_wconf 89' lang='lat' dir='ltr'><strong>esse</strong></span> <span class='ocrx_word' id='word_1_640' title='bbox 2259 2033 2483 2104; x_wconf 87' lang='lat' dir='ltr'><strong>cognovi</strong></span> <span class='ocrx_word' id='word_1_641' title='bbox 2507 2075 2522 2102; x_wconf 92' lang='lat'><strong>,</strong></span> <span class='ocrx_word' id='word_1_642' title='bbox 2555 2045 2610 2090; x_wconf 92' lang='lat' dir='ltr'><strong>et</strong></span> <span class='ocrx_word' id='word_1_643' title='bbox 2639 2037 2864 2091; x_wconf 80' lang='lat' dir='ltr'><strong>asserui.</strong></span> 
     </span>
    </p>
   </div>
   <div class='ocr_carea' id='block_1_81' title="bbox 2057 2122 3566 2201">
    <p class='ocr_par' dir='ltr' id='par_1_81' title="bbox 2057 2122 3566 2201">
     <span class='ocr_line' id='line_1_81' title="bbox 2057 2122 3566 2201; baseline 0.008 -25"><span class='ocrx_word' id='word_1_644' title='bbox 2057 2123 2144 2178; x_wconf 81' lang='grc'><strong>55.</strong></span> <span class='ocrx_word' id='word_1_645' title='bbox 2185 2122 2320 2192; x_wconf 91' lang='lat' dir='ltr'><strong>Quid</strong></span> <span class='ocrx_word' id='word_1_646' title='bbox 2349 2133 2524 2180; x_wconf 90' lang='lat' dir='ltr'><strong>autem</strong></span> <span class='ocrx_word' id='word_1_647' title='bbox 2557 2141 2796 2181; x_wconf 92' lang='lat' dir='ltr'><strong>meorum</strong></span> <span class='ocrx_word' id='word_1_648' title='bbox 2824 2129 3197 2196; x_wconf 85' lang='lat' dir='ltr'><strong>epusculorum</strong></span> <span class='ocrx_word' id='word_1_649' title='bbox 3237 2129 3566 2201; x_wconf 85' lang='lat' dir='ltr'><strong>frequentius</strong></span> 
     </span>
    </p>
   </div>
   <div class='ocr_carea' id='block_1_82' title="bbox 1986 2215 3564 2290">
    <p class='ocr_par' dir='ltr' id='par_1_82' title="bbox 1986 2215 3564 2290">
     <span class='ocr_line' id='line_1_82' title="bbox 1986 2215 3564 2290; baseline 0.006 -20"><span class='ocrx_word' id='word_1_650' title='bbox 1986 2223 2039 2270; x_wconf 90' lang='lat' dir='ltr'><strong>et</strong></span> <span class='ocrx_word' id='word_1_651' title='bbox 2068 2215 2427 2271; x_wconf 87' lang='lat' dir='ltr'><strong>delectabilius</strong></span> <span class='ocrx_word' id='word_1_652' title='bbox 2458 2217 2791 2274; x_wconf 89' lang='lat' dir='ltr'><strong>innotescere</strong></span> <span class='ocrx_word' id='word_1_653' title='bbox 2817 2219 3024 2289; x_wconf 91' lang='lat' dir='ltr'><strong>potuit,</strong></span> <span class='ocrx_word' id='word_1_654' title='bbox 3073 2237 3227 2290; x_wconf 90' lang='lat' dir='ltr'><strong>quam</strong></span> <span class='ocrx_word' id='word_1_655' title='bbox 3259 2222 3376 2278; x_wconf 91' lang='lat' dir='ltr'><strong>libri</strong></span> <span class='ocrx_word' id='word_1_656' title='bbox 3421 2224 3564 2279; x_wconf 88' lang='lat' dir='ltr'><strong>Con-</strong></span> 
     </span>
    </p>
   </div>
   <div class='ocr_carea' id='block_1_83' title="bbox 1988 2307 3564 2386">
    <p class='ocr_par' dir='ltr' id='par_1_83' title="bbox 1988 2307 3564 2386">
     <span class='ocr_line' id='line_1_83' title="bbox 1988 2307 3564 2386; baseline 0.006 -25"><span class='ocrx_word' id='word_1_657' title='bbox 1988 2307 2273 2362; x_wconf 86' lang='lat' dir='ltr'><strong>fessionum</strong></span> <span class='ocrx_word' id='word_1_658' title='bbox 2301 2310 2576 2365; x_wconf 80' lang='lat' dir='ltr'><strong>mearum?</strong></span> <span class='ocrx_word' id='word_1_659' title='bbox 2597 2311 2729 2365; x_wconf 89' lang='lat' dir='ltr'><strong>Cum</strong></span> <span class='ocrx_word' id='word_1_660' title='bbox 2753 2318 2808 2366; x_wconf 89' lang='lat' dir='ltr'><strong>et</strong></span> <span class='ocrx_word' id='word_1_661' title='bbox 2834 2310 2980 2381; x_wconf 88' lang='lat' dir='ltr'><strong>ipsos</strong></span> <span class='ocrx_word' id='word_1_662' title='bbox 3001 2311 3254 2367; x_wconf 87' lang='lat' dir='ltr'><strong>ediderim</strong></span> <span class='ocrx_word' id='word_1_663' title='bbox 3281 2323 3564 2386; x_wconf 87' lang='lat' dir='ltr'><strong>antequam</strong></span> 
     </span>
    </p>
   </div>
   <div class='ocr_carea' id='block_1_84' title="bbox 1988 2398 3564 2472">
    <p class='ocr_par' dir='ltr' id='par_1_84' title="bbox 1988 2398 3564 2472">
     <span class='ocr_line' id='line_1_84' title="bbox 1988 2398 3564 2472; baseline 0.006 -20"><span class='ocrx_word' id='word_1_664' title='bbox 1988 2398 2272 2472; x_wconf 90' lang='lat' dir='ltr'><strong>Pelagiana</strong></span> <span class='ocrx_word' id='word_1_665' title='bbox 2299 2400 2522 2456; x_wconf 85' lang='lat' dir='ltr'><strong>haeresis</strong></span> <span class='ocrx_word' id='word_1_666' title='bbox 2550 2403 2878 2468; x_wconf 81' lang='lat' dir='ltr'><strong>exstitisset;</strong></span> <span class='ocrx_word' id='word_1_667' title='bbox 2909 2403 2960 2457; x_wconf 90' lang='lat' dir='ltr'><strong>in</strong></span> <span class='ocrx_word' id='word_1_668' title='bbox 3004 2405 3082 2459; x_wconf 91' lang='lat' dir='ltr'><strong>eis</strong></span> <span class='ocrx_word' id='word_1_669' title='bbox 3118 2415 3262 2461; x_wconf 91' lang='lat' dir='ltr'><strong>certe</strong></span> <span class='ocrx_word' id='word_1_670' title='bbox 3300 2407 3407 2460; x_wconf 80' lang='lat' dir='ltr'><strong>dixi</strong></span> <span class='ocrx_word' id='word_1_671' title='bbox 3453 2407 3564 2462; x_wconf 90' lang='lat' dir='ltr'><strong>Deo</strong></span> 
     </span>
    </p>
   </div>
   <div class='ocr_carea' id='block_1_85' title="bbox 1988 2492 3564 2568">
    <p class='ocr_par' dir='ltr' id='par_1_85' title="bbox 1988 2492 3564 2568">
     <span class='ocr_line' id='line_1_85' title="bbox 1988 2492 3564 2568; baseline 0.007 -26"><span class='ocrx_word' id='word_1_672' title='bbox 1988 2498 2172 2545; x_wconf 89' lang='lat' dir='ltr'><strong>nostro</strong></span> <span class='ocrx_word' id='word_1_673' title='bbox 2195 2533 2208 2555; x_wconf 94' lang='lat'><strong>,</strong></span> <span class='ocrx_word' id='word_1_674' title='bbox 2243 2500 2295 2545; x_wconf 92' lang='lat' dir='ltr'><strong>et</strong></span> <span class='ocrx_word' id='word_1_675' title='bbox 2319 2507 2461 2561; x_wconf 83' lang='lat' dir='ltr'><strong>saepe</strong></span> <span class='ocrx_word' id='word_1_676' title='bbox 2487 2492 2594 2546; x_wconf 74' lang='lat' dir='ltr'><strong>dixi</strong></span> <span class='ocrx_word' id='word_1_677' title='bbox 2619 2512 2632 2547; x_wconf 75' lang='grc' dir='ltr'>ε</span> <span class='ocrx_word' id='word_1_678' title='bbox 2667 2513 2685 2545; x_wconf 77' lang='grc' dir='ltr'>ι</span> <span class='ocrx_word' id='word_1_679' title='bbox 2719 2493 2792 2547; x_wconf 88' lang='lat' dir='ltr'><strong>Da</strong></span> <span class='ocrx_word' id='word_1_680' title='bbox 2819 2494 2959 2563; x_wconf 91' lang='lat' dir='ltr'><strong>quod</strong></span> <span class='ocrx_word' id='word_1_681' title='bbox 2981 2493 3138 2564; x_wconf 85' lang='lat' dir='ltr'><strong>jubes</strong></span> <span class='ocrx_word' id='word_1_682' title='bbox 3160 2537 3174 2559; x_wconf 96' lang='lat'><strong>,</strong></span> <span class='ocrx_word' id='word_1_683' title='bbox 3199 2506 3252 2551; x_wconf 89' lang='lat' dir='ltr'><strong>et</strong></span> <span class='ocrx_word' id='word_1_684' title='bbox 3270 2497 3396 2566; x_wconf 88' lang='lat' dir='ltr'><strong>jubc</strong></span> <span class='ocrx_word' id='word_1_685' title='bbox 3421 2496 3564 2568; x_wconf 91' lang='lat' dir='ltr'><strong>quod</strong></span> 
     </span>
    </p>
   </div>
   <div class='ocr_carea' id='block_1_86' title="bbox 1986 2580 3565 2654">
    <p class='ocr_par' dir='ltr' id='par_1_86' title="bbox 1986 2580 3565 2654">
     <span class='ocr_line' id='line_1_86' title="bbox 1986 2580 3565 2654; baseline 0.006 -21"><span class='ocrx_word' id='word_1_686' title='bbox 1986 2580 2066 2635; x_wconf 88' lang='lat' dir='ltr'><strong>vis</strong></span> <span class='ocrx_word' id='word_1_687' title='bbox 2101 2599 2120 2634; x_wconf 75' lang='grc' dir='ltr'><strong><em>ι</em></strong></span> <span class='ocrx_word' id='word_1_688' title='bbox 2153 2581 2172 2652; x_wconf 91' lang='grc'>(</span> <span class='ocrx_word' id='word_1_689' title='bbox 2203 2580 2314 2636; x_wconf 86' lang='lat' dir='ltr'><strong>Lib.</strong></span> <span class='ocrx_word' id='word_1_690' title='bbox 2347 2583 2412 2637; x_wconf 85' lang='grc'><strong>10</strong></span> <span class='ocrx_word' id='word_1_691' title='bbox 2433 2625 2446 2648; x_wconf 94' lang='grc'><strong>,</strong></span> <span class='ocrx_word' id='word_1_692' title='bbox 2479 2599 2629 2654; x_wconf 89' lang='lat' dir='ltr'><strong>capp.</strong></span> <span class='ocrx_word' id='word_1_693' title='bbox 2658 2583 2758 2650; x_wconf 80' lang='lat' dir='ltr'><strong>l9,</strong></span> <span class='ocrx_word' id='word_1_694' title='bbox 2785 2585 2846 2637; x_wconf 78' lang='lat'><strong>51</strong></span> <span class='ocrx_word' id='word_1_695' title='bbox 2877 2626 2890 2648; x_wconf 94' lang='lat'><strong>,</strong></span> <span class='ocrx_word' id='word_1_696' title='bbox 2935 2585 3002 2640; x_wconf 78' lang='lat'><strong>57</strong></span> <span class='ocrx_word' id='word_1_697' title='bbox 3033 2585 3070 2654; x_wconf 83' lang='lat'><strong>).</strong></span> <span class='ocrx_word' id='word_1_698' title='bbox 3099 2585 3228 2652; x_wconf 64' lang='lat' dir='ltr'><strong>Quae</strong></span> <span class='ocrx_word' id='word_1_699' title='bbox 3258 2603 3374 2642; x_wconf 91' lang='lat' dir='ltr'><strong>mea</strong></span> <span class='ocrx_word' id='word_1_700' title='bbox 3406 2588 3565 2643; x_wconf 83' lang='lat' dir='ltr'><strong>verba</strong></span> 
     </span>
    </p>
   </div>
   <div class='ocr_carea' id='block_1_87' title="bbox 1988 2671 3566 2748">
    <p class='ocr_par' dir='ltr' id='par_1_87' title="bbox 1988 2671 3566 2748">
     <span class='ocr_line' id='line_1_87' title="bbox 1988 2671 3566 2748; baseline 0.004 -21"><span class='ocrx_word' id='word_1_701' title='bbox 1988 2671 2233 2742; x_wconf 82' lang='lat' dir='ltr'><strong>Pelagius</strong></span> <span class='ocrx_word' id='word_1_702' title='bbox 2257 2674 2438 2728; x_wconf 81' lang='lat' dir='ltr'><strong>Romae</strong></span> <span class='ocrx_word' id='word_1_703' title='bbox 2462 2716 2476 2739; x_wconf 95' lang='lat'><strong>,</strong></span> <span class='ocrx_word' id='word_1_704' title='bbox 2507 2690 2631 2742; x_wconf 79' lang='lat' dir='ltr'><strong>eum</strong></span> <span class='ocrx_word' id='word_1_705' title='bbox 2657 2690 2687 2728; x_wconf 90' lang='lat' dir='ltr'><strong>a</strong></span> <span class='ocrx_word' id='word_1_706' title='bbox 2717 2675 2946 2744; x_wconf 91' lang='lat' dir='ltr'><strong>quodam</strong></span> <span class='ocrx_word' id='word_1_707' title='bbox 2977 2675 3142 2731; x_wconf 88' lang='lat' dir='ltr'><strong>fratre</strong></span> <span class='ocrx_word' id='word_1_708' title='bbox 3168 2689 3222 2732; x_wconf 91' lang='lat' dir='ltr'><strong>et</strong></span> <span class='ocrx_word' id='word_1_709' title='bbox 3249 2678 3566 2748; x_wconf 88' lang='lat' dir='ltr'><strong>coepiscopo</strong></span> 
     </span>
    </p>
   </div>
   <div class='ocr_carea' id='block_1_88' title="bbox 1989 2763 3567 2835">
    <p class='ocr_par' dir='ltr' id='par_1_88' title="bbox 1989 2763 3567 2835">
     <span class='ocr_line' id='line_1_88' title="bbox 1989 2763 3567 2835; baseline 0.004 -18"><span class='ocrx_word' id='word_1_710' title='bbox 1989 2778 2107 2818; x_wconf 91' lang='lat' dir='ltr'><strong>meo</strong></span> <span class='ocrx_word' id='word_1_711' title='bbox 2140 2763 2360 2820; x_wconf 88' lang='lat' dir='ltr'><strong>fuissent</strong></span> <span class='ocrx_word' id='word_1_712' title='bbox 2390 2780 2454 2818; x_wconf 89' lang='lat' dir='ltr'><strong>eo</strong></span> <span class='ocrx_word' id='word_1_713' title='bbox 2499 2774 2762 2835; x_wconf 63' lang='lat' dir='ltr'><strong>praesente</strong></span> <span class='ocrx_word' id='word_1_714' title='bbox 2807 2777 3218 2822; x_wconf 85' lang='lat' dir='ltr'><strong>commemorata</strong></span> <span class='ocrx_word' id='word_1_715' title='bbox 3246 2810 3260 2834; x_wconf 95' lang='lat'><strong>,</strong></span> <span class='ocrx_word' id='word_1_716' title='bbox 3293 2768 3434 2824; x_wconf 83' lang='lat' dir='ltr'><strong>ferre</strong></span> <span class='ocrx_word' id='word_1_717' title='bbox 3461 2783 3567 2824; x_wconf 90' lang='lat' dir='ltr'><strong>non</strong></span> 
     </span>
    </p>
   </div>
   <div class='ocr_carea' id='block_1_89' title="bbox 1993 2855 3568 2930">
    <p class='ocr_par' dir='ltr' id='par_1_89' title="bbox 1993 2855 3568 2930">
     <span class='ocr_line' id='line_1_89' title="bbox 1993 2855 3568 2930; baseline 0.003 -21"><span class='ocrx_word' id='word_1_718' title='bbox 1993 2855 2162 2924; x_wconf 85' lang='lat' dir='ltr'><strong>petuit</strong></span> <span class='ocrx_word' id='word_1_719' title='bbox 2189 2896 2203 2920; x_wconf 93' lang='lat'><strong>,</strong></span> <span class='ocrx_word' id='word_1_720' title='bbox 2238 2863 2290 2908; x_wconf 90' lang='lat' dir='ltr'><strong>et</strong></span> <span class='ocrx_word' id='word_1_721' title='bbox 2316 2855 2688 2911; x_wconf 88' lang='lat' dir='ltr'><strong>contradicens</strong></span> <span class='ocrx_word' id='word_1_722' title='bbox 2725 2855 2998 2927; x_wconf 89' lang='lat' dir='ltr'><strong>aliquanto</strong></span> <span class='ocrx_word' id='word_1_723' title='bbox 3035 2859 3352 2913; x_wconf 90' lang='lat' dir='ltr'><strong>commotius</strong></span> <span class='ocrx_word' id='word_1_724' title='bbox 3377 2901 3392 2924; x_wconf 90' lang='lat'><strong>,</strong></span> <span class='ocrx_word' id='word_1_725' title='bbox 3432 2873 3568 2930; x_wconf 89' lang='lat' dir='ltr'><strong>pene</strong></span> 
     </span>
    </p>
   </div>
   <div class='ocr_carea' id='block_1_90' title="bbox 1986 2945 3568 3018">
    <p class='ocr_par' dir='ltr' id='par_1_90' title="bbox 1986 2945 3568 3018">
     <span class='ocr_line' id='line_1_90' title="bbox 1986 2945 3568 3018; baseline 0.003 -19"><span class='ocrx_word' id='word_1_726' title='bbox 1986 2959 2109 2999; x_wconf 92' lang='lat' dir='ltr'><strong>cum</strong></span> <span class='ocrx_word' id='word_1_727' title='bbox 2137 2961 2201 3000; x_wconf 92' lang='lat' dir='ltr'><strong>eo</strong></span> <span class='ocrx_word' id='word_1_728' title='bbox 2227 2945 2314 3015; x_wconf 92' lang='lat' dir='ltr'><strong>qui</strong></span> <span class='ocrx_word' id='word_1_729' title='bbox 2345 2947 2429 2999; x_wconf 86' lang='lat' dir='ltr'><strong>illa</strong></span> <span class='ocrx_word' id='word_1_730' title='bbox 2460 2957 2971 3003; x_wconf 86' lang='lat' dir='ltr'><strong>commemoraverat</strong></span> <span class='ocrx_word' id='word_1_731' title='bbox 2998 2949 3236 3018; x_wconf 86' lang='lat' dir='ltr'><strong>litigavit.</strong></span> <span class='ocrx_word' id='word_1_732' title='bbox 3279 2949 3414 3018; x_wconf 88' lang='lat' dir='ltr'><strong>Quid</strong></span> <span class='ocrx_word' id='word_1_733' title='bbox 3439 2963 3568 3005; x_wconf 87' lang='lat' dir='ltr'><strong>vero</strong></span> 
     </span>
    </p>
   </div>
   <div class='ocr_carea' id='block_1_91' title="bbox 1987 3035 3569 3107">
    <p class='ocr_par' dir='ltr' id='par_1_91' title="bbox 1987 3035 3569 3107">
     <span class='ocr_line' id='line_1_91' title="bbox 1987 3035 3569 3107; baseline 0.003 -17"><span class='ocrx_word' id='word_1_734' title='bbox 1987 3035 2232 3105; x_wconf 87' lang='lat' dir='ltr'><strong>primitus</strong></span> <span class='ocrx_word' id='word_1_735' title='bbox 2256 3045 2310 3091; x_wconf 91' lang='lat' dir='ltr'><strong>et</strong></span> <span class='ocrx_word' id='word_1_736' title='bbox 2339 3037 2566 3092; x_wconf 81' lang='lat' dir='ltr'><strong>maxime</strong></span> <span class='ocrx_word' id='word_1_737' title='bbox 2597 3037 2736 3092; x_wconf 89' lang='lat' dir='ltr'><strong>Deus</strong></span> <span class='ocrx_word' id='word_1_738' title='bbox 2769 3037 2958 3107; x_wconf 85' lang='lat' dir='ltr'><strong>jubet,</strong></span> <span class='ocrx_word' id='word_1_739' title='bbox 2990 3039 3091 3093; x_wconf 92' lang='lat' dir='ltr'><strong>nisi</strong></span> <span class='ocrx_word' id='word_1_740' title='bbox 3123 3048 3180 3094; x_wconf 93' lang='lat' dir='ltr'><strong>ut</strong></span> <span class='ocrx_word' id='word_1_741' title='bbox 3207 3040 3485 3095; x_wconf 89' lang='lat' dir='ltr'><strong>credamus</strong></span> <span class='ocrx_word' id='word_1_742' title='bbox 3513 3040 3569 3096; x_wconf 90' lang='lat' dir='ltr'><strong>in</strong></span> 
     </span>
    </p>
   </div>
   <div class='ocr_carea' id='block_1_92' title="bbox 1988 3134 3566 3206">
    <p class='ocr_par' dir='ltr' id='par_1_92' title="bbox 1988 3134 3566 3206">
     <span class='ocr_line' id='line_1_92' title="bbox 1988 3134 3566 3206; baseline 0.001 -16"><span class='ocrx_word' id='word_1_743' title='bbox 1988 3135 2156 3190; x_wconf 85' lang='lat' dir='ltr'><strong>eum?</strong></span> <span class='ocrx_word' id='word_1_744' title='bbox 2187 3135 2254 3190; x_wconf 88' lang='lat' dir='ltr'><strong>Et</strong></span> <span class='ocrx_word' id='word_1_745' title='bbox 2278 3134 2380 3191; x_wconf 90' lang='lat' dir='ltr'><strong>hoc</strong></span> <span class='ocrx_word' id='word_1_746' title='bbox 2407 3150 2534 3206; x_wconf 87' lang='lat' dir='ltr'><strong>ergo</strong></span> <span class='ocrx_word' id='word_1_747' title='bbox 2563 3135 2679 3206; x_wconf 89' lang='lat' dir='ltr'><strong>ipse</strong></span> <span class='ocrx_word' id='word_1_748' title='bbox 2706 3135 2797 3190; x_wconf 91' lang='lat' dir='ltr'><strong>dat</strong></span> <span class='ocrx_word' id='word_1_749' title='bbox 2823 3175 2839 3200; x_wconf 92' lang='lat'><strong>,</strong></span> <span class='ocrx_word' id='word_1_750' title='bbox 2867 3136 2911 3189; x_wconf 92' lang='lat' dir='ltr'><strong>si</strong></span> <span class='ocrx_word' id='word_1_751' title='bbox 2937 3134 3074 3190; x_wconf 91' lang='lat' dir='ltr'><strong>bene</strong></span> <span class='ocrx_word' id='word_1_752' title='bbox 3111 3135 3183 3189; x_wconf 91' lang='lat' dir='ltr'><strong>illi</strong></span> <span class='ocrx_word' id='word_1_753' title='bbox 3221 3136 3419 3192; x_wconf 91' lang='lat' dir='ltr'><strong>dictum</strong></span> <span class='ocrx_word' id='word_1_754' title='bbox 3445 3144 3528 3191; x_wconf 87' lang='lat' dir='ltr'><strong>est</strong></span> <span class='ocrx_word' id='word_1_755' title='bbox 3551 3177 3566 3201; x_wconf 95' lang='lat'><strong>,</strong></span> 
     </span>
    </p>
   </div>
   <div class='ocr_carea' id='block_1_93' title="bbox 1990 3225 3572 3298">
    <p class='ocr_par' dir='ltr' id='par_1_93' title="bbox 1990 3225 3572 3298">
     <span class='ocr_line' id='line_1_93' title="bbox 1990 3225 3572 3298; baseline -0.001 -16"><span class='ocrx_word' id='word_1_756' title='bbox 1990 3248 2010 3282; x_wconf 70' lang='grc' dir='ltr'><strong><em>ι</em></strong></span> <span class='ocrx_word' id='word_1_757' title='bbox 2046 3231 2121 3284; x_wconf 89' lang='lat' dir='ltr'><strong>Da</strong></span> <span class='ocrx_word' id='word_1_758' title='bbox 2149 3228 2289 3298; x_wconf 88' lang='lat' dir='ltr'><strong>quod</strong></span> <span class='ocrx_word' id='word_1_759' title='bbox 2312 3228 2489 3298; x_wconf 86' lang='lat' dir='ltr'><strong>jubes.</strong></span> <span class='ocrx_word' id='word_1_760' title='bbox 2522 3246 2542 3279; x_wconf 69' lang='grc' dir='ltr'><strong><em>ι</em></strong></span> <span class='ocrx_word' id='word_1_761' title='bbox 2573 3227 2638 3281; x_wconf 87' lang='lat' dir='ltr'><strong>Et</strong></span> <span class='ocrx_word' id='word_1_762' title='bbox 2667 3231 2718 3281; x_wconf 94' lang='lat' dir='ltr'><strong>in</strong></span> <span class='ocrx_word' id='word_1_763' title='bbox 2744 3225 2946 3281; x_wconf 85' lang='lat' dir='ltr'><strong>eisdem</strong></span> <span class='ocrx_word' id='word_1_764' title='bbox 2974 3228 3133 3281; x_wconf 90' lang='lat' dir='ltr'><strong>etiam</strong></span> <span class='ocrx_word' id='word_1_765' title='bbox 3161 3226 3312 3282; x_wconf 89' lang='lat' dir='ltr'><strong>libris</strong></span> <span class='ocrx_word' id='word_1_766' title='bbox 3335 3226 3476 3297; x_wconf 88' lang='lat' dir='ltr'><strong>quod</strong></span> <span class='ocrx_word' id='word_1_767' title='bbox 3499 3226 3572 3282; x_wconf 90' lang='lat' dir='ltr'><strong>de</strong></span> 
     </span>
    </p>
   </div>
   <div class='ocr_carea' id='block_1_94' title="bbox 1988 3318 3570 3393">
    <p class='ocr_par' dir='ltr' id='par_1_94' title="bbox 1988 3318 3570 3393">
     <span class='ocr_line' id='line_1_94' title="bbox 1988 3318 3570 3393; baseline -0.002 -16"><span class='ocrx_word' id='word_1_768' title='bbox 1988 3338 2103 3378; x_wconf 88' lang='lat' dir='ltr'><strong>mea</strong></span> <span class='ocrx_word' id='word_1_769' title='bbox 2131 3321 2476 3378; x_wconf 87' lang='lat' dir='ltr'><strong>conversione</strong></span> <span class='ocrx_word' id='word_1_770' title='bbox 2505 3321 2713 3375; x_wconf 87' lang='lat' dir='ltr'><strong>narravi</strong></span> <span class='ocrx_word' id='word_1_771' title='bbox 2744 3318 2899 3393; x_wconf 88' lang='lat' dir='ltr'><strong>(Lib.</strong></span> <span class='ocrx_word' id='word_1_772' title='bbox 2923 3320 2986 3386; x_wconf 74' lang='lat'><strong>5,</strong></span> <span class='ocrx_word' id='word_1_773' title='bbox 3027 3337 3176 3390; x_wconf 72' lang='lat' dir='ltr'><strong>capp.</strong></span> <span class='ocrx_word' id='word_1_774' title='bbox 3217 3320 3278 3374; x_wconf 77' lang='grc'><strong>11</strong></span> <span class='ocrx_word' id='word_1_775' title='bbox 3303 3361 3319 3387; x_wconf 85' lang='grc'><em>,</em></span> <span class='ocrx_word' id='word_1_776' title='bbox 3368 3320 3436 3374; x_wconf 74' lang='lat' dir='ltr'><strong>i2</strong></span> <span class='ocrx_word' id='word_1_777' title='bbox 3457 3359 3474 3388; x_wconf 89' lang='lat'><strong>,</strong></span> <span class='ocrx_word' id='word_1_778' title='bbox 3520 3328 3570 3374; x_wconf 84' lang='lat' dir='ltr'><strong>et</strong></span> 
     </span>
    </p>
   </div>
   <div class='ocr_carea' id='block_1_95' title="bbox 1989 3414 3568 3487">
    <p class='ocr_par' dir='ltr' id='par_1_95' title="bbox 1989 3414 3568 3487">
     <span class='ocr_line' id='line_1_95' title="bbox 1989 3414 3568 3487; baseline 0 -17"><span class='ocrx_word' id='word_1_779' title='bbox 1989 3416 2077 3470; x_wconf 81' lang='lat' dir='ltr'><strong>tib.</strong></span> <span class='ocrx_word' id='word_1_780' title='bbox 2109 3415 2173 3484; x_wconf 87' lang='lat'><strong>9,</strong></span> <span class='ocrx_word' id='word_1_781' title='bbox 2196 3433 2310 3485; x_wconf 88' lang='lat' dir='ltr'><strong>cap.</strong></span> <span class='ocrx_word' id='word_1_782' title='bbox 2343 3415 2378 3471; x_wconf 90' lang='lat'><strong>8</strong></span> <span class='ocrx_word' id='word_1_783' title='bbox 2402 3416 2442 3487; x_wconf 94' lang='lat'><strong>),</strong></span> <span class='ocrx_word' id='word_1_784' title='bbox 2470 3415 2580 3469; x_wconf 90' lang='lat' dir='ltr'><strong>Deo</strong></span> <span class='ocrx_word' id='word_1_785' title='bbox 2608 3429 2694 3469; x_wconf 91' lang='lat' dir='ltr'><strong>me</strong></span> <span class='ocrx_word' id='word_1_786' title='bbox 2719 3422 3063 3470; x_wconf 89' lang='lat' dir='ltr'><strong>convertente</strong></span> <span class='ocrx_word' id='word_1_787' title='bbox 3103 3414 3170 3470; x_wconf 89' lang='lat' dir='ltr'><strong>ad</strong></span> <span class='ocrx_word' id='word_1_788' title='bbox 3216 3429 3333 3471; x_wconf 86' lang='lat' dir='ltr'><strong>eam</strong></span> <span class='ocrx_word' id='word_1_789' title='bbox 3370 3414 3529 3470; x_wconf 88' lang='lat' dir='ltr'><strong>ﬁdem</strong></span> <span class='ocrx_word' id='word_1_790' title='bbox 3552 3455 3568 3481; x_wconf 96' lang='lat'><strong>,</strong></span> 
     </span>
    </p>
   </div>
   <div class='ocr_carea' id='block_1_96' title="bbox 1989 3503 3568 3578">
    <p class='ocr_par' dir='ltr' id='par_1_96' title="bbox 1989 3503 3568 3578">
     <span class='ocr_line' id='line_1_96' title="bbox 1989 3503 3568 3578; baseline 0 -18"><span class='ocrx_word' id='word_1_791' title='bbox 1989 3522 2146 3578; x_wconf 89' lang='lat' dir='ltr'><strong>quam</strong></span> <span class='ocrx_word' id='word_1_792' title='bbox 2165 3504 2464 3560; x_wconf 89' lang='lat' dir='ltr'><strong>miserrima</strong></span> <span class='ocrx_word' id='word_1_793' title='bbox 2486 3514 2538 3559; x_wconf 92' lang='lat' dir='ltr'><strong>et</strong></span> <span class='ocrx_word' id='word_1_794' title='bbox 2561 3503 2907 3559; x_wconf 85' lang='lat' dir='ltr'><strong>furiosissima</strong></span> <span class='ocrx_word' id='word_1_795' title='bbox 2925 3503 3243 3572; x_wconf 88' lang='lat' dir='ltr'><strong>loquacitate</strong></span> <span class='ocrx_word' id='word_1_796' title='bbox 3262 3503 3534 3560; x_wconf 75' lang='lat' dir='ltr'><strong>vastabant</strong></span> <span class='ocrx_word' id='word_1_797' title='bbox 3550 3546 3568 3572; x_wconf 93' lang='lat'><strong>,</strong></span> 
     </span>
    </p>
   </div>
   <div class='ocr_carea' id='block_1_97' title="bbox 1993 3593 3570 3662">
    <p class='ocr_par' dir='ltr' id='par_1_97' title="bbox 1993 3593 3570 3662">
     <span class='ocr_line' id='line_1_97' title="bbox 1993 3593 3570 3662; baseline 0.001 -12"><span class='ocrx_word' id='word_1_798' title='bbox 1993 3613 2168 3652; x_wconf 85' lang='lat' dir='ltr'><strong>nonne</strong></span> <span class='ocrx_word' id='word_1_799' title='bbox 2198 3597 2268 3651; x_wconf 89' lang='lat' dir='ltr'><strong>ita</strong></span> <span class='ocrx_word' id='word_1_800' title='bbox 2303 3605 2571 3651; x_wconf 89' lang='lat' dir='ltr'><strong>narratum</strong></span> <span class='ocrx_word' id='word_1_801' title='bbox 2600 3610 2718 3651; x_wconf 91' lang='lat' dir='ltr'><strong>esse</strong></span> <span class='ocrx_word' id='word_1_802' title='bbox 2751 3594 3066 3651; x_wconf 89' lang='lat' dir='ltr'><strong>meministis</strong></span> <span class='ocrx_word' id='word_1_803' title='bbox 3090 3637 3104 3662; x_wconf 94' lang='lat'><strong>,</strong></span> <span class='ocrx_word' id='word_1_804' title='bbox 3135 3603 3193 3650; x_wconf 92' lang='lat' dir='ltr'><strong>ut</strong></span> <span class='ocrx_word' id='word_1_805' title='bbox 3231 3593 3570 3651; x_wconf 88' lang='lat' dir='ltr'><strong>ostenderem</strong></span> 
     </span>
    </p>
   </div>
   <div class='ocr_carea' id='block_1_98' title="bbox 1991 3685 3574 3757">
    <p class='ocr_par' dir='ltr' id='par_1_98' title="bbox 1991 3685 3574 3757">
     <span class='ocr_line' id='line_1_98' title="bbox 1991 3685 3574 3757; baseline 0.001 -16"><span class='ocrx_word' id='word_1_806' title='bbox 1991 3703 2077 3742; x_wconf 87' lang='lat' dir='ltr'><strong>me</strong></span> <span class='ocrx_word' id='word_1_807' title='bbox 2105 3687 2349 3741; x_wconf 86' lang='lat' dir='ltr'><strong>ﬁdelibus</strong></span> <span class='ocrx_word' id='word_1_808' title='bbox 2377 3695 2431 3741; x_wconf 92' lang='lat' dir='ltr'><strong>et</strong></span> <span class='ocrx_word' id='word_1_809' title='bbox 2457 3685 2782 3756; x_wconf 89' lang='lat' dir='ltr'><strong>qu0tidianis</strong></span> <span class='ocrx_word' id='word_1_810' title='bbox 2809 3685 2995 3740; x_wconf 87' lang='lat' dir='ltr'><strong>matris</strong></span> <span class='ocrx_word' id='word_1_811' title='bbox 3031 3699 3164 3741; x_wconf 65' lang='lat' dir='ltr'><strong>mea:</strong></span> <span class='ocrx_word' id='word_1_812' title='bbox 3209 3685 3458 3757; x_wconf 80' lang='lat' dir='ltr'><strong>lacrymis</strong></span> <span class='ocrx_word' id='word_1_813' title='bbox 3504 3700 3574 3743; x_wconf 81' lang='lat' dir='ltr'><strong>ne</strong></span> 
     </span>
    </p>
   </div>
   <div class='ocr_carea' id='block_1_99' title="bbox 1994 3777 3568 3850">
    <p class='ocr_par' dir='ltr' id='par_1_99' title="bbox 1994 3777 3568 3850">
     <span class='ocr_line' id='line_1_99' title="bbox 1994 3777 3568 3850; baseline 0.001 -18"><span class='ocrx_word' id='word_1_814' title='bbox 1994 3779 2221 3848; x_wconf 89' lang='lat' dir='ltr'><strong>perirem</strong></span> <span class='ocrx_word' id='word_1_815' title='bbox 2267 3777 2430 3833; x_wconf 88' lang='lat' dir='ltr'><strong>fuisse</strong></span> <span class='ocrx_word' id='word_1_816' title='bbox 2472 3777 2831 3834; x_wconf 74' lang='lat' dir='ltr'><strong>concessum?</strong></span> <span class='ocrx_word' id='word_1_817' title='bbox 2875 3777 2975 3833; x_wconf 92' lang='lat' dir='ltr'><strong>Ubi</strong></span> <span class='ocrx_word' id='word_1_818' title='bbox 3026 3777 3207 3850; x_wconf 91' lang='lat' dir='ltr'><strong>utique</strong></span> <span class='ocrx_word' id='word_1_819' title='bbox 3251 3777 3530 3848; x_wconf 78' lang='lat' dir='ltr'><strong>praedicavi</strong></span> <span class='ocrx_word' id='word_1_820' title='bbox 3551 3819 3568 3847; x_wconf 95' lang='lat'><strong>,</strong></span> 
     </span>
    </p>
   </div>
   <div class='ocr_carea' id='block_1_100' title="bbox 1995 3873 3574 3940">
    <p class='ocr_par' dir='ltr' id='par_1_100' title="bbox 1995 3873 3574 3940">
     <span class='ocr_line' id='line_1_100' title="bbox 1995 3873 3574 3940; baseline 0.001 -13"><span class='ocrx_word' id='word_1_821' title='bbox 1995 3889 2098 3928; x_wconf 88' lang='lat' dir='ltr'><strong>non</strong></span> <span class='ocrx_word' id='word_1_822' title='bbox 2127 3873 2296 3930; x_wconf 83' lang='lat' dir='ltr'><strong>solum</strong></span> <span class='ocrx_word' id='word_1_823' title='bbox 2323 3887 2538 3929; x_wconf 88' lang='lat' dir='ltr'><strong>aversas</strong></span> <span class='ocrx_word' id='word_1_824' title='bbox 2561 3890 2592 3928; x_wconf 90' lang='lat' dir='ltr'><strong>a</strong></span> <span class='ocrx_word' id='word_1_825' title='bbox 2623 3883 2770 3930; x_wconf 85' lang='lat' dir='ltr'><strong>recta</strong></span> <span class='ocrx_word' id='word_1_826' title='bbox 2795 3873 2900 3931; x_wconf 88' lang='lat' dir='ltr'><strong>ﬁde</strong></span> <span class='ocrx_word' id='word_1_827' title='bbox 2922 3916 2938 3940; x_wconf 89' lang='lat'><strong>,</strong></span> <span class='ocrx_word' id='word_1_828' title='bbox 2981 3874 3078 3931; x_wconf 89' lang='lat' dir='ltr'><strong>sed</strong></span> <span class='ocrx_word' id='word_1_829' title='bbox 3120 3873 3372 3931; x_wconf 88' lang='lat' dir='ltr'><strong>adversas</strong></span> <span class='ocrx_word' id='word_1_830' title='bbox 3413 3873 3574 3932; x_wconf 87' lang='lat' dir='ltr'><strong>etiam</strong></span> 
     </span>
    </p>
   </div>
   <div class='ocr_carea' id='block_1_101' title="bbox 1994 3963 3577 4036">
    <p class='ocr_par' dir='ltr' id='par_1_101' title="bbox 1994 3963 3577 4036">
     <span class='ocr_line' id='line_1_101' title="bbox 1994 3963 3577 4036; baseline 0.001 -18"><span class='ocrx_word' id='word_1_831' title='bbox 1994 3972 2154 4018; x_wconf 74' lang='lat' dir='ltr'><strong>recta:</strong></span> <span class='ocrx_word' id='word_1_832' title='bbox 2182 3963 2338 4028; x_wconf 88' lang='lat' dir='ltr'><strong>fidei,</strong></span> <span class='ocrx_word' id='word_1_833' title='bbox 2373 3964 2534 4018; x_wconf 92' lang='lat' dir='ltr'><strong>Deum</strong></span> <span class='ocrx_word' id='word_1_834' title='bbox 2563 3978 2656 4019; x_wconf 89' lang='lat' dir='ltr'><strong>sua</strong></span> <span class='ocrx_word' id='word_1_835' title='bbox 2683 3966 2852 4036; x_wconf 89' lang='lat' dir='ltr'><strong>gratia</strong></span> <span class='ocrx_word' id='word_1_836' title='bbox 2877 3964 2943 4019; x_wconf 92' lang='lat' dir='ltr'><strong>ad</strong></span> <span class='ocrx_word' id='word_1_837' title='bbox 2969 3979 3088 4020; x_wconf 90' lang='lat' dir='ltr'><strong>eam</strong></span> <span class='ocrx_word' id='word_1_838' title='bbox 3129 3976 3446 4022; x_wconf 89' lang='lat' dir='ltr'><strong>convertere</strong></span> <span class='ocrx_word' id='word_1_839' title='bbox 3477 3964 3577 4020; x_wconf 88' lang='lat' dir='ltr'><strong>ho-</strong></span> 
     </span>
    </p>
   </div>
   <div class='ocr_carea' id='block_1_102' title="bbox 1996 4057 3572 4130">
    <p class='ocr_par' dir='ltr' id='par_1_102' title="bbox 1996 4057 3572 4130">
     <span class='ocr_line' id='line_1_102' title="bbox 1996 4057 3572 4130; baseline 0.002 -18"><span class='ocrx_word' id='word_1_840' title='bbox 1996 4059 2196 4112; x_wconf 89' lang='lat' dir='ltr'><strong>minum</strong></span> <span class='ocrx_word' id='word_1_841' title='bbox 2220 4057 2539 4113; x_wconf 88' lang='lat' dir='ltr'><strong>voluntates.</strong></span> <span class='ocrx_word' id='word_1_842' title='bbox 2565 4058 2642 4114; x_wconf 91' lang='lat' dir='ltr'><strong>De</strong></span> <span class='ocrx_word' id='word_1_843' title='bbox 2660 4058 2976 4128; x_wconf 86' lang='lat' dir='ltr'><strong>proﬁciente</strong></span> <span class='ocrx_word' id='word_1_844' title='bbox 2997 4074 3158 4130; x_wconf 91' lang='lat' dir='ltr'><strong>porro</strong></span> <span class='ocrx_word' id='word_1_845' title='bbox 3178 4060 3572 4129; x_wconf 83' lang='lat' dir='ltr'><strong>perseverantia</strong></span> 
     </span>
    </p>
   </div>
   <div class='ocr_carea' id='block_1_103' title="bbox 1996 4149 3573 4222">
    <p class='ocr_par' dir='ltr' id='par_1_103' title="bbox 1996 4149 3573 4222">
     <span class='ocr_line' id='line_1_103' title="bbox 1996 4149 3573 4222; baseline 0.002 -18"><span class='ocrx_word' id='word_1_846' title='bbox 1996 4149 2439 4218; x_wconf 90' lang='lat' dir='ltr'><strong>quemadmodum</strong></span> <span class='ocrx_word' id='word_1_847' title='bbox 2471 4149 2635 4204; x_wconf 88' lang='lat' dir='ltr'><strong>Deum</strong></span> <span class='ocrx_word' id='word_1_848' title='bbox 2664 4151 2962 4220; x_wconf 90' lang='lat' dir='ltr'><strong>rogaverim</strong></span> <span class='ocrx_word' id='word_1_849' title='bbox 2981 4190 2998 4217; x_wconf 96' lang='lat'><strong>,</strong></span> <span class='ocrx_word' id='word_1_850' title='bbox 3032 4160 3086 4206; x_wconf 90' lang='lat' dir='ltr'><strong>et</strong></span> <span class='ocrx_word' id='word_1_851' title='bbox 3121 4151 3268 4208; x_wconf 88' lang='lat' dir='ltr'><strong>scitis</strong></span> <span class='ocrx_word' id='word_1_852' title='bbox 3288 4193 3305 4219; x_wconf 97' lang='lat'><strong>,</strong></span> <span class='ocrx_word' id='word_1_853' title='bbox 3333 4159 3387 4207; x_wconf 93' lang='lat' dir='ltr'><strong>et</strong></span> <span class='ocrx_word' id='word_1_854' title='bbox 3419 4159 3573 4222; x_wconf 91' lang='lat' dir='ltr'><strong>pote-</strong></span> 
     </span>
    </p>
   </div>
   <div class='ocr_carea' id='block_1_104' title="bbox 1997 4240 3574 4313">
    <p class='ocr_par' dir='ltr' id='par_1_104' title="bbox 1997 4240 3574 4313">
     <span class='ocr_line' id='line_1_104' title="bbox 1997 4240 3574 4313; baseline 0.001 -17"><span class='ocrx_word' id='word_1_855' title='bbox 1997 4240 2092 4296; x_wconf 87' lang='lat' dir='ltr'><strong>stis</strong></span> <span class='ocrx_word' id='word_1_856' title='bbox 2122 4255 2399 4296; x_wconf 88' lang='lat' dir='ltr'><strong>recensere</strong></span> <span class='ocrx_word' id='word_1_857' title='bbox 2427 4255 2546 4295; x_wconf 91' lang='lat' dir='ltr'><strong>cum</strong></span> <span class='ocrx_word' id='word_1_858' title='bbox 2565 4240 2742 4296; x_wconf 89' lang='lat' dir='ltr'><strong>vultis.</strong></span> <span class='ocrx_word' id='word_1_859' title='bbox 2760 4241 2947 4295; x_wconf 89' lang='lat' dir='ltr'><strong>Omnia</strong></span> <span class='ocrx_word' id='word_1_860' title='bbox 2977 4242 3154 4312; x_wconf 89' lang='lat' dir='ltr'><strong>itaque</strong></span> <span class='ocrx_word' id='word_1_861' title='bbox 3179 4241 3271 4298; x_wconf 92' lang='lat' dir='ltr'><strong>Dei</strong></span> <span class='ocrx_word' id='word_1_862' title='bbox 3292 4242 3429 4298; x_wconf 89' lang='lat' dir='ltr'><strong>dona</strong></span> <span class='ocrx_word' id='word_1_863' title='bbox 3454 4257 3574 4313; x_wconf 75' lang='lat' dir='ltr'><strong>qua:</strong></span> 
     </span>
    </p>
   </div>
   <div class='ocr_carea' id='block_1_105' title="bbox 2000 4330 3575 4403">
    <p class='ocr_par' dir='ltr' id='par_1_105' title="bbox 2000 4330 3575 4403">
     <span class='ocr_line' id='line_1_105' title="bbox 2000 4330 3575 4403; baseline 0.003 -20"><span class='ocrx_word' id='word_1_864' title='bbox 2000 4330 2051 4384; x_wconf 92' lang='lat' dir='ltr'><strong>in</strong></span> <span class='ocrx_word' id='word_1_865' title='bbox 2081 4331 2268 4386; x_wconf 92' lang='lat' dir='ltr'><strong>eodem</strong></span> <span class='ocrx_word' id='word_1_866' title='bbox 2299 4347 2463 4400; x_wconf 85' lang='lat' dir='ltr'><strong>Opere</strong></span> <span class='ocrx_word' id='word_1_867' title='bbox 2487 4331 2599 4386; x_wconf 87' lang='lat' dir='ltr'><strong>sive</strong></span> <span class='ocrx_word' id='word_1_868' title='bbox 2626 4333 2802 4401; x_wconf 88' lang='lat' dir='ltr'><strong>optavi</strong></span> <span class='ocrx_word' id='word_1_869' title='bbox 2827 4373 2842 4399; x_wconf 95' lang='lat'><strong>,</strong></span> <span class='ocrx_word' id='word_1_870' title='bbox 2875 4333 2987 4387; x_wconf 88' lang='lat' dir='ltr'><strong>sive</strong></span> <span class='ocrx_word' id='word_1_871' title='bbox 3018 4332 3268 4398; x_wconf 89' lang='lat' dir='ltr'><strong>laudavi,</strong></span> <span class='ocrx_word' id='word_1_872' title='bbox 3293 4333 3442 4403; x_wconf 91' lang='lat' dir='ltr'><strong>quis,</strong></span> <span class='ocrx_word' id='word_1_873' title='bbox 3471 4348 3575 4388; x_wconf 90' lang='lat' dir='ltr'><strong>non</strong></span> 
     </span>
    </p>
   </div>
   <div class='ocr_carea' id='block_1_106' title="bbox 1998 4423 3575 4494">
    <p class='ocr_par' dir='ltr' id='par_1_106' title="bbox 1998 4423 3575 4494">
     <span class='ocr_line' id='line_1_106' title="bbox 1998 4423 3575 4494; baseline 0.001 -15"><span class='ocrx_word' id='word_1_874' title='bbox 1998 4423 2171 4479; x_wconf 89' lang='lat' dir='ltr'><strong>dicam</strong></span> <span class='ocrx_word' id='word_1_875' title='bbox 2201 4440 2425 4494; x_wconf 87' lang='lat' dir='ltr'><strong>negare,</strong></span> <span class='ocrx_word' id='word_1_876' title='bbox 2455 4423 2548 4478; x_wconf 89' lang='lat' dir='ltr'><strong>sed</strong></span> <span class='ocrx_word' id='word_1_877' title='bbox 2581 4423 2823 4479; x_wconf 90' lang='lat' dir='ltr'><strong>dubitare</strong></span> <span class='ocrx_word' id='word_1_878' title='bbox 2851 4425 3036 4479; x_wconf 91' lang='lat' dir='ltr'><strong>saltem</strong></span> <span class='ocrx_word' id='word_1_879' title='bbox 3064 4425 3256 4479; x_wconf 89' lang='lat' dir='ltr'><strong>audeat</strong></span> <span class='ocrx_word' id='word_1_880' title='bbox 3285 4424 3452 4480; x_wconf 91' lang='lat' dir='ltr'><strong>Deum</strong></span> <span class='ocrx_word' id='word_1_881' title='bbox 3477 4425 3575 4480; x_wconf 90' lang='lat' dir='ltr'><strong>da-</strong></span> 
     </span>
    </p>
   </div>
   <div class='ocr_carea' id='block_1_107' title="bbox 2002 4515 3574 4586">
    <p class='ocr_par' dir='ltr' id='par_1_107' title="bbox 2002 4515 3574 4586">
     <span class='ocr_line' id='line_1_107' title="bbox 2002 4515 3574 4586; baseline -0.002 -13"><span class='ocrx_word' id='word_1_882' title='bbox 2002 4528 2173 4573; x_wconf 92' lang='lat' dir='ltr'><strong>turum</strong></span> <span class='ocrx_word' id='word_1_883' title='bbox 2201 4532 2259 4571; x_wconf 91' lang='lat' dir='ltr'><strong>se</strong></span> <span class='ocrx_word' id='word_1_884' title='bbox 2284 4531 2402 4571; x_wconf 92' lang='lat' dir='ltr'><strong>esse</strong></span> <span class='ocrx_word' id='word_1_885' title='bbox 2427 4516 2708 4586; x_wconf 79' lang='lat' dir='ltr'><strong>praescisse</strong></span> <span class='ocrx_word' id='word_1_886' title='bbox 2731 4557 2743 4579; x_wconf 87' lang='lat'><strong>,</strong></span> <span class='ocrx_word' id='word_1_887' title='bbox 2793 4524 2846 4570; x_wconf 93' lang='lat' dir='ltr'><strong>et</strong></span> <span class='ocrx_word' id='word_1_888' title='bbox 2885 4515 3076 4585; x_wconf 90' lang='lat' dir='ltr'><strong>quibus</strong></span> <span class='ocrx_word' id='word_1_889' title='bbox 3122 4515 3338 4570; x_wconf 80' lang='lat' dir='ltr'><strong>daturus</strong></span> <span class='ocrx_word' id='word_1_890' title='bbox 3373 4515 3574 4584; x_wconf 85' lang='lat' dir='ltr'><strong>fuerit,</strong></span> 
     </span>
    </p>
   </div>
   <div class='ocr_carea' id='block_1_108' title="bbox 2004 4600 3574 4678">
    <p class='ocr_par' dir='ltr' id='par_1_108' title="bbox 2004 4600 3574 4678">
     <span class='ocr_line' id='line_1_108' title="bbox 2004 4600 3574 4678; baseline 0 -17"><span class='ocrx_word' id='word_1_891' title='bbox 2004 4622 2268 4678; x_wconf 91' lang='lat' dir='ltr'><strong>nunquam</strong></span> <span class='ocrx_word' id='word_1_892' title='bbox 2307 4600 2541 4676; x_wconf 77' lang='lat' dir='ltr'><strong>potuisse</strong></span> <span class='ocrx_word' id='word_1_893' title='bbox 2585 4604 2834 4660; x_wconf 85' lang='lat' dir='ltr'><strong>nescire?</strong></span> <span class='ocrx_word' id='word_1_894' title='bbox 2879 4605 3004 4660; x_wconf 80' lang='lat' dir='ltr'><strong>Haec</strong></span> <span class='ocrx_word' id='word_1_895' title='bbox 3045 4614 3127 4660; x_wconf 88' lang='lat' dir='ltr'><strong>est</strong></span> <span class='ocrx_word' id='word_1_896' title='bbox 3180 4605 3574 4675; x_wconf 65' lang='lat' dir='ltr'><strong>praedestinatio</strong></span> 
     </span>
    </p>
   </div>
   <div class='ocr_carea' id='block_1_109' title="bbox 2003 4695 3579 4766">
    <p class='ocr_par' dir='ltr' id='par_1_109' title="bbox 2003 4695 3579 4766">
     <span class='ocr_line' id='line_1_109' title="bbox 2003 4695 3579 4766; baseline -0.001 -12"><span class='ocrx_word' id='word_1_897' title='bbox 2003 4699 2276 4755; x_wconf 85' lang='lat' dir='ltr'><strong>manifesta</strong></span> <span class='ocrx_word' id='word_1_898' title='bbox 2297 4707 2351 4753; x_wconf 88' lang='lat' dir='ltr'><strong>et</strong></span> <span class='ocrx_word' id='word_1_899' title='bbox 2371 4707 2513 4754; x_wconf 89' lang='lat' dir='ltr'><strong>certa</strong></span> <span class='ocrx_word' id='word_1_900' title='bbox 2534 4707 2838 4753; x_wconf 89' lang='lat' dir='ltr'><strong>sanctorum</strong></span> <span class='ocrx_word' id='word_1_901' title='bbox 2864 4714 2876 4749; x_wconf 91' lang='lat'><strong>:</strong></span> <span class='ocrx_word' id='word_1_902' title='bbox 2897 4710 3054 4766; x_wconf 91' lang='lat' dir='ltr'><strong>quam</strong></span> <span class='ocrx_word' id='word_1_903' title='bbox 3075 4705 3256 4766; x_wconf 83' lang='lat' dir='ltr'><strong>postea</strong></span> <span class='ocrx_word' id='word_1_904' title='bbox 3273 4695 3579 4765; x_wconf 83' lang='lat' dir='ltr'><strong>diligentius</strong></span> 
     </span>
    </p>
   </div>
   <div class='ocr_carea' id='block_1_110' title="bbox 2003 4789 3576 4864">
    <p class='ocr_par' dir='ltr' id='par_1_110' title="bbox 2003 4789 3576 4864">
     <span class='ocr_line' id='line_1_110' title="bbox 2003 4789 3576 4864; baseline -0.004 -14"><span class='ocrx_word' id='word_1_905' title='bbox 2003 4804 2055 4850; x_wconf 91' lang='lat' dir='ltr'><strong>et</strong></span> <span class='ocrx_word' id='word_1_906' title='bbox 2080 4793 2354 4864; x_wconf 86' lang='lat' dir='ltr'><strong>Operosius</strong></span> <span class='ocrx_word' id='word_1_907' title='bbox 2379 4833 2396 4859; x_wconf 93' lang='lat'><strong>,</strong></span> <span class='ocrx_word' id='word_1_908' title='bbox 2426 4807 2544 4846; x_wconf 91' lang='lat' dir='ltr'><strong>cum</strong></span> <span class='ocrx_word' id='word_1_909' title='bbox 2566 4791 2676 4862; x_wconf 88' lang='lat' dir='ltr'><strong>jam</strong></span> <span class='ocrx_word' id='word_1_910' title='bbox 2702 4798 2885 4845; x_wconf 89' lang='lat' dir='ltr'><strong>contra</strong></span> <span class='ocrx_word' id='word_1_911' title='bbox 2925 4789 3236 4858; x_wconf 89' lang='lat' dir='ltr'><strong>Pelagianos</strong></span> <span class='ocrx_word' id='word_1_912' title='bbox 3278 4789 3576 4858; x_wconf 87' lang='lat' dir='ltr'><strong>disputare-</strong></span> 
     </span>
    </p>
   </div>
   <div class='ocr_carea' id='block_1_111' title="bbox 2004 4883 3578 4955">
    <p class='ocr_par' dir='ltr' id='par_1_111' title="bbox 2004 4883 3578 4955">
     <span class='ocr_line' id='line_1_111' title="bbox 2004 4883 3578 4955; baseline -0.003 -11"><span class='ocrx_word' id='word_1_913' title='bbox 2004 4904 2122 4944; x_wconf 91' lang='lat' dir='ltr'><strong>mus</strong></span> <span class='ocrx_word' id='word_1_914' title='bbox 2146 4930 2161 4955; x_wconf 93' lang='lat'><strong>,</strong></span> <span class='ocrx_word' id='word_1_915' title='bbox 2189 4887 2476 4943; x_wconf 90' lang='lat' dir='ltr'><strong>defendere</strong></span> <span class='ocrx_word' id='word_1_916' title='bbox 2506 4886 2796 4942; x_wconf 88' lang='lat' dir='ltr'><strong>necessitas</strong></span> <span class='ocrx_word' id='word_1_917' title='bbox 2819 4884 3092 4954; x_wconf 89' lang='lat' dir='ltr'><strong>compulit.</strong></span> <span class='ocrx_word' id='word_1_918' title='bbox 3125 4883 3412 4940; x_wconf 90' lang='lat' dir='ltr'><strong>Didicimus</strong></span> <span class='ocrx_word' id='word_1_919' title='bbox 3435 4885 3578 4940; x_wconf 84' lang='lat' dir='ltr'><strong>enim</strong></span> 
     </span>
    </p>
   </div>
   <div class='ocr_carea' id='block_1_112' title="bbox 2006 4974 3579 5051">
    <p class='ocr_par' dir='ltr' id='par_1_112' title="bbox 2006 4974 3579 5051">
     <span class='ocr_line' id='line_1_112' title="bbox 2006 4974 3579 5051; baseline -0.004 -16"><span class='ocrx_word' id='word_1_920' title='bbox 2006 4981 2238 5051; x_wconf 89' lang='lat' dir='ltr'><strong>singulas</strong></span> <span class='ocrx_word' id='word_1_921' title='bbox 2266 4993 2500 5049; x_wconf 88' lang='lat' dir='ltr'><strong>quasque</strong></span> <span class='ocrx_word' id='word_1_922' title='bbox 2525 4977 2756 5032; x_wconf 63' lang='lat' dir='ltr'><strong>haereses</strong></span> <span class='ocrx_word' id='word_1_923' title='bbox 2785 4975 3028 5031; x_wconf 90' lang='lat' dir='ltr'><strong>intulisse</strong></span> <span class='ocrx_word' id='word_1_924' title='bbox 3053 4974 3306 5030; x_wconf 70' lang='lat' dir='ltr'><strong>Ecclesiae</strong></span> <span class='ocrx_word' id='word_1_925' title='bbox 3336 4974 3579 5045; x_wconf 84' lang='lat' dir='ltr'><strong>proprias</strong></span> 
     </span>
    </p>
   </div>
   <div class='ocr_carea' id='block_1_113' title="bbox 2007 5065 3579 5143">
    <p class='ocr_par' dir='ltr' id='par_1_113' title="bbox 2007 5065 3579 5143">
     <span class='ocr_line' id='line_1_113' title="bbox 2007 5065 3579 5143; baseline -0.003 -18"><span class='ocrx_word' id='word_1_926' title='bbox 2007 5071 2326 5143; x_wconf 70' lang='lat' dir='ltr'><strong>quzestiones</strong></span> <span class='ocrx_word' id='word_1_927' title='bbox 2398 5077 2583 5124; x_wconf 87' lang='lat' dir='ltr'><strong>contra</strong></span> <span class='ocrx_word' id='word_1_928' title='bbox 2635 5083 2767 5139; x_wconf 91' lang='lat' dir='ltr'><strong>quas</strong></span> <span class='ocrx_word' id='word_1_929' title='bbox 2835 5065 3141 5138; x_wconf 90' lang='lat' dir='ltr'><strong>diligentius</strong></span> <span class='ocrx_word' id='word_1_930' title='bbox 3202 5065 3579 5122; x_wconf 87' lang='lat' dir='ltr'><strong>defenderetur</strong></span> 
     </span>
    </p>
   </div>
   <div class='ocr_carea' id='block_1_114' title="bbox 2007 5155 3583 5231">
    <p class='ocr_par' dir='ltr' id='par_1_114' title="bbox 2007 5155 3583 5231">
     <span class='ocr_line' id='line_1_114' title="bbox 2007 5155 3583 5231; baseline -0.004 -14"><span class='ocrx_word' id='word_1_931' title='bbox 2007 5161 2280 5231; x_wconf 87' lang='lat' dir='ltr'><strong>Scriptura</strong></span> <span class='ocrx_word' id='word_1_932' title='bbox 2310 5159 2487 5214; x_wconf 89' lang='lat' dir='ltr'><strong>divina</strong></span> <span class='ocrx_word' id='word_1_933' title='bbox 2512 5201 2525 5224; x_wconf 94' lang='lat'><strong>,</strong></span> <span class='ocrx_word' id='word_1_934' title='bbox 2558 5174 2714 5230; x_wconf 90' lang='lat' dir='ltr'><strong>quam</strong></span> <span class='ocrx_word' id='word_1_935' title='bbox 2741 5158 2784 5212; x_wconf 90' lang='lat' dir='ltr'><strong>si</strong></span> <span class='ocrx_word' id='word_1_936' title='bbox 2814 5156 2958 5212; x_wconf 91' lang='lat' dir='ltr'><strong>nulla</strong></span> <span class='ocrx_word' id='word_1_937' title='bbox 3006 5156 3126 5212; x_wconf 87' lang='lat' dir='ltr'><strong>talis</strong></span> <span class='ocrx_word' id='word_1_938' title='bbox 3171 5155 3461 5211; x_wconf 89' lang='lat' dir='ltr'><strong>necessitas</strong></span> <span class='ocrx_word' id='word_1_939' title='bbox 3489 5169 3583 5210; x_wconf 80' lang='lat' dir='ltr'><strong>co-</strong></span> 
     </span>
    </p>
   </div>
   <div class='ocr_carea' id='block_1_115' title="bbox 2008 5247 3585 5325">
    <p class='ocr_par' dir='ltr' id='par_1_115' title="bbox 2008 5247 3585 5325">
     <span class='ocr_line' id='line_1_115' title="bbox 2008 5247 3585 5325; baseline -0.004 -17"><span class='ocrx_word' id='word_1_940' title='bbox 2008 5262 2173 5325; x_wconf 70' lang='lat' dir='ltr'><strong>geret.</strong></span> <span class='ocrx_word' id='word_1_941' title='bbox 2205 5251 2340 5321; x_wconf 89' lang='lat' dir='ltr'><strong>Quid</strong></span> <span class='ocrx_word' id='word_1_942' title='bbox 2366 5259 2543 5307; x_wconf 88' lang='lat' dir='ltr'><strong>autem</strong></span> <span class='ocrx_word' id='word_1_943' title='bbox 2573 5250 2744 5320; x_wconf 88' lang='lat' dir='ltr'><strong>coegit</strong></span> <span class='ocrx_word' id='word_1_944' title='bbox 2770 5249 2886 5305; x_wconf 87' lang='lat' dir='ltr'><strong>loca</strong></span> <span class='ocrx_word' id='word_1_945' title='bbox 2926 5247 3319 5318; x_wconf 88' lang='lat' dir='ltr'><strong>Scripturarum</strong></span> <span class='ocrx_word' id='word_1_946' title='bbox 3347 5289 3361 5314; x_wconf 94' lang='lat'><strong>,</strong></span> <span class='ocrx_word' id='word_1_947' title='bbox 3393 5247 3585 5316; x_wconf 88' lang='lat' dir='ltr'><strong>quibus</strong></span> 
     </span>
    </p>
   </div>
   <div class='ocr_carea' id='block_1_116' title="bbox 2013 5335 3586 5415">
    <p class='ocr_par' dir='ltr' id='par_1_116' title="bbox 2013 5335 3586 5415">
     <span class='ocr_line' id='line_1_116' title="bbox 2013 5335 3586 5415; baseline -0.006 -15"><span class='ocrx_word' id='word_1_948' title='bbox 2013 5343 2404 5415; x_wconf 65' lang='lat' dir='ltr'><strong>praedestinatio</strong></span> <span class='ocrx_word' id='word_1_949' title='bbox 2430 5340 2797 5398; x_wconf 84' lang='lat' dir='ltr'><strong>commendata</strong></span> <span class='ocrx_word' id='word_1_950' title='bbox 2821 5348 2902 5396; x_wconf 81' lang='lat' dir='ltr'><strong>est</strong></span> <span class='ocrx_word' id='word_1_951' title='bbox 2921 5380 2939 5407; x_wconf 91' lang='lat'><strong>,</strong></span> <span class='ocrx_word' id='word_1_952' title='bbox 2961 5338 3230 5409; x_wconf 87' lang='lat' dir='ltr'><strong>copiosius</strong></span> <span class='ocrx_word' id='word_1_953' title='bbox 3259 5345 3313 5392; x_wconf 92' lang='lat' dir='ltr'><strong>et</strong></span> <span class='ocrx_word' id='word_1_954' title='bbox 3334 5335 3586 5392; x_wconf 88' lang='lat' dir='ltr'><strong>enuclea-</strong></span> 
     </span>
    </p>
   </div>
   <div class='ocr_carea' id='block_1_117' title="bbox 2016 5425 3586 5498">
    <p class='ocr_par' dir='ltr' id='par_1_117' title="bbox 2016 5425 3586 5498">
     <span class='ocr_line' id='line_1_117' title="bbox 2016 5425 3586 5498; baseline -0.008 -7"><span class='ocrx_word' id='word_1_955' title='bbox 2016 5437 2116 5491; x_wconf 87' lang='lat' dir='ltr'><strong>tius</strong></span> <span class='ocrx_word' id='word_1_956' title='bbox 2143 5436 2245 5490; x_wconf 89' lang='lat' dir='ltr'><strong>isto</strong></span> <span class='ocrx_word' id='word_1_957' title='bbox 2273 5441 2456 5489; x_wconf 90' lang='lat' dir='ltr'><strong>nostro</strong></span> <span class='ocrx_word' id='word_1_958' title='bbox 2485 5431 2666 5486; x_wconf 89' lang='lat' dir='ltr'><strong>labore</strong></span> <span class='ocrx_word' id='word_1_959' title='bbox 2693 5429 2940 5496; x_wconf 82' lang='lat' dir='ltr'><strong>defendi,</strong></span> <span class='ocrx_word' id='word_1_960' title='bbox 2979 5429 3086 5484; x_wconf 90' lang='lat' dir='ltr'><strong>nisi</strong></span> <span class='ocrx_word' id='word_1_961' title='bbox 3134 5427 3276 5498; x_wconf 92' lang='lat' dir='ltr'><strong>quod</strong></span> <span class='ocrx_word' id='word_1_962' title='bbox 3318 5425 3586 5494; x_wconf 88' lang='lat' dir='ltr'><strong>Pelagiani</strong></span> 
     </span>
    </p>
   </div>
   <div class='ocr_carea' id='block_1_118' title="bbox 2014 5515 3584 5598">
    <p class='ocr_par' dir='ltr' id='par_1_118' title="bbox 2014 5515 3584 5598">
     <span class='ocr_line' id='line_1_118' title="bbox 2014 5515 3584 5598; baseline -0.008 -14"><span class='ocrx_word' id='word_1_963' title='bbox 2014 5530 2196 5584; x_wconf 90' lang='lat' dir='ltr'><strong>dicunt</strong></span> <span class='ocrx_word' id='word_1_964' title='bbox 2222 5527 2445 5598; x_wconf 85' lang='lat' dir='ltr'><strong>gratiam</strong></span> <span class='ocrx_word' id='word_1_965' title='bbox 2495 5525 2589 5580; x_wconf 92' lang='lat' dir='ltr'><strong>Dei</strong></span> <span class='ocrx_word' id='word_1_966' title='bbox 2634 5523 2920 5580; x_wconf 87' lang='lat' dir='ltr'><strong>secundum</strong></span> <span class='ocrx_word' id='word_1_967' title='bbox 2961 5521 3152 5577; x_wconf 87' lang='lat' dir='ltr'><strong>merita</strong></span> <span class='ocrx_word' id='word_1_968' title='bbox 3198 5528 3380 5574; x_wconf 90' lang='lat' dir='ltr'><strong>nostra</strong></span> <span class='ocrx_word' id='word_1_969' title='bbox 3425 5515 3584 5573; x_wconf 77' lang='lat' dir='ltr'><strong>dari?</strong></span> 
     </span>
    </p>
   </div>
   <div class='ocr_carea' id='block_1_119' title="bbox 2017 5609 3499 5695">
    <p class='ocr_par' dir='ltr' id='par_1_119' title="bbox 2017 5609 3499 5695">
     <span class='ocr_line' id='line_1_119' title="bbox 2017 5609 3499 5695; baseline -0.009 -18"><span class='ocrx_word' id='word_1_970' title='bbox 2017 5621 2156 5695; x_wconf 91' lang='lat' dir='ltr'><strong>quod</strong></span> <span class='ocrx_word' id='word_1_971' title='bbox 2183 5620 2306 5691; x_wconf 90' lang='lat' dir='ltr'><strong>quid</strong></span> <span class='ocrx_word' id='word_1_972' title='bbox 2334 5629 2415 5674; x_wconf 89' lang='lat' dir='ltr'><strong>est</strong></span> <span class='ocrx_word' id='word_1_973' title='bbox 2440 5616 2582 5673; x_wconf 90' lang='lat' dir='ltr'><strong>aliud</strong></span> <span class='ocrx_word' id='word_1_974' title='bbox 2607 5631 2762 5687; x_wconf 90' lang='lat' dir='ltr'><strong>quam</strong></span> <span class='ocrx_word' id='word_1_975' title='bbox 2791 5614 2973 5686; x_wconf 85' lang='lat' dir='ltr'><strong>gratiae</strong></span> <span class='ocrx_word' id='word_1_976' title='bbox 2998 5613 3218 5668; x_wconf 89' lang='lat' dir='ltr'><strong>omnino</strong></span> <span class='ocrx_word' id='word_1_977' title='bbox 3242 5609 3499 5681; x_wconf 76' lang='lat' dir='ltr'><strong>negatio?</strong></span> 
     </span>
    </p>
   </div>
   <div class='ocr_carea' id='block_1_120' title="bbox 2085 5701 3587 5776">
    <p class='ocr_par' dir='ltr' id='par_1_120' title="bbox 2085 5701 3587 5776">
     <span class='ocr_line' id='line_1_120' title="bbox 2085 5701 3587 5776; baseline -0.009 -7"><span class='ocrx_word' id='word_1_978' title='bbox 2085 5710 2310 5770; x_wconf 81' lang='lat' dir='ltr'><strong>CAPUT</strong></span> <span class='ocrx_word' id='word_1_979' title='bbox 2340 5710 2481 5765; x_wconf 79' lang='lat' dir='ltr'><strong>XXl.</strong></span> <span class='ocrx_word' id='word_1_980' title='bbox 2503 5738 2575 5750; x_wconf 91' lang='lat'><em>-</em></span> <span class='ocrx_word' id='word_1_981' title='bbox 2594 5709 2680 5764; x_wconf 74' lang='grc'><strong>54.</strong></span> <span class='ocrx_word' id='word_1_982' title='bbox 2715 5705 2838 5761; x_wconf 71' lang='lat' dir='ltr'><strong>Haec</strong></span> <span class='ocrx_word' id='word_1_983' title='bbox 2861 5721 2988 5776; x_wconf 90' lang='lat' dir='ltr'><strong>ergo</strong></span> <span class='ocrx_word' id='word_1_984' title='bbox 3010 5714 3070 5760; x_wconf 90' lang='lat' dir='ltr'><strong>ut</strong></span> <span class='ocrx_word' id='word_1_985' title='bbox 3097 5704 3303 5774; x_wconf 88' lang='lat' dir='ltr'><strong>ingrata</strong></span> <span class='ocrx_word' id='word_1_986' title='bbox 3332 5701 3440 5758; x_wconf 90' lang='lat' dir='ltr'><strong>Deo</strong></span> <span class='ocrx_word' id='word_1_987' title='bbox 3463 5716 3587 5757; x_wconf 72' lang='lat' dir='ltr'><strong>sen-</strong></span> 
     </span>
    </p>
   </div>
   <div class='ocr_carea' id='block_1_121' title="bbox 2024 5792 3589 5873">
    <p class='ocr_par' dir='ltr' id='par_1_121' title="bbox 2024 5792 3589 5873">
     <span class='ocr_line' id='line_1_121' title="bbox 2024 5792 3589 5873; baseline -0.006 -10"><span class='ocrx_word' id='word_1_988' title='bbox 2024 5807 2187 5864; x_wconf 87' lang='lat' dir='ltr'><strong>tentia</strong></span> <span class='ocrx_word' id='word_1_989' title='bbox 2214 5805 2514 5862; x_wconf 86' lang='lat' dir='ltr'><strong>destruatur</strong></span> <span class='ocrx_word' id='word_1_990' title='bbox 2537 5841 2553 5873; x_wconf 89' lang='lat'><strong>,</strong></span> <span class='ocrx_word' id='word_1_991' title='bbox 2580 5799 2820 5872; x_wconf 84' lang='lat' dir='ltr'><strong>gratuitis</strong></span> <span class='ocrx_word' id='word_1_992' title='bbox 2839 5799 2934 5857; x_wconf 86' lang='lat' dir='ltr'><strong>Dei</strong></span> <span class='ocrx_word' id='word_1_993' title='bbox 2953 5797 3224 5858; x_wconf 82' lang='lat' dir='ltr'><strong>beneficiis</strong></span> <span class='ocrx_word' id='word_1_994' title='bbox 3243 5796 3436 5871; x_wconf 84' lang='lat' dir='ltr'><strong>quibus</strong></span> <span class='ocrx_word' id='word_1_995' title='bbox 3455 5792 3589 5853; x_wconf 71' lang='lat' dir='ltr'><strong>libe~</strong></span> 
     </span>
    </p>
   </div>
  </div>
