4102 6516
597 507 781 555 tamur
807 491 1054 554 inimica,
1091 495 1151 542 et
1180 485 1387 541 initium
1434 483 1591 549 ﬁdei,
1628 492 1687 540 et
1724 483 1776 538 in
1819 497 1881 537 ea
1924 495 2095 553 usque
2123 481 2177 536 in

597 584 760 643 ﬁnem
808 577 1256 651 persevcrantiam
1304 576 1597 632 secundum
1643 574 1988 646 Scripturas,
2037 573 2179 629 unde

592 676 701 746 jam
733 674 896 728 nuilta
924 671 1154 726 diximus
1175 709 1191 735 ,
1213 669 1352 725 dona
1380 671 1478 726 Dei
1499 685 1620 726 esse
1646 669 2002 725 defendimus.
2029 668 2176 737 Quo-

593 768 736 821 niam
783 766 826 818 si
873 780 903 819 a
952 762 1105 817 uoltis
1151 777 1272 818 esse
1318 762 1544 818 dicimus
1592 763 1796 817 initium
1838 761 1998 824 ﬁdei,
2032 769 2088 814 ut
2112 774 2177 814 eo

589 866 782 912 caetera
812 854 904 910 Dei
926 854 1064 909 dona
1090 869 1394 908 mercamur
1418 855 1661 924 accipere
1684 871 1698 917 ;
1727 854 2049 908 concludunt
2074 853 2175 906 Pe~

590 950 783 1019 lagiani
807 990 821 1013 ,
865 950 1092 1020 gratiam
1129 948 1226 1003 Dei
1261 947 1552 1004 secundum
1588 948 1773 1003 merita
1815 957 1994 1001 nostra
2036 945 2171 1001 dari.

588 1042 740 1109 Quod
764 1042 834 1095 ita
856 1041 1133 1097 exhorruit
1154 1040 1414 1096 catholica
1438 1039 1598 1103 ﬁdes,
1614 1048 1670 1094 ut
1688 1039 1926 1117 damnari
1957 1037 2173 1106 timens,

588 1139 688 1189 hoc
718 1135 964 1205 Pelagius
992 1136 1108 1205 ipse
1130 1135 1480 1191 damnaverit.
1521 1133 1757 1204 itemque
1800 1132 1844 1187 si
1891 1133 2115 1188 dicimus
2142 1149 2173 1188 a

588 1226 741 1281 nobis
767 1242 888 1281 esse
916 1228 1363 1296 perseverantiam
1395 1233 1631 1308 nostram
1658 1267 1673 1292 ,
1716 1239 1823 1279 non
1852 1237 1882 1278 a
1907 1225 2132 1279 Domino
2157 1243 2171 1292 ;

586 1321 913 1391 respondent
938 1320 1013 1375 illi
1041 1360 1057 1387 ,
1092 1321 1162 1375 ita
1192 1335 1289 1376 nos
1311 1335 1340 1375 a
1371 1319 1524 1375 nobis
1547 1315 1746 1373 habere
1772 1318 1978 1372 initium
2008 1318 2129 1373 ﬁdei
2154 1361 2169 1386 ,

587 1416 727 1471 sicut
776 1416 971 1482 ﬁnem,
1017 1416 1097 1470 sic
1137 1424 1612 1485 argumentantes,
1656 1414 1824 1469 multo
1865 1413 2030 1484 magis
2076 1426 2172 1467 uos

587 1509 787 1565 habere
813 1526 841 1563 a
871 1509 1024 1566 nobis
1046 1508 1171 1563 illud
1194 1508 1403 1562 initium
1428 1550 1443 1575 ,
1467 1507 1513 1562 si
1538 1523 1567 1561 a
1594 1506 1747 1562 nobis
1770 1507 2025 1562 habemus
2052 1522 2172 1577 per-

586 1616 807 1658 manere
826 1617 993 1673 usque
1017 1602 1069 1656 in
1091 1600 1248 1655 ﬁnem
1276 1643 1289 1663 ,
1314 1616 1434 1655 cum
1457 1600 1715 1672 perﬁcere
1739 1614 1895 1669 quam
1920 1598 2172 1654 inchoare

588 1694 657 1748 sit
683 1694 854 1764 majus
881 1710 893 1746 :
923 1707 987 1747 ac
1012 1692 1089 1747 sic
1116 1690 1404 1746 identidem
1435 1689 1795 1756 concludunt,
1821 1689 2047 1759 gratiam
2074 1688 2168 1744 Dei

585 1784 876 1840 secundum
915 1783 1103 1838 merita
1144 1790 1324 1836 nostra
1366 1781 1501 1836 dari.
1554 1780 1612 1836 Si
1659 1789 1835 1835 autem
1889 1790 2169 1850 utrumque

588 1876 687 1930 Dei
713 1876 906 1930 donum
933 1884 1018 1929 est
1042 1915 1057 1938 ,
1088 1882 1143 1929 et
1171 1873 1286 1929 inec
1306 1874 1449 1928 Dens
1472 1871 1610 1927 dona
1641 1887 1734 1928 sua
1767 1875 1783 1943 (
1807 1872 1949 1942 quod
1974 1887 2170 1943 negare

584 1970 704 2041 quis
728 1968 944 2039 potest?
971 1968 992 2039 )
1019 1967 1265 2022 daturum
1297 1982 1355 2022 se
1390 1982 1511 2022 esse
1555 1966 1857 2037 praescivit;
1887 1964 2168 2047 praedesti.

584 2061 729 2115 natio
755 2058 1092 2129 praedicanda
1123 2068 1205 2114 cst
1231 2101 1245 2123 ,
1279 2066 1336 2112 ut
1364 2056 1534 2129 possit
1560 2072 1682 2113 vera
1712 2057 1807 2112 Dei
1830 2057 1998 2128 gratia
2021 2098 2036 2124 ,
2065 2054 2170 2112 hoc

581 2157 669 2206 est
689 2190 705 2217 ,
731 2166 851 2221 qua:
877 2166 981 2205 non
1011 2150 1302 2205 secundum
1348 2150 1536 2204 merita
1573 2158 1753 2205 nostra
1798 2149 1988 2216 datur,
2018 2148 2168 2212 insu-

581 2244 805 2314 perabili
828 2245 1123 2299 munitione
1148 2242 1381 2299 defendi.

655 2338 744 2395 55.
789 2338 854 2392 Et
878 2352 979 2408 ego
1004 2336 1217 2408 quidem
1247 2338 1297 2391 in
1331 2336 1421 2390 illo
1449 2336 1590 2391 libro
1610 2377 1625 2404 ,
1654 2334 1805 2406 cujus
1831 2342 1915 2390 est
1928 2334 2125 2411 titulus
2148 2376 2165 2402 ,

582 2428 660 2484 De
687 2430 1038 2498 Correptione
1077 2438 1131 2483 et
1164 2428 1344 2484 Gratia
1369 2471 1383 2495 ,
1433 2429 1525 2499 qui
1570 2427 1814 2484 sufﬁcere
1848 2444 1954 2482 non
1995 2428 2169 2498 potuit

583 2521 830 2576 omnibus
856 2521 1201 2577 dilectoribus
1229 2522 1427 2575 nostris
1451 2562 1466 2588 ,
1510 2529 1636 2591 puto
1671 2536 1757 2578 me
1803 2524 1875 2577 ita
1922 2521 2167 2592 posuisse

578 2613 773 2669 donum
806 2614 896 2669 Dei
922 2628 1041 2668 esse
1064 2655 1080 2681 ,
1129 2613 1287 2668 etiam
1329 2628 1676 2683 perseverare
1717 2626 1889 2683 usque
1918 2610 1970 2668 in
2004 2612 2164 2668 ﬁnem

584 2707 603 2778 (
630 2706 709 2761 De
732 2704 1055 2776 Correptione
1079 2714 1126 2760 et
1154 2703 1331 2759 Gratia
1357 2747 1370 2773 ,
1400 2721 1452 2760 η.
1485 2705 1553 2761 10
1575 2705 1617 2779 ),
1651 2715 1710 2760 ut
1752 2707 1851 2762 hoc
1893 2714 2048 2761 antea
2074 2748 2088 2772 ,
2119 2702 2165 2761 Si

579 2812 666 2853 me
693 2812 798 2853 non
827 2795 961 2852 fallit
984 2797 1180 2853 oblivio
1201 2839 1216 2865 ,
1246 2805 1352 2852 tam
1380 2812 1635 2867 expresse
1661 2805 1819 2868 atque
1843 2796 2120 2853 evidenter
2145 2839 2161 2863 ,

580 2892 667 2946 vel
695 2904 955 2961 nusquam
980 2930 995 2957 ,
1030 2889 1111 2944 vel
1141 2904 1276 2961 pene
1306 2904 1567 2960 nusquam
1598 2889 1924 2961 scripserim.
1956 2889 2062 2947 Sed
2091 2892 2163 2946 ita

579 2983 681 3038 hoc
709 2980 850 3037 nunc
873 2976 981 3037 dixi
1010 3022 1025 3048 ,
1054 2988 1112 3036 ut
1137 2970 1245 3037 non
1272 2990 1398 3036 ante
1425 2996 1511 3038 me
1541 2996 1700 3037 nemo
1720 2982 1941 3038 dixerit.
1966 2981 2163 3039 Beatus

575 3073 768 3143 quippe
793 3072 1094 3145 Cyprianus
1119 3072 1175 3127 in
1213 3070 1467 3127 Oratione
1509 3071 1819 3139 Dominica,
1869 3074 2007 3130 sicut
2048 3074 2160 3145 jam

582 3161 941 3231 ostendimus,
984 3164 1269 3235 petitiones
1315 3169 1526 3220 nostras
1569 3165 1639 3219 ita
1678 3166 1961 3235 exposuit,
2003 3169 2072 3223 ut'
2108 3168 2160 3223 in

576 3256 689 3325 ipsa
718 3257 883 3325 prima
913 3254 1173 3326 petitione
1197 3256 1650 3326 perseverantiam
1683 3272 1782 3315 nos
1805 3254 2013 3314 diceret
2038 3274 2161 3331 pos-

575 3364 698 3403 cere
722 3364 736 3414 ;
765 3348 815 3403 id
843 3362 940 3403 nos
968 3363 1125 3405 orare
1154 3338 1405 3405 asserens
1426 3390 1441 3415 ,
1484 3348 1713 3404 dicendo
1737 3393 1752 3417 ,
1800 3350 2160 3421 Sanctiﬁcelur

575 3454 751 3493 nomen
783 3448 922 3492 tuum
951 3438 969 3512 (
996 3438 1185 3493 ﬂuuit.
1218 3452 1269 3494 Vl
1296 3479 1311 3505 ,
1339 3438 1374 3494 9
1395 3436 1436 3511 ),
1468 3452 1588 3494 cum
1611 3439 1720 3509 jam
1749 3440 1802 3495 in
1833 3440 2161 3513 Baptismate

570 3531 883 3587 sanctiﬁcati
913 3531 1202 3598 fuerimus;
1237 3540 1293 3587 ut
1319 3533 1373 3587 in
1411 3546 1478 3586 eo
1516 3533 1656 3603 quod
1697 3547 1818 3589 esse
1851 3535 2113 3605 cmpimus
2134 3576 2151 3605 ,

569 3636 991 3695 perseveremus.
1029 3623 1261 3680 Videant
1293 3634 1469 3680 tamen
1506 3624 1575 3691 ii,
1622 3625 1813 3695 quibus
1852 3626 2154 3683 amantibus

565 3730 656 3772 me
680 3757 696 3783 ,
726 3716 965 3787 ingratus
987 3730 1106 3772 esse
1131 3730 1241 3771 non
1269 3715 1443 3772 debeo
1465 3758 1480 3781 ,
1509 3716 1599 3787 qui
1628 3725 1824 3786 praeter
1863 3718 1965 3773 hoc
2012 3718 2155 3789 quod

567 3807 620 3862 in
649 3808 998 3878 qmestionem
1024 3809 1204 3876 venit,
1233 3809 1411 3863 omnia
1441 3823 1561 3865 mea
1586 3851 1601 3876 ,
1636 3811 1774 3866 sicut
1800 3811 2062 3878 scribitis,
2093 3827 2155 3869 se

567 3900 887 3972 proﬁtentur
928 3901 1177 3974 amplecti
1224 3921 1238 3958 :
1276 3902 1526 3970 videant,
1575 3903 1821 3975 inquam,
1870 3912 2047 3961 utrum
2099 3906 2151 3962 in

565 3993 725 4063 primi
769 3993 887 4048 libri
938 3992 1325 4063 posterioribus
1361 3995 1636 4067 partibus,
1682 4010 1868 4051 eorum
1925 3995 2150 4053 duorum

562 4100 697 4157 quos
753 4085 855 4140 mei
908 4085 1248 4158 episcopatus
1295 4086 1487 4152 initio,
1531 4097 1815 4159 antequam
1870 4087 2150 4161 Pelagiana

561 4179 783 4235 haeresis
807 4185 1126 4249 appareret,
1158 4177 1226 4233 ad
1263 4178 1661 4249 Simplicianum
1700 4181 2148 4240 Mcdioianensem

560 4272 865 4341 episcopum
913 4270 1144 4341 scripsi,
1186 4270 1504 4325 remanserit
1544 4272 1740 4343 aliquid
1782 4289 1887 4344 quo
1930 4285 2151 4332 vocetur

559 4362 615 4417 in
640 4362 860 4418 dubium
886 4402 900 4425 ,
929 4362 1151 4432 gratiam
1178 4361 1270 4417 Dei
1301 4376 1404 4417 non
1433 4362 1724 4418 secundum
1755 4366 1939 4420 merita
1967 4376 2146 4423 nostra

558 4453 674 4509 dari
704 4470 719 4509 :
749 4461 803 4508 et
834 4462 1009 4508 utrum
1041 4453 1110 4509 ibi
1142 4466 1247 4508 non
1286 4454 1417 4509 satis
1454 4455 1658 4526 egerim
1684 4498 1698 4521 ,
1742 4456 1901 4511 etiam
1939 4457 2145 4513 initium

557 4543 681 4599 ﬁdei
709 4559 828 4600 esse
855 4543 1054 4599 dolium
1087 4543 1180 4599 Dei
1208 4562 1221 4598 :
1251 4553 1307 4601 et
1334 4552 1511 4601 utrum
1537 4562 1600 4602 ex
1643 4546 1707 4602 iis
1735 4563 1854 4619 quae
1892 4549 1963 4605 ibi
2006 4549 2146 4605 dicta

556 4645 719 4702 sunt,
748 4652 853 4693 non
879 4646 1271 4709 consequenter
1292 4637 1534 4725 eluceat,
1563 4641 1661 4697 etsi
1692 4657 1797 4698 non
1824 4644 1894 4699 sit
1923 4660 2145 4717 expres-

556 4744 673 4785 sum
702 4771 718 4797 ,
750 4732 910 4786 etiam
938 4746 1110 4803 usque
1138 4733 1189 4788 in
1220 4732 1378 4788 ﬁnem
1408 4736 1858 4805 perseverantiam
1896 4756 1999 4794 non
2042 4742 2143 4796 nisi

556 4824 623 4879 ab
648 4839 712 4879 eo
736 4823 922 4879 donari
948 4867 962 4892 ,
994 4825 1083 4896 qui
1109 4840 1206 4881 nos
1238 4826 1635 4896 praedestinavit
1660 4830 1713 4886 in
1739 4848 1891 4888 suum
1920 4849 2140 4906 regnum

556 4923 611 4970 et
634 4915 878 4985 gloriam.
916 4915 1118 4972 Deinde
1147 4918 1313 4988 ipsam
1343 4920 1622 4990 epistolam
1651 4967 1665 4989 ,
1693 4940 1848 4995 quam
1874 4926 1985 4996 jam
2008 4942 2140 4981 con-

556 5015 637 5061 tra
664 5006 976 5077 Pelagianos
996 5007 1069 5063 ad
1089 5016 1327 5089 sanctum
1351 5011 1625 5068 Paulinum
1650 5014 1908 5071 Nolanum
1931 5017 2140 5089 episco-

555 5112 680 5169 pum
710 5096 845 5164 feci,
873 5096 959 5153 cui
985 5098 1225 5170 epistola:
1251 5086 1619 5161 contradicere
1643 5106 1801 5161 modo
1820 5086 2136 5178 coeperunt,

553 5202 734 5247 nonne
757 5197 881 5247 ante
905 5205 1076 5248 annos
1116 5191 1381 5277 plurimos.
1411 5193 1554 5251 edidi
1574 5195 1601 5251 τ
1654 5196 1783 5252 Eam
1814 5214 2026 5283 quoque
2055 5182 2147 5255 in-‘

555 5283 826 5355 spiciant,
856 5298 1012 5356 quam
1056 5284 1178 5341 dedi
1226 5284 1292 5343 ad
1336 5272 1543 5344 Sixtum
1585 5289 1843 5347 Romanae
1888 5272 2140 5375 Ecclesia

554 5375 926 5448 presbyterum
951 5418 967 5445 ,
1008 5376 1225 5453 quando
1251 5377 1507 5457 adversus
1532 5380 1848 5455 Pelagianos
1875 5389 2135 5445 acerrima

548 5465 943 5524 conflictatione
969 5468 1291 5526 certavimus
1312 5486 1339 5557 ς,
1357 5482 1413 5528 et
1441 5472 1597 5530 talem
1627 5478 1893 5548 reperient
1916 5468 1941 5547 ,'
1964 5462 2139 5553 qualis

549 5557 641 5615 ilia
665 5568 749 5617 est
774 5559 843 5617 ad
868 5559 1172 5620 Paulinum.
1200 5562 1354 5621 Unde
1380 5566 1659 5638 recolant,
1682 5571 1939 5630 adversus
1968 5575 2139 5633 luere-

550 5651 650 5707 sim
677 5652 1013 5733 Pelagianam
1030 5653 1141 5727 jam
1163 5664 1288 5714 ante
1312 5658 1513 5733 aliquot
1539 5676 1708 5719 annos
1730 5665 1830 5745 ista
1851 5667 1991 5747 dlicta
2014 5684 2137 5747 esse

551 5750 709 5811 atque
737 5744 1078 5817 conscripta,
1110 5758 1231 5819 qua
1255 5764 1400 5808 nunc
1418 5751 1499 5808 eis
1520 5742 1805 5825 displicere
1831 5742 2134 5817 mirandum

553 5838 654 5886 est.
669 5831 921 5902 Quamvis
941 5837 1212 5896 neminem
1228 5839 1386 5897 velim
1398 5830 1483 5900 sic
1501 5844 1748 5918 amplecti
1770 5850 1948 5907 omnia
1969 5842 2122 5920 mea,

544 422 569 493 ii

1829 366 1887 424 S.
1926 358 2113 423 AUGU
2121 358 2297 420 sunt
2331 362 2632 424 EPISCOPI

3736 372 3883 433 1028

2287 491 2343 540 ut
2370 500 2457 540 me
2477 493 2730 556 sequatur
2749 528 2764 553 ,
2787 483 2889 541 nisi
2910 484 2964 541 in
2990 482 3057 543 iis
3082 483 3134 542 in
3160 486 3352 557 quibus
3375 450 3469 542 me.
3480 500 3587 543 non
3611 500 3828 547 errasse
3854 489 3875 521 ¹

2284 576 2632 647 perspexerit.
2685 576 2814 631 Nam
2855 562 3130 648 propterea
3181 593 3323 659 nunc
3367 576 3506 635 facio
3551 577 3761 651 libros,
3816 584 3876 639 in

2283 670 2472 739 quibus
2500 669 2754 740 apuscuia
2786 686 2902 725 mea
2928 671 3260 726 retractanda
3290 672 3499 744 suscepi
3524 717 3540 741 ,
3570 684 3629 731 ut
3655 688 3757 753 nec
3784 692 3873 734 me

2283 761 2454 830 ipsum
2488 760 2819 818 in'omnihus
2850 778 2935 818 me
2975 772 3213 820 secutum
3246 763 3415 821 fuisse
3450 765 3821 849 demonstrem
3847 814 3865 839 ,

2282 854 2375 908 sed
2398 848 2738 924 proﬁcienter
2757 870 2842 911 me
2861 856 3105 912 existimo
3125 858 3233 913 Deo
3252 860 3539 941 miserante
3560 848 3869 933 scripsisSe,

2282 962 2387 1003 non
2437 957 2614 1005 tamen
2663 965 2691 1003 a
2743 948 3068 1020 perfectione
3110 953 3339 1024 coepisse
3366 938 3387 1009 τ’
3429 938 3871 1037 quandoquidem

2282 1041 2619 1110 arrogantius
2645 1040 2833 1113 loquor
2855 1057 3012 1114 quam
3036 1044 3215 1099 verius
3234 1086 3247 1108 ,
3280 1042 3325 1100 si
3358 1029 3453 1101 vel‘
3470 1062 3608 1129 nunc
3630 1029 3767 1129 dico
3784 1065 3872 1129 me

2281 1132 2347 1189 ad
2377 1133 2755 1205 perfectionem
2788 1134 2903 1192 sine
2925 1137 3033 1194 ullo
3052 1152 3235 1194 errore
3259 1138 3526 1221 scribendi
3551 1124 3662 1225 iam
3686 1141 3745 1223 in
3770 1124 3871 1225 ista

2280 1234 2435 1281 relate
2461 1226 2690 1282 venisse.
2723 1227 2829 1283 Sed
2862 1228 3082 1285 interest
3110 1239 3365 1311 quantum
3397 1214 3532 1287 etin
3558 1214 3755 1311 quibus
3782 1214 3870 1309 re-

2281 1317 2378 1372 bus
2428 1325 2669 1383 erretur;
2721 1327 2774 1375 et
2817 1336 2975 1391 quam
3024 1318 3177 1377 facile
3215 1308 3440 1405 quisque
3474 1308 3745 1405 corrigat,
3789 1328 3870 1407 vel

2279 1419 2472 1479 quanta
2499 1411 2791 1480 pertinacia
2822 1427 2974 1466 suum
3013 1412 3299 1469 defendere
3339 1422 3561 1471 conetur
3604 1433 3868 1487 errorem.

2281 1501 2440 1557 Bona:
2468 1503 2665 1575 quippe
2693 1504 2804 1575 spei
2834 1516 2914 1560 est
2944 1505 3105 1561 homo
3125 1548 3141 1574 ,
3174 1506 3219 1562 si
3247 1523 3367 1563 eum
3394 1507 3473 1564 sic
3500 1494 3867 1591 proﬁcientem

2278 1594 2393 1650 dies
2422 1595 2646 1652 ultimus
2673 1598 2798 1653 vitae
2830 1596 2986 1673 hujus
3026 1599 3290 1655 invenerit
3314 1643 3328 1668 ,
3373 1610 3429 1656 ut
3471 1599 3795 1685 adjiciantur
3823 1608 3870 1684 ei

2277 1703 2396 1758 qum
2450 1689 2747 1761 proﬁcienti
2803 1689 3121 1773 defuerunt,
3180 1698 3235 1777 et
3287 1682 3647 1779 perﬁciendus
3703 1682 3865 1779 quam

2275 1780 2571 1850 puniendus
2598 1781 2776 1861 potius
2796 1781 3086 1853 iudicetur.
3781 1786 3786 1793 ’

2290 1872 2295 1877 ’
2347 1870 2436 1926 56.
2478 1870 2734 1938 Quocirca
2765 1916 2778 1938 ,
2829 1874 2874 1928 si
2922 1873 3268 1955 hominibus,
3315 1877 3403 1949 qui
3448 1884 3732 1973 propterea
3780 1897 3868 1938 me

2275 1964 2612 2034 dilexerunt,
2644 1967 2766 2039 quia
2795 1970 3038 2039 pervenit
3064 1968 3129 2025 ad
3157 1986 3251 2026 eos
3273 2014 3288 2039 ,
3317 1964 3603 2055 antequam
3627 1990 3717 2053 me
3743 1973 3868 2055 dili-

2273 2070 2493 2130 gerent,
2524 2050 2828 2131 aliquasmei
2861 2054 3060 2120 laboris
3090 2063 3286 2145 utilitas
3308 2109 3322 2131 ,
3350 2050 3483 2145 nolo
3510 2050 3749 2143 existere
3770 2050 3865 2145 in,-

2273 2146 2457 2225 gratus
2488 2169 2502 2207 :
2531 2162 2731 2223 quanto
2758 2155 2926 2239 magis
2954 2154 3066 2239 Deo
3088 2142 3111 2222 ,'
3140 2173 3298 2237 quem
3337 2142 3442 2214 non
3474 2142 3829 2239 diligeremus
3845 2205 3860 2229 ,

2275 2240 2377 2297 nisi
2410 2242 2556 2313 prius
2586 2234 2863 2299 dilexisset
2882 2259 2980 2301 nos
3003 2288 3019 2313 ,
3050 2234 3353 2305 et’fecisset
3379 2234 3666 2319 dilectores
3690 2236 3867 2315 suoS?

2273 2332 2527 2405 quoniam
2554 2333 2786 2390 charitas
2812 2350 2876 2392 ex
2909 2337 3025 2413 ipso
3063 2347 3146 2393 est
3188 2337 3249 2427 (ι
3272 2336 3430 2393 Joan.
3461 2356 3534 2423 tv,
3566 2341 3601 2421 ’ζ
3627 2340 3655 2427 )1
3680 2361 3696 2398 :
3729 2347 3868 2402 sicut

2272 2423 2521 2481 dixerunt
2544 2441 2681 2496 quos
2708 2426 2830 2483 fecit
2855 2422 3076 2500 magnos
3101 2470 3122 2513 ,ν
3162 2420 3265 2483 non
3313 2420 3484 2511 solum
3522 2420 3794 2513 amatores
3816 2433 3861 2502 ί,

2272 2532 2454 2573 verum
2480 2518 2641 2573 etiam
2667 2520 3047 2590 praedicatores
3070 2502 3216 2577 suos.
3258 2521 3392 2590 Quid
3431 2502 3513 2578 est
3552 2506 3733 2580 autem
3779 2525 3865 2597 in-

2273 2606 2506 2681 gratius,
2543 2624 2701 2681 quam
2748 2627 2941 2682 negare
2986 2615 3153 2684 ipsam
3194 2615 3551 2686 gratiamDei
3576 2659 3590 2684 ,
3631 2616 3866 2673 dicendo

2271 2715 2388 2757 eam
2418 2701 2709 2757 secundum
2736 2704 2922 2759 merita
2951 2715 3131 2761 nostra
3155 2706 3310 2762 dari?
3336 2692 3487 2777 Quod
3536 2698 3599 2765 in
3625 2708 3868 2787 Pelagia-

2272 2794 2358 2851 nis
2386 2795 2520 2852 ﬁdes
2545 2796 2811 2853 catholica
2835 2798 3114 2854 exhorruit
3139 2841 3153 2863 ,
3183 2799 3324 2871 quod
3349 2800 3448 2881 ipsi
3475 2788 3692 2883 Pelagio
3718 2786 3868 2881 capi-

2272 2885 2378 2942 tale
2404 2889 2605 2944 crimen
2636 2888 2833 2960 objecit
2863 2909 2877 2946 :
2904 2890 3051 2979 quod
3075 2891 3187 2963 ipse
3214 2892 3458 2965 Pelagius
3479 2935 3503 2979 ,κ
3519 2882 3630 2979 ᾑρηῆ
3645 2882 3865 2969 quidem

2268 2994 2453 3036 amore
2502 2982 2742 3038 veritatis
2793 2983 2887 3039 Dei
2914 2974 2945 3053 ,ι
2980 2985 3075 3041 sed
3118 2995 3293 3043 tamen
3341 2982 3451 3065 suae
3498 2974 3865 3071 damnationis

2270 3071 2462 3129 timore
2489 3070 2782 3155 damnavit.
2811 3074 3065 3148 Quisquis
3093 3085 3270 3155 autem
3302 3060 3482 3157 dicere
3510 3060 3730 3161 gratiam
3763 3060 3862 3139 Dei

2266 3152 2776 3221 secundum-merita
2803 3160 2989 3249 nostra
3014 3152 3128 3251 dari
3154 3212 3170 3238 ,
3193 3152 3338 3227 sicut
3360 3152 3657 3253 catholicus
3687 3172 3863 3253 fidelis

2267 3257 2558 3326 exhorret;
2601 3275 2701 3316 nec
2743 3261 2910 3331 ipsam
2946 3246 3127 3318 ﬁdem
3161 3263 3439 3345 subtrahat
3482 3246 3591 3352 Dei
3620 3246 3813 3351 gratia:
3836 3308 3859 3338 ,

2264 3364 2367 3420 qua
2395 3350 2418 3383 ³
2437 3350 2858 3407 misericordiam
2894 3362 3223 3439 consecutus
3251 3366 3339 3437 est
3368 3366 3424 3412 ut
3451 3350 3812 3439 ﬁdelisesset
3839 3378 3856 3414 :

2264 3434 2327 3498 ac
2350 3458 2448 3515 per
2474 3441 2575 3527 hoc
2597 3447 2784 3516 gratiae
2815 3446 2907 3502 Dei
2937 3434 3152 3531 tribuat
3164 3434 3619 3539 perseverantiam
3640 3467 3857 3539 quoque

2263 3538 2435 3604 usque
2481 3532 2534 3589 in
2588 3534 2785 3601 ﬁnem,
2842 3554 2947 3623 qua
2997 3532 3418 3623 misericordiam
3468 3532 3853 3626 consequitur,

2262 3638 2420 3695 quam
2450 3625 2619 3695 poscit
2654 3628 2892 3709 quotidie
2916 3671 2931 3696 ,
2974 3646 3042 3686 ne
3082 3629 3341 3711 inferatur
3386 3633 3439 3687 in
3480 3625 3851 3715 tentationetp.

2261 3716 2407 3774 Inter
2433 3717 2641 3801 initium
2666 3730 2849 3777 autem
2877 3723 2995 3777 ﬁdei
3020 3731 3072 3781 et
3094 3724 3471 3809 perfectionem
3502 3741 3853 3809 perseverari-

2262 3811 2349 3866 tite
2367 3853 2384 3879 ,
2412 3810 2590 3868 media
2612 3822 2737 3869 sunt
2759 3813 2851 3899 illa
2873 3858 2887 3883 ,
2918 3814 3108 3895 quibus
3134 3826 3280 3885 recte
3305 3806 3532 3899 vivi-{mus
3597 3808 3719 3903 qua:
3748 3806 3853 3895 ipsi

2261 3905 2422 3961 etiam
2460 3904 2648 3987 donari
2688 3888 2853 3991 nobis“
2884 3888 3206 3987 a‘Deo'ﬁde
3252 3888 3578 3980 impetrante.
3611 3888 3854 3995 conseri;

2263 3997 2418 4054 tiuut.
2463 3984 2589 4071 Haec
2632 3984 2809 4077 autem
2848 3984 3070 4077 omnia,
3109 3999 3314 4056 initium
3362 4001 3569 4073 scilicet
3607 3984 3772 4073 ﬁdei,

2258 4097 2450 4145 uetera
2483 4107 2650 4169 usque
2671 4092 2722 4145 in
2753 4091 2916 4171 ﬁnem
2939 4092 3083 4173 dona
3107 4108 3244 4161 sua,
3281 4090 3423 4169 Deus
3448 4095 3765 4169 largiturum
3786 4113 3848 4175 se

2256 4181 2460 4235 vocatis
2485 4164 2594 4236 suis
2617 4196 2737 4238 esse
2760 4164 3045 4263 praescivit.
3077 4164 3276 4249 Nimim
3301 4164 3511 4257 "igitur
3533 4164 3839 4248 contentio:

2256 4271 2341 4327 nis
2361 4269 2470 4337 elst,
2497 4271 2953 4355 praedestinationil
2983 4274 3356 4361 contradicere
3374 4264 3498 4353 ,‘vei
3526 4278 3593 4365 de
3628 4280 3841 4361 praede:

2253 4361 2541 4425 stinatione
2569 4360 2833 4419 dubitare.

2323 4450 2552 4519 CAPUT
2575 4451 2742 4508 XXII.
2770 4484 2841 4495 —
2866 4453 2955 4511 57.
2996 4456 3128 4524 Quae
3167 4466 3345 4537 tamen
3377 4475 3482 4541 non
3517 4460 3588 4541 ita
3629 4463 3841 4537 pepulis

2252 4543 2588 4613 praedicanda
2619 4552 2734 4609 est,
2765 4553 2823 4601 ut
2848 4545 2988 4618 apud
3034 4547 3334 4631 imperitam
3361 4553 3446 4607 vel
3466 4536 3725 4633 tardioris
3750 4555 3833 4639 in-

2251 4633 2557 4705 telligentiae
2588 4634 2979 4693 multitudinem
3011 4638 3254 4712 redargui
3280 4641 3508 4719 quodam
3540 4645 3698 4719 modo
3724 4633 3840 4719 ipsa

2251 4736 2347 4779 sua
2374 4725 2749 4806 prmdicatione
2777 4727 3054 4784 videatur:
3079 4729 3216 4787 sicut
3258 4716 3505 4811 redargui
3534 4716 3765 4793 videturvr
3785 4718 3840 4811 et

2251 4810 2582 4889 prccs'cientia
2613 4821 2710 4875 Dei
2739 4821 2916 4893 (quam
2945 4831 3092 4880 certe
3118 4810 3316 4896 negare
3345 4843 3449 4883 non
3478 4832 3727 4905 possunt)
3745 4873 3762 4898 ,
3790 4832 3837 4901 si

2251 4911 2459 4967 dicatur
2497 4912 2836 4981 hominibus,
2874 4933 2895 4969 ι
2925 4915 3049 4973 Sive
3094 4920 3349 5001 curratis,
3379 4922 3493 4995 sive
3533 4910 3835 4999 dormiatis,

2249 5005 2391 5076 quod
2416 5022 2511 5061 vos
2536 5009 2809 5078 praescivit
2833 5010 2921 5093 qui
2953 5010 3064 5067 falli
3094 5028 3200 5068 non
3233 5023 3445 5084 potest,
3473 5016 3575 5089 hoc
3600 5017 3774 5093 eritis.
3811 5037 3830 5071 ι

2249 5096 2428 5153 Dolosi
2458 5107 2637 5155 autem
2665 5100 2748 5157 vel
2778 5088 3009 5183 imperiti
3032 5103 3223 5181 medici
3246 5096 3326 5179 est
3342 5148 3359 5172 ,
3383 5108 3542 5183 etiam
3564 5088 3693 5175 utile
3717 5124 3804 5165 me

2247 5188 2605 5261 dicamentum
2627 5192 2707 5248 sic
2723 5178 2967 5264 alligare,
2991 5203 3048 5277 ut
3067 5178 3161 5279 aut
3184 5178 3299 5273 non
3323 5178 3533 5270 prosit,
3554 5209 3645 5279 aut
3669 5200 3832 5279 obsit.

2245 5281 2352 5337 Sed
2380 5281 2665 5365 dicendum
2712 5292 2829 5353 est,
2867 5283 2956 5342 Sic
2998 5286 3231 5358 currite,
3263 5298 3323 5363 ut
3367 5292 3834 5365 comprehendam

2245 5364 2552 5457 (ισονςη,
2582 5373 2708 5448 24),
2750 5385 2908 5459 atque
2952 5387 3015 5459 ut
3056 5379 3179 5463 ipso
3212 5396 3372 5441 cursu
3427 5396 3608 5457 vestro
3638 5366 3707 5440 ita
3734 5401 3833 5467 vos

2244 5478 2366 5521 esse
2396 5467 2747 5538 prtecognitos
2772 5468 3045 5539 noveritis,
3079 5482 3136 5528 ut
3167 5471 3401 5546 legitime
3420 5477 3744 5563 curreretig‘:
3777 5488 3831 5549 et

2308 5678 2331 5749 ἓ
2530 5686 2629 5749 ῂῗη
2651 5677 2883 5749 οναωὲσρο

2308 5734 2341 5823 1
2361 5738 2587 5823 Plerique
2614 5734 2923 5823 manuscripti
2944 5744 3037 5798 hoc
3065 5756 3118 5800 et
3138 5754 3356 5814 promito
3376 5760 3546 5818 ροειεε
3569 5754 3694 5820 Ῑοοοι
3719 5772 3827 5823 11⁵0·

2245 5801 2774 5929 “‘i’u'ﬁubié’i’asquﬁi,
