4102 6540
509 398 644 452 1051

507 507 562 562 in
590 503 1028 577 homine(Jerem.
1061 498 1278 570 xvn,5)
1313 506 1402 553 :et
1421 495 1617 550 bonum
1645 504 1726 550 est
1751 494 2022 549 conﬁdere
2037 493 2091 546 in

511 600 735 656 Domino
751 609 905 668 quam
918 590 1189 649 conﬁdere
1205 590 1258 645 in
1276 588 1490 643 homine
1507 586 1675 660 (Psal.
1696 601 1858 650 cxvn,
1873 584 1954 654 8);
1973 583 2094 654 quia

511 694 650 751 beati
663 704 848 747 omnes
858 688 945 760 qui
961 685 1236 742 conﬁdunt
1258 683 1309 739 in
1325 699 1470 740 eum.
1493 680 1638 735 lianc
1655 694 1806 749 spem
1828 686 2094 744 tenentes,

510 785 704 840 servile
733 779 956 835 Domino
985 776 1038 831 in
1069 777 1281 841 timore,
1304 785 1358 830 et
1384 773 1644 828 exsultate
1671 770 1719 825 ei
1742 784 1864 825 cum
1892 777 2094 825 tremo-
2143 791 2152 801 -

509 891 568 931 re
597 870 769 948 (Psal.
797 887 852 936 ιι,
889 870 976 936 15,
1010 866 1099 940 11)
1124 885 1140 923 :
1169 867 1418 937 quoniam
1440 865 1507 919 de
1534 863 1640 918 vita
1671 871 1868 917 :eterna
1895 903 1911 928 ,
1936 874 2096 930 quam

511 966 635 1023 ﬁliis
659 961 1028 1036 promissionis
1079 959 1324 1031 promisit
1367 971 1470 1012 non
1529 953 1758 1010 mendax
1806 953 1946 1008 Deus
1973 959 2098 1005 ante

514 1070 756 1128 tempora
786 1065 1008 1123 aeterna,
1039 1068 1197 1110 nemo
1225 1061 1400 1123 potest
1421 1065 1541 1105 esse
1566 1063 1807 1114 securus,
1839 1046 1941 1100 nisi
1969 1059 2099 1100 con-

515 1158 783 1204 summata
807 1145 972 1202 fuerit
1000 1146 1102 1200 ista
1127 1145 1234 1200 vita
1256 1186 1270 1210 ,
1296 1157 1414 1213 quin
1443 1140 1668 1196 tentatio
1692 1147 1776 1194 est
1803 1152 1964 1208 super
1994 1145 2099 1191 ter-

510 1257 622 1296 ram
657 1237 777 1314 (Job
820 1254 914 1306 vn,
944 1237 999 1308 1)
1034 1237 1165 1293 :sed
1217 1235 1372 1290 faciet
1423 1248 1521 1288 nos
1581 1233 1598 1264 ¹
1658 1243 2000 1302 perseverare
2045 1228 2101 1282 in

511 1348 570 1389 se
613 1347 783 1404 usque
837 1332 889 1386 in
942 1329 1058 1400 ejus
1113 1330 1235 1384 vitae
1285 1327 1479 1393 ﬁnem,
1533 1325 1618 1380 cui
1675 1322 1911 1394 quotidie
1963 1321 2101 1376 dici-

513 1443 668 1495 mus,
712 1424 794 1481 Ne
827 1441 917 1479 nos
945 1424 1134 1494 inferas
1171 1423 1224 1475 in
1258 1421 1583 1474 tentationem
1617 1415 1828 1488 (Matth.
1876 1430 1953 1480 vr,
1987 1411 2100 1483 15).

514 1519 644 1576 Haec
671 1531 830 1588 atque
848 1514 1150 1586 hujusmodi
1177 1528 1296 1568 cum
1329 1512 1597 1572 dicuntur,
1626 1509 1736 1563 sive
1755 1505 1938 1576 paucis
1957 1504 2103 1560 chri-

517 1612 704 1667 stianis
719 1610 832 1665 sive
850 1605 1171 1663 multitudini
1193 1603 1466 1668 Ecclesiae,
1485 1617 1582 1656 cur
1601 1599 1886 1654 metuimus
1901 1604 2108 1652 sancto-

515 1719 634 1758 rum
657 1700 1177 1773 przedestinationem
1208 1707 1263 1753 et
1285 1711 1466 1751 veram
1497 1694 1590 1748 Dei
1616 1694 1840 1763 gratiam
1867 1732 1880 1754 ,
1915 1689 1970 1744 id
1991 1697 2094 1753 est,

515 1811 637 1866 quae
663 1811 769 1850 non
812 1793 1102 1850 secundum
1148 1789 1334 1844 merita
1383 1796 1564 1842 nostra
1601 1786 1773 1850 datur,
1826 1784 1963 1838 sicut
1986 1797 2104 1836 eam

517 1893 703 1943 sancta
726 1885 999 1954 Scriptura
1019 1882 1288 1952 praedicat,
1311 1879 1640 1951 praedicare?
1656 1878 1738 1932 An
1758 1891 1886 1932 vero
1917 1875 2108 1929 timen-

517 1976 644 2034 dum
666 1986 770 2044 est,
795 1991 862 2030 ne
903 1983 1033 2030 tunc
1055 1975 1124 2029 de
1153 1990 1213 2029 se
1238 1973 1398 2028 homo
1429 1971 1698 2040 desperet,
1724 1967 1936 2040 quando
1975 1981 2103 2035 spes

516 2070 635 2140 ejus
671 2067 913 2138 ponenda
947 2067 1343 2122 demonstratur
1368 2063 1420 2118 in
1467 2063 1608 2128 Deo,
1654 2076 1758 2116 non
1791 2067 1969 2113 autem
2013 2057 2106 2112 de-

515 2171 788 2234 speraret,
817 2163 861 2216 si
887 2177 1004 2218 eam
1033 2163 1084 2217 in
1107 2176 1168 2216 se
1189 2161 1306 2231 ipso
1333 2157 1746 2229 superbissimus
1769 2163 1825 2210 et
1849 2151 2104 2208 infelicis-

515 2254 683 2311 simus
701 2256 724 2288 ²
756 2253 1018 2324 poneret?

584 2347 818 2406 CAPUT
857 2345 1050 2404 XXIII.
1074 2345 1254 2402 —65.
1284 2345 1458 2416 Atque
1483 2344 1685 2399 utinam
1727 2340 1860 2395 tardi
1889 2338 2053 2394 corde
2083 2336 2104 2368 ³

516 2449 572 2496 et
610 2437 832 2507 inﬁrmi,
860 2440 950 2510 qui
1002 2454 1108 2493 non
1169 2423 1428 2508 possunt,
1473 2436 1557 2491 vel
1601 2433 1838 2489 nondum
1881 2437 2106 2501 possunt

516 2530 828 2600 Scripturas
865 2530 955 2586 vel
1005 2544 1187 2584 earnm
1236 2528 1599 2598 expositiones
1643 2525 1979 2594 intelligere,
2031 2521 2108 2576 sic

515 2621 764 2678 audirent
789 2622 874 2678 vel
903 2637 1004 2676 non
1033 2620 1284 2676 audirent
1311 2619 1364 2674 in
1413 2619 1513 2673 hac
1541 2617 1834 2688 quaistione
1865 2615 2106 2684 disputa-

517 2715 692 2770 tiones
726 2724 939 2768 nostras
959 2753 974 2779 ,
1009 2718 1070 2768 ut
1100 2711 1267 2782 magis
1297 2711 1632 2764 intuerentur
1659 2708 1933 2762 orationes
1959 2719 2112 2770 suas;

517 2821 651 2875 quas
684 2819 898 2874 semper
931 2803 1115 2857 habuit
1158 2811 1211 2858 et
1251 2801 1468 2856 habebit
1494 2800 1735 2855 Ecclesia
1777 2797 1844 2852 ab
1869 2795 2108 2852 exordiis

525 2897 662 2963 suis,
687 2895 860 2951 donec
889 2895 1102 2950 finiatur
1144 2894 1248 2948 hoc
1283 2893 1562 2948 saeculum.
1611 2892 1686 2946 De
1710 2889 1811 2944 hac
1839 2889 1982 2943 enim
2011 2903 2103 2954 re,

518 3005 681 3060 quam
711 3004 852 3044 nunc
884 2988 1143 3045 adversus
1185 3001 1352 3042 novos
1381 2985 1683 3047 haereticos,
1729 2998 1835 3037 non
1866 2995 2102 3037 comme-

520 3097 734 3136 morare
765 3089 990 3145 tantum,
1029 3079 1122 3134 sed
1145 3079 1302 3148 plane
1329 3077 1464 3132 tueri
1491 3083 1547 3131 et
1573 3074 1853 3130 defensare
1877 3071 2110 3141 compel-

519 3171 700 3240 limur,
732 3187 1002 3242 nunquam
1028 3171 1196 3224 tacuit
1221 3169 1274 3222 in
1307 3168 1554 3238 precibus
1574 3167 1705 3234 suis,
1733 3165 1834 3220 etsi
1867 3165 2109 3234 aliquan-

519 3261 593 3319 do
621 3263 675 3318 in
715 3263 1054 3318 sermonibus
1091 3257 1449 3317 exserendam
1491 3259 1636 3313 nullo
1661 3265 1880 3328 urgente
1918 3257 2110 3312 adver-

519 3353 664 3410 sario
697 3371 804 3408 non
850 3353 1075 3424 putavit.
1106 3352 1330 3420 Quando
1355 3351 1500 3406 enim
1550 3365 1656 3404 non
1702 3358 1912 3404 oratum
1941 3355 2024 3403 est
2052 3347 2108 3403 in

524 3448 760 3504 Ecclesia
791 3463 883 3518 pro
915 3445 1219 3501 inﬁdelibus
1245 3454 1404 3515 atque
1435 3441 1662 3498 inimicis
1689 3442 1806 3511 ejus
1845 3448 1907 3496 ut
1931 3440 2114 3496 crede-

522 3541 675 3597 rent?
701 3541 922 3610 Quando
949 3539 1122 3595 ﬁdelis
1163 3538 1443 3609 quisquam
1487 3536 1739 3600 amicum,
1781 3534 2105 3604 proximum,

522 3634 803 3705 conjugem
827 3633 1010 3688 habuit
1039 3631 1326 3694 inﬁdelem,
1348 3640 1402 3684 et
1427 3644 1531 3684 non
1559 3629 1608 3683 ei
1631 3627 1816 3698 petivit
1835 3642 1864 3680 a
1888 3626 2113 3680 Domino

525 3734 757 3782 mentem
777 3724 1114 3781 obedientem
1147 3721 1200 3776 in
1245 3721 1594 3776 christianam
1625 3719 1827 3774 ﬁdem?
1851 3717 1982 3785 Quis
2020 3732 2115 3772 au-

526 3828 634 3876 tem
663 3818 766 3874 sibi
795 3831 1027 3888 unquam
1060 3831 1168 3870 non
1190 3814 1389 3879 oravit,
1421 3822 1480 3867 ut
1509 3813 1561 3866 in
1586 3812 1815 3867 Domino
1843 3824 2116 3877 permane-

524 3911 638 3966 ret?
661 3912 766 3966 Aut
790 3910 910 3981 quis
939 3906 1276 3964 sacerdotem
1304 3919 1468 3975 super
1503 3892 1690 3958 ﬁdeles
1719 3901 2118 3960 Dominum.in-

527 4015 826 4068 vocantem,
866 4001 912 4056 si
951 4000 1166 4073 quando
1213 3999 1370 4066 dixit,
1414 3998 1490 4052 Da
1521 3997 1648 4061 illis,
1681 3995 1932 4062 Domine,
1974 3994 2027 4049 in
2065 4002 2118 4050 te

527 4111 888 4168 perseverare
919 4109 1088 4166 usque
1132 4094 1184 4148 in
1217 4093 1412 4156 ﬁnem;
1443 4105 1552 4146 non
1583 4089 1752 4144 solum
1782 4103 1912 4144 voco
1953 4100 2118 4142 ausus

527 4200 629 4255 est,
677 4190 772 4247 sed
813 4189 1002 4244 saltem
1047 4185 1369 4257 cogitatione
1409 4181 1842 4250 reprehendere;
1898 4195 1961 4235 ac
2009 4193 2114 4234 non

529 4287 704 4357 potius
722 4298 882 4353 super
909 4283 1024 4352 ejus
1055 4280 1216 4334 talem
1241 4277 1673 4333 benedictionem
1699 4316 1714 4340 ,
1739 4283 1794 4329 et
1819 4272 1983 4328 corde
2007 4286 2120 4328 cre-

529 4379 688 4434 dente
713 4387 768 4432 et
804 4391 900 4431 ore
924 4375 1213 4428 conﬁtente
1251 4371 1545 4441 respondit,
1574 4371 1746 4424 Amen
1774 4383 1788 4420 :
1821 4383 1942 4422 cum
1973 4367 2116 4422 aliud

531 4473 582 4526 in
611 4472 720 4540 ipsa
743 4469 984 4524 oratione
1009 4465 1278 4520 dominica
1303 4479 1410 4518 non
1441 4471 1596 4517 orent
1623 4461 1809 4516 ﬁdeles
1828 4501 1845 4528 ,
1875 4459 2116 4515 dicentes

531 4563 762 4618 maxime
783 4558 933 4622 illud,
974 4555 1057 4611 Ne
1081 4572 1172 4611 nos
1201 4556 1391 4626 inferas
1436 4554 1489 4608 in
1529 4553 1852 4607 tentationem
1871 4567 1892 4615 ;
1927 4549 2032 4605 nisi
2061 4559 2119 4604 ut

535 4655 586 4708 in
628 4663 810 4709 saneta
845 4649 1150 4706 obedientia
1191 4647 1570 4717 perseverent?
1594 4645 1745 4702 Sicut
1782 4659 1912 4714 ergo
1939 4645 1992 4699 in
2033 4643 2118 4698 his

534 4743 882 4806 orationibus,
913 4743 984 4795 ita
1011 4749 1064 4795 et
1086 4740 1140 4794 in
1169 4739 1267 4794 hac
1298 4738 1401 4794 ﬂde
1441 4725 1568 4793 irata
1607 4749 1709 4804 est,
1739 4747 1794 4794 et
1819 4737 2031 4802 crescit,
2065 4743 2119 4792 et

534 4837 702 4892 crevit
731 4833 985 4900 Ecclesia,
1036 4849 1137 4903 qua
1187 4832 1291 4887 ﬁde
1331 4830 1571 4887 creditur
1623 4831 1848 4902 gratiam
1877 4830 1972 4886 Dei
2013 4844 2116 4884 non

537 4925 830 4982 secundum
861 4925 1051 4980 merita
1082 4923 1456 4994 accipientium
1495 4923 1631 4979 dari.
1679 4920 2118 4992 Quandoquidem

538 5031 644 5071 non
675 5024 852 5070 oraret
873 5013 1114 5070 Ecclesia
1142 5023 1198 5068 ut
1241 5015 1461 5069 daretur
1485 5012 1790 5068 inﬁdelibus
1829 5010 1978 5077 ﬁdes,
2019 5011 2119 5066 nisi

539 5106 708 5163 Deum
733 5107 980 5163 crederet
1002 5116 1056 5161 et
1083 5120 1300 5161 aversas
1347 5114 1402 5160 et
1450 5103 1705 5158 adversas
1738 5102 2012 5156 hominum
2052 5100 2120 5156 ad

539 5215 598 5256 se
627 5209 938 5255 convertere
964 5199 1262 5253 voluntates
1287 5214 1300 5249 :
1329 5211 1428 5252 nec
1453 5203 1634 5249 oraret
1659 5193 1898 5249 Ecclesia
1923 5201 1982 5247 ut
2011 5207 2123 5263 per-

537 5301 810 5350 severaret
841 5292 895 5346 in
920 5291 1024 5346 ﬁde
1047 5289 1271 5354 Christi,
1303 5303 1410 5342 non
1435 5288 1655 5356 decepta
1675 5287 1756 5341 vel
1785 5287 1920 5341 victa
1947 5293 2120 5341 tenta-

539 5387 770 5442 tionibus
792 5383 998 5450 mundi,
1021 5383 1124 5436 nisi
1153 5380 1404 5438 crederet
1437 5380 1716 5434 Dominum
1747 5379 1825 5433 sic
1869 5379 1920 5432 in
1963 5385 2124 5450 pote-

537 5487 678 5536 state
707 5478 907 5533 habere
934 5491 1028 5531 cor
1053 5485 1318 5542 nostrum,
1344 5481 1398 5530 ut
1427 5473 1622 5528 bonum
1652 5471 1794 5542 quod
1833 5485 1938 5525 non
1969 5478 2122 5524 tene-

549 5585 672 5627 mus
699 5569 802 5625 nisi
830 5567 1042 5640 propria
1060 5566 1354 5631 voluntate,
1387 5581 1491 5622 non
1515 5575 1692 5620 tamen
1722 5573 2000 5620 teneamus
2020 5562 2124 5618 nisi

539 5661 734 5734 ipsein
774 5661 930 5718 nobis
968 5669 1221 5730 operetur
1263 5667 1318 5715 et
1342 5657 1503 5716 velle.
1530 5657 1665 5716 Nam
1696 5659 1742 5715 si
1769 5658 1886 5716 hac
1912 5656 1980 5713 ab
2006 5656 2126 5727 ipso

603 5773 622 5805 ι
655 5773 864 5823 vaticani
885 5779 1013 5832 llas,
1035 5783 1134 5823 vos.

602 5835 624 5898 ξ
654 5841 774 5898 Tres
794 5841 923 5894 ιω..
945 5830 1305 5898 inﬁdelium:

605 5885 628 5927 ι

549 5975 578 5994 Δ

1711 383 1770 440 8.
1811 377 2178 440 AUGUSTINI
2215 377 2520 434 EPISCOPI

3651 380 3791 438 1053

2204 489 2421 562 quidem
2455 489 2627 560 poscit
2641 489 2877 545 Ecclesia
2897 529 2914 556 ,
2944 489 3038 545 sed
3067 505 3098 545 a
3119 504 3177 546 se
3199 489 3312 562 ipsa
3340 491 3440 548 sibi
3465 492 3581 548 dari
3608 503 3788 563 putat;

2204 601 2309 642 non
2337 601 2491 640 veras
2511 628 2525 652 ,
2570 584 2665 640 sed
2696 584 3082 655 perfunctorias
3111 586 3380 642 orationes
3409 586 3574 643 habet
3607 605 3620 641 :
3645 587 3788 658 quod

2203 677 2340 732 absit
2363 693 2393 732 a
2423 677 2596 732 nobis.
2620 675 2749 742 Quis
2765 677 2911 733 enim
2939 677 3199 733 veraciter
3222 687 3421 749 gemat,
3463 679 3787 736 desiderans

2203 769 2447 838 accipere
2473 766 2613 838 quod
2640 774 2759 822 orat
2776 783 2809 823 a
2832 768 3078 836 Domino,
3107 769 3152 824 si
3181 769 3283 826 hoc
3309 785 3341 826 a
3363 787 3422 826 se
3457 771 3578 843 ipso
3615 787 3678 828 se
3699 787 3766 827 su

2205 875 2352 915 mere
2379 859 2674 927 existimet,
2703 875 2810 914 non
2836 859 2904 913 ab
2929 859 3056 914 illo?

2275 954 2364 1009 64.
2393 953 2717 1022 Praesertim,
2739 953 2988 1024 quoniam
3016 953 3137 1026 quid
3165 970 3384 1022 oremus,
3411 956 3541 1010 sicut
3566 964 3796 1027 Oportet,

2205 1046 2486 1109 nescimus;
2523 1050 2611 1100 sed
2633 1047 2742 1117 ipse
2777 1045 3021 1116 Spiritus,
3051 1045 3125 1099 ait
3166 1048 3472 1117 Apostolus,
3503 1048 3800 1118 interpellat

2208 1155 2298 1207 pro
2318 1137 2460 1192 nobis
2479 1139 2495 1169 ί
2525 1138 2788 1207 gemitibus
2807 1137 3243 1198 inenarrabilibus.
3277 1137 3376 1204 Qui
3394 1139 3526 1192 enim
3541 1147 3800 1193 scrutatur

2207 1232 2382 1298 corda,
2420 1231 2510 1284 scit
2552 1230 2672 1300 quid
2713 1231 2878 1301 sapiat
2914 1229 3158 1302 Spiritus,
3181 1230 3304 1301 quia
3328 1229 3605 1285 secundum
3635 1229 3800 1284 Deum

2205 1319 2492 1390 interpellat
2517 1337 2606 1390 pro
2636 1321 2821 1376 sanctis
2851 1319 2869 1390 (
2891 1319 3042 1374 Rom.
3073 1337 3182 1387 Vlll,
3207 1320 3300 1387 26,
3325 1321 3396 1376 27
3421 1321 3460 1391 ).
3512 1321 3650 1389 Quid
3693 1331 3800 1388 est,

2208 1415 2317 1484 ipse
2331 1412 2557 1484 Spiritus
2583 1413 2886 1483 interpellat,
2907 1413 3030 1482 nisi,
3064 1413 3406 1484 Interpellare
3425 1413 3570 1482 facit,
3597 1417 3803 1488 gemiti-

2207 1505 2298 1560 bus
2340 1505 2779 1571 inenarrabilibus,
2827 1506 2919 1560 sed
2957 1507 3266 1572 veracibus,
3315 1508 3566 1577 quoniam
3603 1509 3804 1564 veritas

2209 1609 2292 1654 est
2321 1597 2587 1667 Spiritus?
2634 1598 2752 1668 Ipse
2790 1607 2872 1652 est
2912 1597 3052 1652 enim
3097 1599 3164 1654 de
3211 1614 3316 1668 quo
3342 1600 3448 1655 alio
3478 1601 3596 1655 loco
3631 1600 3802 1655 dicit:

2213 1691 2355 1745 Misit
2382 1689 2523 1744 Deus
2551 1691 2802 1759 Spiritum
2835 1689 2958 1744 Filii
2985 1693 3062 1745 sui
3085 1692 3137 1745 in
3163 1693 3318 1746 corda
3344 1703 3538 1760 nostra,
3567 1695 3804 1748 claman-

2211 1792 2328 1850 tem,
2363 1783 2521 1850 Abba,
2555 1782 2710 1838 Pater
2735 1784 2753 1856 (
2776 1783 2942 1838 Galnt.
2975 1801 3046 1852 Iv,
3070 1783 3157 1856 6).
3202 1785 3270 1839 Et
3297 1787 3381 1840 hic
3405 1787 3530 1857 quid
3560 1797 3664 1854 est,
3698 1791 3803 1841 cla-

2209 1887 2448 1943 mantem,
2479 1877 2601 1941 nisi,
2631 1875 2871 1931 Clamare
2899 1876 3209 1944 facientem;
3241 1887 3391 1947 tropo
3417 1879 3508 1932 illo
3534 1893 3642 1950 quo
3667 1879 3804 1934 dici-

2211 1986 2329 2025 mus
2353 1970 2531 2025 laatum
2557 1970 2720 2034 diem,
2751 1971 2839 2040 qui
2863 1971 3019 2026 laetos
3047 1969 3204 2025 facit?
3245 1971 3397 2040 Quod
3423 1972 3549 2028 alibi
3577 1973 3808 2028 manife-

2211 2073 2334 2127 stat,
2368 2063 2456 2118 ubi
2486 2062 2613 2118 dicit
2641 2081 2653 2119 :
2691 2062 2812 2116 Non
2838 2063 2968 2116 enim
2994 2065 3254 2134 accepistis
3287 2063 3520 2135 spiritum
3554 2067 3806 2119 servitutis

2209 2155 2390 2208 iterum
2419 2154 2470 2207 in
2498 2154 2716 2219 timore;
2754 2153 2846 2208 sed
2869 2155 3129 2225 accepistis
3157 2154 3407 2224 Spiritum
3429 2155 3722 2226 adoptionis
3743 2158 3807 2226 ﬁ-

2211 2245 2416 2312 liorum,
2439 2247 2491 2300 in
2511 2263 2609 2316 quo
2637 2246 2935 2314 clamamus,
2967 2246 3124 2312 Abba,
3159 2245 3314 2300 Pater
3343 2246 3361 2316 (
3383 2245 3512 2301 Rom
3535 2264 3649 2316 vui,
3673 2247 3800 2320 15).

2212 2337 2288 2392 Ibi
2311 2337 2462 2404 dixit,
2488 2339 2824 2404 clamantem;
2851 2339 2938 2393 hic
2961 2353 3110 2406 vero,
3135 2340 3188 2394 in
3217 2357 3315 2409 quo
3335 2340 3614 2396 clamamus
3646 2357 3806 2414 :ape-

2213 2429 2356 2484 riens
2384 2429 2628 2485 videlicet
2672 2431 2939 2502 quomodo
2983 2431 3196 2498 dixerit,
3235 2432 3555 2503 clamantem,
3597 2432 3652 2488 id
3697 2443 3800 2500 est,

2212 2523 2350 2578 sicut
2361 2522 2468 2593 jam
2488 2525 2735 2593 exposui,
2749 2524 2980 2579 clamare
2997 2524 3296 2580 facientem.
3320 2524 3418 2582 Ubi
3435 2526 3800 2598 intelligimus,

2212 2625 2266 2671 et
2293 2615 2391 2671 hoc
2414 2616 2584 2685 ipsum
2608 2631 2727 2672 esse
2746 2617 2944 2672 donum
2970 2618 3082 2682 Dei,
3107 2626 3167 2673 ut
3187 2619 3361 2674 veraci
3385 2621 3550 2676 corde
3573 2630 3628 2676 et
3645 2623 3805 2691 spiri-

2215 2711 2425 2764 tualiter
2438 2710 2728 2765 clamemns
2754 2709 2820 2765 ad
2847 2711 3034 2766 Deum.
3064 2712 3355 2768 Attendant
3379 2729 3508 2784 ergo
3531 2715 3805 2785 quomodo

2215 2801 2580 2872 falluntur,qui
2603 2811 2785 2872 putant
2804 2819 2962 2858 essea
2979 2789 3151 2872 nobis,
3167 2819 3270 2859 non
3293 2804 3406 2860 dari
3433 2806 3604 2872 nobis,
3630 2815 3691 2860 ut
3711 2821 3810 2877 pe-

2215 2902 2408 2960 tamus,
2427 2909 2747 2964 quaeramus,
2775 2895 3040 2964 pulsemus
3056 2914 3069 2950 :
3087 2906 3140 2951 et
3164 2896 3264 2951 hoc
3293 2912 3414 2954 esse
3438 2897 3644 2966 dicunt,
3664 2897 3808 2970 quod

2213 2987 2382 3058 gratia
2409 2986 2726 3057 prisceditur
2745 2988 2936 3042 merito
2956 2998 3160 3056 nostro,
3189 2997 3247 3043 ut
3271 3001 3524 3060 sequatur
3549 2990 3657 3058 illa,
3681 3005 3810 3046 cum

2215 3078 2502 3147 accipimus
2539 3087 2799 3147 petentes,
2830 3087 2885 3134 et
2935 3079 3232 3134 invenimus
3277 3089 3596 3149 quaerentes,
3627 3083 3810 3152 aperi-

2217 3179 2405 3239 turque
2437 3169 2803 3239 pulsantibus:
2829 3185 2928 3226 nec
2953 3171 3142 3226 volunt
3175 3172 3469 3243 intelligere
3503 3174 3665 3228 etiam
3705 3174 3811 3230 hoc

2215 3259 2379 3315 divini
2426 3261 2661 3316 muneris
2699 3275 2838 3328 esse,
2883 3269 2939 3316 ut
2981 3276 3211 3327 oremus,
3255 3261 3357 3318 hoc
3399 3271 3502 3330 est,
3541 3275 3808 3334 petamus,

2216 3369 2540 3425 quaeramus,
2569 3365 2730 3425 atque
2758 3355 3046 3425 pulsemus.
3089 3357 3402 3426 Accepimus
3421 3358 3442 3389 ²
3468 3357 3616 3412 enim
3641 3357 3814 3428 Spiri-

2219 3456 2328 3500 tum
2380 3446 2680 3516 adoptionis
2728 3447 2974 3513 liliorum,
3011 3447 3062 3501 in
3119 3462 3224 3518 quo
3272 3449 3587 3516 clamamus,
3631 3449 3806 3518 Abba,

2218 3539 2396 3594 Pater.
2439 3539 2590 3608 Quod
2638 3539 2768 3594 vidit
2820 3547 2873 3594 et
2911 3539 3100 3594 beatus
3149 3539 3484 3596 Ambrosius.
3533 3541 3624 3596 Ait
3662 3541 3812 3596 enim

2220 3629 2328 3704 (In
2383 3631 2658 3685 Comment.
2703 3648 2855 3702 super
2891 3629 3110 3705 Isaiam)
3152 3649 3166 3686 :
3211 3650 3232 3685 ι
3281 3632 3348 3688 Et
3397 3647 3556 3689 orare
3593 3625 3810 3700 Deum,

2218 3725 2400 3793 gratiae
2442 3725 2732 3794 spiritualis
2783 3733 2867 3780 est
2915 3743 2930 3780 :
2976 3727 3115 3780 sicut
3159 3725 3414 3796 scriptum
3457 3737 3580 3794 est,
3637 3726 3811 3783 Nemo

2220 3818 2370 3882 dicit,
2418 3815 2666 3872 Dominus
2699 3817 2873 3886 Jesus,
2917 3819 3017 3873 nisi
3059 3819 3112 3873 in
3139 3817 3336 3890 Spiritu
3377 3829 3578 3874 sanctos
3615 3819 3660 3890 (Ι
3683 3819 3812 3876 Cor.

2219 3925 2314 3975 xu,
2346 3909 2423 3982 δ).
2900 3975 2906 3982 _

2292 3997 2383 4056 65.
2431 3999 2556 4055 Ilaec
2582 4000 2740 4070 igitur
2759 4017 2876 4072 quae
2897 4003 3068 4072 poscit
3090 4017 3118 4056 a
3145 4003 3386 4070 Domino,
3411 4009 3466 4058 et
3493 4016 3718 4072 semper
3743 4019 3814 4060 ex

2222 4107 2326 4163 quo
2355 4107 2475 4147 esse
2504 4091 2685 4162 erepit,
2729 4097 2972 4166 poposcit
3005 4095 3240 4150 Ecclesia
3261 4139 3278 4163 ,
3323 4095 3395 4151 ita
3433 4095 3572 4151 Deus
3605 4097 3817 4152 vocatis

2221 4184 2332 4239 suis
2361 4184 2602 4239 daturum
2626 4199 2685 4240 se
2703 4199 2822 4240 esse
2850 4186 3134 4254 praescivit,
3149 4195 3206 4241 ut
3234 4187 3288 4240 in
3314 4187 3426 4256 ipsa
3457 4185 3814 4256 praedestina-

2223 4279 2367 4334 tione
2399 4277 2508 4348 jam
2545 4277 2752 4333 dederit
2784 4295 2796 4331 :
2827 4279 2967 4350 quod
2999 4280 3282 4349 Apostolus
3317 4281 3434 4335 sine
3465 4281 3814 4351 ambiguitate

2222 4357 2466 4428 declarat.
2506 4371 2758 4428 Scribens
2786 4371 2980 4442 quippe
3013 4373 3078 4427 ad
3116 4372 3450 4428 Timotheum
3476 4371 3802 4440 :Collabora,

2223 4465 2413 4536 inquit,
2441 4464 2715 4537 Evangelia
2741 4465 3014 4520 secundum
3042 4466 3272 4518 virtutem
3297 4464 3392 4518 Dei
3417 4465 3581 4520 salvos
3609 4481 3702 4518 nos
3731 4469 3812 4534 fa-

2224 4557 2418 4626 cientis,
2445 4568 2491 4612 et
2521 4557 2743 4612 vocantis
2769 4559 3028 4612 vocatione
3051 4575 3144 4612 sua
3165 4568 3371 4624 sancta;
3398 4575 3500 4612 non
3528 4559 3808 4612 secundum

2224 4667 2377 4722 opera
2401 4660 2591 4714 nostra,
2619 4652 2708 4706 sed
2753 4651 3026 4704 secundum
3067 4663 3212 4704 suum
3251 4651 3562 4721 propositum
3601 4660 3646 4704 et
3685 4667 3810 4721 gra-

2227 4743 2366 4806 tiam,
2399 4758 2511 4813 quw
2538 4743 2657 4796 data
2679 4751 2751 4797 est
2777 4742 2916 4797 nobis
2945 4743 2996 4796 in
3033 4743 3229 4798 Christo
3269 4741 3394 4798 Iesu
3429 4753 3543 4798 ante
3583 4753 3814 4814 tempore

2225 4846 2434 4902 scierim,
2463 4835 2784 4906 nianifestata
2805 4844 2968 4888 autem
2995 4851 3128 4890 nunc
3155 4851 3243 4906 per
3271 4835 3536 4890 adventum
3575 4835 3815 4890 Salvato-

2225 4929 2296 4982 ris
2325 4929 2481 4981 nostri
2503 4927 2625 4980 Jesu
2646 4927 2833 4982 Christi
2862 4927 2924 4998 (ll
2955 4926 3083 4980 Tim.
3112 4943 3149 4992 ι,
3169 4925 3336 4998 8-10).
3361 4927 3450 4982 Ille
3477 4927 3653 4998 itaque
3669 4927 3818 4982 dicat

2227 5021 2518 5078 Ecclesiam
2545 5019 2829 5090 aliquando
2868 5020 2920 5074 in
2961 5018 3062 5073 ﬁde
3089 5033 3183 5074 sua
3209 5035 3312 5072 non
3341 5018 3591 5074 habuisse
3612 5019 3820 5074 verita-

2229 5122 2336 5169 tem
2368 5111 2846 5182 prtedestinationis
2870 5111 3024 5180 hujus
3050 5121 3102 5165 et
3125 5112 3309 5182 gratia:
3329 5153 3344 5178 ,
3373 5127 3490 5182 qum
3517 5127 3658 5166 nunc
3689 5126 3824 5167 con-

2227 5213 2306 5260 tra
2331 5219 2501 5260 novos
2529 5203 2810 5258 haereticos
2831 5217 2958 5258 cura
2987 5203 3322 5275 diligentiam
3347 5203 3646 5260 defenditur
3669 5222 3686 5260 :
3709 5205 3822 5272 ille,

2228 5297 2463 5368 inquam,
2504 5295 2607 5351 hoc
2645 5295 2806 5361 dicat,
2847 5297 2934 5366 qui
2976 5297 3152 5352 dicere
3179 5296 3340 5353 audet
3375 5297 3658 5369 aliquando
3701 5313 3826 5354 eam

2229 5406 2334 5446 non
2361 5405 2564 5456 orasse,
2591 5389 2677 5444 vel
2703 5404 2806 5444 non
2828 5390 3088 5445 veraciter
3105 5405 3310 5459 orasse,
3325 5391 3437 5447 sive
3458 5399 3517 5446 ut
3535 5391 3828 5448 crederent

2229 5483 2492 5549 inﬁdeles,
2516 5483 2626 5538 sive
2653 5491 2710 5538 ut
2739 5491 3140 5552 perseverarent
3179 5483 3380 5540 ﬁdeles.
3429 5485 3560 5550 Quae
3600 5485 3741 5540 bona
3775 5484 3826 5539 si

2229 5591 2442 5648 semper
2467 5575 2656 5640 oravit,
2683 5589 2897 5646 semper
2921 5591 2979 5630 ea
3013 5575 3104 5630 Dei
3129 5574 3268 5631 dona
3293 5590 3414 5632 esse
3442 5575 3624 5648 utique
3640 5574 3825 5633 credi-

2293 5774 2312 5805 ¹
2359 5780 2539 5822 Omnes
2585 5779 2692 5842 Mss.
2718 5805 2733 5832 ,
2771 5767 3042 5835 interpellat
3083 5770 3333 5835 gemitibus
3373 5770 3824 5838 mm;

2235 5847 2429 5897 onnsso,
2451 5845 2542 5897 pro

2296 5893 3010 5962 ιείωιεε.εώα,αοοέρέηωε.
