4102 6494
321 325 468 383 1055
1352 321 1557 380 LIBER
1593 321 1684 379 DE
1722 319 1896 378 DONO

2004 317 2564 378 ςκεενειωιτω.
3457 329 3598 389 1054

315 441 430 500 dit:
461 453 564 497 nec
588 440 658 496 ab
681 439 777 495 illo
793 451 914 495 esse
937 437 1259 509 praecognita
1281 454 1516 511 unquam
1537 439 1586 496 ei
1612 453 1808 513 negare
1829 438 1909 492 (³³
2019 453 2185 510 Deum
2211 463 2417 511 tantum
2436 457 2665 513 dicimus
2686 455 2976 526 Christum,
3005 460 3142 517 sicut
3168 461 3406 521 haeretici
3434 465 3600 522 Mani-

315 532 439 590 fuit.
483 536 560 589 Ac
598 548 696 604 per
729 531 831 587 hoc
866 531 1345 603 praedestinalionis
1382 531 1541 603 huius
1579 531 1758 596 ﬁdem.
1788 543 1909 600 (ιιιε
2016 546 2188 612 chaei;
2235 562 2336 604 nec
2382 549 2652 607 hominem
2695 559 2920 618 tantum,
2959 554 3099 610 sicut
3135 555 3370 614 haeretici
3411 558 3599 615 Photi-

315 636 504 686 contra
534 640 706 688 novos
740 624 1023 680 haereticos
1068 638 1203 680 nova
1238 625 1594 680 sollicitudine
1627 637 1770 680 nunc
1815 620 1896 677 de-

2016 637 2189 703 niani;
2216 653 2318 694 nec
2337 639 2407 694 ita
2431 641 2722 708 hominem,
2746 652 2806 697 ut
2830 644 3027 716 aliquid
3047 647 3224 704 minus
3243 648 3434 704 haheat
3456 650 3598 720 quod

318 721 882 813 fenditur,_nu_l_lqua_ln
913 718 1148 813 Ecclesia
1181 718 1376 813 Christi
1400 737 1506 800 non
1534 718 1739 813 ὴξιῢξιὶῐτ
1828 808 1844 813 _
2013 729 2082 784 ad
2108 729 2395 786 humanam
2425 743 2631 789 certum
2659 743 2743 790 est
2767 738 3037 808 pertinere
3056 750 3318 806 naturam.
3341 743 3455 801 sive
3473 718 3592 813 ani-

387 809 618 868 CAPUT
671 809 864 866 XXIV.
890 839 961 852 --
988 810 1078 866 66.
1118 809 1224 867 Sed
1249 811 1378 882 quid
1403 797 1590 883 plura?
1631 809 1772 866 Satis
1810 808 1906 864 do-

313 907 494 961 coisse
521 919 610 960 me
633 903 903 971 existimo,
926 904 1012 960 vel
1053 905 1227 976 potius
1257 905 1374 976 plus
1398 920 1555 976 quam
1587 905 1738 972 satis,
1767 903 1905 959 dona

320 997 419 1053 Dei
453 1011 594 1064 esse,
623 1005 680 1052 ct
709 995 944 1066 incipere
979 996 1030 1050 in
1075 996 1356 1052 Dominum
1385 996 1622 1062 credere,
1652 1004 1707 1050 et
1735 1009 1906 1066 usque

314 1089 372 1144 in
405 1089 565 1144 finem
594 1089 649 1143 in
677 1088 901 1142 Domino
926 1104 1258 1158 permanere.
1280 1088 1486 1144 Caetera
1513 1103 1641 1144 vero
1669 1088 1808 1143 bona
1836 1087 1903 1144 ad

318 1181 491 1238 vitam
549 1181 711 1251 piam,
757 1195 860 1251 qua
913 1181 1053 1237 Deus
1106 1192 1250 1236 recte
1299 1179 1511 1246 colitur,
1564 1181 1898 1250 pertinentia,

318 1276 485 1332 etiam
531 1275 629 1346 ipsi
671 1283 888 1344 propter
925 1290 1059 1344 quos
1087 1273 1208 1329 haec
1236 1274 1460 1343 agimus,
1494 1273 1584 1328 Dei
1617 1273 1752 1328 dona
1780 1288 1900 1328 esse

319 1366 640 1423 concedunt.
683 1365 871 1422 Omnia
909 1381 1068 1437 porro
1094 1365 1232 1421 dona
1260 1380 1376 1432 sua,
1406 1374 1459 1421 el
1483 1365 1674 1436 quibus
1692 1381 1754 1420 ea
1782 1364 1898 1421 fue-

315 1468 402 1534 rat
429 1459 730 1530 largiturus,
787 1444 952 1514 Deum
995 1458 1272 1528 praescisse
1297 1473 1492 1529 negare
1521 1473 1626 1512 non
1652 1466 1894 1528 possunt.

313 1548 467 1603 Sicut
495 1564 624 1620 ergo
648 1557 841 1604 caetera
868 1548 1201 1619 praedicanda
1226 1559 1351 1604 sunt
1369 1591 1384 1614 ,
1416 1558 1473 1606 ut
1497 1549 1587 1619 qui
1615 1563 1678 1604 ea
1705 1547 1896 1617 prandi-

309 1646 422 1704 cat,
451 1638 766 1695 obedienter
786 1638 1059 1704 audiatur;
1086 1640 1159 1694 ita
1189 1640 1580 1710 praedestinatio
1607 1640 1899 1709 praedican-

311 1729 380 1785 da
406 1739 490 1786 est
512 1771 530 1796 ,
567 1739 624 1785 ut
652 1731 740 1801 qui
768 1730 1082 1786 obalienter
1106 1731 1220 1786 haec
1248 1730 1415 1799 audit,
1446 1745 1552 1785 non
1577 1729 1630 1786 in
1656 1729 1894 1796 homine,

311 1840 378 1880 ac
410 1840 508 1895 per
538 1824 642 1879 hoc
659 1835 770 1900 nec
799 1824 852 1879 in
880 1840 939 1880 se
968 1825 1105 1894 ipso,
1135 1823 1230 1880 sed
1255 1824 1308 1879 in
1339 1824 1568 1893 Domino
1593 1824 1851 1895 glorietur
1881 1841 1896 1879 :

311 1919 437 1988 quia
473 1926 528 1974 et
566 1917 670 1974 hoc
713 1919 810 1974 Dei
855 1927 1176 1989 praeceptum
1204 1926 1317 1984 est;
1348 1905 1403 1973 et
1439 1918 1538 1972 hoc
1573 1927 1894 1989 praeceptum

311 2012 624 2068 obedienter
647 2012 852 2074 audire,
881 2011 934 2067 id
961 2020 1062 2078 est,
1088 2022 1144 2065 ut
1181 2012 1270 2082 qui
1303 2011 1569 2083 gloriatur,
1596 2012 1650 2066 in
1675 2010 1896 2065 Domino

310 2106 552 2181 glorietur
579 2103 599 2175 (
618 2103 640 2158 l
669 2103 788 2159 Cor.
823 2120 861 2169 ι,
886 2103 1017 2176 51),
1052 2103 1298 2159 similiter
1333 2112 1390 2158 ut
1421 2113 1643 2170 caetera,
1678 2103 1771 2158 Dei
1799 2103 1897 2158 do-

313 2213 442 2251 num
473 2207 576 2252 est.
607 2195 762 2265 Quod
792 2195 990 2250 donum
1015 2195 1103 2266 qui
1131 2210 1241 2250 non
1266 2194 1444 2261 habet,
1477 2210 1583 2251 nou
1611 2194 1797 2250 dubito
1815 2193 1895 2249 di-

307 2306 454 2358 cere,
479 2292 578 2345 alia
601 2305 952 2360 quaecumque
981 2289 1158 2355 habet,
1190 2291 1419 2344 inaniter
1449 2288 1626 2345 habet.
1659 2288 1772 2343 Hoc
1795 2287 1896 2343 Pe-

309 2384 526 2454 lagiani,
551 2378 815 2454 optamus,
858 2393 916 2437 ut
963 2382 1224 2448 habeant;
1274 2382 1360 2436 isti
1407 2391 1582 2437 autem
1626 2380 1794 2436 nostri
1836 2389 1896 2435 ut

309 2475 520 2546 plenius
549 2475 796 2541 habeant.
824 2472 940 2529 Non
969 2474 1146 2545 itaque
1178 2474 1344 2528 simus
1374 2473 1424 2528 in
1451 2471 1894 2544 disputationibus

315 2566 570 2635 prompti,
599 2575 651 2620 et
668 2565 720 2620 in
741 2563 1070 2620 orationibus
1094 2564 1248 2636 pigri.
1273 2561 1522 2629 Oremus,
1539 2561 1890 2630 dilectissimi,

316 2671 558 2725 oremus,
587 2667 645 2711 ut
679 2656 818 2712 Deus
850 2657 1035 2727 gratia:
1072 2655 1162 2711 det
1201 2655 1361 2710 etiam
1402 2655 1629 2710 inimicis
1662 2653 1891 2722 nostris,

315 2747 653 2816 maximeque
692 2746 937 2802 fratribus
978 2755 1033 2802 et
1067 2746 1410 2804 dilectoribus
1451 2751 1668 2809 nostris.
1696 2746 1893 2802 intelli-

311 2854 441 2910 gere
457 2849 509 2894 et
534 2839 794 2906 confiteri,
813 2847 933 2910 post
956 2839 1224 2910 ingentem
1243 2848 1301 2895 et
1325 2838 1642 2895 ineffabilem
1660 2839 1890 2906 ruinam,

309 2930 494 3001 quain
517 2945 624 2986 uno
647 2946 834 2987 omnes
858 2931 1164 2999 cecidimus,
1188 2935 1459 2989 neminem
1479 2932 1579 2986 nisi
1599 2933 1766 3003 gratia
1798 2932 1892 2987 Dei

307 3021 558 3090 liberari;
603 3037 831 3094 eamque
860 3038 967 3078 non
989 3023 1278 3079 secundum
1309 3025 1497 3080 merita
1523 3023 1894 3093 accipientium

308 3125 557 3186 tanquam
586 3114 821 3172 debitam
850 3115 1030 3180 reddi,
1063 3115 1156 3172 sed
1183 3124 1428 3186 tanquam
1458 3130 1639 3171 veram
1668 3113 1890 3186 gratiam

307 3207 469 3264 nullis
490 3207 697 3263 meritis
725 3206 1149 3278 praecedentibus
1173 3207 1336 3278 gratis
1362 3207 1500 3262 dari.

382 3299 472 3355 67.
517 3298 732 3355 Nullum
776 3308 954 3355 autem
995 3308 1077 3354 est
1119 3299 1375 3354 illustrius
1415 3297 1895 3369 praedestinationis

306 3392 610 3462 «emplum
637 3409 795 3464 quam
826 3397 942 3463 ipse
959 3392 1114 3449 Jesus
1141 3410 1157 3447 :
1185 3393 1325 3450 unde
1366 3403 1420 3450 et
1461 3395 1514 3449 in
1557 3394 1728 3464 primo
1758 3395 1896 3451 libro

309 3484 423 3556 jam
447 3484 708 3555 disputavi
735 3483 839 3552 (De
863 3484 1321 3563 Prwdestinatione
1346 3484 1669 3552 Sanctorum,
1691 3504 1780 3540 nn.
1802 3486 1891 3553 50,

313 3578 428 3649 51),
455 3584 513 3632 et
539 3577 590 3631 in
619 3577 772 3648 hujus
799 3579 904 3635 line
929 3578 1304 3634 commendare
1331 3577 1501 3649 delegi
1525 3579 1761 3634 .‘nullum
1791 3587 1894 3645 est,

314 3669 556 3739 inquam,
592 3669 845 3726 illustrius
883 3671 1363 3740 praedestinationis
1407 3672 1707 3742 exemplum
1736 3687 1897 3742 quam

311 3761 430 3832 ipse
457 3761 734 3818 Mediator.
777 3763 1026 3834 Quisquis
1063 3763 1236 3820 fidelis
1261 3764 1373 3820 vult
1396 3779 1512 3820 eam
1544 3763 1678 3820 bene
1704 3763 1898 3820 intelli-

309 3870 457 3926 gere,
497 3856 739 3912 attendat
788 3857 983 3927 ipsum,
1031 3865 1193 3928 atque
1243 3857 1296 3911 in
1346 3857 1436 3912 illo
1479 3858 1708 3912 inveniat
1749 3865 1804 3912 et
1840 3871 1898 3911 se

309 3949 483 4022 ipsum
516 3968 530 4005 :
562 3949 756 4018 fidelis,
801 3950 1017 4022 inquam
1041 3989 1059 4018 ,
1095 3949 1187 4021 qui
1225 3949 1277 4004 in
1322 3965 1387 4005 eo
1432 3964 1613 4006 veram
1654 3959 1900 4005 naturam

309 4030 482 4098 credit
501 4051 560 4098 et
586 4043 871 4098 conﬁtetur
899 4041 1205 4106 humanam,
1235 4040 1287 4096 id
1313 4048 1396 4096 est
1415 4047 1683 4108 nostram,
1710 4056 1899 4112 quam-

311 4134 394 4189 vis
420 4132 760 4205 singulariter
779 4132 1104 4204 suscipiente
1126 4133 1236 4187 Deo
1255 4130 1453 4195 Verbo,
1481 4131 1534 4185 in
1565 4131 1778 4186 unicum
1811 4131 1900 4186 Fi-

315 4225 446 4280 lium
477 4227 570 4280 Dei
590 4226 949 4293 sublimatam,
979 4226 1051 4280 ita
1079 4234 1138 4280 ut
1162 4225 1251 4296 qui
1277 4224 1509 4294 suscepit
1537 4224 1751 4295 etquod
1777 4239 1899 4280 sus-

321 4317 466 4386 cepit
507 4333 608 4371 una
651 4327 792 4373 esset
829 4318 884 4372 in
925 4317 1181 4372 Trinitate
1220 4330 1464 4386 persona.
1518 4313 1702 4386 Neque
1758 4315 1899 4370 enim

321 4410 540 4464 homine
567 4418 837 4478 assumpto
864 4410 1187 4480 quaternitas
1216 4408 1352 4464 facta
1377 4418 1493 4476 est,
1536 4408 1631 4464 sed
1671 4408 1903 4463 Trinitas

320 4500 541 4564 mansit,
564 4501 928 4569 assumptione
945 4501 1033 4554 illa
1055 4498 1389 4555 ineii‘abiliter
1408 4497 1638 4554 faciente
1662 4515 1902 4569 personae

319 4592 482 4647 unius
537 4591 591 4646 in
637 4591 750 4646 Deo
789 4600 842 4648 et
882 4590 1094 4646 homine
1136 4591 1438 4646 veritatem.
1489 4591 1749 4657 Quoniam
1796 4605 1905 4645 non

2015 835 2156 874 mam
2203 822 2319 878 sive
2354 823 2407 877 in
2444 824 2558 894 ipsa
2601 827 2775 881 anima
2822 840 3054 886 mentem
3096 833 3440 901 rationalem,
3486 835 3599 891 sive

2012 925 2252 980 carnem,
2284 929 2388 969 non
2415 915 2483 970 de
2503 915 2696 973 femina
2719 930 3003 992 sumptam,
3031 921 3126 976 sed
3154 921 3344 980 factam
3371 925 3441 982 de
3465 925 3599 982 Ver-

2013 1003 2084 1058 bo
2113 1005 2166 1060 in
2191 1019 2408 1062 carnem
2427 1022 2688 1066 converso
2710 1021 2872 1082 atque
2898 1021 3130 1079 mutato;
3161 1030 3280 1085 quae
3298 1017 3477 1073 omnia
3497 1019 3596 1075 tria

2011 1095 2144 1152 falsa
2169 1106 2224 1154 et
2240 1113 2394 1168 vana,
2419 1099 2790 1158 haereticorum
2811 1105 3308 1174 Apollinaristarum
3333 1118 3442 1167 tres
3471 1127 3594 1182 par-

2009 1198 2090 1246 tes
2135 1191 2312 1247 varias
2332 1192 2690 1265 {diversasque
2723 1195 2966 1252 fecerunt
2997 1216 3012 1254 :
3043 1198 3138 1255 sed
3172 1199 3398 1258 dicimus
3434 1202 3594 1260 Chri-

2009 1287 2149 1334 stum
2178 1281 2344 1339 Deum
2373 1299 2576 1349 verum,
2605 1295 2785 1340 natum
2814 1286 2881 1342 de
2911 1288 3021 1343 Deo
3047 1290 3204 1348 Patre
3233 1293 3349 1349 sine
3382 1295 3491 1349 ullo
3515 1295 3597 1350 in-

2007 1369 2103 1424 itio
2127 1373 2410 1443 temporis;
2431 1375 2783 1447 eumdcmque
2803 1376 3074 1435 hominem
3096 1397 3304 1449 verum,
3327 1392 3506 1438 natum
3529 1385 3597 1442 de

2010 1462 2225 1518 homine
2263 1474 2437 1522 matre
2477 1477 2622 1522 certa
2665 1468 2991 1538 plenitudine
3016 1474 3304 1542 temporis;
3345 1489 3446 1530 nec
3481 1476 3598 1545 ejus

2007 1551 2416 1624 humanitatem,
2449 1571 2549 1626 qua
2573 1557 2750 1613 minor
2775 1569 2858 1615 est
2879 1559 3038 1617 Patre
3055 1561 3096 1626 ¹,
3125 1562 3369 1620 minuere
3396 1564 3596 1636 aliquid

2005 1642 2121 1713 ejus
2161 1644 2481 1716 divinitati’,
2525 1665 2628 1720 qua
2671 1652 2888 1722 aequalis
2933 1662 3016 1708 est
3056 1655 3222 1710 Patri.
3271 1656 3383 1713 Hoc
3417 1667 3595 1715 autem

2005 1745 2290 1808 utrumque
2319 1753 2458 1794 unus
2485 1750 2567 1796 est
2597 1740 2872 1813 Christus,
2901 1746 2994 1816 qui
3025 1755 3080 1802 et
3105 1748 3399 1804 secundum
3429 1751 3594 1807 Deum

2003 1831 2282 1887 verissime
2301 1831 2457 1899 dixit,
2489 1833 2601 1905 Ego
2628 1845 2674 1890 et
2702 1833 2861 1890 Pater
2905 1853 3064 1892 unum
3106 1857 3279 1897 sumus
3321 1840 3501 1916 (Joan.
3533 1860 3592 1910 x,

2003 1923 2094 1995 30)
2126 1933 2222 1980 :et
2267 1927 2563 1982 secundum
2603 1928 2873 1985 hominem
2913 1932 3194 1989 verissime
3238 1934 3390 1998 dixit,
3436 1934 3593 1992 Pater

2002 2016 2168 2087 major
2196 2033 2276 2071 me
2303 2027 2377 2072 est
2409 2017 2534 2090 (Id.
2559 2034 2667 2085 xlv,
2693 2019 2825 2092 28).
2871 2021 2974 2091 Qui
3015 2039 3144 2095 ergo
3184 2023 3325 2081 hunc
3361 2025 3490 2082 fecit
3523 2042 3592 2082 ex

2002 2107 2207 2163 semine
2248 2108 2413 2164 David
2461 2109 2731 2166 hominem
2771 2113 2997 2183 justum,
3026 2115 3115 2185 qui
3152 2131 3422 2187 nunquam
3451 2126 3594 2174 esset

2002 2195 2233 2267 injustus
2260 2199 2377 2255 sine
2402 2199 2511 2254 ullo
2535 2203 2729 2256 merito
2753 2203 3106 2273 prtecedentis
3129 2205 3420 2263 voluntatis
3441 2207 3588 2278 ejus;

2002 2287 2116 2358 ipse
2130 2304 2200 2344 ex
2221 2289 2436 2360 injustis
2456 2292 2582 2347 facit
2595 2292 2788 2363 justos,
2807 2295 2924 2351 sine
2944 2297 3050 2352 ullo
3070 2297 3263 2353 merito
3287 2298 3593 2368 praeceden-

2001 2382 2070 2437 tis
2093 2383 2380 2440 voluntatis
2417 2385 2676 2456 ipsorum,
2716 2396 2775 2443 ut
2810 2388 2902 2444 ille
2935 2401 3110 2461 caput,
3137 2391 3191 2447 hi
3219 2394 3457 2449 membra
3483 2395 3593 2449 sint

2000 2474 2137 2546 ejus.
2178 2476 2280 2545 Qui
2327 2492 2457 2550 ergo
2501 2478 2628 2536 fecit
2665 2481 2816 2537 illum
2860 2481 3151 2550 hominem,
3183 2481 3300 2542 Sine
3329 2487 3451 2543 ullis
3471 2488 3590 2559 ejus

1999 2567 2425 2637 prmcedentibus
2451 2570 2689 2639 meritis,
2720 2571 2925 2628 nullum
2952 2574 3092 2645 quod
3119 2575 3169 2630 ei
3193 2575 3552 2634 dimitteretur
3570 2621 3586 2644 ,

1999 2658 2082 2713 vel
2122 2660 2328 2732 origine
2365 2662 2598 2730 trahere,
2623 2663 2707 2720 vel
2732 2664 3005 2721 voluntate
3045 2678 3353 2737 perpetrare
3394 2685 3588 2739 pecca-

2002 2757 2143 2815 tum;
2195 2751 2310 2821 ipse
2345 2752 2510 2809 nullis
2554 2768 2739 2810 eorum
2782 2755 3204 2826 praecedentibus
3232 2759 3438 2814 meritis
3467 2760 3593 2815 facit

1998 2845 2281 2903 credentes
2306 2849 2359 2903 in
2389 2864 2534 2917 eum,
2561 2849 2756 2922 quibus
2794 2849 3026 2906 dimittat
3068 2867 3228 2909 omne
3264 2863 3542 2926 peceatum
3573 2870 3588 2908 :

1999 2939 2090 3010 qui
2116 2938 2244 2996 fecit
2265 2940 2416 2997 illum
2446 2942 2624 3011 talem,
2647 2951 2706 2998 ut
2725 2959 2994 3015 nunquam
3015 2945 3261 3002 habuerit
3285 2945 3592 3001 habiturus-

1999 3047 2104 3102 que
2134 3032 2206 3087 sit
2228 3034 2555 3089 voluntatem
2610 3035 2835 3102 malam;
2887 3035 3002 3106 ipse
3052 3036 3181 3092 facit
3226 3038 3280 3092 in
3333 3039 3589 3095 membris

1999 3123 2116 3194 ejus
2141 3138 2208 3180 ex
2234 3125 2372 3180 mala
2399 3125 2673 3182 voluntate
2705 3126 2921 3182 bonam.
2967 3127 3035 3182 Et
3073 3129 3223 3183 illum
3259 3144 3388 3200 ergo
3410 3138 3466 3185 et
3488 3145 3588 3186 nos

2003 3215 2424 3286 praedestinavit;
2464 3217 2586 3288 quia
2611 3225 2667 3272 et
2697 3218 2750 3272 in
2776 3217 2868 3272 illo
2895 3226 2951 3272 ut
2971 3227 3117 3274 esset
3143 3228 3303 3289 caput
3328 3229 3591 3289 nostrum,

2002 3315 2058 3362 et
2094 3308 2149 3362 in
2185 3307 2340 3363 nobis
2377 3318 2434 3363 ut
2468 3309 2585 3377 ejus
2608 3296 2803 3380 corpus
2830 3324 3094 3377 essemus,
3126 3326 3230 3366 non
3262 3327 3591 3382 precessura

2001 3398 2193 3454 merita
2220 3409 2422 3468 nostra,
2450 3400 2545 3456 sed
2570 3415 2732 3470 opera
2761 3415 2855 3456 sua
2888 3401 3060 3458 futura
3090 3403 3376 3473 praescivit.

2073 3489 2162 3545 68.
2208 3488 2306 3556 Qui
2349 3489 2531 3560 legunt
2566 3489 2702 3556 ιιιιξο,
2734 3492 2776 3545 si
2807 3491 3127 3563 intelligunt,
3149 3494 3314 3562 agant
3341 3493 3452 3548 Deo
3473 3509 3596 3564 gra-

2003 3580 2105 3634 tias
2137 3597 2151 3634 :
2179 3581 2270 3652 qui
2297 3591 2474 3636 autem
2515 3597 2621 3636 non
2659 3582 2977 3652 intelligunt,
3003 3593 3160 3638 orent
3198 3593 3255 3638 ut
3293 3598 3477 3639 eorum
3505 3583 3595 3640 ille

2003 3673 2069 3726 sit
2095 3671 2284 3727 doctor
2310 3673 2533 3728 interior
2557 3713 2572 3739 ,
2600 3689 2629 3726 a
2654 3673 2809 3742 cujus
2836 3672 2971 3729 facie
2999 3682 3082 3729 est
3107 3675 3329 3729 scientia
3354 3683 3414 3730 et
3439 3675 3596 3729 intel-

2003 3764 2173 3820 lectus
2201 3763 2382 3839 (Prov.
2406 3781 2464 3830 ιι,
2486 3782 2586 3820 sec.
2609 3765 2799 3835 LXX).
2831 3767 2932 3833 Qui
2952 3781 3079 3820 vero
3103 3782 3284 3823 errare
3307 3782 3393 3822 me
3409 3767 3592 3822 existi—

2005 3869 2172 3926 mant,
2203 3860 2362 3915 etiam
2408 3870 2566 3930 atque
2605 3861 2766 3915 etiam
2809 3860 3092 3931 diligenter
3128 3879 3248 3932 qua:
3286 3871 3414 3917 sunt
3455 3863 3594 3918 dicta

2005 3951 2364 4017 considerent,
2392 3966 2460 4006 ne
2482 3951 2721 4007 fortassis
2752 3953 2852 4022 ipsi
2879 3963 3080 4008 errent.
3129 3953 3240 4023 Ego
3264 3965 3442 4009 autem
3471 3969 3595 4009 cum

2007 4058 2104 4113 per
2132 4056 2227 4098 eos
2260 4043 2348 4112 qui
2379 4057 2527 4099 meos
2552 4043 2765 4100 labores
2790 4041 2992 4115 legunt,
3024 4058 3132 4099 non
3159 4045 3332 4098 solum
3359 4043 3590 4111 doctior,

2007 4149 2192 4190 verum
2237 4134 2398 4189 etiam
2435 4134 2768 4190 emendatior
2805 4138 2895 4201 fio,
2930 4135 3216 4206 propitium
3257 4135 3389 4190 mihi
3427 4135 3594 4190 Deum

2007 4241 2279 4298 agnosco:
2306 4236 2362 4283 et
2399 4226 2502 4283 hoc
2544 4243 2640 4298 per
2679 4227 2937 4284 Ecclesiae
2961 4228 3210 4284 doctores
3237 4229 3467 4284 maxime
3494 4244 3593 4285 ex-

2009 4326 2218 4387 specto;
2259 4317 2306 4372 si
2347 4328 2405 4380 et
2440 4319 2495 4374 in
2534 4319 2770 4389 ipsorum
2798 4335 2986 4375 manus
3011 4321 3172 4386 venit,
3202 4320 3594 4391 dignanturque

2010 4424 2170 4465 nosse
2197 4410 2340 4480 quod
2359 4409 2556 4466 scribo.

2075 4541 2094 4612 ξ
2126 4547 2306 4612 9³³99⁸
2477 4553 2575 4612 9!?
2593 4545 2750 4612 MV
2768 4549 2840 4594 ⁸⁸
2861 4547 3023 4594 "‘9'-

2073 4603 2095 4634 ³
2126 4601 2200 4652 sic
2220 4609 2328 4652 Mss.
2347 4601 2824 4662 Edim-divinitatem.

1100 4780 1435 4837 FULGBNTIUS
1459 4779 1513 4835 in
1534 4779 1638 4835 fine
1665 4779 1784 4834 libri
1813 4779 1881 4835 de
1910 4777 2278 4836 lncarnatione
2297 4789 2351 4836 et
2374 4779 2557 4837 Gratia
2583 4782 2646 4836 D.
2665 4781 2732 4837 N.
2761 4781 2814 4838 ⁴1.

392 4897 534 4952 Deus
561 4896 654 4967 qui
683 4895 956 4951 hominem
981 4894 1240 4962 condidit,
1269 4897 1383 4965 ipse
1404 4892 1873 4965 prmdestinatione
1891 4907 1986 4947 sua
2006 4902 2060 4948 et
2077 4892 2277 4948 donum
2297 4893 2698 4951 illuminationis
2718 4895 2787 4952 ad
2808 4895 3156 4964 credendum,
3185 4908 3237 4952 et
3258 4899 3456 4954 donum
3478 4915 3598 4970 per-

325 4990 640 5045 severanti-ah
668 4987 734 5042 ad
771 4987 1154 5057 proficiendum
1180 4998 1340 5058 atque
1368 4985 1810 5058 permanendum,
1840 4994 1894 5041 et
1922 4985 2119 5041 donum
2139 4985 2540 5057 glorificationis
2561 4988 2627 5042 ad
2656 4988 3002 5060 regnandum,
3033 4989 3224 5058 quibus
3251 4992 3382 5046 dare
3413 4993 3594 5057 voluit,

326 5081 678 5152 praeparavit:
710 5082 908 5152 quippe
938 5098 1043 5135 non
1071 5081 1226 5136 aliter
1251 5081 1457 5151 perficit
1484 5082 1538 5136 in
1565 5097 1727 5149 opere
1746 5123 1761 5150 ,
1791 5096 1952 5153 quam
1980 5082 2032 5136 in
2061 5095 2158 5137 sua
2183 5083 2502 5152 sempiterna
2535 5091 2696 5152 atque
2720 5082 3135 5138 incommutabili
3178 5084 3336 5140 habet
3376 5087 3601 5155 disposi-

329 5179 442 5224 tum
472 5171 755 5226 voluntate.
791 5171 957 5240 Cujus
981 5171 1460 5241 praedestinationis
1483 5172 1781 5238 veritatem,
1811 5188 1914 5243 qua
1937 5186 2035 5228 nos
2058 5181 2182 5228 ante
2205 5173 2386 5229 mundi
2415 5173 2847 5230 constitutionem
2877 5174 3277 5244 pmdestinatos
3307 5178 3358 5231 in
3384 5177 3597 5234 Christo

329 5273 552 5320 testatur
581 5266 878 5335 Apostolus,
907 5267 952 5321 si
977 5265 1096 5336 quis
1121 5265 1381 5321 detrectat
1404 5265 1580 5321 cordis
1606 5267 1917 5322 credulitate
1942 5266 2182 5336 recipere
2200 5309 2216 5334 ,
2252 5267 2334 5323 vel
2359 5269 2468 5323 oris
2493 5268 2826 5324 confessione
2854 5269 3110 5338 proferre,
3138 5270 3182 5323 si
3209 5280 3330 5326 ante
3359 5272 3596 5328 ultimum
3629 5322 3633 5326 .

326 5357 473 5412 diem
499 5355 620 5410 vitae
648 5357 924 5428 praesentis
949 5399 965 5424 ,
996 5357 1283 5427 impietatis
1311 5372 1420 5412 sua:
1443 5357 1851 5425 contumaciam,
1879 5373 1980 5428 qua
2009 5357 2122 5414 Deo
2147 5360 2268 5414 vivo
2295 5369 2349 5415 et
2371 5375 2502 5415 vero
2526 5361 2742 5417 rebellis
2771 5361 2998 5426 obsistit,
3021 5377 3126 5416 non
3155 5363 3436 5430 abjecerit;
3486 5379 3598 5418 ma-

326 5449 580 5504 nifestum
624 5459 706 5504 est
738 5464 859 5505 eum
898 5464 1004 5506 non
1037 5450 1307 5519 pertinere
1329 5448 1396 5504 ad
1425 5464 1609 5505 eorum
1641 5465 1942 5510 numerum.
1974 5465 2108 5520 quos
2139 5451 2279 5506 Deus
2303 5451 2360 5505 in
2384 5451 2596 5506 Christo
2619 5460 2743 5506 ante
2765 5451 2945 5506 mundi
2973 5453 3399 5508 constitutionem
3437 5457 3599 5523 gratis

323 5544 487 5614 elegit
524 5553 578 5599 et
627 5543 1025 5614 praedestinavit
1065 5542 1132 5598 ad
1173 5557 1412 5613 regnum.
1465 5543 1577 5598 Pro'
1606 5543 1796 5614 quibus
1843 5553 2020 5599 tamen
2066 5557 2166 5599 nec
2205 5543 2376 5598 oratio
2413 5542 2648 5598 fidelium
2693 5543 2853 5598 debet
2898 5543 3179 5610 desistere,
3225 5558 3326 5598 nec
3367 5544 3600 5599 charitas

322 5637 609 5706 aliquando
651 5647 898 5707 torpere;
951 5645 1009 5692 ut
1055 5636 1197 5691 Dens
1246 5638 1324 5690 eis
1360 5636 1582 5704 gratiam
1624 5651 1736 5690 suae
1777 5635 2178 5690 illuminationis
2217 5635 2399 5700 donet,
2450 5651 2546 5706 per
2587 5650 2747 5705 quam
2787 5635 2838 5688 in
2887 5635 3015 5704 ipsis
3053 5648 3234 5688 semen
3272 5634 3436 5690 divini
3485 5650 3605 5691 ser.

326 5731 504 5788 monis
530 5731 636 5787 frut
649 5731 834 5799 tificet,
868 5731 960 5802 qui
987 5730 1183 5785 frustra
1213 5729 1565 5784 exterioribus
1589 5727 1806 5786 auribus
1834 5738 2007 5795 sonat,
2031 5727 2136 5784 nisi
2163 5727 2304 5784 Deus
2329 5727 2587 5799 spirituali
2618 5742 2837 5783 munere
2861 5725 3098 5782 auditum
3124 5725 3356 5782 hominis
3376 5727 3599 5787 interio-

323 5821 404 5880 ris
428 5823 649 5896 aperiat.

283 5931 322 5991 τε
565 5910 795 5980 ΒΜ.
830 5919 1108 5982 Αυθυδτ.
1151 5913 1234 5976 Χ.
1322 5947 1330 5954 ~
1597 5964 1603 5968 .
1642 5988 1646 5992 ι
1859 5973 1878 5986 __
1923 5973 1934 5986 ,
2233 5975 2242 5987 ,
2384 5981 2390 5988 _
2456 5969 2458 5971 .
2729 5909 3245 5994 {Troius-troia.)
