4102 6476
627 317 769 374 1050
1625 311 1997 368 ADMONITIO
2036 310 2100 364 IN
2139 311 2247 366 OPI

2281 311 2316 368 S
2353 309 2842 366 IMPEHFECTUM
3779 315 3901 372 1010

621 422 1109 495 plariCorbeiensi,
1142 421 1343 476 nullum
1367 422 1432 476 de
1471 421 1664 476 Juliani
1717 424 2024 493 episcopatu
2061 424 2282 477 verbum
2315 423 2554 492 reperiri.
2587 421 2678 478 Sic
2703 437 2865 492 porro
2893 421 3054 477 etiam
3097 421 3342 491 Prosperi
3394 421 3668 480 editiones
3715 441 3894 486 recen-

622 517 814 582 tiores,
855 530 952 586 pro
977 513 1326 576 Atellanensi,
1361 513 1712 567 Eclanensem
1732 529 1798 569 ex
1827 516 2068 572 melioris
2099 526 2238 569 notae
2279 515 2654 584 manuscriptis
2687 513 3034 570 substituunt.
3071 514 3239 582 Quam
3265 514 3476 584 quidem
3509 518 3892 578 correctionem

625 607 758 665 nihil
785 613 1018 660 moratus
1040 602 1227 658 Petrus
1255 602 1566 658 Franciscus
1592 601 1909 668 Chiffletius,
1939 605 2162 673 primam
2191 603 2440 674 Prosperi
2466 604 2750 659 lectionem
2779 604 2881 659 alia
2907 606 3168 673 potiorem
3189 621 3330 670 esse,
3365 620 3430 662 ac
3457 622 3590 664 vere
3635 607 3888 670 Julianum

623 697 835 762 Atellae,
867 709 985 764 quae
1015 694 1067 748 in
1094 693 1311 749 urbibus
1331 695 1635 764 Campaniae
1663 693 1790 748 olim
1817 693 2206 758 celebrabatur,
2239 701 2295 748 et
2345 708 2377 748 e
2410 695 2559 763 cujus
2588 695 2758 748 ruinis
2813 695 3012 750 Aversa
3059 696 3397 765 postmodum
3449 698 3591 753 inter
3625 697 3884 770 Neapolim

621 787 962 860 Capuamque
981 785 1208 840 excitata
1234 795 1335 850 est,
1359 786 1540 841 sedem
1563 785 1796 840 tenuisse
1823 783 1990 838 voluit
2009 783 2028 854 (
2047 784 2340 854 Cliiﬂietius,
2369 785 2422 838 in
2453 783 2675 839 Paulino
2700 785 2860 839 illusi.
2909 796 3054 856 parte
3075 785 3132 851 2,
3165 803 3281 858 cap.
3312 785 3450 858 29).
3479 789 3548 842 At
3587 799 3887 848 controver-

623 879 759 934 siam
785 876 987 932 decidit
1015 876 1212 930 Marius
1247 877 1509 931 Mercator
1539 877 1734 931 Juliani
1761 877 1978 946 aequalis
2004 885 2058 930 et
2085 875 2326 941 aemulus,
2353 876 2575 946 ejusque
2603 876 2838 947 gentilis,
2869 876 2998 932 dum
3021 878 3199 952 verbis
3229 880 3504 949 conceptis
3553 882 3734 950 ipsum
3779 885 3893 940 alias

622 969 930 1040 episcopum
956 967 1328 1034 Eclanensem,
1357 967 1486 1020 alias
1509 968 1884 1037 exepiscOpum
1905 965 2083 1035 oppidi
2119 967 2433 1022 Eclanensis
2457 974 2616 1021 vocat
2662 965 2856 1039 (Infra,
2883 967 3121 1040 Append.
3153 981 3298 1041 parte
3319 969 3377 1042 2)
3409 987 3424 1025 :
3454 986 3564 1042 quo
3603 987 3728 1026 cum
3769 974 3890 1032 Mcr-

622 1069 804 1118 catore
830 1059 1047 1116 Petrum
1075 1059 1380 1124 diaconum,
1407 1057 1701 1126 Gelasium,
1735 1073 1797 1113 ac
1817 1058 2038 1124 Bedam,
2064 1075 2167 1114 una
2191 1067 2390 1114 mutata
2415 1058 2500 1113 vel
2531 1060 2854 1130 transposita
2884 1061 3062 1116 littera
3097 1062 3406 1131 conciliare,
3449 1079 3560 1119 non
3608 1064 3683 1120 ita
3732 1082 3890 1139 magni

619 1151 817 1224 negotii
849 1151 1026 1208 fuerit.

691 1244 884 1302 Istluec
905 1253 1082 1299 autem
1111 1244 1298 1299 civitas
1327 1243 1592 1315 quondam
1619 1244 1759 1300 clara
1779 1285 1793 1308 ,
1827 1258 1968 1300 nunc
1991 1244 2157 1299 ruinis
2187 1244 2298 1299 suis
2331 1245 2572 1314 sepulta,
2601 1245 2830 1315 antiquis
2857 1245 3152 1302 Eculanum
3183 1247 3586 1304 sive'Eclanum
3631 1250 3776 1307 dicta
3804 1266 3888 1310 est.

569 1362 576 1390 l
620 1337 800 1395 Posita
825 1346 940 1393 erat
964 1338 1015 1391 in
1049 1336 1282 1406 Hirpinis
1311 1337 1364 1390 in
1403 1337 1641 1392 nlteriori
1669 1337 1972 1406 principatu
1993 1379 2006 1402 ,
2039 1354 2068 1392 a
2097 1337 2404 1392 Benevento
2443 1335 2748 1408 quindecim
2778 1337 3012 1392 millibus
3035 1339 3240 1394 distans
3259 1381 3275 1407 ,
3303 1356 3490 1397 versus
3517 1341 3882 1400 Euro-notum.

564 1439 579 1505 ί
621 1428 760 1485 Sunt
781 1428 872 1499 qui
898 1435 1082 1497 putent
1102 1427 1342 1482 eamdem
1369 1435 1552 1496 postea
1579 1427 2042 1496 Quintodecimum
2073 1428 2412 1498 appellatam,
2441 1443 2652 1484 necnon
2679 1437 2856 1485 nostra
2890 1429 2990 1486 hac
3019 1434 3274 1488 memoria
3301 1433 3420 1503 ejus
3443 1434 3646 1489 rudera
3667 1439 3888 1505 qtundam

622 1473 760 1485 ω...-
782 1473 872 1499 Ὶ...
899 1473 1082 1497 νων..-
1105 1473 1342 1482 mn".--
1373 1473 1552 1496 ..υ---κ
1584 1473 2042 1496 ,ιν-.-.-...ν--......-.
2073 1473 2412 1498 Ἵππη--..πη
2442 1473 2652 1484 ..-ν-..η-
2680 1473 2856 1485 ..ν.,....
2890 1473 2990 1486 ...ω
3019 1473 3274 1488 ...ν-...πω
3301 1473 3420 1503 ηπ
3445 1473 3646 1489 μων...
3668 1473 3680 1488 .
3708 1473 3886 1494 ηψπ...

531 1473 579 1536 J
622 1535 688 1576 ac
713 1520 1002 1590 parietinas
1029 1533 1191 1588 prope
1217 1518 1540 1572 Mirabellam
1561 1519 1817 1590 conspici.
1843 1519 2172 1588 Episcopalis
2197 1519 2353 1575 sedes
2377 1518 2576 1574 Eclano
2599 1518 2978 1590 Frequentum,
3011 1521 3187 1577 italice
3213 1521 3479 1594 Frigento.
3509 1541 3613 1579 seu
3643 1473 3886 1595 F'ricem,

533 1647 544 1674 ρ
625 1613 880 1669 translata
906 1613 1021 1666 fuit.
1053 1611 1408 1681 Frequentum
1439 1627 1568 1666 vero
1597 1612 1748 1665 nonis
1789 1613 1941 1666 maiis
1969 1611 2092 1665 anni
2133 1626 2292 1682 supra
2321 1611 2660 1666 millesimum
2703 1612 3212 1682 quadringentesimi
3243 1616 3568 1685 sexagesimi
3615 1618 3782 1686 quinti
3807 1633 3884 1675 aut

623 1706 760 1762 sexti
789 1705 1114 1760 Abellinensi
1141 1704 1471 1772 episcopatui
1499 1703 1837 1772 conjunctum
1868 1713 1967 1758 est.
2001 1703 2293 1774 Hegionem
2323 1703 2461 1758 hanc
2488 1703 2700 1758 tradunt
2727 1704 2994 1774 quondam
3021 1705 3226 1774 Apuliae
3253 1706 3510 1762 limitibus
3539 1709 3884 1779 comprehen-

622 1811 738 1852 sam
765 1795 946 1863 fuisse,
966 1803 1018 1849 at
1036 1809 1161 1850 vero
1185 1795 1489 1864 Campanim
1516 1795 1805 1851 accessisse
1820 1795 1932 1866 jam
1956 1795 2078 1850 inde
2103 1796 2169 1850 ab
2190 1795 2406 1866 Adriani
2428 1796 2955 1866 temporibusUVoris
2972 1839 2986 1862 ,
3014 1796 3258 1853 Historia:
3287 1799 3466 1870 Pelag.
3485 1801 3891 1874 lib.i,cup.18).

693 1889 1010 1945 Parentibus
1033 1887 1326 1943 demortuis
1352 1887 1514 1959 (quod
1544 1903 1776 1958 quonam
1801 1903 1942 1942 anno
1966 1888 2273 1958 contigerit,
2305 1889 2542 1944 invenire
2571 1889 2816 1960 nuspiam
2841 1889 2984 1960 fuit),
3013 1889 3254 1946 Julianus
3278 1891 3502 1947 duarum
3531 1907 3780 1948 sororum
3809 1911 3890 1950 ca-

620 1997 734 2036 ram
759 1995 882 2036 cum
908 1980 1265 2049 suscepisset,
1296 1995 1360 2034 eo
1387 1995 1610 2034 munere
1635 1995 1733 2035 nec
1759 1979 1858 2034 sibi
1882 1995 1980 2036 nec
2009 1980 2112 2035 illis
2143 1979 2434 2037 honorifice
2463 1981 2770 2051 perfunctus
2794 1993 2896 2038 est.
2929 2002 2949 2034 ι
2977 1982 3261 2052 Novimus,
3293 1988 3544 2042 novimus
3562 2028 3578 2054 ,
3611 2006 3632 2040 ι
3667 1988 3740 2042 ait
3767 1989 3888 2046 Mer-

619 2082 804 2138 cator,
844 2089 864 2124 t
896 2071 1020 2142 quid
1051 2071 1146 2126 tibi
1177 2086 1279 2125 una
1304 2085 1521 2134 earum,
1549 2086 1668 2126 cum
1691 2079 1748 2125 tu
1773 2071 1928 2124 nimis
1959 2085 2177 2125 severus
2206 2070 2260 2126 in
2283 2072 2398 2141 ejus
2425 2071 2646 2128 ruinam.
2667 2073 2884 2142 pudoris
2909 2074 3248 2145 insnrgeres,
3278 2075 3562 2147 obiecerit,
3595 2077 3682 2132 vel
3711 2093 3888 2149 expro.

617 2163 891 2230 hraverit;
920 2172 1080 2234 atque
1109 2171 1164 2218 tu
1194 2171 1372 2218 mutus
1403 2162 1542 2216 illico
1568 2178 1674 2218 non
1693 2177 1852 2217 ausus
1877 2177 1936 2216 es
1967 2161 2188 2216 ulterius
2216 2177 2456 2218 censurae
2482 2171 2586 2218 tum
2615 2163 2750 2220 ullas
2771 2163 2940 2220 dolori
2971 2165 3088 2234 ejus
3113 2165 3314 2222 inferre
3339 2167 3620 2222 molestias
3655 2187 3674 2222 ›
3715 2167 3889 2241 (Infra,

617 2253 858 2328 Append.
907 2264 1051 2326 parte
1093 2254 1188 2326 2).
1242 2253 1446 2324 Nempe
1497 2253 1620 2309 lidei
1669 2253 2068 2323 corruptionem
2121 2253 2376 2308 continuo
2429 2269 2676 2321 morum,
2726 2262 2784 2308 ut
2843 2254 3014 2320 solet,
3061 2255 3116 2309 in
3153 2255 3364 2312 Juliano
3403 2268 3596 2313 secuta
3647 2264 3896 2330 corruptio

621 2355 724 2402 est.

691 2437 809 2506 Quo
831 2436 922 2493 ille
946 2445 1186 2506 tempore
1209 2436 1354 2491 virus
1379 2435 1676 2506 Pelagiana:
1700 2434 1969 2490 hrereseos
1994 2449 2188 2505 sugere
2213 2437 2457 2504 cceperit,
2481 2435 2698 2492 minime
2711 2447 3068 2508 compertum.
3091 2437 3232 2496 Beda
3257 2439 3474 2496 doctum
3500 2457 3634 2497 eum
3655 2459 3684 2496 a
3707 2442 3898 2516 Pelagio

625 2547 650 2584 ε
687 2529 963 2600 puerulum
992 2547 1011 2581 ι
1039 2528 1234 2595 adhuc,
1263 2537 1318 2583 et
1339 2528 1406 2583 ab
1434 2527 1549 2598 ipso
1579 2545 1599 2578 ι
1631 2526 1779 2597 quasi
1805 2526 1857 2580 in
1887 2541 2112 2580 caverna
2143 2525 2345 2582 colubri
2373 2527 2638 2597 regulum,
2669 2546 2688 2580 ›
2719 2543 2838 2582 cum
2866 2545 3005 2584 anno
3028 2529 3224 2585 Christi
3256 2527 3786 2604 quadringentesimo
3813 2535 3894 2591 de-

621 2623 766 2678 cimo
807 2621 997 2692 quinto
1021 2619 1258 2690 dialogos
1301 2633 1426 2674 suos
1470 2618 1730 2673 adversus
1757 2616 2072 2687 Pelagianos
2101 2616 2453 2688 Hieronymus
2483 2616 2708 2683 edebat,
2755 2620 3012 2674 nutritum
3051 2635 3175 2676 esse
3213 2621 3398 2676 scribit
3421 2621 3639 2695 (Ibid)
3673 2623 3778 2680 Sed
3795 2624 3895 2681 hate

626 2715 787 2771 Beda:
813 2713 974 2770 verba
1009 2713 1054 2767 si
1082 2727 1265 2782 presse
1291 2720 1451 2782 atque
1479 2711 1545 2764 ad
1576 2710 1756 2778 apices
1782 2709 2095 2777 exposueris
2113 2751 2129 2776 ,
2159 2709 2315 2778 plane
2345 2708 2478 2764 falsa
2501 2710 2740 2780 reperies
2771 2728 2786 2765 :
2832 2711 3094 2782 siquidem
3125 2711 3293 2768 multo
3331 2722 3456 2770 ante
3483 2730 3692 2770 annum
3721 2716 3896 2770 Christi

620 2805 1198 2877 quadringentesimum
1225 2801 1488 2856 decimum
1505 2801 1744 2872 quintum
1761 2797 2003 2854 Julianus
2023 2799 2268 2869 pueritia:
2287 2814 2457 2854 annos
2482 2809 2787 2855 excesserat
2807 2817 2821 2866 ;
2847 2815 3020 2872 neque
3042 2803 3332 2860 verisimile
3351 2813 3454 2862 est.
3477 2821 3634 2870 eum,
3655 2806 3754 2860 nisi
3778 2805 3896 2861 forte

618 2901 761 2958 idem
783 2903 896 2970 ipse
914 2903 982 2955 sit
1002 2901 1090 2972 qui
1112 2899 1384 2954 Annianus
1401 2897 1858 2968 pseudodiaconus
1877 2893 2183 2951 Celedensis
2198 2894 2266 2949 ab
2285 2895 2606 2966 Hieronymo
2626 2905 2864 2960 vocatur,
2891 2907 3014 2954 tunc
3033 2899 3286 2968 temporis
3305 2899 3356 2955 in
3375 2899 3686 2966 Palaestina,
3705 2901 3790 2956 ubi
3811 2900 3895 2956 Pe-

618 2992 788 3064 lagius
808 2993 908 3047 hoc
922 3006 1063 3046 anno
1084 2989 1326 3058 degebat,
1349 2989 1634 3044 exstitisse.
1651 2989 1720 3041 At
1733 2986 1901 3055 potuit
1919 2994 2097 3040 mutua
2119 2985 2292 3055 aliqua
2316 2985 2455 3040 inter
2471 3001 2566 3040 eos
2580 2987 2812 3056 cognitio
2827 2986 3012 3042 Romae
3029 2990 3174 3043 nasci
3193 3001 3318 3046 ante
3337 3007 3533 3046 annum
3553 2992 3894 3062 quadringen-

621 3084 868 3140 tesimum
885 3089 1154 3146 octavum,
1172 3091 1262 3134 aut
1281 3077 1856 3149 quadringentesimum
1874 3075 2159 3141 decimum,
2180 3091 2286 3146 quo
2305 3090 2447 3130 anno
2466 3076 2629 3132 exivit
2647 3093 2712 3132 ex
2729 3076 2872 3134 Urbe
2889 3078 3150 3149 Pelagius.
3173 3081 3349 3151 Atque
3369 3083 3508 3138 idem
3532 3083 3653 3154 ipse
3675 3083 3894 3140 Julianus

617 3171 758 3228 forte
779 3188 882 3226 non
905 3171 1169 3226 immerito
1189 3169 1494 3224 censebitur
1512 3183 1576 3223 ex
1599 3167 1701 3221 illis
1723 3165 1906 3231 fuisse,
1927 3167 1994 3221 de
2011 3166 2203 3236 quibus
2225 3181 2366 3220 anno
2381 3166 2575 3222 Christi
2592 3167 3111 3240 quadringentesimo
3131 3171 3340 3228 decimo
3359 3176 3614 3244 septimo,
3639 3177 3812 3232 statim
3833 3177 3890 3231 ab

619 3263 910 3320 Innocentii
927 3278 1077 3334 papae
1094 3261 1259 3326 obitu,
1280 3261 1606 3332 Augustinus
1625 3257 1692 3313 ad
1711 3255 1990 3313 Paulinum
2012 3257 2258 3326 scripsit;
2281 3257 2477 3328 quique
2492 3257 2734 3314 dicebant
2749 3261 2907 3314 citius
2926 3276 2984 3316 se
3003 3261 3304 3318 defecturos
3321 3279 3354 3318 a
3371 3264 3608 3337 Pelagio,
3627 3282 3784 3337 quam
3803 3266 3894 3320 ori-

618 3357 794 3428 ginale
815 3363 1088 3426 peccatum
1107 3353 1407 3424 agnituros:
1435 3365 1734 3421 quanquam
1756 3365 1820 3404 ex
1842 3347 2054 3404 civitate
2072 3347 2286 3402 Nolensi
2305 3363 2423 3404 esse
2439 3347 2540 3404 hos
2557 3349 2853 3418 Augustino
2874 3352 3168 3406 nuntiatum
3189 3361 3333 3410 esset
3353 3351 3546 3427 (Epist.
3573 3357 3700 3422 186,
3719 3375 3770 3412 n.
3790 3355 3890 3429 29).

619 3449 760 3504 Dicit
782 3449 886 3503 alio
909 3447 1028 3502 loco
1051 3455 1266 3500 sanctus
1293 3445 1486 3498 Doctor
1510 3441 1800 3504 Julianum,
1828 3441 1874 3495 si
1899 3441 2153 3495 Romanae
2181 3439 2437 3496 Ecclesiae
2465 3440 2836 3509 praesidentem
2859 3443 3068 3497 beatum
3095 3443 3462 3502 Innocentium
3489 3447 3677 3503 audire
3705 3448 3889 3502 voluis-

619 3551 732 3610 set,
753 3539 864 3611 jatn
892 3549 1016 3594 tunc
1047 3537 1395 3608 periculosam
1425 3533 1750 3606 juventutem
1778 3547 1926 3588 suam
1967 3531 2266 3602 Pelagianis
2295 3531 2498 3602 laqueis
2527 3531 2899 3602 expediturum
2929 3531 3095 3590 fuisse
3123 3533 3356 3606 (Supra,
3387 3545 3568 3592 contra
3592 3537 3857 3592 Julianum
3878 3579 3890 3603 ,

621 3633 711 3689 lib.
739 3634 796 3700 1,
822 3648 875 3686 η.
905 3629 1016 3702 15).
1043 3629 1200 3694 Eum,
1228 3625 1406 3698 quoad
1427 3631 1752 3680 memoratus
1771 3623 2008 3693 pontifex
2033 3622 2185 3689 vixit,
2207 3621 2523 3676 catholicam
2546 3623 2864 3678 sententiam
2889 3624 3172 3680 retinuisse
3199 3634 3425 3682 testatur
3453 3627 3719 3684 Mercator
3744 3646 3756 3682 :
3789 3644 3892 3698 qua:

615 3742 708 3784 res
729 3741 797 3783 eo
820 3723 1102 3781 commode
1127 3729 1302 3793 potest
1325 3719 1512 3776 referri
1532 3757 1550 3786 ,
1587 3716 1729 3788 quod
1755 3717 1895 3772 idem
1933 3725 2120 3773 auctor
2147 3716 2336 3770 eodem
2365 3715 2482 3770 loco
2526 3715 2688 3782 dicit,
2719 3715 2986 3772 Julianum
3013 3733 3041 3770 a
3071 3717 3446 3774 communione
3483 3719 3804 3788 Innocentii,
3835 3735 3894 3775 nc

615 3816 882 3874 damnatis
903 3813 1118 3885 quidem
1147 3811 1364 3883 Pelagio
1391 3821 1448 3866 et
1473 3807 1730 3865 leestio
1755 3808 2074 3872 recessisse,
2101 3805 2197 3861 sed
2225 3805 2323 3875 ipsi
2355 3821 2542 3860 eorum
2573 3805 2868 3861 damnatori
2899 3823 3067 3878 usque
3102 3807 3166 3862 ad
3193 3809 3309 3878 ejus
3335 3821 3558 3865 mortem
3593 3813 3893 3868 communi-

615 3922 770 3965 casse
799 3905 1005 3979 (Infra,
1035 3903 1270 3974 Appena.
1302 3909 1445 3972 parte
1469 3899 1553 3971 2).
1576 3897 1684 3957 Sed
1707 3913 1830 3953 eum
1857 3907 2036 3952 tamen
2061 3897 2348 3966 superstite
2374 3895 2548 3951 adhuc
2575 3895 2887 3952 Innocentio
2913 3897 3160 3953 hrercsim
3190 3901 3492 3970 amplexum
3521 3917 3662 3968 esse,
3687 3903 3894 3973 liquido

616 3999 854 4058 declarat
877 3995 1204 4067 Augustinus
1241 3993 1346 4047 illis
1375 3991 1505 4061 ipsis
1531 3989 1710 4046 verbis
1735 4007 1748 4042 :
1793 4007 1812 4042 ι
1851 3987 1968 4044 Jam
1995 3997 2119 4042 tunc
2148 3985 2502 4056 periculosam
2526 3985 2858 4057 juventutem
2891 3997 3031 4042 tuam
3059 3988 3355 4060 Pelagianis
3384 3990 3588 4061 laqueis
3605 3993 3889 4050 exuissesi

619 4092 641 4166 (
670 4091 876 4164 Supra,
907 4097 1084 4143 contra
1105 4084 1374 4140 Julianum
1396 4125 1409 4151 ,
1443 4083 1531 4138 lib.
1559 4083 1612 4148 1,
1641 4099 1694 4136 η.
1723 4081 1791 4136 15
1817 4080 1859 4152 ).
1895 4079 2124 4134 Narrant
2149 4079 2315 4148 ipsius
2339 4079 2621 4149 quemdam
2651 4079 3061 4149 paralogismum
3081 4121 3095 4144 ,
3123 4093 3230 4149 quo
3259 4081 3440 4135 Romae
3465 4097 3588 4137 cum
3617 4085 3892 4156 praecipuis

613 4183 864 4242 factionis
891 4180 1114 4237 ducibus
1141 4192 1322 4247 agens,
1351 4191 1382 4230 a
1405 4173 1710 4230 rudioribus
1733 4171 2022 4227 conabatur
2047 4179 2388 4239 extorquere,
2421 4177 2479 4224 ut
2505 4169 2724 4240 originis
2751 4169 2961 4239 culpam
2993 4185 3198 4226 merum
3225 4181 3588 4228 commentum
3616 4189 3738 4230 csse
3767 4175 3888 4231 fate-

615 4283 804 4332 rentur
831 4271 1036 4346 (Infra,
1077 4269 1310 4340 Append.
1355 4275 1496 4338 parte
1520 4264 1612 4336 2);
1657 4263 1821 4334 quod,
1858 4261 2081 4317 Joannis
2119 4259 2364 4316 Garnerii
2403 4259 2636 4330 judicio,
2681 4259 2734 4314 in
2771 4275 2968 4314 annum
3009 4260 3591 4332 quadringentesimum
3633 4265 3886 4320 decimum

617 4367 902 4438 septimum
943 4360 1204 4432 quadrare
1229 4365 1408 4432 potest
1443 4355 1741 4430 (Carnarius
1761 4396 1776 4420 ,
1805 4355 1858 4408 in
1901 4351 2114 4406 Mercat.
2157 4351 2359 4407 dissert.
2389 4353 2416 4407 1
2441 4393 2456 4418 ,
2485 4367 2604 4424 cap.
2637 4351 2698 4418 6,
2732 4351 2793 4406 de
2829 4349 3090 4426 Juliano).
3131 4353 3186 4408 Si
3223 4353 3557 4412 deﬁnitiones
3585 4357 3737 4416 illas.
3768 4373 3885 4428 quas

615 4459 754 4516 libro
781 4457 850 4522 de
873 4453 1208 4510 Perfectione
1233 4450 1452 4520 iustitiae
1481 4447 1714 4502 hominis
1737 4445 1927 4501 refellit
1955 4443 2298 4513 Augustinus,
2335 4441 2508 4498 eidem
2535 4458 2655 4508 nos,
2687 4443 2762 4497 uti
2785 4443 3076 4499 Carnerius
3101 4453 3319 4512 censet,
3353 4446 3587 4501 tribuere
3617 4456 3880 4518 oporteat;

615 4551 837 4608 dubium
865 4565 970 4604 non
998 4547 1102 4602 erit
1125 4545 1251 4615 quin
1274 4543 1384 4613 jam
1411 4541 1535 4596 inde
1561 4540 1628 4595 ab
1653 4555 1794 4592 anno
1823 4536 2344 4608 quadringentesimo
2369 4534 2580 4590 decimo
2605 4535 2791 4605 quinto
2817 4537 3085 4606 perfectus
3126 4537 3284 4593 fuerit
3315 4537 3646 4607 Pelagianns.
3683 4539 3810 4593 Illud
3838 4540 3880 4592 in

565 4616 578 4710 ξ
615 4643 864 4700 confesso
887 4647 998 4704 est,
1027 4635 1292 4693 damnatis
1330 4649 1360 4687 a
1387 4632 1602 4686 Zosimo
1629 4645 1762 4700 papa
1789 4643 1930 4682 anno
1967 4626 2490 4698 quadringentesimo
2515 4625 2724 4681 decimo
2767 4635 2956 4681 octavo
2985 4625 3283 4696 Pelagianis
3309 4668 3323 4694 ,
3355 4627 3600 4686 eumdem
3628 4629 3878 4684 Julianum

617 4732 952 4789 subscribere
977 4725 1300 4797 pontificiam
1327 4723 1644 4776 sententiam
1675 4713 1940 4782 noluisse,
1969 4727 2128 4787 atque
2161 4717 2230 4771 ob
2259 4731 2376 4770 eam
2403 4731 2516 4770 rem
2553 4716 2620 4772 ab
2647 4716 2740 4771 illo
2767 4716 3024 4787 dignitate
3049 4717 3334 4786 Spoliatum
3363 4717 3548 4787 fuisse,
3573 4728 3630 4775 et
3654 4737 3718 4776 ex
3749 4717 3880 4774 Italia

561 4801 568 4818 ’
619 4825 847 4896 ejectum
875 4818 1052 4890 (Infra
1071 4857 1086 4883 ,
1113 4815 1346 4885 Append.
1377 4823 1518 4882 parte
1541 4812 1618 4884 2).
1651 4811 1781 4866 Huic
1807 4810 1904 4880 ipsi
1935 4808 2168 4880 pontiﬁci
2201 4807 2350 4861 binas
2373 4821 2534 4876 super
2553 4807 2938 4877 quaestionibus
2965 4806 3036 4862 de
3055 4809 3227 4878 gratia
3253 4807 3508 4872 epistolas
3533 4809 3748 4866 dedisse
3771 4823 3877 4864 eum

617 4915 913 4986 reperimus
938 4909 1146 4984 (Infra,
1181 4906 1364 4978 Operi:
1390 4905 1595 4974 imper)“.
1624 4902 1711 4957 lib.
1747 4904 1798 4967 1,
1829 4919 1945 4972 cap.
1973 4899 2088 4970 18).

689 5011 1042 5080 Hieronymus
1081 5007 1378 5080 Vignierius
1419 5005 1603 5075 primis
1628 5001 1954 5072 temporibus
1993 4998 2260 5054 haereseos
2297 4995 2488 5054 Juliani
2517 4997 2751 5066 assignat
2789 4995 2844 5050 id
2878 4995 3018 5067 quod
3043 4995 3206 5052 habet
3237 4995 3578 5068 Gennadius,
3607 5001 3751 5055 illum
3794 5011 3878 5070 per

615 5105 811 5163 famem
836 5113 992 5174 atque
1019 5111 1306 5174 egestatem
1335 5101 1598 5170 publicam
1637 5095 1956 5167 pauperibus
1984 5095 2286 5164 dilargitum
2316 5107 2436 5148 esse
2465 5107 2587 5148 suas
2607 5091 2886 5148 facultates
2906 5133 2921 5158 ,
2949 5101 3002 5147 et
3031 5093 3194 5148 haece
3219 5093 3495 5151 charitatis
3529 5099 3707 5168 specie
3730 5107 3872 5166 quam

614 5197 876 5269 plurimos
899 5196 964 5250 ad
993 5211 1140 5250 suam
1175 5193 1420 5248 haeresim
1441 5233 1457 5258 ,
1493 5189 1724 5244 maxime
1751 5203 1814 5242 ex
1837 5201 2036 5257 genere
2061 5201 2243 5240 eorum
2283 5183 2374 5254 qui
2408 5183 2586 5251 pietati
2619 5181 2940 5237 addictiores
2967 5183 3314 5251 videbantur,
3347 5185 3656 5256 adjunxisse
3681 5185 3874 5258 (Infra,

613 5287 850 5360 Append.
882 5295 1024 5357 parte
1043 5286 1120 5355 2).
1147 5283 1260 5351 Qua
1291 5282 1359 5337 de
1389 5295 1449 5336 re
1491 5279 1544 5334 id
1581 5279 1732 5333 nobis
1775 5293 1934 5332 unum
1965 5277 2250 5332 observare
2287 5275 2449 5340 licet,
2481 5273 2534 5328 in
2577 5283 2847 5344 postremo
2871 5289 2970 5330 suo
2995 5289 3158 5346 opere
3187 5275 3456 5332 affirmare
3496 5279 3834 5350 Augustinum
3855 5313 3871 5342 ,

613 5381 763 5436 illum
794 5395 820 5432 a
852 5379 1060 5433 miseris
1090 5391 1222 5444 quos
1249 5374 1553 5442 deceperat,
1583 5371 1812 5424 otiosum
1841 5369 1906 5422 ali
1937 5367 2112 5438 (Infra
2131 5409 2145 5432 ,
2181 5365 2362 5438 Operi;
2385 5366 2585 5436 imperf.
2619 5364 2706 5418 lib.
2733 5363 2791 5431 2,
2821 5381 2938 5436 cap.
2967 5366 3058 5437 51)
3085 5383 3100 5432 ;
3133 5381 3230 5421 nec
3259 5381 3417 5438 posse
3447 5371 3620 5439 ipsum
3651 5367 3874 5425 scriben-

611 5471 694 5527 dis
719 5485 782 5525 ac
801 5467 1060 5524 dictandis
1085 5464 1236 5520 libris
1259 5477 1470 5524 vacare,
1485 5462 1528 5516 si
1557 5459 1726 5514 nolint
1749 5459 1994 5514 homines
2019 5457 2068 5513 ei
2093 5459 2292 5512 victum
2315 5455 2724 5512 subministrare
2747 5465 3097 5528 sumptusque
3121 5471 3476 5530 congruentes
3505 5461 3688 5530 (ιδιά,
3714 5457 3797 5513 lib.
3819 5455 3867 5522 3,

610 5579 762 5634 capp.
792 5561 848 5628 1,
875 5559 967 5631 ﬂ)
992 5575 1008 5613 :
1039 5555 1182 5628 quod
1207 5554 1420 5626 quidem
1447 5567 1568 5608 eum
1597 5561 1722 5606 tunc
1747 5551 1892 5605 nullo
1916 5559 2174 5622 proventu
2201 5563 2300 5604 suo
2327 5547 2411 5604 vel
2437 5548 2694 5604 fructibus
2721 5549 2936 5615 vixisse,
2965 5549 3096 5606 satis
3116 5550 3394 5622 designat;
3421 5566 3526 5608 non
3557 5561 3732 5608 tamen
3757 5545 3869 5604 inde

609 5655 888 5726 quisquam
913 5650 1161 5720 colligat,
1191 5647 1488 5718 Augustino
1517 5645 1848 5714 exploratum
1882 5641 2066 5706 fuisse,
2097 5641 2246 5696 illum
2273 5640 2596 5710 impendisse
2619 5642 2819 5707 omnia,
2847 5655 2954 5712 quo
2979 5641 3256 5710 penuriam
3285 5641 3515 5698 alienam
3541 5643 3760 5698 levaret.

679 5721 870 5812 Anno,
899 5754 957 5800 ut
979 5742 1192 5814 quidem
1229 5739 1465 5804 videtur,
1497 5733 2018 5808 quadringentesimo
2055 5731 2263 5789 decimo
2293 5747 2467 5800 nono,
2499 5733 2543 5788 is
2583 5747 2684 5788 una
2713 5747 2834 5787 cum
2875 5732 2996 5786 aliis
3036 5732 3273 5803 ejusdem
3319 5743 3478 5790 sectae
3511 5731 3768 5805 episcopis
3805 5721 3866 5782 ad

607 5835 808 5898 Mum
838 5833 1367 5894 Thessalonicensem
1397 5829 1686 5885 antistitem
1713 5826 1960 5894 scripsit;
1993 5839 2200 5882 necnon
2227 5824 2452 5884 Romam
2481 5823 2547 5879 ad
2575 5825 2796 5890 amicos,
2825 5831 2883 5879 ut
2909 5823 2964 5882 in
2991 5837 3175 5880 errore
3196 5823 3320 5880 illos
3339 5825 3701 5888 conﬁrmaret,
3730 5821 3861 5876 litte-
