4102 6496
273 379 417 438 il)“
1178 375 1452 434 CONTRA
1486 375 1852 436 SECUNDAM
1889 375 2152 436 JULIANI
2195 377 2738 437 BESPONSIONEM.
3421 387 3560 444 1M2

272 509 371 551 ras
395 491 577 548 misit:
605 490 708 547 sub
728 488 872 563 quod
892 491 1051 547 etiam
1075 497 1284 560 tempus
1305 491 1538 562 priorem
1565 491 1840 562 Augustini
1862 489 2056 546 librum
2085 490 2152 544 de
2179 489 2384 560 Nuptiis
2409 501 2465 547 et
2487 476 2926 564 Concupiscentia
2951 507 3176 568 quatuor
3195 497 3557 556 voluminibus

274 586 530 644 refellere
554 595 777 639 conatus
806 593 909 639 est.
1382 639 1402 650 ν

351 677 482 734 Cum
511 685 693 746 postea
721 676 894 730 solum
922 684 1128 730 vertere
1152 685 1294 731 esset
1313 685 1548 741 coaetus,
1571 674 1734 730 maria
1760 683 1815 730 et
1841 682 2012 730 terras
2031 688 2152 729 cum
2179 675 2379 731 erroris
2404 676 2486 732 sui
2509 677 2670 733 sociis
2695 685 2749 733 et
2771 679 2989 751 collegis
3015 684 3345 754 peragravit;
3371 683 3562 741 Orien-

275 779 386 827 tem
405 811 422 836 ,
453 769 507 824 id
535 777 651 834 est,
681 767 862 823 Asiam
893 768 1154 822 minorem
1182 768 1463 832 lustravit;
1495 777 1547 820 et
1575 765 1784 820 tandem
1818 766 1868 819 in
1889 763 2070 820 Cilicia
2101 765 2238 836 apud
2265 763 2604 822 Theodorum
2630 767 3056 838 Mopsuestenum
3083 790 3239 844 quem
3262 774 3560 846 Pelagiana

274 861 500 918 haresis
524 875 676 931 aque
705 868 977 930 parentem
1007 874 1070 914 ac
1098 858 1425 913 Nestoriana
1453 857 1686 925 faciunt,
1717 857 1896 926 quiete
1925 857 2176 911 nonnulla
2208 857 2406 928 potitus
2444 869 2544 913 est.
2581 859 2688 914 Illic
2717 861 2849 916 alios
2878 873 3000 919 octo
3027 865 3190 919 libros
3225 867 3276 920 in
3308 868 3556 936 Augusti-

274 967 407 1007 num
436 949 698 1006 condidit.
730 948 836 1003 Sed
860 964 1032 1020 neque
1057 949 1474 1004 dubitaverimus
1493 947 1620 1018 quin
1649 947 1748 1019 ipsi
1777 946 2079 1012 Theodoro,
2112 957 2169 1002 ut
2195 948 2448 1003 adversus
2473 951 2746 1020 originalis
2776 957 2974 1022 peccati
3002 965 3299 1012 assertores
3325 959 3558 1030 quinque

275 1057 409 1096 suos
439 1041 606 1096 libros
629 1040 914 1102 emitteret,
943 1050 1128 1094 auctor
1148 1039 1328 1095 fuerit.
1353 1039 1728 1093 Verumtamen
1758 1055 1788 1092 e
1807 1036 1991 1093 Cilicia
2012 1038 2226 1092 vixdum
2244 1051 2564 1107 excesserat,
2595 1057 2715 1097 cum
2747 1046 2794 1098 ei
2823 1045 3133 1101 Theodorus
3160 1048 3244 1102 ille
3268 1049 3318 1102 in
3341 1051 3560 1118 provin.

276 1135 402 1189 ciali
451 1132 656 1206 synodo
691 1131 1044 1186 anathematis
1089 1141 1268 1186 notam
1316 1131 1504 1185 inussit
1545 1130 1752 1202 (Infra,
1785 1131 2014 1201 Append.
2047 1140 2188 1200 parte
2209 1131 2287 1202 2).
2319 1131 2521 1186 Italiam
2567 1149 2708 1188 anno
2745 1137 3271 1208 quadringentesimo
3297 1142 3558 1213 vigesimo

277 1227 461 1296 primo
495 1240 600 1297 quo
628 1223 843 1296 Alypius
871 1224 1153 1292 episcOpus
1190 1238 1284 1278 sex
1311 1222 1588 1292 Augustini
1619 1223 1784 1278 libros
1825 1221 2080 1276 adversus
2125 1221 2374 1278 eumdem
2405 1223 2531 1278 illuc
2560 1224 2779 1291 detulit,
2802 1227 2912 1296 jam
2946 1231 3227 1300 reliquerat
3264 1250 3276 1286 :
3311 1234 3556 1304 quando-

278 1316 532 1386 quidem,
562 1330 678 1369 cum
713 1323 835 1369 octo
863 1329 989 1369 suos
1013 1313 1065 1368 in
1091 1323 1331 1368 sanctum
1361 1314 1643 1369 Doctorem
1681 1312 1874 1380 edidit,
1905 1313 2125 1368 omnino
2172 1312 2240 1369 de
2288 1313 2461 1370 isthoe
2509 1315 2651 1370 illius
2694 1333 2857 1388 opere
2902 1320 3032 1376 nihil
3077 1324 3314 1380 audierat
3358 1325 3554 1398 (Infra,

284 1407 470 1479 Operi:
493 1407 693 1476 intperf.
727 1406 813 1461 lib.
839 1406 894 1471 ι,
923 1422 1036 1477 cap.
1067 1407 1179 1477 '58).

235 1551 244 1564 ,
270 1537 274 1542 -
349 1500 478 1569 Ejus
505 1499 830 1554 mentionem
851 1514 920 1553 ex
949 1513 1055 1568 quo
1080 1497 1325 1568 migravit
1343 1512 1373 1552 e
1398 1495 1582 1552 Cilicia
1599 1496 1653 1552 in
1673 1511 1870 1550 annum
1895 1487 3007 1569 usque‘quadringentesimum'vigesimum
3029 1510 3272 1558 octavum
3294 1519 3558 1575 nusquam

273 1593 594 1663 reperimus.
624 1592 693 1645 At
719 1589 932 1660 ponitur
955 1589 1197 1644 Julianus
1223 1589 1381 1643 veluti
1421 1587 1526 1643 dux
1555 1602 1618 1643 ac
1648 1587 1945 1658 primipilus
1972 1600 2155 1641 eorum
2182 1587 2585 1656 episcoporum,
2627 1588 2719 1658 qui
2748 1589 2818 1644 ob
2851 1599 3099 1661 negatqu
3135 1592 3394 1662 originale
3430 1608 3560 1664 pec-

226 1728 233 1736 .
275 1691 451 1738 catum
478 1680 660 1736 ofticio
684 1679 931 1746 abdicati,
959 1679 1187 1735 Nestorii
1213 1679 1516 1749 praesidium
1542 1679 1756 1734 circiter
1783 1679 1955 1748 ipsum
1986 1691 2183 1730 annum
2218 1676 2798 1748 quadringentesimum
2826 1680 3139 1750 vigesimum
3180 1691 3426 1737 octavum
3458 1683 3560 1738 im-

231 1771 237 1788 ’
276 1775 574 1847 plorarunt.
603 1772 736 1828 Hinc
763 1772 1046 1840 Mercator,
1069 1770 1388 1827 Prafatione
1413 1771 1480 1825 ad
1504 1770 1734 1826 Nestorii
1755 1770 2010 1825 adversus
2036 1769 2373 1840 Pelagianam
2395 1770 2640 1825 haresim
2667 1785 2942 1827 sermones
2970 1791 2984 1828 :
3014 1791 3032 1823 ι
3066 1774 3261 1828 Contra
3284 1775 3504 1846 Pelagii,
3535 1795 3556 1828 ι

234 1865 239 1870 ’
276 1867 386 1934 ait,
425 1885 446 1919 ι
475 1879 572 1922 seu
599 1864 837 1922 Calestii
869 1879 1082 1935 pravam
1110 1873 1164 1919 et
1188 1864 1404 1934 impiam
1435 1862 1798 1918 definitionem
1824 1862 2067 1932 quamvis
2096 1871 2240 1916 recte
2265 1862 2489 1918 sentiret
2511 1871 2565 1918 et
2588 1863 2806 1918 doceret
2836 1883 2855 1916 ι
2887 1864 3192 1930 Nestorius;
3227 1885 3246 1919 ι
3285 1866 3562 1924 Julianum

284 1970 461 2016 tamen
489 1959 867 2029 exepiscopum
899 1956 1271 2024 Eclauensem,
1300 1972 1421 2012 cum
1455 1955 1800 2027 participibus
1829 1955 1940 2010 suis
1959 1997 1973 2022 ,
2002 1954 2151 2023 cujus
2183 1955 2400 2010 hat-esis
2426 1956 2733 2026 signiferum
2765 1967 2818 2012 et
2847 1958 3250 2026 antesignanum
3278 1999 3291 2024 ,
3323 1959 3454 2014 olim
3493 1959 3562 2015 ab

282 2050 570 2121 apostolica
595 2049 860 2104 sententia
885 2057 1286 2104 exauctoratum
1310 2057 1469 2118 atque
1497 2045 1816 2117 depositum,
1846 2045 1898 2100 in
1923 2045 2212 2100 amicitiam
2237 2045 2448 2100 interim
2472 2047 2680 2101 censuit
2700 2047 3120 2118 suscipiendum,
3149 2064 3300 2118 spem
3321 2051 3370 2105 ei
3394 2050 3556 2106 abso-

277 2139 493 2195 lutionis
521 2139 839 2210 promittens
865 2157 877 2193 :
907 2138 1078 2209 ipsum
1103 2153 1316 2208 quoque
1341 2137 1652 2193 Calestium
1675 2136 1868 2191 litteris
1888 2136 2020 2204 suis,
2052 2151 2276 2206 quarum
2302 2137 2543 2206 exempla
2572 2137 2924 2206 subdidimus,
2947 2139 3252 2194 consolatus
3277 2149 3378 2195 est.
3404 2139 3558 2209 Quod

279 2241 455 2286 utrum
483 2231 686 2286 malitia
716 2247 784 2285 an
811 2230 1058 2286 vecordia
1082 2230 1290 2296 fecerit,
1317 2246 1418 2284 non
1447 2229 1598 2285 facile
1621 2229 1768 2284 nosci
1798 2237 1972 2298 potest
1999 2247 2010 2282 :
2041 2237 2100 2283 ut
2127 2238 2310 2284 contra
2339 2244 2564 2300 quorum
2593 2230 2843 2285 distortas
2874 2233 3185 2298 sententias,
3217 2241 3411 2302 prater
3433 2247 3559 2302 pro-

279 2323 448 2393 priam
474 2323 801 2394 impietatem
825 2339 945 2392 qua
973 2321 1122 2378 illum
1148 2321 1214 2377 ad
1240 2321 1637 2377 damnationem
1663 2335 1829 2391 usque
1854 2320 2134 2390 perduxit,
2158 2321 2456 2376 rectissime
2494 2321 2758 2376 sentiebat
2783 2330 2838 2378 et
2866 2321 3125 2390 docebat,
3152 2337 3248 2378 eos
3276 2332 3329 2377 et
3358 2323 3561 2379 amicos

283 2414 524 2480 haberet,
549 2424 604 2470 et
628 2430 724 2485 spe
748 2429 897 2469 vana
921 2414 1287 2485 promissionis
1315 2412 1570 2468 fovendos
1595 2421 1650 2468 et
1671 2411 1944 2467 lactandos
1966 2421 2205 2482 putaret;
2234 2412 2431 2483 quique
2459 2427 2580 2467 eum
2604 2423 2827 2481 patrono
2849 2423 3144 2470 memorato
3165 2415 3217 2468 in
3243 2413 3558 2484 Ephesiensi

280 2507 508 2561 concilio
533 2521 563 2560 a
593 2505 832 2562 ducentis
853 2507 1182 2578 septuaginta
1208 2513 1265 2561 et
1287 2513 1514 2576 quatuor
1533 2505 1799 2575 episcopis
1821 2505 2010 2558 iterum
2040 2503 2342 2574 iterumque
2367 2503 2600 2558 damnati
2627 2513 2769 2559 sunt.
2801 2524 2820 2557 ι
2849 2506 3111 2560 Caterum
3140 2505 3298 2561 iidem
3326 2505 3562 2561 haretici

284 2611 380 2668 per
410 2596 707 2652 Nestorium
741 2598 994 2666 consequi
1035 2612 1368 2668 nequaquam
1407 2597 1656 2662 valuere,
1689 2605 1743 2651 ut
1785 2610 1851 2650 ne
1892 2595 2354 2666 Constantinopoli
2393 2605 2661 2666 pracepto
2690 2597 3022 2666 imperatoris
3050 2597 3378 2666 Theodosii,
3417 2597 3562 2655 unde

282 2688 526 2746 Julianus
553 2690 706 2744 etiam
735 2691 878 2761 prius
904 2689 1160 2746 Calestio
1190 2688 1392 2760 ejectus
1415 2697 1517 2755 est,
1545 2689 1893 2760 pellerentur.
1927 2686 2071 2742 Idem
2100 2686 2342 2742 Julianus
2371 2702 2476 2742 non
2501 2688 2673 2742 solum
2701 2692 2754 2742 in
2786 2698 3008 2759 utraque
3033 2688 3263 2744 Nestorii
3287 2688 3356 2743 ad
3379 2687 3561 2744 Cale-

285 2781 486 2836 stinum
527 2781 746 2851 epistola
783 2781 1080 2850 Pelagianis
1109 2780 1228 2835 aliis
1269 2780 1536 2851 episcOpis
1563 2779 1630 2835 de
1673 2777 1961 2834 Occidente
2001 2776 2188 2847 ejectis
2228 2778 2598 2847 pramittitur,
2633 2778 2726 2834 sed
2753 2778 2998 2835 similiter
3038 2788 3154 2848 post
3194 2778 3465 2850 Pelagium
3509 2786 3566 2835 et

280 2870 588 2928 Calestinm
626 2873 828 2942 primus
866 2873 1171 2928 nominatur
1201 2873 1341 2927 inter
1381 2872 1615 2942 insignes
1644 2871 1766 2926 illos
1792 2870 2104 2938 Pelagianos
2123 2910 2136 2934 ,
2167 2885 2393 2940 quorum
2419 2869 2688 2925 damnatio
2729 2886 2872 2927 anno
2911 2872 3437 2944 quadringentesimo
3465 2871 3564 2926 tri-

276 2961 484 3032 gesimo
511 2962 684 3032 primo
708 2962 762 3017 in
791 2961 1056 3034 Ephesiua
1085 2962 1291 3036 synodo
1322 2963 1452 3018 lecta
1481 2971 1565 3018 est
1591 2972 1645 3018 et
1673 2961 1985 3017 confirmata
2013 2960 2211 3033 (Infra,
2242 2961 2480 3031 Append.
2513 2971 2657 3032 parte
2681 2961 2766 3033 2).

358 3072 510 3132 Haud
541 3077 712 3132 multo
737 3085 880 3146 post,
908 3077 1008 3132 sub
1034 3077 1342 3148 pontificatu
1366 3076 1499 3132 Sixti
1531 3074 1624 3143 Ill,
1657 3085 1712 3130 et
1737 3090 1898 3140 anno,
1933 3075 1976 3129 si
2003 3075 2252 3145 P‘r05peri
2281 3074 2552 3131 Chronico
2573 3075 2831 3132 debeatur
2860 3077 3012 3146 fides,
3045 3080 3568 3152 quadringentesimo

276 3168 554 3239 trigesimo
573 3185 735 3234 nono,
768 3169 1020 3226 Ecclesiae
1042 3169 1206 3224 variis
1231 3169 1441 3224 artibus
1472 3170 1766 3239 imponere,
1797 3179 1955 3238 atque
1981 3169 2033 3222 in
2060 3169 2176 3238 ejus
2201 3169 2632 3224 communionem
2659 3168 2790 3224 falsa
2815 3173 2995 3241 Specie
3012 3174 3402 3230 emendationis
3433 3175 3569 3231 irre-

278 3275 407 3331 pere
431 3269 513 3316 est
539 3261 780 3324 molitus,
812 3270 869 3315 ut
889 3261 1247 3332 episcopalem
1272 3260 1606 3332 dignitatem,
1634 3271 1826 3330 qane
1846 3260 2047 3314 tamdiu
2068 3269 2286 3314 exutum
2312 3259 2546 3324 dolebat,
2572 3263 2854 3332 reciperet.
2885 3263 2989 3318 Sed
3012 3263 3286 3321 Romanus
3307 3266 3564 3336 pontifex,

281 3353 478 3408 Leonis
521 3354 730 3409 diaconi
771 3353 940 3422 (illius
970 3353 1112 3409 haud
1145 3353 1308 3408 dubie
1347 3353 1435 3423 qui
1477 3353 1651 3408 cidem
1696 3352 1748 3406 iu
1780 3351 2072 3422 apostolica
2103 3351 2244 3408 Sede
2277 3354 2560 3422 successit)
2584 3353 2798 3409 hortatu
2828 3355 3133 3423 roboratus,
3166 3358 3436 3428 vigilantia
3469 3374 3567 3414 sua

282 3447 440 3503 istius
461 3446 670 3502 fraudes
695 3446 911 3515 retexit,
941 3448 1021 3503 eis
1048 3448 1252 3503 fortiter
1278 3447 1514 3501 occurrit
1539 3488 1552 3509 ,
1577 3445 1796 3500 nefariis
1825 3445 1942 3514 ejus
1984 3445 2222 3500 consiliis
2260 3445 2434 3499 aditus
2475 3461 2662 3500 omnes
2702 3447 3032 3512 interclusit,
3066 3449 3369 3518 reiectaque
3390 3450 3568 3519 fallaci

283 3541 442 3597 bestia
462 3543 734 3597 universos
771 3541 1048 3597 catholica
1081 3541 1472 3597 communionis
1489 3540 1804 3596 exhilaravit
1841 3538 2051 3609 (lbid.).
2088 3537 2336 3594 Affirmat
2367 3539 2726 3610 Hieronymus
2752 3539 3088 3610 Vignierius,
3121 3541 3222 3596 sibi
3255 3551 3566 3612 argumenta

283 3648 427 3699 esse,
457 3633 650 3703 quibus
680 3633 1058 3703 persuadeatur
1081 3633 1353 3688 Julianum
1381 3648 1446 3688 ex
1486 3631 1634 3686 Italia
1681 3646 1864 3684 rursus
1906 3629 2086 3701 fugere
2122 3645 2153 3684 a
2193 3630 2343 3684 Sixto
2365 3646 2500 3700 papa
2531 3640 2776 3686 coactum
2799 3674 2813 3698 ,
2847 3631 2898 3685 in
2941 3631 3293 3688 Lerinensem
3338 3635 3566 3690 insulam

283 3727 514 3792 venisse,
549 3726 636 3780 ubi
665 3741 786 3781 cum
816 3742 912 3797 per
936 3727 1138 3796 aliquot
1159 3740 1370 3780 menses
1397 3733 1720 3789 moraretur,
1745 3739 1774 3777 a
1808 3723 2026 3788 Fausto,
2060 3723 2349 3793 Regiorum
2374 3733 2556 3794 postea
2585 3724 2860 3796 episcopo,
2895 3733 3169 3795 exceptus,
3201 3725 3374 3782 cidem
3399 3726 3569 3783 hare-

281 3817 359 3873 sis
377 3832 490 3872 sua
515 3818 660 3872 virus
687 3817 989 3888 propinavit
1013 3835 1026 3868 :
1065 3816 1236 3884 Quod,
1265 3817 1339 3870 ait
1368 3816 1688 3886 Vignierius,
1715 3832 1807 3868 suo
1829 3816 1937 3870 loco
1962 3817 2208 3877 dicemus,
2241 3816 2284 3869 si
2304 3814 2442 3870 Deus
2464 3816 2591 3870 uires
2611 3825 2657 3870 et
2683 3833 2846 3871 annos
2871 3816 3125 3884 su/Tecerit
3146 3861 3161 3885 ,
3194 3819 3346 3889 idque
3376 3821 3571 3876 ceteris

281 3910 656 3980 probationibus
691 3919 795 3963 tam
838 3925 902 3963 ex
933 3907 1205 3979 Fulgentio
1226 3948 1241 3972 ,
1273 3924 1426 3977 quam
1457 3924 1520 3962 ea:
1543 3907 1658 3961 aliis
1677 3948 1693 3973 ,
1722 3905 1968 3978 pluraque
2003 3905 2058 3974 id
2095 3907 2291 3978 generis
2333 3921 2448 3978 quae
2478 3908 2663 3960 multos
2701 3907 2892 3974 latent,
2920 3924 3198 3963 asseremus
3225 3908 3566 3981 (Vignierius,

283 4003 496 4076 Praefat.
523 4005 577 4058 in
601 4004 744 4075 Opus
771 4007 1120 4075 imperfectum
1227 4003 1307 4058 Ad
1347 4003 1462 4058 hac
1511 4002 1765 4071 Vignierii
1794 4001 1953 4057 verba
1984 4001 2218 4056 Joannes
2255 4001 2550 4057 Garnerius
2575 4019 2589 4066 ;
2620 4000 2869 4074 lntelligit
2895 4013 3061 4057 autem
3082 4044 3096 4069 ,
3130 4004 3320 4074 inquit,
3349 4005 3426 4058 vir
3447 4021 3568 4059 eru-

281 4097 420 4152 ditus
443 4097 644 4151 nomine
664 4096 951 4170 Fulgentii,
988 4095 1140 4151 libros
1170 4113 1294 4167 quos
1317 4107 1520 4152 sanctus
1562 4095 1650 4150 ille
1684 4095 1947 4165 episc0pus
1981 4094 2217 4149 adversus
2242 4093 2490 4148 Faustum
2532 4095 2765 4165 scripsit,
2798 4112 3020 4166 quosque
3055 4096 3196 4166 apud
3229 4113 3282 4152 se
3318 4096 3492 4152 habuit
3513 4099 3568 4155 in

282 4193 624 4259 manuscripto
651 4190 822 4244 codice
860 4189 999 4245 idem
1032 4189 1344 4258 Vignierius,
1375 4205 1488 4242 cum
1514 4189 1692 4241 viveret
1721 4183 2022 4256 (Garnerius
2042 4227 2058 4252 ,
2080 4187 2134 4240 in
2166 4186 2381 4240 Mercat.
2405 4186 2606 4240 dissert.
2640 4188 2690 4248 I,
2719 4203 2832 4256 cap.
2860 4189 2913 4254 6,
2946 4187 3009 4241 de
3029 4186 3290 4260 Juliano).

357 4284 508 4341 Sixto
536 4286 643 4340 vita
672 4283 854 4340 functo
878 4285 1024 4340 illum
1062 4283 1287 4339 rediisse
1311 4282 1364 4338 in
1409 4282 1614 4338 Italiam
1639 4323 1655 4349 ,
1681 4281 1826 4336 unde
1870 4284 2058 4337 iterum
2088 4296 2118 4335 a
2142 4281 2323 4336 Leone
2358 4296 2490 4351 papa
2535 4281 2720 4352 pulsus
2747 4279 2936 4347 fuerit,
2971 4281 3095 4337 hinc
3118 4282 3246 4337 licet
3271 4281 3560 4354 conjicere,

288 4378 433 4450 quod
473 4378 708 4447 ejusdem
732 4379 984 4448 temporis
1013 4387 1197 4432 auctor
1219 4377 1270 4430 in
1291 4377 1427 4432 libro
1456 4376 1524 4431 de
1543 4374 1990 4430 Promissionibus
2029 4385 2083 4430 et
2109 4374 2550 4430 Pradictionibus
2587 4375 2715 4440 Dei,
2749 4381 2901 4444 parte
2929 4385 3146 4445 quarta,
3179 4376 3352 4446 capite
3390 4385 3567 4444 sexto,

290 4469 603 4541 Pelagianos
646 4479 692 4523 et
730 4469 945 4524 maxime
969 4467 1235 4522 Iulianum
1266 4482 1295 4521 a
1324 4468 1479 4522 beato
1522 4465 1770 4531 pontifice
1797 4465 2036 4518 contritas
2062 4463 2226 4534 fuisse
2267 4463 2472 4534 prodat.
2505 4463 2663 4518 Addit
2691 4463 2994 4534 Vignierius
3030 4465 3170 4518 hunc
3193 4465 3364 4535 ipsum
3397 4465 3570 4521 infeli-

289 4578 410 4619 cem
446 4562 784 4626 hareticum,
813 4571 934 4632 post
957 4561 1139 4631 longas
1166 4559 1266 4614 hac
1292 4560 1411 4614 illac
1433 4558 1750 4624 errationes,
1778 4556 1848 4611 ob
1869 4573 1998 4627 quas
2028 4573 2141 4610 eum
2175 4556 2472 4628 Fulgentius
2491 4599 2506 4624 ,
2534 4565 2592 4611 ut
2619 4556 2767 4621 dicit,
2793 4557 3007 4610 alterum
3033 4557 3158 4611 Cain
3178 4599 3191 4622 ,
3225 4559 3319 4612 hoc
3347 4567 3421 4612 est
3448 4575 3568 4629 pro-

291 4659 475 4726 fugum
504 4662 552 4707 et
575 4653 714 4707 omni
741 4652 854 4706 loco
881 4662 1143 4716 extorrem,
1176 4649 1423 4722 appellat,
1449 4649 1616 4704 ultimi
1648 4649 1859 4702 demum
1889 4648 2109 4719 perfugii
2141 4649 2259 4702 loco
2286 4649 2514 4702 vicnlnm
2542 4648 2822 4720 quemdam
2854 4649 2904 4702 in
2927 4648 3104 4704 Sicilia
3133 4650 3442 4716 incoluisse,
3473 4651 3564 4707 ubi

286 4761 398 4800 sua
421 4755 586 4800 secta
615 4744 862 4799 homines
891 4742 1116 4800 docebat
1139 4744 1362 4810 litteras,
1393 4743 1564 4797 factus
1591 4757 1657 4797 ex
1683 4741 1934 4810 episcopo
1965 4740 2348 4810 ludimagister.
2383 4741 2528 4796 Hanc
2563 4740 2636 4796 illi
2676 4741 3078 4812 occupationem
3105 4783 3120 4809 ,
3152 4745 3304 4814 quasi
3325 4745 3568 4798 omnium

286 4839 518 4893 maxime
546 4846 932 4907 congruentem
963 4845 1019 4892 et
1043 4835 1158 4907 ejus
1181 4837 1232 4890 in
1264 4834 1424 4891 hasce
1447 4834 1755 4905 disciplinas
1783 4834 1977 4899 studio,
2009 4843 2062 4888 et
2083 4849 2233 4888 vana
2257 4835 2437 4904 gloria
2463 4850 2620 4906 quam
2642 4851 2707 4890 ex
2737 4851 2920 4891 earum
2950 4836 3252 4907 cognitione
3283 4838 3568 4908 captabat,

290 4939 415 4983 ante
439 4929 640 4983 multos
665 4942 834 4982 annos
862 4928 1219 4982 de~tinaverat
1248 4927 1576 4998 Augustinus
1601 4925 1622 4998 (
1647 4923 1818 4996 Infra,
1847 4924 2027 4996 Operis
2056 4927 2259 4998 imperi.
2289 4926 2376 4980 lib.
2403 4926 2459 4992 2,
2489 4943 2604 4996 cap.
2639 4925 2752 4999 5i).

362 5019 479 5074 Huc
500 5019 682 5088 adjicit
711 5017 1033 5088 Vignierius,
1070 5030 1350 5090 postquam
1382 5019 1428 5074 is
1455 5017 1650 5073 ibidem
1678 5019 1857 5073 vivere
1877 5017 2142 5084 desiisset,
2171 5018 2481 5092 Pelagianos
2505 5019 2706 5074 tumqu
2734 5019 2850 5091 ejus
2875 5019 2978 5076 hoc
3001 5019 3230 5092 elogium
3259 5022 3572 5092 scripsisse:

298 5103 424 5177 Heia
449 5110 502 5162 in
527 5125 651 5180 pace
679 5109 887 5182 quiescit
912 5107 1158 5164 Julianus
1195 5111 1462 5181 episcopus
1500 5109 1793 5164 catholicus.
1829 5109 1979 5178 Quod
2025 5109 2353 5180 epitaphium
2383 5125 2503 5164 cum
2542 5126 2685 5166 nono
2721 5113 2916 5168 saculo
2951 5113 3114 5169 etiam
3136 5122 3246 5168 tum
3277 5116 3569 5186 legeretur,

295 5200 509 5271 quidam
534 5200 1077 5272 Semipelagianorum
1101 5201 1408 5273 dogmatum
1434 5200 1674 5257 fautores
1696 5202 1838 5256 illius
1861 5203 2170 5256 memoriam
2217 5201 2497 5258 restituere
2519 5205 2694 5258 conati
2725 5214 2868 5260 sunt.
2899 5207 2968 5260 At
2989 5207 3421 5263 demonstrarunt
3445 5223 3572 5263 eru-
3653 5271 3656 5274 _

295 5289 394 5345 diti
419 5290 681 5345 antistites
704 5292 1099 5348 Catholicorum
1130 5307 1327 5350 nomen
1353 5291 1622 5362 nunquam
1645 5308 1748 5346 non
1770 5307 2059 5363 usurpasse
2081 5293 2430 5364 Pelagianos;
2459 5309 2523 5349 ac
2549 5296 2770 5365 proinde
2797 5297 2928 5351 nihil
2964 5298 3255 5369 prohibere
3271 5299 3574 5370 hujusmodi

297 5379 535 5447 titulum,
560 5381 842 5452 quominus
863 5373 964 5438 ille'
981 5383 1034 5437 in
1065 5381 1258 5438 haeresi
1286 5397 1378 5438 sua
1391 5392 1629 5439 mortuus
1642 5382 1916 5439 habeatur.
1943 5382 2106 5450 Obiit,
2127 5393 2183 5438 ut
2204 5385 2390 5440 scribit
2409 5385 2732 5453 Gennadius,
2763 5387 3057 5458 imperante
3080 5389 3453 5446 Valentiniano
3482 5389 3573 5458 IIl,

292 5469 590 5527 Constantii
630 5471 770 5541 filio,
813 5483 870 5530 et
920 5474 999 5530 sic
1040 5486 1164 5530 ante
1192 5489 1389 5529 annum
1418 5473 1616 5530 Christi
1659 5475 2240 5547 quadringentesimum
2279 5479 2774 5550 quinquagesimum
2815 5481 3058 5552 quintum
3093 5481 3303 5554 (Infra,
3337 5481 3572 5554 Append.

293 5572 440 5633 parte
463 5562 543 5635 2).
574 5566 822 5621 Attamen
850 5581 1022 5637 usque
1045 5565 1112 5620 ad
1138 5575 1348 5621 atatem
1379 5566 1639 5639 Fulgentii
1669 5568 1839 5639 (juxta
1862 5569 2075 5623 Petrum
2120 5569 2462 5625 Franciscum
2489 5570 2813 5628 Chiflletium
2838 5616 2853 5641 ,
2883 5590 3022 5628 anno
3048 5574 3576 5644 quadringentesimo

292 5657 629 5727 sexagesimo
648 5660 879 5730 septimo
900 5661 1032 5726 nati,
1062 5669 1117 5715 et
1153 5675 1293 5714 anno
1329 5661 1749 5732 quingentesimo
1787 5663 2014 5733 septimo
2059 5664 2109 5717 in
2154 5664 2460 5734 episcopum
2497 5667 2794 5722 consecrati
2832 5663 3150 5740 [Chiﬂletius
3170 5709 3184 5735 ,
3215 5665 3340 5724 Not.
3371 5669 3422 5724 in
3445 5667 3577 5725 Ful-

293 5752 453 5820 gentii
481 5750 668 5822 Vitam,
692 5772 812 5826 pag.
837 5753 988 5828 355])
1016 5755 1175 5809 vitam
1197 5753 1513 5825 produxisse
1533 5755 1806 5812 contendit
1829 5756 2150 5828 Vignierius.
2369 5791 2372 5794 -
3003 5771 3036 5808 ο
3240 5749 3248 5757 ’

367 5839 583 5899 Gelasio
611 5842 810 5901 Sedem
839 5845 1187 5916 apostolicam
1213 5853 1450 5911 tenente,
1480 5845 1712 5903 Joannes
1730 5847 2121 5906 Alexandrinus
2152 5851 2469 5920 patriarcha,
2498 5862 2610 5910 uta
2638 5854 2829 5913 Photio
2853 5863 3070 5912 notatur
3097 5855 3305 5927 (Infra,
3335 5857 3572 5929 Appctsd.
