4142 6538
516 369 655 426 1047
741 365 1112 424 ΑΒΜΟΝῘΤῙΟ
1149 364 1217 422 ΙΝ
1251 361 1429 424 OPUS
1467 361 1963 421 IMPERFECTUM
2001 361 2152 419 CON'J

2183 363 2272 421 BA
2311 363 2683 420 SECUNDAM
2720 365 2984 423 JULIANI
3025 366 3566 426 BESPONSIONEM.
3665 369 3819 429 1M8

518 487 884 541 revincuntur.
919 484 1325 554 Propugnantur
1355 490 1554 536 tentata
1579 481 1646 536 ab
1669 482 1857 536 eodem
1880 482 1994 537 loca
2028 497 2094 537 ex
2125 482 2309 553 primis
2338 482 2574 551 partibus
2605 482 2724 538 libri
2755 482 2975 538 secundi
2999 483 3066 537 de
3089 482 3296 553 Nuptiis
3321 493 3376 538 et
3403 481 3820 554 Concupiscen-

513 579 585 633 tia
611 588 667 634 et
691 595 754 634 ex
779 578 915 632 libro
937 577 1106 645 primo
1130 585 1313 630 contra
1337 575 1478 629 Duas
1501 574 1768 644 Epistolas
1791 573 2213 645 Pelagianorum.
2249 575 2642 644 Scripturarum
2663 575 2825 630 etiam
2849 590 2947 646 pro
2966 576 3137 646 gratia
3161 575 3428 645 quaedam,
3449 591 3585 647 quas
3604 593 3820 634 secun-

519 669 640 730 dum
671 673 1007 741 Pelagianum
1037 667 1228 739 dogma
1257 668 1576 738 exponebat,
1609 668 1960 722 auctoritates
1979 667 2339 722 vindicantur.

587 764 641 818 In
669 763 926 826 secundo,
958 762 1232 817 excutitur
1263 761 1397 816 liber
1421 761 1619 816 luliani
1646 761 1936 826 secundus,
1970 761 2036 814 de
2067 761 2149 814 his
2172 774 2335 830 agens
2365 759 2541 814 verbis
2563 758 2801 828 Apostoli
2831 757 2896 813 ad
2937 757 3228 825 Romanos,
3256 758 3431 828 capite
3453 758 3674 829 quinto,
3711 757 3824 814 Per

513 871 669 910 unum
707 853 958 907 hominem
1006 862 1264 922 peccatum
1300 852 1354 906 in
1400 853 1534 905 hunc
1564 849 1811 905 mundum
1854 850 2081 915 intravit,
2111 859 2237 914 elc.,
2267 848 2672 918 ostenditurque
2717 847 3006 911 lulianum,
3046 848 3326 918 repudiato
3343 847 3613 904 catholico
3645 863 3821 904 sensu

514 945 839 1021 {secundum
861 961 1018 1017 quem
1049 945 1398 1016 Augustinus,
1427 943 1567 999 libro
1591 943 1828 998 secundo
1855 941 1924 998 de
1949 941 2159 1011 Nuptiis
2186 949 2241 995 et
2263 939 2726 1008 Concupiscentia,
2755 941 2930 1010 capite
2960 939 3217 1010 vigesimo
3257 940 3507 1010 septimo,
3539 955 3600 995 ea
3645 940 3821 996 verba

509 1043 580 1098 de
606 1042 734 1097 Adae
763 1051 978 1110 peccato
1007 1038 1351 1110 generatione
1379 1037 1432 1091 in
1455 1052 1644 1092 omnes
1668 1037 1834 1106 ipsius
1865 1043 2112 1105 posteros
2143 1036 2459 1090 transmisso
2479 1033 2781 1103 exposuit),
2807 1033 3004 1087 frustra
3040 1032 3285 1088 laborare
3311 1041 3369 1089 ut
3391 1033 3696 1089 secundum
3720 1033 3822 1088 Pc-

511 1130 770 1200 lagianam
819 1129 1065 1184 lueresim
1109 1129 1176 1183 de
1205 1126 1452 1199 exemplo
1481 1129 1704 1199 peccati,
1736 1127 1928 1182 nonin
1969 1141 2158 1182 omnes
2203 1135 2468 1196 posteros,
2499 1124 2594 1180 sed
2643 1125 2698 1179 in
2751 1134 3038 1196 peccantes
3085 1125 3453 1180 tantummodo
3498 1125 3818 1181 imitatione

511 1222 833 1276 transeuntis
861 1221 1244 1292 intelligantur.

582 1310 638 1364 ln
668 1311 846 1376 tertio,
875 1319 1204 1365 monstratur
1227 1310 1498 1365 lulianum
1538 1307 1933 1378 Scripturarum
1971 1308 2312 1376 testimoniis,
2341 1309 2737 1364 Deuteronomii
2766 1308 2974 1366 scilicet
3011 1310 3185 1380 capite
3212 1309 3474 1381 vigesimo
3501 1320 3736 1382 quarto,
3766 1319 3822 1366 et

506 1400 631 1457 libri
666 1402 870 1472 Regum
894 1403 1066 1472 quarti
1092 1402 1265 1472 capite
1281 1401 1489 1456 decimo
1514 1409 1724 1471 quarto,
1748 1409 1803 1455 et
1831 1401 2124 1456 Ezechielis
2139 1401 2311 1470 capite
2339 1400 2549 1456 decimo
2573 1410 2787 1466 octavo,
2813 1416 3067 1471 perverse
3095 1402 3262 1469 abuti,
3291 1413 3350 1458 ut
3379 1404 3608 1460 suadere
3641 1419 3820 1460 cone-

507 1497 614 1556 tur,
644 1503 862 1563 peccata
892 1503 1170 1562 parentum
1203 1493 1322 1546 filiis
1346 1507 1452 1546 non
1479 1507 1509 1546 a
1539 1492 1650 1546 Deo
1679 1491 1785 1546 ulla
1815 1492 2082 1562 imputari.
2123 1490 2300 1562 Ipsum
2325 1491 2517 1547 deinde
2544 1493 2812 1548 incassum
2841 1492 3187 1558 contendere,
3218 1503 3278 1549 ut
3302 1494 3372 1550 ab
3395 1511 3460 1551 eo
3485 1509 3609 1552 sese
3639 1497 3823 1566 expli-

508 1591 597 1637 cet
625 1583 746 1637 loco
776 1583 1029 1653 Epistola:
1054 1583 1120 1637 ad
1140 1583 1414 1651 Hebraeos,
1447 1582 1621 1652 capite
1648 1581 1948 1647 undecimo,
1984 1597 2078 1651 per
2119 1596 2276 1650 quem
2323 1582 2608 1638 evertenda
2651 1581 2789 1638 foret
2816 1585 3115 1653 responsio,
3147 1599 3248 1654 qua
3293 1585 3346 1640 in
3387 1587 3677 1656 superiore
3717 1601 3821 1642 suo

513 1669 653 1725 libro
687 1682 960 1742 tantopere
981 1673 1282 1737 inculcavit,
1312 1672 1431 1727 ideo
1457 1673 1525 1726 ab
1557 1672 1834 1741 Apostolo,
1866 1671 1932 1726 ad
1963 1671 2254 1737 Romanos,
2282 1674 2454 1742 capite
2483 1675 2691 1742 quinto,
2714 1674 2912 1730 dictum
2936 1691 3074 1742 esse,
3101 1693 3278 1743 unum,
3320 1692 3420 1749 per
3435 1693 3594 1749 quem
3625 1688 3818 1735 trans-

512 1762 610 1817 ivit
641 1774 915 1834 peccatum
936 1807 952 1833 ,
1004 1780 1074 1820 ne
1097 1765 1368 1835 generatio
1401 1765 1665 1819 sineretur
1692 1763 1936 1834 intelligi.
1985 1763 2176 1820 Postea
2215 1781 2490 1821 reversum
2516 1766 2583 1820 ad
2614 1767 2754 1822 dicta
2785 1767 2904 1822 libri
2931 1768 3150 1824 secundi
3181 1769 3248 1824 de
3271 1769 3476 1840 Nuptiis
3503 1780 3560 1827 et
3583 1771 3817 1828 Concu-

514 1857 793 1925 pisceutia,
819 1858 998 1928 inique
1026 1872 1188 1927 agere
1215 1873 1335 1912 cum
1359 1856 1655 1927 Augustino
1685 1855 1933 1911 eumdem
1961 1855 2248 1920 lulianum,
2288 1859 2376 1928 qui
2406 1858 2473 1912 ab
2503 1858 2592 1913 illo
2612 1866 2667 1913 et
2694 1858 2924 1913 hominis
2953 1861 3174 1914 liberum
3201 1861 3502 1927 arbitrium,
3539 1871 3594 1918 et
3626 1864 3814 1919 Deum

511 1949 842 2004 nascentium
871 1951 1201 2005 conditorem
1230 1949 1430 2020 negari,
1455 1948 1632 2004 denuo
1651 1949 1948 2020 queritatur
1971 1967 1985 2004 :
2009 1951 2206 2020 quique
2236 1951 2454 2020 insuper
2479 1967 2601 2005 cum
2628 1951 2772 2005 illius
2798 1952 2958 2007 dictis
2978 1953 3287 2008 haereticam
3315 1955 3599 2025 quamdam
3634 1957 3819 2013 Mani-

479 2041 643 2116 ⁸ειιίιεί
682 2041 962 2110 epistolam
993 2055 1328 2112 comparans,
1374 2055 1480 2097 non
1506 2041 1610 2096 alia
1639 2056 1799 2111 quam
1841 2057 1962 2112 quae
2005 2043 2142 2112 apud
2185 2042 2534 2098 Manichmnm
2579 2043 2858 2114 leguntur,
2905 2057 3338 2115 argumentorum
3382 2048 3498 2104 vice
3537 2049 3816 2120 objectari

511 2147 540 2186 a
571 2143 756 2188 sancto
787 2135 1012 2190 Doctore
1031 2176 1046 2202 ,
1087 2136 1154 2190 ab
1181 2149 1351 2204 eoque
1393 2133 1613 2204 perinde
1643 2143 1804 2204 atque
1831 2147 1863 2188 a
1897 2133 2189 2190 Manichaee
2230 2143 2472 2189 naturam
2510 2133 2798 2190 humanam
2828 2137 3021 2190 malam
3058 2138 3388 2207 pronuntiari
3419 2139 3814 2197 calumniatur.
3931 2171 3938 2178 τ

582 2228 638 2284 1η
664 2240 874 2300 quarto,
901 2233 1070 2303 pergit
1091 2232 1420 2303 Augustinus
1439 2231 1686 2287 refellere
1713 2230 2077 2290 adversarium
2106 2246 2206 2286 suo
2228 2240 2420 2300 quarto
2447 2231 2586 2286 libro
2611 2232 2971 2303 disputantem
3005 2233 3058 2288 in
3081 2249 3143 2289 ea
3169 2234 3310 2290 dicta
3332 2236 3451 2292 libri
3480 2239 3715 2295 secundi
3740 2239 3813 2296 de

504 2318 714 2391 Nuptiis
741 2330 796 2376 et
819 2322 1281 2394 Concupiscentia,
1313 2339 1432 2395 quae
1467 2337 1499 2378 a
1536 2321 1712 2392 capite
1753 2335 1946 2392 quarto
1996 2322 2062 2377 ad
2103 2322 2441 2377 undecimum
2486 2322 3034 2398 comprehenduntur.
3071 2320 3568 2395 Concupiscentiam
3618 2329 3813 2384 carnis

505 2414 703 2469 malam
729 2429 872 2482 esse,
904 2431 1079 2486 neque
1106 2416 1308 2471 homini
1331 2415 1499 2471 fuisse
1526 2430 1557 2469 a
1588 2415 1702 2471 Deo
1729 2414 2008 2470 conditore
2031 2414 2273 2479 inditam,
2309 2424 2606 2485 propugnat
2632 2415 2816 2470 doceri
2841 2430 2908 2472 eo
2935 2416 3052 2486 ipso
3079 2415 3217 2482 loco,
3248 2432 3408 2488 quem
3430 2418 3484 2472 in
3514 2418 3658 2475 hanc
3680 2436 3804 2476 rem

503 2506 751 2563 adhibuit
767 2523 834 2563 ex
862 2507 1084 2564 Joannis
1113 2509 1349 2580 Epistola
1381 2510 1569 2578 prima,
1598 2509 1772 2578 capite
1799 2509 2056 2574 secundo,
2094 2507 2256 2562 Omne
2281 2507 2417 2578 quod
2441 2508 2588 2562 estin
2617 2507 2829 2574 mundo,
2854 2508 3259 2576 concupiscentia
3285 2510 3457 2564 carnis
3477 2518 3646 2571 εει...
3680 2528 3807 2579 qua

500 2614 602 2652 non
627 2608 700 2653 est
727 2615 789 2654 ea:
808 2599 983 2666 Patre,
1007 2611 1112 2658 etc.
1141 2600 1316 2670 Atque
1336 2599 1482 2654 illam
1512 2599 1725 2670 quidem
1751 2599 1819 2655 ad
1845 2609 2088 2655 naturam
2113 2600 2342 2670 pecoris,
2372 2599 2468 2654 sed
2493 2599 2560 2655 ad
2583 2599 2750 2671 ipsius
2780 2609 2960 2656 tamen
2990 2615 3202 2671 poenam
3228 2601 3464 2659 hominis
3494 2605 3804 2673 pertinere.

501 2689 765 2746 Pudorem
794 2693 1157 2748 membrorum
1185 2691 1397 2747 nonnisi
1423 2701 1546 2762 post
1573 2700 1849 2762 peccatum
1876 2692 2137 2748 accidisse
2163 2691 2234 2746 ob
2256 2691 2491 2746 libidinis
2517 2691 2747 2747 rebelles
2772 2700 2968 2747 motus.
3021 2692 3195 2748 Porro
3236 2709 3304 2748 ne
3343 2693 3395 2747 in
3429 2692 3650 2750 Christo
3693 2696 3808 2751 ulla

501 2797 720 2852 prorsus
745 2782 908 2839 fuisse
940 2793 1153 2855 putetur
1178 2784 1357 2840 carnis
1376 2782 1831 2853 concupiscentia,
1861 2783 1951 2838 hic
1969 2783 2318 2838 vehementer
2341 2791 2512 2838 certat
2537 2793 2726 2838 contra
2748 2781 2887 2838 Julia
2899 2799 3046 2837 num.
3077 2783 3335 2838 Parvulos
3356 2783 3604 2854 originali
3625 2785 3807 2858 culpa:

500 2877 648 2932 nasci
676 2877 958 2944 obnoxios,
989 2893 1094 2934 non
1127 2893 1222 2948 per
1245 2877 1474 2948 propriae
1497 2878 1786 2932 voluntatis
1814 2875 2116 2941 arbitrium,
2147 2873 2244 2930 sed
2283 2890 2379 2944 per
2411 2875 2715 2944 contagium
2749 2877 2949 2943 peccati
2976 2889 3005 2928 a
3036 2875 3207 2942 primo
3250 2886 3473 2944 parente
3513 2877 3808 2934 voluntate

501 2971 795 3025 commissi.
822 2970 1024 3026 Locum
1054 2988 1181 3027 vero
1204 2986 1234 3024 a
1263 2986 1320 3026 se
1345 2985 1413 3025 ex
1438 2969 1727 3040 Sapientiae
1753 2969 1912 3036 libro,
1940 2967 2114 3039 capite
2133 2966 2475 3030 duodecimo,
2510 2967 2812 3035 prolatum,
2856 2967 3098 3032 scilicet,
3130 2966 3252 3021 Non
3289 2968 3531 3038 ignorans
3557 2972 3807 3041 quoniam

498 3079 716 3132 nequam
747 3075 819 3120 est
840 3066 979 3118 natio
1004 3063 1230 3126 illortfm,
1266 3072 1396 3129 etc.,
1419 3061 1489 3116 ad
1518 3062 1571 3116 id
1593 3063 1752 3118 etiam
1783 3059 1985 3127 valere,
2013 3070 2072 3114 nt
2097 3065 2298 3114 nostrae
2321 3057 2542 3127 originis
2567 3057 2752 3112 vitium
2783 3057 3200 3112 demonstretur.

580 3155 634 3209 In
665 3156 871 3225 quinto,
915 3156 1194 3210 confirmat
1227 3153 1551 3225 Augustinus
1583 3161 1638 3208 et
1669 3153 1739 3207 ab
1771 3151 2064 3206 adversarii
2089 3149 2370 3205 calumniis
2402 3149 2636 3204 vindicat
2670 3164 2732 3204 ea
2773 3164 2893 3219 quae
2931 3149 2985 3202 in
3016 3148 3170 3209 libro.
3195 3151 3431 3206 secundo
3471 3152 3540 3208 de
3580 3154 3803 3226 Nuptiis

497 3255 553 3302 et
591 3245 1064 3316 Concupiscentia,
1105 3247 1280 3317 capite
1313 3245 1629 3300 duodecimo
1669 3254 1724 3299 et
1767 3245 1970 3314 aliquot
2007 3242 2352 3312 sequentibus
2393 3242 2643 3311 scripsit,
2687 3244 2740 3296 in
2781 3242 2966 3311 primis
3000 3241 3282 3310 videlicet,
3313 3245 3456 3315 quod
3499 3260 3617 3301 eam
3645 3263 3812 3303 com-

497 3339 788 3393 motionem
833 3338 1135 3408 pudendam
1181 3336 1541 3391 membrorum
1591 3350 1698 3390 non
1748 3333 1974 3389 haberet
2020 3341 2208 3387 natura
2235 3347 2386 3398 sana,
2427 3348 2584 3400 quam
2609 3331 2770 3387 habet
2797 3340 2986 3385 natura
3020 3332 3232 3398 vitiata;
3264 3347 3326 3387 ac
3346 3348 3442 3402 per
3455 3334 3553 3390 hoc
3577 3336 3722 3405 quod
3753 3338 3809 3392 is

497 3431 587 3500 qui
606 3429 728 3484 inde
745 3429 998 3494 nascitur,
1035 3430 1266 3500 indigeat
1286 3427 1514 3483 renasci.
1537 3427 1739 3482 Deinde
1766 3425 1908 3497 quod
1939 3425 2011 3480 ibi
2040 3423 2304 3495 capitibus
2325 3424 2415 3489 M,
2439 3423 2510 3478 20
2530 3433 2584 3478 et
2603 3423 2676 3478 26
2701 3432 3028 3492 conquestus
3054 3431 3156 3488 est,
3186 3422 3451 3479 lulianum
3480 3425 3807 3496 apostolicis

497 3520 708 3575 duobus
729 3519 1073 3586 testimoniis,
1105 3520 1124 3574 l
1148 3519 1274 3574 Cor.
1306 3533 1376 3573 xv
1405 3525 1461 3573 et
1483 3518 1696 3582 Rom.|,
1711 3516 2083 3588 sententiaque
2107 3515 2411 3585 evangelica
2445 3514 2629 3568 Matth.
2664 3529 2760 3580 vn,
2789 3514 2874 3577 l7,
2896 3528 2993 3568 seu
3015 3530 3110 3579 xu,
3134 3515 3224 3579 55,
3259 3530 3536 3586 perperam
3565 3515 3801 3573 abusum

497 3610 791 3680 esse.Qimd
813 3611 984 3684 capite
1001 3613 1256 3683 vigesimo
1271 3619 1459 3666 octavo
1471 3611 1720 3677 asseruit,
1743 3609 1943 3664 malum
1972 3623 2067 3664 seu
2095 3607 2424 3662 voluntatem
2447 3606 2641 3661 malam
2664 3604 2786 3660 ideo
2801 3619 2865 3660 ex
2883 3619 3048 3674 opere
3077 3606 3171 3661 Dei
3199 3606 3340 3661 bono
3367 3607 3496 3661 oriri
3526 3605 3794 3678 potuisse,

501 3704 624 3774 quia
652 3703 822 3776 ipsum
854 3719 1154 3775 quanquam
1184 3704 1405 3772 bonum,
1445 3702 1513 3759 de
1539 3702 1706 3758 nihilo
1734 3699 1932 3757 factum
1957 3708 2060 3766 est,
2108 3715 2217 3756 non
2249 3699 2318 3754 de
2343 3699 2476 3753 Deo.
2512 3699 2591 3753 Ac
2634 3706 2907 3768 postremo
2932 3695 3074 3768 quod
3103 3696 3278 3768 capite
3310 3697 3520 3753 decimo
3559 3700 3796 3770 septimo

502 3793 706 3858 docuit,
738 3795 816 3850 sic
846 3794 1013 3850 Deum
1044 3809 1230 3850 creare
1259 3795 1449 3859 malos,
1482 3793 1752 3864 quomodo
1773 3793 1943 3863 pascit
1969 3801 2024 3847 et
2049 3791 2216 3845 nutrit
2245 3789 2436 3845 malos.

579 3887 636 3942 In
666 3897 840 3956 sexto,
870 3888 1104 3944 ostendit
1135 3888 1399 3944 lulianum
1426 3887 1567 3943 libro
1586 3902 1684 3941 suo
1708 3893 1862 3942 sexto
1887 3884 2082 3940 frustra
2112 3898 2350 3956 pugnare
2377 3891 2565 3938 contra
2592 3879 2645 3937 id
2666 3880 2807 3953 quod
2834 3881 2886 3936 in
2922 3881 3161 3938 secundo
3187 3881 3256 3938 de
3281 3881 3487 3952 Nuptiis
3507 3880 3795 3956 etConcu-

499 3979 788 4048 pisceutia,
819 3978 992 4048 capite
1035 3978 1308 4050 trigesimo
1345 3986 1555 4049 quarto,
1584 3986 1848 4032 assertum
1886 3984 1990 4043 est,
2030 3975 2162 4031 Adae
2199 3975 2405 4030 scilicet
2432 3981 2654 4044 peccato
2682 3983 2927 4028 naturam
2957 3972 3244 4028 humanam
3278 3973 3445 4029 fuisse
3474 3975 3528 4030 in
3554 3975 3794 4034 deterius

497 4077 896 4133 commutatam,
929 4070 1000 4125 ita
1021 4079 1077 4124 ut
1107 4069 1244 4125 facta
1271 4071 1339 4125 sit
1366 4085 1471 4124 non
1499 4069 1672 4124 solum
1695 4065 1986 4138 peccatrix,
2009 4065 2102 4122 sed
2129 4066 2289 4122 etiam
2319 4066 2543 4137 gignens
2570 4064 2825 4135 deinceps
2839 4073 3173 4136 peccatores.
3191 4064 3372 4122 Liberi
3396 4065 3605 4123 arbitrii
3626 4069 3788 4134 vires,

495 4160 690 4231 quibus
716 4160 934 4231 integris
965 4169 1172 4230 poterat
1192 4160 1375 4223 homo,
1397 4168 1454 4214 et
1477 4168 1621 4214 recte
1647 4173 1806 4229 agere
1848 4173 1972 4212 cum
2021 4157 2207 4222 vellet,
2237 4165 2292 4212 et
2321 4172 2427 4211 non
2457 4170 2680 4225 peccare
2705 4156 2751 4211 si
2789 4156 2977 4223 nollet,
3023 4156 3298 4227 peccando
3325 4173 3448 4213 eum
3490 4159 3790 4230 perdidisse

499 4249 675 4308 docet.
707 4251 856 4307 Illam
881 4260 1057 4306 autem
1087 4251 1349 4321 improbat
1375 4250 1739 4306 definitionem
1766 4249 2046 4315 libertatis,
2079 4263 2198 4318 quae
2230 4250 2428 4318 passim
2459 4247 2714 4318 objectari
2739 4247 2806 4303 ab
2848 4247 3162 4305 adversario
3187 4249 3345 4316 solet,
3374 4261 3522 4322 puta,
3550 4271 3571 4306 ‹
3603 4253 3789 4310 Possi-

498 4342 674 4397 bilitas
701 4343 957 4412 peccandi
977 4353 1032 4398 et
1060 4359 1166 4396 non
1191 4341 1465 4412 peccandi,
1504 4359 1524 4393 ι
1557 4349 1662 4396 etc.
1691 4341 1915 4396 Dolores
1946 4340 2284 4411 parientium,
2328 4342 2530 4412 spinas,
2554 4340 2791 4407 labores,
2820 4340 3068 4407 sudores,
3117 4353 3446 4415 craterasque
3484 4347 3789 4403 mortalium

497 4447 767 4486 aerumnas
792 4431 982 4502 probat
1011 4447 1194 4501 poenas
1218 4446 1337 4486 esse
1367 4431 1569 4501 peccati
1602 4447 1615 4484 :
1639 4429 1734 4486 sed
1755 4432 1923 4501 ipsam
1953 4431 2004 4486 in
2032 4432 2220 4502 primis
2241 4441 2466 4487 mortem
2498 4433 2767 4504 poenalem
2793 4448 2912 4488 esse
2940 4432 3167 4502 homini,
3198 4437 3288 4507 qui
3318 4437 3396 4492 sic
3420 4436 3677 4495 divinitus
3706 4440 3786 4494 in-

500 4523 721 4577 stitutus
747 4523 938 4588 fuerat,
970 4531 1027 4578 ut
1053 4521 1151 4576 nisi
1185 4531 1430 4592 peccaret
1448 4537 1554 4576 non
1581 4531 1897 4576 moreretur.
1927 4523 2186 4577 Extrema
2217 4531 2370 4593 parte
2399 4522 2540 4588 libri,
2569 4523 2960 4594 expositionem
2989 4524 3042 4579 in
3068 4525 3194 4579 illud
3218 4527 3460 4595 Apostoli
3483 4526 3502 4581 l
3525 4527 3650 4582 Cor.
3681 4545 3782 4596 xv,

499 4613 648 4670 Sicut
670 4615 726 4670 in
752 4615 918 4670 Adam
941 4631 1112 4670 omnes
1138 4615 1442 4682 moriuntur,
1464 4623 1519 4670 et
1547 4614 1601 4668 in
1622 4615 1896 4685 sequentia
1924 4614 2164 4684 ejusdem
2199 4615 2387 4684 capitis
2406 4614 2570 4682 dicta,
2601 4629 2631 4668 a
2657 4613 2869 4670 lnliano
2896 4615 3158 4686 prolatam
3193 4617 3447 4686 expendit
3480 4627 3534 4673 et
3566 4619 3782 4674 refellit.

499 4703 737 4760 Tandem
766 4720 861 4776 per
889 4714 1055 4761 totum
1092 4704 1260 4762 ferme
1283 4706 1474 4761 librum
1501 4705 1691 4776 dogma
1715 4705 2034 4760 catholicum
2065 4704 2133 4760 de
2161 4705 2405 4775 originali
2433 4705 2585 4771 vitio,
2615 4707 2758 4778 quod
2785 4706 3029 4764 lulianus
3055 4706 3124 4763 ad
3152 4707 3498 4765 Manichtnam
3525 4709 3776 4770 haeresim

501 4795 719 4850 trahere
748 4795 942 4867 ubique
969 4796 1208 4862 enititur,
1234 4812 1338 4850 non
1365 4795 1525 4851 modo
1547 4795 1737 4851 abesse
1768 4795 1921 4866 longe
1946 4796 2012 4851 ab
2039 4795 2124 4850 illa
2151 4795 2366 4862 haeresi,
2394 4795 2487 4852 sed
2512 4798 2674 4853 etiam
2704 4798 2951 4854 haeresim
2975 4799 3118 4855 illam
3144 4799 3479 4858 demonstrat
3505 4819 3779 4877 nunquam

501 4899 533 4940 a
560 4885 858 4957 Pelagianis
882 4901 1042 4956 posse
1071 4885 1172 4941 nisi
1195 4885 1445 4941 catholici
1473 4885 1638 4954 ipsius
1656 4885 1919 4956 dogmatis
1945 4886 2145 4942 auxilio
2171 4895 2227 4943 et
2245 4886 2583 4958 professione
2611 4901 2872 4959 superari.

1384 5019 1481 5077 EX
1517 5019 1847 5078 EPISTOLA
1885 5022 2143 5082 CCXXIV
2179 5027 2272 5082 AD
2309 5027 2898 5095 QUODVDLTDEUM.

571 5131 891 5200 Respondeo
929 5131 1082 5186 libris
1102 5130 1319 5200 luliani,
1347 5146 1481 5202 quos
1508 5139 1629 5188 octo
1651 5132 1818 5189 edidit
1858 5145 1981 5207 post
2020 5135 2140 5193 illos
2161 5147 2392 5208 quatuor
2422 5139 2616 5208 quibus
2643 5148 2770 5197 ante
2810 5143 3084 5215 respondi.
3129 5145 3242 5202 Hos
3277 5149 3420 5205 enim
3445 5163 3568 5207 cum
3597 5151 3780 5211 Romae

501 5221 798 5316 accepisset
820 5219 983 5276 frater
1010 5221 1252 5316 Alypius,
1281 5220 1514 5316 nondum
1542 5237 1733 5316 omnes
1763 5223 2143 5297 descripserat,
2167 5242 2288 5283 cum
2323 5228 2556 5284 oblatam
2599 5233 2938 5290 occasionem
2973 5237 3147 5292 noluit
3171 5235 3382 5309 praeteri
3395 5257 3475 5311 re,
3499 5259 3595 5314 per
3620 5262 3778 5316 quam

503 5313 634 5370 mihi
663 5312 898 5404 quinque
922 5312 1250 5404 transmisit;
1275 5313 1592 5383 promittens
1618 5315 1752 5372 alios
1778 5326 1887 5373 tres
1913 5319 2021 5374 cito
2045 5333 2104 5373 se
2128 5333 2248 5374 esse
2271 5319 2582 5388 missurum,
2606 5334 2661 5378 et
2683 5325 2905 5380 multum
2927 5327 3134 5385 instans
3161 5346 3228 5386 ne
3252 5312 3584 5404 respondere
3600 5312 3780 5395 differ-

502 5419 637 5461 rem.
667 5403 838 5497 Cujus
853 5403 1103 5459 instantia
1129 5413 1494 5497 eoactussum
1535 5409 1810 5463 remissius
1832 5425 1988 5480 agere
2013 5409 2156 5480 quod
2183 5411 2430 5481 agebam,
2465 5423 2522 5469 ut
2550 5417 2700 5485 operi
2726 5418 2937 5488 utrique
2982 5436 3089 5477 non
3135 5403 3408 5494 deessem,
3439 5431 3529 5484 uni
3566 5430 3771 5497 diebus,

503 5497 654 5552 alteri
681 5495 945 5563 noctibus,
985 5496 1196 5567 quando
1233 5494 1364 5550 mihi
1405 5497 1473 5552 ab
1514 5498 1633 5552 aliis
1665 5499 2102 5569 occupationibus
2149 5499 2274 5557 hinc
2306 5511 2470 5574 atque
2510 5504 2637 5561 hinc
2677 5507 2862 5564 venire
2891 5524 2998 5565 non
3031 5511 3414 5572 desisteutibus
3448 5494 3773 5589 parceretur.

503 5591 739 5662 Agebam
763 5606 892 5647 vero
916 5607 1031 5646 rem
1053 5591 1338 5662 plurimum
1365 5594 1718 5648 necessariam
1747 5612 1760 5648 :
1795 5611 1917 5650 nam
1942 5597 2294 5653 retractabam
2323 5603 2580 5670 opuscula
2624 5620 2760 5672 mea,
2795 5616 2847 5663 et
2893 5609 2940 5665 sl
2986 5610 3112 5680 quid
3139 5613 3193 5668 in
3219 5614 3306 5670 eis
3337 5632 3423 5672 me
3457 5618 3772 5686 oﬂ'enderct,

505 5681 588 5783 :el
611 5683 745 5783 alios
765 5682 1036 5783 offendere
1064 5691 1264 5783 posset,
1276 5685 1483 5783 partim
1506 5685 1968 5783 reprehendendo,
1997 5689 2191 5783 partim
2215 5690 2552 5751 defendendo
2578 5699 2722 5769 quod
2747 5699 2851 5772 legi
2897 5702 3117 5760 deberet
3156 5716 3209 5762 et
3247 5720 3451 5778 posset,
3487 5681 3770 5783 operabar.

505 5774 572 5829 Et
597 5775 704 5831 duo
721 5777 991 5832 volumina
1011 5777 1122 5847 jam
1145 5777 1498 5844 absolveram,
1528 5781 1830 5837 retractatis
1855 5782 2107 5841 omnibus
2130 5784 2280 5842 libris
2309 5789 2465 5855 meis,
2498 5807 2725 5862 quorum
2756 5810 3040 5855 numerum
3061 5774 3364 5860 nesciebam
3397 5821 3411 5860 :
3439 5774 3640 5875 eosque
3665 5806 3770 5863 du-
