4102 6498
337 339 483 398 1057

335 468 469 524 ergo
518 452 603 506 hic
649 447 985 520 apertissime
1025 455 1273 516 excerpta
1321 444 1408 499 illa
1453 445 1716 516 suspicari
1767 460 1826 501 se
1866 445 1937 502 de

336 558 502 614 opere
529 557 650 597 meo
673 538 1012 596 tumultuarie
1034 535 1197 592 fuisse
1216 536 1472 601 collecta;
1498 538 1729 608 integros
1753 546 1935 592 autem

336 635 586 706 ignorare
616 633 803 700 libros,
823 631 1015 703 quibus
1045 639 1221 686 tamen
1251 628 1413 684 audet
1430 644 1490 685 se
1509 629 1686 684 dicere
1709 643 1936 699 respon-

337 726 470 783 dere
500 725 758 796 potuisse.

412 818 547 874 Auc.
570 815 681 871 Cur
705 830 812 872 non
837 813 1091 870 auderem
1116 856 1132 881 ,
1161 813 1251 884 qui
1289 823 1342 870 te
1386 815 1440 868 in
1465 814 1544 868 eis
1568 827 1702 867 vana
1733 813 1933 870 dixisse

333 907 583 964 dubitare
609 907 792 978 utique
818 921 924 961 non
949 906 1240 962 deberem?
1266 905 1383 961 Non
1408 905 1554 959 enim
1582 916 1769 961 contra
1803 920 1931 961 vera

336 1016 526 1072 posses
552 1000 696 1071 loqui
726 1000 828 1054 nisi
856 1014 1012 1053 vana.
1043 997 1228 1068 Neque
1255 1013 1402 1052 meus
1426 997 1638 1052 animus
1669 1013 1753 1051 me
1780 994 1934 1052 fefel-

337 1094 401 1148 lit
423 1113 434 1146 :
456 1110 551 1149 eos
571 1107 798 1162 namque
823 1092 990 1146 libros
1009 1100 1127 1145 tuos
1149 1089 1282 1144 tales
1303 1089 1501 1155 inveni,
1522 1104 1643 1144 cum
1673 1088 1930 1160 legerem,

340 1189 528 1260 quales
554 1200 993 1258 prxsumpseram
1023 1199 1164 1248 esse,
1194 1191 1480 1253 antequam
1507 1181 1762 1250 legerem.

414 1278 600 1334 XVIII.
615 1277 729 1332 Ius.
749 1275 898 1330 Facit
917 1288 1128 1345 quoque
1142 1273 1383 1342 epistolae
1400 1271 1748 1338 mentionem,
1769 1288 1928 1344 quam

340 1387 370 1425 a
393 1387 482 1428 me
500 1371 572 1425 ait
591 1369 812 1423 Romam
839 1367 1001 1421 fuisse
1021 1364 1316 1436 directam;
1343 1365 1439 1420 sed
1467 1380 1560 1434 per
1582 1365 1600 1396 ί
1628 1365 1788 1420 verba
1810 1379 1930 1435 quae

337 1463 549 1532 posuit,
582 1459 918 1531 nequivimus
943 1473 1049 1529 quo
1075 1457 1143 1512 de
1169 1458 1372 1526 scripto
1397 1457 1724 1527 loqueretur,
1757 1470 1926 1527 agno-

332 1569 510 1610 scere.
538 1552 669 1608 Nam
695 1552 763 1608 ad
790 1551 1060 1606 Zosimum
1091 1548 1361 1621 quondam
1389 1549 1530 1604 illius
1558 1549 1787 1604 civitatis
1815 1548 1948 1618 epi-'

330 1663 558 1718 scopum
597 1662 759 1718 super
789 1645 871 1701 his
897 1645 1279 1714 quaestionibus
1316 1642 1448 1698 duas
1477 1643 1734 1712 epistolas
1762 1640 1930 1698 desti-

331 1739 490 1804 navi;
522 1755 708 1795 verum
739 1753 806 1795 eo
833 1747 1110 1808 tempore,
1147 1752 1254 1808 quo
1293 1734 1467 1791 adhuc
1506 1735 1675 1792 libros
1701 1749 1925 1791 exorsus

333 1847 442 1886 non
473 1847 642 1887 eram.

406 1927 542 1982 Anc.
577 1925 702 1978 Hrec
743 1923 968 1993 epistola
1013 1937 1122 1978 non
1164 1930 1248 1978 est
1286 1919 1353 1976 ad
1379 1919 1689 1987 Zosimum;
1735 1921 1830 1976 sed
1859 1919 1925 1976 ad

333 2031 430 2071 eos
455 2014 789 2072 seducendos
813 2015 904 2086 qui
934 2014 1115 2069 Romae
1145 2022 1364 2084 possent
1407 2013 1499 2067 tali
1538 2013 1787 2070 suasione
1833 2027 1924 2068 se-

336 2109 478 2164 duci.
511 2108 617 2164 Sed
661 2109 705 2163 si
748 2123 867 2163 eam
907 2121 1015 2161 non
1061 2107 1336 2177 agnoscis;
1367 2120 1524 2173 ecce,
1571 2120 1677 2160 non
1707 2105 1777 2160 sit
1811 2112 1922 2159 tua.

334 2199 548 2256 Utinam
574 2209 629 2256 et
657 2199 732 2254 illi
760 2199 882 2254 libri
911 2214 1014 2254 non
1042 2205 1226 2254 essent
1255 2197 1351 2261 tui,
1381 2196 1476 2252 sed
1501 2196 1661 2252 alieni
1688 2214 1700 2249 :
1731 2213 1799 2252 ne
1826 2211 1922 2267 per

328 2307 426 2348 eos
455 2301 514 2347 tu
544 2292 703 2363 longe
729 2307 760 2345 a
790 2291 1013 2347 veritate
1041 2291 1199 2346 lieres
1226 2289 1454 2344 alienus.

403 2386 549 2442 XIX.
581 2386 698 2442 Jun.
739 2385 910 2441 Porro
940 2393 1119 2439 utatur
1159 2382 1356 2438 indicio
1390 2382 1633 2452 epistolae
1653 2423 1670 2450 ,
1698 2396 1802 2452 qua
1830 2389 1922 2436 aut

332 2479 576 2550 accepit,
623 2486 717 2534 aut
763 2478 914 2532 ﬁnxit
955 2491 1042 2532 me
1083 2475 1487 2545 responsionem
1534 2481 1720 2528 contra
1757 2489 1926 2528 novos

336 2570 660 2625 Manichaeos
701 2568 858 2642 (quia
896 2576 1050 2623 vetus
1095 2566 1414 2637 dedignatur
1455 2564 1657 2628 videri)
1699 2573 1928 2634 quatuor

343 2664 704 2719 voluminibus
728 2662 1021 2732 explicasse
1045 2679 1059 2714 :
1082 2675 1178 2715 cur
1211 2673 1318 2714 non
1347 2657 1553 2713 curavit
1589 2673 1652 2712 ea
1678 2673 1796 2727 quae
1825 2657 1924 2712 ob-

333 2755 654 2827 jecissemus
677 2752 983 2810 addiscere?
1008 2767 1105 2807 cur
1128 2766 1233 2806 non
1260 2749 1483 2815 studuit,
1502 2749 1589 2819 qui
1610 2749 1767 2802 cum'
1784 2755 1928 2804 esset

335 2859 750 2917 congressurus,
790 2857 1130 2917 agnoscere;
1179 2839 1274 2896 sed
1342 2839 1558 2895 levitate
1620 2837 1924 2906 turpissima

333 2915 632 2993 concitatus
652 2935 704 2990 in
730 2915 1000 2991 certamen
1023 2932 1314 2989 maximum
1339 2929 1628 2985 luminibus
1647 2928 1920 2994 involutis,

331 3030 730 3086 Andabatarum
753 3041 923 3093 more,
946 3021 1245 3098 processit?
1265 3019 1418 3091 Quod
1441 3020 1638 3076 factum
1661 3019 1926 3090 ejusmodi

329 3121 651 3193 allegatione
677 3119 934 3184 defendit,
959 3125 1016 3172 ut
1043 3115 1186 3172 dicat
1207 3130 1266 3171 se
1289 3115 1494 3186 patroni
1519 3113 1600 3169 sui
1627 3112 1924 3168 festinatio-

332 3229 480 3282 nem,
503 3228 662 3285 quam
689 3212 777 3266 ille
805 3211 859 3266 in
883 3206 1308 3264 transmittendis
1333 3204 1545 3261 schedis
1567 3203 1777 3272 habuit,
1802 3204 1926 3258 imi-

333 3308 433 3362 tari
466 3304 724 3376 praecipiti
755 3303 1108 3374 responsione
1136 3299 1366 3355 voluisse
1391 3317 1404 3352 :
1435 3297 1587 3369 quasi
1616 3313 1723 3352 non
1749 3297 1926 3352 hone-

334 3399 567 3454 stissime
595 3395 826 3468 potuerit
854 3395 1100 3450 intimare
1121 3401 1331 3462 tempus
1350 3391 1450 3446 sibi
1479 3389 1691 3461 aliquod
1723 3389 1925 3445 debere

337 3489 580 3555 concedi,
608 3503 714 3560 quo
739 3487 805 3542 ad
850 3485 1133 3542 lectionem
1176 3483 1306 3538 editi
1353 3483 1533 3552 operis
1582 3483 1920 3551 pervenira;

338 3579 595 3650 ﬂagitium
621 3594 738 3634 esse
758 3578 897 3633 inter
918 3575 1160 3632 eruditos
1185 3575 1241 3628 in
1261 3572 1529 3629 scribendi
1555 3572 1814 3642 gravitate
1835 3571 1930 3627 de-

337 3671 610 3741 linquere,
642 3679 697 3726 et
726 3668 1055 3742 impatientia
1084 3664 1416 3723 deliberandi
1443 3665 1756 3736 impugnare
1781 3664 1923 3734 quod

336 3766 570 3823 nescias.
594 3765 710 3822 Huc
736 3763 973 3829 accedit,
1005 3762 1150 3834 quod
1184 3761 1341 3817 nobis
1369 3759 1678 3816 calliditatis
1710 3759 1928 3815 molitu-

332 3877 429 3918 rus
452 3859 705 3916 invidiam
723 3901 740 3926 ,
770 3874 890 3930 quae
914 3857 1178 3913 dictorum
1206 3855 1323 3925 ejus
1351 3853 1546 3909 seriem
1568 3853 1860 3908 curtaverit
1882 3851 1924 3919 ³,

331 3951 417 4007 his
441 3952 706 4022 excerptis
740 3949 900 4005 ﬁdem
926 3945 1387 4010 accommodavit,
1427 3959 1546 4015 quae
1583 3943 1926 3999 verisimilius

331 4043 564 4101 falsitate
580 4043 698 4116 ejus
724 4052 780 4098 et
808 4041 1160 4113 malignitate,
1179 4053 1336 4110 quam
1351 4037 1660 4108 cujusquam
1684 4044 1926 4091 nostrum

332 4137 577 4208 imperita
607 4136 946 4207 simplicitate
972 4134 1218 4189 videntur
1240 4146 1360 4188 esse
1380 4131 1696 4201 composita.
1723 4129 1926 4186 Verum

336 4227 392 4282 id
415 4229 603 4298 quovis
631 4228 831 4293 animo,
862 4226 1052 4297 quovis
1077 4232 1295 4279 auctore
1323 4221 1638 4291 contigerit;
1667 4220 1822 4276 nobis
1848 4228 1928 4276 ta-

341 4335 465 4374 men
491 4319 698 4375 duobus
725 4319 1046 4391 suffragatur
1072 4315 1246 4371 modis
1269 4333 1284 4370 :
1312 4315 1436 4386 quia
1478 4314 1634 4369 simul
1678 4314 1848 4384 patuit
1871 4323 1927 4370 et

341 4420 540 4481 quanta
564 4413 633 4467 sit
655 4411 874 4476 levitas,
907 4420 962 4466 et
990 4419 1186 4480 quanta
1225 4407 1563 4464 imbecillitas
1602 4407 1656 4461 in
1686 4407 1926 4462 veritatis

343 4501 583 4568 inimico,
611 4502 700 4573 qui
729 4517 787 4556 se
815 4501 1143 4571 approbavit,
1173 4508 1227 4555 et
1251 4513 1370 4554 eum
1399 4497 1542 4570 loqui
1574 4514 1679 4552 non
1701 4498 1920 4566 debeat,

341 4603 524 4648 tacere
553 4609 655 4647 non
683 4607 860 4662 posse,
894 4600 947 4646 et
975 4591 1154 4661 paucis
1190 4588 1503 4659 semiplenis
1533 4587 1924 4660 discerptisque

338 4686 509 4757 magis
533 4701 692 4756 quam
714 4685 1008 4756 aggregatis
1030 4682 1330 4747 sententiis,
1353 4681 1422 4736 de
1440 4681 1615 4752 primo
1638 4689 1817 4736 tamen
1839 4695 1928 4736 so-

338 4779 448 4833 lum
480 4779 618 4834 libro
644 4793 767 4832 meo
797 4777 865 4831 ita
896 4777 1123 4832 cessisse
1158 4774 1384 4829 fractum
1405 4773 1448 4836 ⁸,
1481 4782 1538 4827 ut
1563 4772 1706 4843 vulgi
1745 4773 1799 4826 in
1829 4787 1927 4828 nos

335 4868 584 4930 femineis
632 4866 921 4923 admodum
977 4866 1198 4921 vocibus
1249 4874 1465 4934 pectora
1515 4871 1923 4920 commoveret:

338 4962 481 5034 quod
505 4961 883 5034 disputationis
915 4968 1115 5014 nostra:
1143 4956 1482 5029 processibus
1509 4955 1803 5027 apparebit.

408 5179 428 5210 ί
459 5176 706 5242 Mlti,“
742 5175 904 5242 verba,
941 5176 1148 5242 omisso,
1187 5185 1307 5239 per;
1343 5184 1489 5237 quam
1520 5169 1801 5234 partlwlam
1834 5170 1926 5222 hoc

344 5237 454 5289 Ioco
467 5239 648 5287 habent
668 5245 774 5288 Mss.
798 5236 918 5287 Clar.
945 5244 1055 5286 Mar.
1084 5236 1141 5285 et'
1160 5236 1284 5285 Fort.

409 5303 430 5333 ⁸
465 5300 748 5363 vignierius,
778 5313 881 5362 pro,
907 5298 989 5362 qui
1011 5311 1140 5363 cum,
1164 5297 1327 5347 invitis
1364 5296 1730 5363 manuscriptis,
1757 5307 1926 5344 corre-

344 5374 378 5433 ξ
384 5370 509 5420 erat,
522 5358 620 5433 quo
633 5358 756 5433 eam.
765 5358 1060 5433 .oqui'amat
1071 5359 1285 5433 Julianus
1292 5371 1409 5432 _cum
1424 5358 1729 5433 ‘Ciceronejtc
1744 5365 1927 5433 Teren-

342 5425 433 5481 tio,
457 5419 636 5487 quibus
655 5419 892 5487 familiaris
916 5430 992 5487 est
1012 5421 1097 5471 ille
1116 5421 1304 5487 dicendi
1329 5420 1513 5487 modus.
1551 5419 1623 5483 sic
1644 5420 1924 5487 Terentius,

340 5479 555 5535 Euhu'ch.
580 5493 671 5535 act.
695 5485 740 5543 4,
766 5484 1132 5547 δοθηηϐινθινε.
1168 5482 1222 5531 21
1250 5497 1269 5547 :_
1297 5501 1318 5527 ι
1340 5483 1532 5547 quicum
1554 5480 1638 5530 res
1655 5479 1740 5547 tibi
1767 5488 1860 5547 est.

408 5549 429 5580 ³
465 5539 736 5604 Vignierius
749 5582 764 5605 ,
787 5546 915 5609 quod
954 5539 1206 5609 dictorum
1218 5543 1327 5609 ejus
1348 5539 1520 5609 seriem
1543 5539 1847 5609 certaret-im.
1874 5548 1929 5591 At

338 5615 470 5673 Mss”
505 5603 614 5673 qui;
637 5603 845 5673 (scilicet
875 5607 1132 5673 calliditas)
1175 5603 1414 5673 dictorum
1441 5603 1546 5673 ejus
1567 5603 1917 5673 s‘ert'emucin'ta-

337 5666 570 5744 υεηεέλλψ
593 5666 682 5720 Mc
699 5670 912 5741 ιθριίοιιε
929 5666 1129 5744 proli"?
1151 5667 1391 5744 ξςςβέεεῖε
1411 5667 1662 5715 Μθηπάυε
1690 5666 1926 5727 “idem,

338 5734 425 5795 Qui
446 5734 820 5844 ﬂammas
841 5734 1017 5783 seriem
1039 5742 1126 5780 cur
1137 5734 1370 5799 jacuerit.

308 5863 310 5866 .
403 5794 428 5826 ⁸
459 5796 596 5864 sic!
623 5854 646 5866 _
730 5806 823 5866 _us.
873 5799 929 5844 At
967 5799 1112 5855 Mss,
1155 5791 1576 5854 malefactum.
1622 5790 1927 5854 Vignierius,

339 5855 598 5911 accessisse
616 5854 844 5919 tractim.

1720 329 1923 388 LIBER
1960 331 2229 391 PRIMUS.

3488 345 3630 404 £058

2114 449 2249 504 Anc.
2279 447 2414 517 Quid
2443 449 2571 506 mihi
2593 452 2857 518 irasceris,
2880 453 3021 524 quod
3045 455 3113 511 ad
3144 470 3228 511 me
3250 455 3373 512 libri
3399 459 3474 512 tui
3499 475 3620 529 per-

2041 540 2223 595 venire
2255 541 2456 597 tardius
2487 553 2805 614 potuerunt;
2839 547 2917 600 vel
2948 546 3090 616 quod
3117 563 3210 602 eos
3234 563 3480 619 quaerens
3509 565 3623 606 non

2039 631 2184 702 potui
2211 633 2459 689 celeriter
2484 635 2762 691 invenire?
2791 646 2967 691 tamen
3000 640 3142 708 potui
3180 648 3235 694 et
3270 640 3488 695 omnino
3521 640 3621 696 de-

2037 724 2147 792 bui,
2180 739 2242 781 ea
2267 741 2386 796 qua:
2412 727 2542 782 mihi
2585 728 2744 782 missa
2788 729 3025 786 chartula
3068 733 3408 798 continebat,
3437 733 3620 802 cujus-

2036 831 2265 890 cumque
2281 829 2334 874 οι
2351 820 2759 892 qualiacumque
2775 833 2976 891 essent,
2995 839 3061 879 ne
3075 835 3386 893 putarentur
3401 825 3617 894 invicta,

2037 910 2193 979 plane
2226 911 2425 980 apertis
2443 952 2457 975 ,
2489 926 2597 966 non
2623 912 2875 968 involutis
2903 915 3072 969 oculis
3100 915 3396 984 inspicere,
3421 925 3478 970 et
3500 917 3617 972 sine

2034 1002 2290 1059 dilatione
2315 1003 2562 1060 refellere
2586 1025 2600 1060 :
2621 1007 2744 1076 quia
2775 1007 2875 1060 etsi
2904 1022 3172 1076 nunquam
3203 1009 3367 1064 libros
3395 1017 3513 1064 tuos
3530 1024 3619 1065 re-

2035 1095 2210 1166 perire
2244 1110 2477 1164 possem,
2506 1097 2742 1164 oportuit
2771 1106 2829 1150 ut
2854 1113 2915 1153 ea
2945 1113 3067 1166 quae
3094 1099 3317 1169 alicujus
3360 1100 3616 1156 momenti

2033 1201 2154 1243 esse
2179 1187 2438 1254 credidit,
2467 1187 2558 1258 qui
2601 1197 2748 1242 tanto
2774 1189 2890 1243 viro
2917 1189 3208 1246 arbitratus
3233 1200 3460 1248 estesse
3494 1193 3617 1247 mit-

2033 1279 2210 1343 tenda,
2243 1289 2498 1352 quantum
2525 1281 2778 1346 valerem,
2808 1297 2874 1336 ne
2899 1281 3181 1354 quisquam
3213 1283 3397 1353 legens
3415 1285 3495 1339 eis
3524 1284 3620 1340 de-

2031 1373 2317 1443 ciperetur,
2349 1389 2648 1444 arguerem.
2685 1373 2802 1429 Non
2843 1390 2972 1446 ergo
3020 1376 3147 1431 mihi
3189 1376 3332 1446 quod
3375 1377 3619 1446 objecistt

2031 1464 2312 1536 objiceres,
2336 1466 2436 1519 nisi
2465 1473 2518 1519 tu
2551 1465 2727 1535 potius
2755 1465 2875 1531 ista,
2907 1476 2964 1520 ut
2985 1483 3089 1520 non
3112 1467 3285 1520 dicam
3315 1468 3613 1530 exstinctis,

2029 1569 2174 1614 certe
2200 1557 2393 1612 clausis
2420 1558 2588 1612 oculis
2615 1557 2931 1628 loquereris.
2964 1557 3120 1612 Nullo
3144 1558 3302 1612 modo
3329 1568 3506 1612 autem
3525 1557 3612 1612 di-

2029 1665 2210 1716 ceres,
2237 1650 2378 1720 vulgi
2404 1666 2433 1704 a
2464 1650 2618 1704 nobis
2645 1650 2696 1704 in
2726 1664 2824 1704 vos
2869 1659 3084 1720 pectora
3112 1649 3476 1716 commoveri,
3509 1650 3613 1706 nisi

2029 1744 2194 1800 scires
2211 1743 2604 1799 multitudinem
2619 1743 2962 1799 christianam
2984 1745 3035 1798 in
3052 1755 3280 1814 utroque
3301 1759 3432 1798 sexu
3454 1743 3614 1800 fidem

2028 1838 2342 1894 catholicam
2372 1854 2475 1893 non
2507 1837 2694 1902 latere,
2728 1853 2886 1908 quam
2907 1839 3120 1892 conaris
3142 1847 3403 1892 evertere.

2099 1930 2219 1986 XX.
2249 1930 2368 1986 Jun.
2392 1929 2670 1985 Admoneo
2699 1938 2877 1985 tamen
2902 1929 2989 1984 hic
3013 1944 3246 2000 quoque,
3276 1929 3415 1984 sicut
3436 1929 3614 1998 priore

2029 2038 2058 2078 a
2086 2023 2236 2078 nobis
2261 2038 2420 2094 Opere
2450 2023 2649 2078 factum
2675 2032 2789 2090 est,
2822 2039 2928 2077 non
2956 2038 3042 2078 me
3067 2024 3243 2077 omnia
3285 2022 3611 2076 examussim

2029 2114 2143 2186 ejus
2168 2115 2326 2171 verba
2357 2115 2682 2185 positurum;
2715 2114 2808 2170 sed
2838 2129 2900 2170 ea
2939 2114 3140 2184 capita,
3183 2113 3377 2184 quibus
3401 2112 3614 2169 destru-

2029 2208 2149 2276 ctis,
2177 2208 2432 2263 naturalis
2461 2207 2586 2262 mali
2615 2207 2794 2278 opinio
2823 2216 3154 2264 conteratur.

2100 2301 2234 2356 Anc.
2278 2300 2388 2354 Ea‘
2417 2315 2534 2370 qua!
2581 2301 2978 2369 praetermittis,
3020 2282 3336 2370 colligentur
3377 2297 3604 2353 furias-.1:

2029 2391 2114 2447 vel
2142 2407 2173 2446 a
2204 2391 2358 2448 nobis
2382 2393 2465 2446 vel
2491 2391 2560 2447 ab
2597 2391 2751 2458 aliis,
2799 2399 2858 2446 ut
2901 2399 3156 2463 appareat
3182 2407 3279 2447 cur
3312 2392 3610 2462 praetermi-

2028 2484 2184 2541 seris.

2100 2578 2242 2635 XXI.
2269 2578 2388 2634 Jun.
2427 2578 2580 2646 Quod
2623 2578 2748 2633 licet
2787 2577 2946 2648 plene
2988 2577 3162 2647 primo
3199 2590 3363 2647 opere
3403 2583 3612 2631 constet

2028 2671 2273 2728 elfectum
2302 2687 2316 2726 :
2346 2681 2522 2726 tamen
2575 2671 2826 2741 quoniam
2881 2684 3024 2724 nunc
3077 2669 3332 2723 nonnulla
3383 2669 3450 2724 de
3497 2682 3610 2723 uno

2028 2764 2284 2819 duntaxat
2311 2763 2450 2819 libro
2477 2777 2596 2817 meo
2623 2762 2722 2817 sibi
2754 2761 3043 2816 refellenda
3072 2759 3374 2832 preposuit,
3397 2775 3610 2830 meque,

2028 2865 2090 2911 ut
2111 2855 2430 2926 prelocutus
2450 2856 2470 2887 ²
2490 2870 2630 2920 sum,
2652 2855 2844 2925 arguit,
2869 2852 3010 2924 quod
3025 2854 3196 2924 capita
3213 2853 3474 2908 dictorum
3499 2852 3617 2923 ejus

2029 2966 2147 3020 quae
2174 2950 2392 3015 inserui,
2425 2963 2613 3019 magna
2642 2963 2708 3003 ex
2742 2957 2896 3029 parte
2919 2947 3305 3012 truncaverim;
3336 2945 3613 3003 ostendam

2029 3043 2223 3113 primo,
2242 3041 2294 3095 id
2315 3041 2455 3112 quod
2481 3040 2841 3111 reprehendit,
2861 3055 2962 3095 nec
2985 3056 3015 3094 a
3037 3055 3122 3095 me
3141 3055 3262 3096 esse
3282 3038 3498 3102 factum,
3523 3050 3576 3094 et
3594 3038 3616 3070 ⁸

2029 3133 2098 3188 ab
2122 3134 2213 3188 illo
2238 3131 2698 3202 impudentissime
2723 3131 2775 3185 in
2807 3129 2910 3186 hoc
2939 3132 3131 3186 eodem
3160 3145 3325 3200 opere
3364 3129 3614 3200 frequen-

2030 3233 2217 3280 tatum.
2243 3223 2392 3278 Tunc
2421 3222 2674 3292 probabo,
2708 3221 2816 3276 illis
2838 3221 2968 3291 ipsis
2995 3221 3227 3276 concisis
3254 3220 3614 3291 brevibusque

2029 3317 2330 3383 sententiis,
2360 3330 2494 3386 quas
2517 3315 2585 3370 de
2609 3315 2821 3385 scriptis
2851 3313 3004 3377 meis,
3028 3314 3221 3386 quibus
3249 3313 3420 3368 fuerat
3446 3313 3619 3383 impu-

2031 3420 2240 3481 gnatus,
2271 3409 2570 3475 interserit,
2600 3409 2671 3462 ita
2702 3407 2858 3462 nullis
2885 3423 3005 3462 eum
3033 3407 3218 3462 solidis
3253 3407 3618 3478 responsioni-

2031 3502 2132 3557 bus
2158 3500 2450 3567 obstitisse,
2483 3509 2540 3554 ut
2566 3509 2618 3555 et
2649 3500 2734 3553 illa
2762 3501 3006 3554 invexata
3038 3509 3422 3568 permaneant,
3452 3510 3507 3554 et
3528 3500 3615 3555 hic

2025 3595 2239 3667 planius
2267 3592 2578 3648 detestanda
2614 3592 2859 3660 fateatur,
2889 3607 3048 3663 quam
3078 3601 3261 3647 nostra
3292 3594 3464 3649 oratio
3486 3591 3510 3624 ⁸
3533 3593 3614 3648 Ia-

2030 3689 2312 3744 boraverat
2336 3685 2622 3756 explicare.

2101 3781 2236 3836 Anc.
2268 3779 2384 3833 Iam
2413 3777 2656 3847 superius
2673 3776 2739 3831 ad
2762 3777 2860 3832 ista
2885 3777 3160 3845 respondi.

2101 3869 2268 3925 XXII.
2299 3869 2419 3924 Jun.
2446 3868 2667 3924 Attoniti
2699 3881 2860 3938 ergo,
2891 3866 3018 3938 quid
3057 3875 3242 3922 contra
3269 3881 3356 3924 me
3380 3867 3615 3940 scripse-

2031 3963 2121 4029 rit,
2153 3962 2448 4017 audiamus.
2480 3977 2501 4013 ‹
2531 3959 2725 4027 Verba,
2758 3980 2776 4012 ι
2804 3959 2993 4031 inquit,
3023 3977 3044 4012 ι
3072 3959 3139 4015 de
3161 3960 3296 4016 libro
3315 3977 3440 4018 meo
3465 3962 3557 4018 tibi
3582 3978 3612 4017 a

2031 4069 2121 4110 me
2148 4055 2312 4109 misso
2341 4052 2542 4124 tibique
2565 4051 2847 4106 notissimo
2875 4052 2973 4106 ista
3006 4052 3202 4122 posuit,
3230 4067 3350 4122 quae
3379 4052 3612 4108 refutare

2029 4154 2252 4203 conatus
2272 4155 2353 4200 est
2377 4161 2392 4198 τ
2418 4145 2767 4199 Damnatores
2796 4157 2892 4197 nos
2913 4157 3033 4209 esse
3062 4144 3385 4213 nuptiarum,
3409 4145 3617 4215 operis-

2029 4253 2134 4310 que
2158 4236 2355 4304 divini,
2390 4251 2495 4307 quo
2523 4251 2591 4291 ex
2616 4236 2853 4291 maribus
2879 4243 2934 4290 et
2961 4235 3174 4290 feminis
3203 4237 3342 4292 Deus
3368 4236 3614 4293 homines

2030 4339 2198 4397 creat,
2219 4328 2628 4384 invidiosissime
2642 4329 2916 4383 clamitant
2939 4344 2952 4381 :
2978 4329 3229 4398 quoniam
3245 4329 3492 4397 dicimus,
3517 4345 3613 4385 eos

2029 4425 2120 4495 qui
2147 4423 2214 4478 de
2240 4422 2331 4477 tali
2351 4421 2726 4477 commixtione
2752 4430 3066 4489 nascuntur,
3095 4421 3308 4477 trahere
3345 4420 3606 4491 originale

2031 4525 2338 4588 peccatum;
2365 4529 2582 4585 eosque,
2606 4513 2674 4568 de
2699 4513 3176 4584 qualibuscumque
3195 4514 3502 4583 parentibus
3527 4529 3616 4570 na-

2030 4617 2267 4674 scantur,
2298 4621 2403 4661 non
2429 4619 2686 4674 negamus
2723 4603 2896 4660 adhuc
2933 4619 3054 4660 esse
3095 4603 3196 4659 sub
3237 4604 3483 4670 diabolo,
3513 4604 3618 4660 nisi

2030 4705 2377 4754 renascantur
2401 4695 2452 4750 in
2468 4695 2699 4751 Christo.
2723 4692 2780 4748 In
2804 4692 2888 4748 his
2903 4693 3081 4748 verbis
3097 4693 3230 4749 meis
3251 4694 3613 4750 testimonium

2030 4789 2293 4862 Apostoli,
2316 4787 2458 4858 quod
2482 4787 2773 4857 interposui
2802 4786 3163 4857 praetermisit,
3183 4787 3334 4857 cujus
3359 4801 3418 4842 se
3439 4788 3611 4858 premi

2029 4899 2219 4953 magna
2247 4881 2386 4936 mole
2413 4879 2695 4935 sentiebat.
2721 4878 2834 4950 Ego
2864 4879 3005 4933 enIm
3039 4893 3161 4934 cum
3188 4879 3474 4948 dixissem,
3511 4879 3611 4935 ho-

2031 4977 2206 5032 mines
2229 4972 2445 5028 trahere
2470 4970 2729 5043 originale
2759 4980 3036 5041 peccatum
3053 5013 3068 5038 ,
3099 4986 3223 5027 mox
3250 4971 3468 5042 adjunxi
3493 4989 3508 5027 :
3537 4971 3615 5030 De

2030 5081 2136 5136 quo
2164 5063 2448 5135 Apostolus
2469 5063 2561 5128 ait,
2590 5061 2696 5115 Per
2718 5078 2877 5116 unum
2901 5061 3155 5116 hominem
3174 5071 3434 5134 peccatum
3447 5063 3615 5117 intra.-

2029 5159 2098 5213 m’t
2126 5158 2181 5212 in
2207 5155 2470 5221 mundum,
2495 5164 2540 5208 et
2568 5171 2656 5226 per
2677 5164 2934 5224 peccatum
2961 5169 3128 5219 more;
3161 5161 3206 5208 et
3245 5154 3320 5208 ita
3357 5155 3411 5208 in
3444 5169 3615 5210 omnes

2032 5251 2257 5305 homines
2277 5249 2588 5320 pertransiit,
2614 5249 2669 5302 in
2694 5265 2791 5318 quo
2811 5260 2985 5302 omnes
3007 5256 3333 5318 peccaverunt
3351 5246 3530 5320 (Rom.
3557 5261 3614 5313 v,

2034 5345 2121 5417 12)
2148 5362 2162 5400 :
2184 5358 2290 5414 quo
2311 5341 2635 5406 testimonio,
2657 5349 2714 5396 ut
2732 5328 2981 5405 diximus,
3013 5339 3391 5410 pratermisso,
3417 5344 3615 5392 catam

2033 5437 2120 5492 illa
2147 5435 2420 5492 contexuit
2453 5449 2574 5502 qua:
2616 5447 2778 5504 supra
2817 5438 3232 5488 commemorata
3272 5435 3416 5484 sunt.
3456 5425 3620 5483 Novit

2033 5529 2172 5586 enim
2204 5527 2652 5599 quemadmodum
2689 5527 2894 5582 soleant
2935 5525 3050 5581 haec
3091 5521 3254 5580 verba
3289 5519 3618 5593 apostolica,

2098 5663 2115 5695 ί
2150 5669 2252 5712 Duo
2274 5669 2400 5717 Mss,
2426 5665 2490 5710 et.

2097 5727 2118 5757 ⁸
2149 5726 2222 5773 sic
2240 5731 2343 5773 MSS.
2362 5723 2482 5773 Editi
2499 5755 2516 5781 ,
2539 5721 2828 5785 prolocutus.

2099 5788 2120 5851 ἒ
2155 5786 2444 5848 vignierius,
2468 5782 2730 5833 ut.’|telius
2761 5787 2972 5851 Iss.,et.

2100 5849 2122 5881 ι
2155 5855 2260 5899 Mss.
2299 5854 2427 5899 rort.
2453 5853 2654 5908 etlam,
2673 5849 2904 5910 operatio.
