4102 6498
572 365 718 426 1083

575 481 732 539 datur
755 479 943 542 oratio,
966 475 1074 541 hic,
1105 474 1191 529 hic
1221 473 1406 528 harum
1433 473 1498 527 de
1527 471 1720 542 quibus
1759 471 1964 539 agimus
1991 469 2032 533 ¹,
2068 483 2159 523 re—

575 589 692 628 rum
717 585 904 642 genus,
930 565 1154 638 species,
1188 563 1516 630 differentia,
1570 562 1794 626 modus,
1828 560 2163 632 qualitasque

575 674 824 720 cernatur
849 679 862 714 :
893 662 998 714 imo
1027 657 1304 712 sollicitius
1349 667 1530 711 utrum
1571 657 1700 722 sint,
1750 652 1893 708 unde
1916 653 2040 717 sint,
2071 651 2159 705 ubi

573 756 680 810 sint
702 755 746 822 ⁸,
794 752 918 823 quid
947 755 1106 806 etiam
1154 759 1484 814 mereantur,
1531 757 1585 802 et
1628 764 1658 802 a
1686 762 1811 817 quo.
1862 745 1971 799 Iloc
2015 745 2159 800 enim

574 846 732 901 modo
759 860 856 900 nec
881 843 972 898 diu
999 859 1092 912 per
1116 841 1531 913 disputationum
1560 839 1829 894 anfractus
1865 836 2156 905 errabitur,

575 947 630 994 et
655 949 860 994 certum
890 936 1030 1007 quod
1066 936 1232 991 teneri
1261 933 1453 989 debeat
1485 932 1781 1002 apparebit.

643 1035 776 1089 Aue.
819 1031 945 1086 Ideo
972 1039 1154 1086 contra
1197 1045 1358 1082 unum
1405 1027 1595 1082 librum
1647 1041 1822 1080 meum
1850 1024 2014 1078 libros
2038 1033 2161 1078 octo

570 1122 830 1193 scripsisti
859 1122 937 1196 (ιι)
961 1163 977 1189 ,
1005 1122 1128 1194 quia
1147 1120 1168 1152 ³
1195 1135 1289 1192 per
1314 1131 1399 1174 tua
1423 1117 1737 1189 compendia
1763 1117 2038 1173 dialectica
2067 1115 2159 1170 diu

571 1215 846 1284 disputare
875 1213 1110 1268 noluisti.
1724 1264 1726 1266 ,

646 1307 868 1362 XXXV.
909 1306 1030 1363 ιω..
1069 1304 1441 1361 Creatorishie
1479 1303 1637 1374 igitur
1657 1311 1710 1358 et
1737 1309 1997 1358 creaturae
2025 1303 2160 1356 ratio

578 1400 824 1464 vertitur,
856 1399 908 1453 id
948 1407 1030 1454 est
1073 1397 1165 1452 Dei
1206 1405 1261 1452 et
1301 1394 1560 1460 hominis;
1588 1393 1791 1463 judicat
1817 1393 1927 1456 ille,
1955 1391 2160 1461 judica-

580 1501 666 1548 tnr
693 1494 836 1546 iste:
870 1491 1046 1561 itaque
1067 1489 1286 1559 justitite
1316 1498 1368 1542 et
1395 1486 1566 1555 culpa:
1605 1503 1721 1556 quae
1756 1485 1827 1540 sit
1857 1493 2042 1538 natura
2084 1483 2160 1536 vi-

563 1585 791 1641 deatur.
818 1583 1031 1640 Justitia
1058 1593 1161 1650 est,
1189 1590 1242 1636 et
1266 1592 1321 1634 ut
1343 1579 1409 1634 ab
1438 1578 1660 1634 eruditis
1683 1577 1891 1633 deﬁniri
1922 1577 2079 1638 solet,
2108 1583 2163 1629 et

577 1687 636 1732 ut
675 1693 772 1732 nos
821 1675 1112 1746 intelligere
1155 1687 1456 1743 possumus,
1500 1671 1669 1725 virtus
1715 1669 1800 1740 (si
1829 1684 1922 1738 per
1951 1665 2161 1722 Stoicos

571 1769 733 1826 liceat
758 1769 912 1825 alteri
937 1767 1156 1822 alteram
1189 1763 1460 1836 praaferre)
1495 1765 1749 1820 virtutum
1782 1761 2019 1816 omnium
2047 1774 2160 1812 ma-

573 1862 738 1924 xima,
776 1861 996 1930 fungens
1022 1857 1304 1929 diligenter
1335 1855 1513 1913 ofﬁcio
1543 1855 1608 1911 ad
1639 1853 2022 1911 restituendum
2067 1867 2160 1907 sua

575 1954 860 2024 unicuique
883 1952 1000 2007 sine
1027 1949 1231 2015 fraude,
1263 1949 1378 2004 sine
1405 1949 1594 2018 gratia.

644 2048 778 2103 Aue.
823 2045 914 2100 Dic
938 2061 1066 2116 ergo
1097 2059 1198 2115 qua
1225 2043 1425 2114 justitia
1453 2039 1770 2096 retributum
1815 2039 1884 2094 sit
1927 2037 2164 2108 parvulis

571 2153 734 2210 grave
754 2137 940 2208 jugum
969 2145 1076 2190 tam
1108 2149 1312 2206 magna:
1343 2131 1739 2202 manifestaque
1767 2131 1999 2185 miserita
2034 2147 2047 2182 :
2075 2129 2163 2184 dic

571 2245 673 2302 qua
689 2229 890 2300 justitia
914 2229 1004 2286 ille
1025 2227 1274 2298 parvulus
1299 2225 1582 2296 adoptetur
1603 2223 1625 2256 "
1670 2226 1720 2280 in
1752 2224 2046 2295 Baptismo,
2073 2223 2163 2278 ille

571 2323 687 2379 sine
703 2321 804 2376 hac
821 2319 1110 2391 adoptione
1132 2318 1418 2382 moriatur;
1449 2331 1545 2372 cur
1560 2332 1667 2370 non
1683 2315 1754 2370 sit
1775 2315 2032 2370 ambobus
2059 2313 2160 2369 ho-

573 2429 670 2469 nor
688 2415 788 2468 iste
811 2411 1131 2475 communis,
1160 2417 1251 2464 aut
1275 2409 1343 2462 ab
1369 2409 1473 2463 isto
1504 2408 1704 2462 honore
1725 2407 1997 2472 alienatio,
2036 2421 2159 2460 cum

571 2505 642 2560 sit
662 2503 920 2559 ambobus
949 2517 1043 2557 seu
1065 2501 1202 2555 bona
1227 2515 1320 2555 seu
1347 2499 1486 2553 mala
1511 2515 1672 2554 causa
1697 2497 2014 2552 communis.
2045 2495 2158 2550 Non

572 2597 727 2665 dicis,
758 2600 880 2668 quia
914 2611 1012 2652 nec
1041 2595 1132 2650 Dei
1161 2595 1410 2666 gratiam,
1441 2610 1540 2650 nec
1573 2593 1664 2649 Dei
1701 2593 1962 2664 justitiam
2001 2591 2163 2648 homo
2215 2643 2236 2660 ,

571 2689 741 2760 magis
767 2687 1080 2758 Pelagianus
1105 2701 1261 2757 quam
1291 2686 1623 2741 Christianus
1651 2686 1812 2754 sapis.

643 2779 889 2836 XXXVI.
930 2779 1049 2836 JUL.
1090 2779 1241 2849 Quod
1286 2781 1331 2834 si
1376 2795 1494 2834 eam
1536 2780 1826 2833 maximam
1870 2779 1972 2833 diei
2017 2777 2162 2833 Zeno

569 2887 678 2930 non
707 2874 915 2940 siverit,
945 2873 1036 2943 qui
1066 2883 1266 2928 tantam
1295 2871 1548 2926 virtutum
1591 2871 1832 2942 copulam
1876 2871 2160 2926 unitatem-

570 2979 674 3037 que
700 2963 1002 3030 conﬁrmat,
1034 2971 1092 3018 ut
1124 2963 1209 3018 ubi
1239 2962 1397 3017 fuerit
1431 2979 1555 3029 una,
1588 2977 1773 3018 omnes
1801 2961 1944 3017 dicat
1973 2961 2163 3017 adesse

571 3055 818 3122 virtutes,
849 3064 905 3110 et
929 3054 1017 3110 ubi
1049 3071 1149 3108 una
1178 3068 1284 3108 non
1311 3051 1505 3120 fuerit,
1538 3067 1723 3107 omnes
1752 3051 1971 3120 deesse;
2003 3062 2162 3122 atque

570 3147 715 3204 illam
744 3164 923 3203 veram
955 3162 1075 3202 esse
1101 3147 1371 3212 virtutem,
1403 3162 1522 3218 qua:
1554 3147 1653 3202 hac
1693 3145 1926 3217 quadrua
1965 3143 2160 3216 jugali-

570 3250 679 3296 tate
710 3240 982 3310 perﬁcitur
1009 3255 1022 3292 :
1053 3249 1176 3294 tunc
1203 3255 1415 3310 quoque
1441 3231 1596 3293 nobis
1628 3239 1908 3308 plurimum
1949 3239 2160 3311 prtebe-

571 3333 650 3387 bit
672 3333 874 3400 auxilii,
903 3348 1024 3388 cum
1055 3331 1330 3398 docuerit,
1363 3348 1462 3387 nec
1486 3332 1818 3402 prudentiam
1839 3374 1852 3398 ,
1883 3345 1982 3385 nec
2010 3329 2162 3386 forti-

570 3424 935 3492 tudinem,nec
949 3435 1217 3494 temperan
1228 3427 1352 3479 tiam
1369 3440 1523 3494 posse
1538 3425 1652 3478 sine
1662 3424 1864 3494 justitia
1877 3424 2157 3490 contineri;

569 3517 860 3573 secundum
887 3533 1042 3587 quam
1068 3517 1341 3571 veritatem
1365 3527 1418 3570 et
1445 3515 1794 3569 Ecclesiastes
1821 3515 2156 3585 pronuntiat,

573 3609 673 3678 Qui
687 3611 741 3666 in
755 3627 858 3666 uno
880 3609 1174 3680 peccauerit,
1197 3609 1357 3663 multa
1377 3609 1508 3662 bona
1530 3607 1701 3677 perdet
1724 3606 1921 3680 (Eccle.
1945 3623 2019 3670 Ix,
2045 3603 2157 3671 18).

641 3705 775 3759 Anc.
818 3701 956 3756 Audi
986 3699 1231 3757 eumdem
1257 3699 1620 3754 Ecclesiasten
1651 3698 1914 3754 dicentem
1943 3716 1955 3751 :
1999 3693 2159 3751 Vani-

574 3805 652 3849 tas
679 3793 976 3857 vanitatum,
1008 3801 1055 3846 et
1095 3791 1266 3846 omnia
1293 3792 1529 3844 vanitas:
1557 3804 1672 3859 qua:
1715 3789 2024 3843 abundantia
2063 3789 2160 3842 ho-

573 3885 724 3939 minis
747 3883 801 3938 in
830 3883 968 3938 omni
1003 3882 1172 3937 labore
1197 3897 1310 3947 suo,
1353 3897 1496 3947 quem
1536 3882 1644 3950 ipse
1682 3879 1874 3934 laborat
1916 3879 2007 3934 sub
2054 3878 2161 3934 sole

570 3975 680 4049 (Id.
707 3992 746 4044 ι,
765 3973 986 4045 2313)?
1010 3984 1110 4028 etc.
1137 3973 1206 4027 Et
1232 3971 1318 4027 die
1345 3971 1478 4036 mihi
1499 3987 1662 4042 quare
1693 3971 1852 4026 homo
1879 3972 2036 4026 etiam
2063 3985 2159 4025 va-

572 4067 722 4124 nitati
748 4067 936 4122 similis
965 4065 1134 4120 factus
1163 4073 1244 4120 est
1287 4063 1474 4136 (Psat.
1517 4078 1676 4121 CXLIII
1700 4106 1713 4130 ,
1749 4063 1842 4132 It),
1871 4063 1960 4134 qui
1985 4063 2158 4120 factus

573 4160 748 4216 fuerat
774 4159 964 4216 similis
989 4158 1218 4212 veritati.
1247 4159 1328 4211 An
1353 4156 1478 4211 hinc
1501 4156 1701 4226 excipis
1727 4155 1994 4226 parvulos,
2022 4171 2158 4226 quos

569 4252 815 4307 videmus
834 4249 1152 4315 crescendo,
1176 4249 1276 4303 etsi
1299 4249 1433 4302 bene
1457 4247 1786 4314 erudiantur,
1809 4247 2154 4318 proﬁciendo,

571 4351 682 4400 tam
727 4357 973 4412 magnam
1019 4341 1259 4396 minuere
1284 4381 1300 4409 ,
1345 4353 1466 4394 cum
1495 4354 1598 4410 qua
1639 4339 1746 4392 nati
1776 4346 1919 4404 sunt,
1947 4341 2154 4394 vanita-

571 4446 717 4504 tem;
749 4451 850 4492 nec
878 4451 944 4491 ea
975 4442 1083 4489 tota
1112 4447 1332 4501 carere,
1376 4431 1480 4488 nisi
1522 4445 1709 4486 omnes
1749 4430 1864 4486 dies
1905 4431 2155 4487 vanitatis

571 4531 716 4585 velut
735 4529 931 4583 umbra
963 4525 1302 4581 transierint?

642 4619 910 4676 XXXVII.
953 4619 1070 4674 Jun.
1113 4617 1237 4673 Haec
1277 4617 1438 4686 igitur
1476 4623 1694 4686 augusta
1731 4617 1918 4682 virtus,
1951 4631 2152 4687 expun-

569 4715 706 4767 ctrix
760 4711 1172 4780 uniuscujusque
1229 4711 1574 4776 meritorum,
1642 4709 1694 4763 in
1745 4711 1993 4779 operibus
2034 4711 2153 4780 qui-

569 4804 691 4859 dem
723 4802 963 4872 imaginis
993 4803 1104 4867 Dei,
1137 4802 1186 4856 id
1217 4811 1300 4856 est
1330 4801 1574 4856 humanae
1602 4803 1824 4869 animae,
1867 4817 1964 4872 pro
1994 4817 2148 4858 erea-

573 4903 707 4947 turze
733 4891 898 4962 ipsius
923 4893 1082 4948 modo
1112 4903 1165 4946 et
1191 4892 1391 4947 viribus
1427 4891 1731 4946 intermicat
1754 4909 1767 4946 :
1798 4891 1851 4947 in
1879 4893 1995 4962 ipso
2023 4909 2149 4948 vero

571 4983 700 5048 Deo,
729 4985 962 5040 omnium
991 5001 1108 5055 quae
1138 4993 1262 5039 sunt
1287 5000 1353 5039 ex
1379 4983 1544 5038 nihilo
1567 4983 1860 5047 conditore,
1891 4987 2148 5042 immenso

567 5083 620 5130 et
649 5075 794 5132 claro
823 5091 917 5145 per
943 5085 1198 5132 aeternum
1240 5075 1370 5128 orbe
1396 5073 1418 5105 ⁸
1457 5073 1784 5143 resplendet.
1831 5073 1991 5145 Origo
2032 5077 2148 5145 ejus

565 5165 813 5222 divinitas
842 5179 943 5233 est,
973 5176 1101 5221 tetas
1131 5167 1244 5236 ejus
1275 5166 1566 5230 :eternitas,
1609 5175 1662 5218 et
1701 5168 1968 5221 aeternitas
2007 5169 2146 5224 ultro

565 5261 701 5316 citro
728 5262 905 5317 nescia
933 5260 1018 5316 vel
1045 5260 1292 5314 desinere
1322 5257 1404 5312 vel
1433 5260 1679 5327 cepisse.
1725 5259 1794 5314 Ut
1827 5277 1956 5332 ergo
1979 5278 2145 5334 genus

627 5413 647 5443 ι
667 5409 1000 5476 _vignieri_us,_
1025 5405 1179 5476 oratio
1315 5402 1488 5476 hortm:
1511 5403 1596 5476 de.
1613 5405 1784 5469 quibus
1804 5407 2002 5473 agrinus
2047 5417 2145 5463 ne.

562 5464 765 5531 nardus‘;
777 5469 947 5528 oratio,
961 5464 1028 5519 sic
1052 5467 1226 5531 harum
1241 5465 1302 5516 de
1323 5464 1492 5531 quibus
1781 5464 1836 5519 al.

626 5537 646 5566 ³
681 5527 764 5583 Hie
785 5545 848 5582 ex
871 5527 1203 5592 manuscriptis
1218 5527 1659 5592 restituimus,"ubi
1677 5531 1787 5582 sint.

625 5597 648 5665 ξ
679 5596 838 5665 Σίδῃ,
859 5589 964 5665 φά.
1064 5588 1193 5644 Mss...

624 5656 648 5689 δ
679 5651 796 5722 Editi
810 5651 929 5722 ,rdic
960 5651 1104 5702 etiam
1137 5651 1240 5714 qua
1256 5651 1446 5722 iustitia
1597 5653 1824 5722 paruulus
1866 5657 2141 5722 adaptatur.

561 5716 866 5782 lucusta-ipa
883 5721 1206 5782 [metet-eunt,
1229 5714 1404 5782 etim;
1427 5724 1479 5767 et
1499 5714 1682 5768 habent
1697 5751 1711 5776 ,
1745 5714 2014 5782 adoptatur.

624 5779 647 5838 ι
679 5777 754 5838 sic
769 5776 1091 5838 manuscripti.
1129 5784 1184 5826 At
1207 5777 1353 5838 editi,
1385 5776 1476 5838 pro
1494 5785 1672 5828 aeterno
1693 5777 1820 5829 orbe.

617 5837 702 5908 ge)
1377 5835 1646 5930 deliuptiis
1659 5849 1712 5894 et
1727 5842 2138 5906 concupiscentia.

1248 354 1496 415 OPEBIS
1532 353 1946 410 IMPERFECTI
1981 349 2260 410 CONTRA
2294 349 2655 418 JULIANUM,
2697 352 2758 408 S.
2799 349 3167 409 AUGUSTINI

3707 351 3856 412 1064

2267 467 2386 536 ejus
2412 466 2542 536 (quo
2568 467 2782 522 nomine
2809 467 2941 522 nihil
2970 467 3111 522 aliud
3141 481 3298 538 quam
3327 466 3590 538 originem
3621 467 3850 541 intelligi

2269 557 2389 610 volo
2413 559 2432 627 )
2461 556 2601 612 Deus
2631 563 2710 613 est
2742 577 2754 612 :
2790 559 2860 612 ita
2886 559 3093 628 species
3117 557 3232 628 ejus
3261 557 3312 612 in
3343 557 3520 630 legum
3549 561 3853 630 promulga-

2269 649 2413 703 tione
2436 648 2862 719 judiciorumque
2891 659 3111 721 apparet
3137 649 3437 705 ell'ectibus.

2335 739 2470 796 Anc.
2507 739 2564 796 Si
2595 741 2746 812 origo
2765 741 2985 812 justitia:
3017 743 3155 814 Deus
3179 751 3278 804 est,
3309 753 3365 796 ut
3391 741 3610 808 fateris;
3638 755 3738 797 cur
3759 741 3856 798 ho-

2265 834 2396 888 mini
2432 833 2500 887 ab
2545 835 2659 904 ipso
2713 833 2831 890 dari
2869 833 3124 904 justitiam
3163 848 3267 889 non
3313 834 3536 900 fateris,
3581 845 3634 891 et
3679 838 3854 904 petius

2265 922 2512 978 humanae
2535 925 2824 980 voluntatis
2851 926 3148 992 arbitrium,
3185 941 3343 996 quam
3382 923 3477 980 Dei
3518 925 3741 990 donum,
3773 927 3856 983 vis

2266 1027 2384 1070 esse
2416 1014 2713 1086 justitiam;
2743 1025 2804 1070 ut
2830 1015 2905 1070 sis
2930 1015 2986 1070 in
3025 1017 3104 1071 eis
3143 1015 3213 1070 de
3253 1015 3444 1085 quibus
3485 1016 3689 1072 dictum
3733 1027 3854 1086 est,

2266 1105 2565 1176 Ignorantes
2595 1107 2692 1162 Dei
2707 1109 2978 1180 justitiam,
3011 1119 3058 1164 et
3097 1125 3243 1164 suam
3281 1109 3501 1164 colentes
3525 1110 3856 1176 constituere,

2255 1201 2470 1272 justitite
2499 1201 2592 1256 Dei
2616 1219 2715 1255 non
2743 1213 2858 1257 sunt
2886 1203 3094 1273 subjecti
3121 1201 3296 1275 (Rom.
3327 1218 3382 1268 ι,
3419 1203 3510 1272 3')?
3537 1203 3858 1260 Erubescite

2267 1291 2508 1359 tandem,
2536 1293 2783 1358 obsecro,
2806 1303 2861 1348 et
2886 1294 2955 1348 ab
2980 1293 3073 1348 illo
3090 1291 3352 1364 justitiam
3379 1295 3604 1365 poscite,
3631 1295 3726 1365 qui
3749 1305 3856 1363 est,

2265 1392 2325 1438 ut
2347 1382 2502 1440 fateri
2531 1385 2795 1455 compulsi
2823 1386 2971 1450 estis,
3003 1387 3154 1456 origo
3179 1385 3419 1450 justitia:.

2335 1477 2622 1534 XXXVIII.
2662 1479 2781 1534 JUL.
2824 1478 3182 1534 Diﬁ'erentiam
3224 1493 3354 1534 vero
3393 1477 3511 1550 ejus
3535 1478 3556 1512 ⁸
3597 1493 3711 1535 non
3751 1477 3856 1534 ab-

2265 1571 2425 1626 surde
2466 1573 2756 1643 intelligere
2783 1583 3086 1642 possumus,
3119 1573 3318 1626 variam
3349 1573 3370 1604 ¹
3409 1586 3507 1642 pro
3531 1573 3856 1642 Opportuni-

2267 1671 2376 1716 tate
2405 1671 2702 1733 temporum
2727 1663 3198 1734 dispensationem.
3231 1661 3392 1718 Verbi
3429 1663 3600 1732 gratia
3619 1703 3633 1727 ,
3665 1663 3858 1718 hostia

2265 1753 2332 1810 de
2359 1756 2638 1826 pecoribus
2665 1755 2716 1809 in
2744 1753 2937 1810 Vetere
2957 1755 3298 1809 Testamento
3323 1753 3533 1808 fuerant
3557 1755 3854 1824 imperatae.

2267 1845 2324 1902 ld
2353 1855 2478 1901 tunc
2504 1845 2729 1916 implere
2759 1846 3059 1916 pertinebat
3087 1845 3152 1900 ad
3177 1845 3532 1901 reverentiam
3556 1844 3854 1914 jussionis:

2267 1954 2409 1994 nunc
2433 1953 2562 1994 vero
2592 1937 2787 1993 indicta
2817 1951 3003 1993 eorum
3025 1936 3380 1992 dissimulatio
3409 1938 3482 1992 ita
3512 1936 3676 1992 servit
3697 1937 3860 2006 justi-

2271 2029 2356 2084 tize
2395 2030 2762 2100 praecipienti,
2814 2039 2867 2082 ut
2915 2037 3040 2083 tunc
3087 2027 3284 2083 oblatio
3331 2029 3616 2083 serviebat.
3665 2027 3858 2084 Modus

2267 2136 2395 2176 vero
2424 2122 2540 2191 ejus
2568 2130 2649 2177 est
2677 2121 2758 2176 vel
2787 2130 2977 2187 status,
3015 2119 3158 2190 quod
3195 2135 3294 2176 nec
3331 2121 3580 2192 Cuiquam
3621 2123 3858 2192 amplius

2265 2228 2426 2282 quam
2449 2215 2589 2268 vires
2616 2215 2888 2283 patiuntur
2918 2211 3125 2279 indicit,
3147 2212 3228 2266 vel
3253 2211 3396 2281 quod
3425 2212 3856 2268 misericordiam

2265 2321 2372 2360 non
2415 2304 2667 2359 retundit.
2712 2305 2947 2372 Qualitas
2993 2314 3169 2358 autem
3215 2303 3330 2373 ejus
3373 2303 3707 2373 intelligitur,
3759 2317 3857 2372 per

2263 2412 2422 2468 quam
2451 2398 2551 2466 piis
2581 2396 2849 2451 mentibus
2873 2399 3012 2466 sapit
3041 2397 3286 2452 dulciter.
3326 2395 3422 2452 Est
3467 2395 3629 2467 igitur
3667 2398 3856 2466 procul

2266 2488 2428 2544 dubio
2451 2487 2680 2559 justitia,
2710 2489 2827 2543 sine
2856 2503 2957 2558 qua
2995 2489 3168 2544 deitas
3195 2503 3302 2542 non
3347 2497 3465 2556 est;
3493 2503 3614 2558 quae
3657 2489 3704 2542 si
3749 2503 3854 2542 non

2265 2589 2428 2645 esset,
2460 2579 2604 2634 Deus
2634 2594 2738 2633 non
2771 2591 2912 2634 esset
2939 2597 2952 2634 :
2983 2591 3066 2635 est
3102 2587 3280 2635 autem
3326 2579 3464 2635 Deus
3485 2619 3502 2646 ,
3548 2589 3632 2635 est
3677 2581 3858 2650 itaque

2264 2671 2383 2728 sine
2409 2671 2756 2742 ambiguitate
2779 2671 3002 2742 justitia.
3029 2671 3146 2727 Non
3183 2681 3268 2729 est
3306 2681 3482 2728 autem
3511 2671 3656 2727 aliud
3693 2687 3857 2743 quam

2267 2767 2440 2822 virtus
2463 2767 2644 2822 omnia
2669 2767 2969 2831 continens,
2986 2777 3042 2824 et
3061 2769 3345 2822 restituens
3367 2781 3520 2822 suum
3547 2768 3854 2837 unicuique,

2268 2859 2383 2913 sine
2417 2858 2624 2924 fraude,
2670 2860 2789 2915 sine
2815 2861 3005 2930 gratia.
3037 2859 3288 2916 Constitit
3315 2869 3494 2915 autem
3524 2860 3760 2924 maxime
3801 2859 3857 2915 in

2267 2957 2564 3012 divinitatis
2591 2957 2876 3028 profundo.

2341 3053 2474 3107 Anc.
2519 3051 2757 3106 Deﬁnisti
2787 3065 2908 3105 esse
2932 3049 3191 3119 justitiam
3220 3048 3474 3106 virtutem
3505 3049 3684 3104 omnia
3719 3063 3854 3104 con-

2268 3141 2550 3209 tinentem,
2582 3151 2637 3197 et
2661 3141 3032 3196 restituentem
3055 3153 3213 3194 suum
3241 3141 3546 3210 unicuique,
3569 3141 3688 3196 sine
3715 3141 3826 3196 frau

2266 3233 2353 3300 de,
2400 3233 2516 3288 sine
2559 3232 2748 3304 gratia.
2790 3231 3020 3287 Proinde
3057 3231 3299 3288 videmus
3342 3248 3460 3286 eam
3503 3234 3621 3287 sine
3667 3233 3856 3290 fraude

2267 3327 2565 3383 restituisse
2587 3326 2862 3381 denarium
2891 3325 2989 3388 eis,
3017 3325 3105 3395 qui
3136 3341 3228 3395 per
3251 3334 3415 3378 totum
3444 3325 3588 3380 diem
3611 3327 3665 3379 in
3693 3341 3854 3395 Opere

2265 3423 2436 3476 vinea:
2473 3420 2844 3474 laboraverant
2869 3437 2883 3473 :
2913 3418 3014 3473 hoc
3043 3417 3185 3472 enim
3219 3419 3508 3487 placuerat,
3529 3417 3636 3472 hoc
3661 3433 3856 3474 conve-

2265 3524 2438 3580 nerat,
2467 3513 2532 3568 ad
2565 3514 2701 3567 hanc
2727 3513 3029 3568 mercedem
3057 3526 3116 3566 se
3143 3509 3308 3567 fuisse
3335 3511 3630 3568 conductos
3659 3527 3854 3584 negare

2265 3621 2370 3660 non
2399 3613 2647 3676 poterant
2673 3601 2891 3672 (Matth.
2919 3619 3012 3671 xx,
3044 3604 3227 3672 1-13).
3251 3601 3356 3660 Sed
3381 3605 3468 3658 die
3493 3603 3648 3670 mihi,
3673 3619 3852 3675 quassa

2267 3706 2338 3764 te,
2365 3697 2633 3770 quomodo
2669 3697 2749 3752 eis
2793 3696 2910 3750 sine
2953 3695 3120 3766 gratia
3171 3695 3500 3751 tantumdem
3540 3695 3730 3762 dedit,
3763 3697 3851 3766 qui

2265 3806 2368 3845 una
2396 3789 2526 3843 hora
2555 3790 2608 3843 in
2640 3787 2732 3843 illo
2761 3803 2926 3860 opere
2955 3787 3202 3843 fuerunt?
3233 3787 3312 3841 An
3342 3787 3595 3842 amiserat
3622 3786 3852 3842 fortasse

2259 3883 2554 3953 justitiam?
2581 3881 2783 3938 Cohibe
2811 3881 2990 3952 itaque
3019 3890 3071 3936 te
3101 3881 3294 3950 potius.
3330 3879 3608 3936 Neminem
3653 3881 3854 3951 quippe

2261 3974 2470 4031 fraudat
2495 3975 2670 4030 divina
2696 3973 2942 4044 justitia:
2977 3973 3070 4028 sed
3099 3973 3265 4028 multa
3299 3971 3462 4028 donat
3490 3988 3594 4028 non
3631 3989 3851 4028 meren-

2263 4068 2401 4123 tibus
2417 4067 2582 4138 gratia
2603 4065 2645 4120 ³.
2673 4063 2781 4121 Cur
2791 4075 2966 4120 autem
2996 4065 3118 4120 huic
3142 4065 3236 4131 sic,
3258 4065 3332 4120 illi
3357 4075 3534 4120 autem
3553 4067 3651 4132 sic,
3668 4067 3854 4138 aspice

2260 4159 2400 4231 quod
2458 4171 2671 4214 secutus
2696 4157 2958 4228 adjungis.
2987 4157 3278 4212 Verissime
3305 4159 3502 4229 quippe
3527 4157 3676 4224 dicis,
3721 4175 3848 4214 eam

2261 4251 2554 4306 consistere
2566 4251 2795 4305 maxime
2817 4251 2872 4304 in
2897 4251 3184 4304 divinitatis
3207 4247 3488 4319 profundo.
3511 4249 3568 4304 In
3595 4253 3698 4305 hoc
3723 4265 3850 4321 pro-

2261 4343 2425 4400 fundo
2444 4342 2586 4410 est‘,
2610 4343 2750 4414 quod
2765 4358 2936 4413 neque
2959 4343 3209 4408 volentis,
3241 4346 3714 4413 nequecurrentis,
3754 4347 3848 4400 sed

2259 4435 2660 4492 miserentisest
2689 4435 2780 4489 Dei
2808 4433 2983 4507 (Rom.
3013 4451 3086 4501 ιι,
3119 4433 3298 4505 16).1η
3318 4437 3418 4489 hoc
3447 4437 3714 4506 profundo
3739 4446 3840 4502 at,

2258 4529 2396 4600 quod
2419 4529 2508 4584 ille
2537 4529 2854 4600 parvulusin
2867 4528 3122 4583 honorem
3154 4529 3438 4599 adoptatur
3455 4547 3550 4598 per
3565 4545 3847 4601 regenera-

2256 4619 2419 4674 tionis
2473 4619 2766 4688 lavacrum,
2793 4620 2884 4675 ille
2923 4621 2975 4674 in
3021 4623 3340 4678 contumelia
3367 4623 3708 4693 relinquitur,
3738 4639 3843 4678 non

2256 4709 2612 4766 admittendus
2639 4707 2706 4765 ad
2748 4727 3003 4782 regnum;
3037 4729 3158 4768 cum
3183 4716 3460 4770 amborum
3489 4717 3540 4771 in
3598 4728 3842 4772 neutram

2257 4821 2459 4881 partem
2492 4813 2561 4863 sit
2587 4811 2836 4866 meritum
2865 4826 2960 4881 per
2991 4813 3275 4868 voluntatis
3303 4813 3604 4868 arbitrium.

2326 4901 2570 4956 XXXIX.
2610 4901 2726 4958 Jun
2771 4903 3160 4960 Testimonium
3209 4919 3374 4972 vero,
3417 4913 3472 4960 ut
3515 4906 3583 4959 ab
3621 4915 3842 4966 auctore

2254 5009 2372 5061 suo,
2401 4996 2472 5049 ita
2500 4995 2658 5049 etiam
2688 4997 2768 5050 vel
2799 5012 2826 5048 a
2859 4997 3059 5066 probis,
3089 4997 3172 5051 vel
3198 4997 3264 5050 ab
3295 4997 3549 5065 improbis
3578 5009 3838 5062 meretur,

2254 5084 2395 5156 quod
2423 5093 2476 5138 et
2505 5085 2624 5140 illos
2642 5085 2764 5154 jure
2793 5087 3130 5154 provexerit,
3159 5093 3214 5138 ct
3243 5085 3372 5139 istos
3395 5085 3520 5156 jure
3547 5085 3840 5142 damnave-

2257 5173 2347 5230 rit.
2375 5175 2506 5228 Cum
2534 5189 2662 5228 vero
2691 5189 2786 5244 per
2815 5190 2876 5230 se
2901 5189 2998 5229 nec
3016 5173 3037 5206 ⁸
3077 5175 3200 5230 boni
3237 5175 3522 5245 quidquam
3567 5191 3670 5246 nec
3711 5161 3838 5232 mali

2315 5292 2335 5322 ί
2348 5359 2356 5362 _
2370 5289 2505 5362 aditi,
2529 5285 2850 5362 diﬁ'erentiain
2871 5300 2982 5339 vero
3001 5301 3096 5339 nou
3113 5287 3339 5350 absurde,
3354 5290 3552 5351 omisso,
3575 5288 3722 5353 ejus;
3744 5291 3838 5342 sed

2252 5358 2413 5403 exstat
2437 5358 2485 5398 in
2509 5358 2858 5412 manuscriptis.

2313 5416 2335 5446 ι
2369 5413 2655 5476 vignierius,
2689 5419 2735 5462 et
2749 5409 2957 5462 sariam.
2982 5412 3229 5473 Particula,
3255 5419 3320 5474 et,
3345 5415 3642 5476 expungitur
3663 5423 3770 5464 auct
3779 5429 3838 5464 o-

2247 5475 2859 5546 νίιειεφιιειιιιερτξμφτιιωι

2315 5539 2438 5608 ιρίο
2591 5535 2706 5584 aditi
2732 5549 2848 5585 vero
2864 5569 2880 5596 ,
2903 5535 2987 5586 sed
3009 5535 3210 5586 multum
3231 5535 3377 5587 donat
3409 5548 3504 5586 non
3543 5537 3836 5590 inermiith

2575 5659 2880 5730 invenimus:
2913 5667 2982 5730 In
3003 5659 3090 5708 hoc
3126 5660 3366 5724 profundo
3399 5665 3500 5722 est;
3537 5672 3625 5721 pro
3660 5673 3761 5724 quo
3783 5658 3835 5710 in

2252 5723 2394 5773 editis
2415 5721 2668 5785 legebatur
2691 5729 2906 5781 tantum,
2927 5721 3090 5785 idest.

2313 5787 2333 5818 ³
2367 5783 2606 5835 twc'loco
2641 5793 2866 5835 veterum
2909 5784 3126 5837 anticum
3165 5783 3452 5836 auctoritate
3493 5785 3838 5846 πθειιιιιῑωκ.
