4102 6472
279 353 422 410 ωδε

275 464 616 521 merentibus
657 465 1078 522 misericordiam
1113 467 1391 525 liberalem
1418 484 1539 526 esse
1567 471 1860 541 permittit,

277 559 410 614 nihil
440 560 606 615 sentit
636 559 872 629 injuriae;
905 561 1030 631 quia
1072 571 1127 618 et
1173 562 1274 619 hoc
1318 565 1512 635 ipsum,
1554 573 1612 620 ut
1649 564 1720 620 sit
1757 564 1865 619 cle-

275 667 431 708 mens
456 652 609 724 operi
651 667 752 708 suo
785 653 945 718 Deus,
975 667 1098 708 cum
1127 653 1182 710 in
1208 657 1546 712 severitatem
1575 670 1685 710 non
1712 655 1862 724 cogi-

277 753 385 813 tur,
418 759 540 814 pars
569 759 760 815 magna
784 744 1003 813 justitia:
1027 754 1128 801 est.

348 839 483 894 Auc.
521 835 722 893 Saltem
744 838 1122 893 misericordiae
1150 853 1342 894 nomen
1382 837 1615 901 attende,
1648 845 1703 892 et
1723 835 1865 892 unde

270 929 414 986 dicta
434 929 524 996 sit,
542 929 767 998 respice.
794 928 929 997 Quid
953 930 1110 1000 igitur
1122 945 1256 1001 opus
1271 940 1353 987 est
1372 928 1754 995 misericordia,
1774 927 1863 984 ubi

274 1021 421 1077 nulla
432 1030 515 1076 est
534 1019 786 1075 miseria?
802 1020 1064 1076 Miseriam
1083 1037 1245 1091 porro
1271 1022 1322 1076 in
1354 1021 1590 1092 parvulis
1603 1021 1650 1075 si
1663 1019 1862 1075 nullam

274 1130 401 1172 esse
414 1114 608 1177 dicitis,
640 1114 721 1169 eis
754 1115 1172 1170 misericordiam
1191 1114 1531 1185 praebendam
1549 1114 1788 1184 negatis;
1817 1113 1862 1169 si

276 1209 444 1266 ullam
471 1224 590 1264 esse
616 1207 790 1263 dicitis
809 1209 848 1275 ί,
875 1208 1074 1262 malum
1105 1209 1353 1263 meritum
1378 1207 1863 1278 ostenditis.Neque

277 1302 425 1357 enim
469 1303 568 1358 sub
610 1300 718 1354 Deo
753 1299 899 1369 justo
939 1300 1104 1355 miser
1129 1316 1250 1356 esse
1277 1302 1578 1372 quisquam,
1610 1300 1715 1356 nisi
1745 1316 1857 1356 me-

279 1401 482 1456 reatur,
512 1400 704 1461 potest.
735 1391 875 1446 Ecce
902 1390 1009 1447 duo
1039 1393 1243 1462 parvuli
1271 1393 1483 1463 jacent;
1511 1409 1650 1449 unus
1675 1409 1859 1448 eorum

279 1484 600 1554 baptizatus,
634 1483 770 1537 alter
795 1497 903 1537 non
932 1483 1227 1553 baptizatus
1253 1486 1491 1554 exspirat
1518 1502 1531 1539 :
1559 1485 1644 1540 cui
1674 1500 1857 1541 eorum

271 1577 407 1633 dicis
437 1577 606 1631 Deum
636 1574 802 1630 fuisse
828 1577 1183 1631 clementem?
1223 1576 1278 1632 Si
1321 1575 1447 1642 uni,
1477 1577 1701 1632 ostende
1727 1577 1861 1632 alte-

273 1667 390 1722 rius
418 1669 620 1722 malum
651 1667 921 1734 meritum,
944 1667 1033 1737 qui
1061 1683 1222 1738 negas
1247 1682 1368 1723 esse
1394 1668 1649 1738 originale
1674 1683 1860 1738 pecca-

274 1767 424 1815 tum:
465 1758 511 1813 si
540 1757 822 1825 ambobus,
868 1758 1092 1813 ostende
1133 1759 1427 1829 haptizati'
1451 1761 1616 1815 ullum
1659 1761 1857 1816 bonum

270 1853 550 1918 meritum,
580 1851 670 1920 qui
701 1866 864 1922 negas
891 1851 1136 1924 gratiam,
1170 1852 1258 1907 ubi
1303 1853 1446 1908 nulla
1493 1863 1576 1909 est
1620 1855 1858 1924 acceptio

272 1961 664 2018 personarum;
708 1956 761 2000 et
797 1945 902 2009 dic,
935 1946 977 2000 si
1021 1955 1196 2015 potes,
1241 1962 1338 2002 cur
1377 1946 1563 2002 ambos
1606 1947 1858 2016 adoptare

273 2038 528 2104 noluerit,
558 2039 647 2110 qui
675 2047 822 2095 certe
845 2039 1032 2094 ambos
1065 2039 1130 2094 ad
1167 2039 1449 2110 imaginem
1489 2055 1636 2095 suam
1667 2041 1855 2096 condi-

271 2131 370 2188 dit.
401 2135 480 2187 An
509 2132 582 2186 ita
616 2132 795 2202 justus
822 2141 921 2197 est,
958 2141 1018 2188 ut
1058 2148 1161 2187 non
1207 2135 1274 2188 sit
1301 2135 1657 2204 omnipotens,
1687 2135 1731 2189 si
1756 2149 1855 2190 vo-

270 2225 369 2280 luit
392 2235 446 2280 et
473 2242 578 2280 non
610 2226 819 2297 potuit?
847 2225 947 2282 Ubi
975 2236 1118 2281 certe
1144 2226 1351 2281 illorum
1379 2229 1551 2282 nullus
1576 2227 1764 2294 noluit,
1787 2242 1856 2283 ne

269 2316 715 2390 impedimentum
741 2319 1018 2388 potestatis
1047 2317 1237 2372 divinae
1253 2318 1494 2374 referatis
1517 2319 1582 2373 ad
1609 2320 1854 2373 meritum

271 2412 564 2467 voluntatis
612 2412 853 2466 humana:
891 2430 905 2465 :
953 2412 1038 2466 hic
1082 2422 1230 2467 certe
1277 2410 1405 2467 nulli
1446 2428 1628 2467 eorum
1676 2412 1856 2468 dicere

275 2511 451 2574 potest
487 2504 652 2568 Deus,
679 2503 858 2569 Volui,
888 2513 942 2559 et
972 2504 1206 2558 noluisti.
1237 2505 1341 2558 Aut
1365 2506 1410 2559 si
1442 2513 1719 2575 propterea
1750 2519 1855 2560 non

273 2598 390 2652 vult
419 2598 612 2662 infans,
653 2599 773 2668 quia
807 2598 979 2668 plorat
1003 2613 1124 2653 cum
1163 2599 1488 2668 baptizatur;
1532 2599 1689 2654 ambo
1727 2615 1854 2670 ergo

274 2692 664 2762 relinquantur,
720 2691 877 2747 ambo
913 2693 1058 2747 enim
1107 2693 1294 2746 nolunt
1338 2711 1350 2746 :
1401 2700 1455 2746 et
1499 2703 1674 2747 tamen
1719 2707 1854 2747 unus

274 2784 570 2837 assumitur
593 2792 644 2837 et
671 2783 804 2838 alter
829 2783 1168 2854 relinquitur,
1202 2784 1323 2854 quia
1361 2799 1549 2855 magna
1576 2793 1658 2839 est
1685 2785 1852 2854 gratia

269 2872 391 2939 Dei,
420 2883 478 2929 et
493 2889 664 2945 ,νει-ει
687 2874 888 2943 justitia
915 2875 1028 2930 Dei.
1059 2874 1164 2930 Sed
1192 2891 1357 2944 quare
1383 2876 1471 2931 ille
1498 2877 1671 2946 potius
1696 2892 1851 2946 quam

267 2963 397 3021 ille:
432 2966 797 3021 incrustabilia
831 2975 956 3021 sunt
979 2965 1176 3036 judicia
1206 2967 1318 3022 Dei.

341 3056 455 3112 XL.
495 3058 618 3114 Jun.
658 3058 805 3126 Quos
841 3059 981 3114 enim
1015 3057 1140 3114 fecit
1175 3059 1296 3129 quia
1337 3059 1540 3127 voluit,
1590 3074 1690 3116 nec
1725 3075 1854 3115 con-

263 3147 489 3205 demnat
526 3151 626 3206 nisi
668 3159 920 3220 spretus:
963 3150 1006 3205 si
1044 3166 1166 3205 cum
1208 3165 1314 3205 non
1353 3152 1642 3221 spernitur,
1696 3152 1855 3207 faciat

265 3242 674 3296 consecratione
722 3241 1014 3308 meliores;
1066 3257 1164 3297 nec
1209 3241 1588 3298 detrnnentum
1633 3243 1852 3315 iustitiae

266 3332 488 3401 patitur,
517 3342 572 3388 et
599 3331 962 3388 munificentia
991 3333 1347 3389 miserationis
1375 3343 1616 3389 ornatur.

341 3426 480 3480 Auc.
523 3423 626 3493 Qui
672 3440 775 3480 non
818 3425 1138 3481 condemnat
1165 3427 1269 3482 nisi
1296 3435 1529 3496 spretus,
1561 3427 1646 3482 dic
1673 3437 1850 3484 utrum

269 3527 493 3588 spernat
531 3533 678 3574 suam
719 3520 1003 3590 imaginem
1044 3520 1144 3574 nisi
1187 3529 1414 3590 spretus.
1463 3520 1614 3589 Quod
1658 3523 1702 3576 si
1743 3537 1852 3578 non

268 3611 456 3677 audes,
486 3611 571 3667 dic
597 3612 736 3667 unde
777 3622 994 3682 spernat
1025 3627 1120 3668 eos
1154 3629 1288 3684 quos
1336 3615 1587 3684 parvulos
1622 3631 1726 3670 non
1757 3615 1854 3671 ad-

268 3713 440 3774 optat,
472 3721 502 3758 a
531 3706 720 3775 quibus
746 3705 766 3737 ⁸
795 3721 915 3762 eum
939 3717 1173 3777 Spretum
1204 3723 1308 3762 non
1340 3709 1596 3775 invenies,
1631 3708 1731 3764 nisi
1759 3725 1853 3765 eos

267 3794 511 3849 invenias
541 3798 592 3851 in
626 3799 790 3852 Adam
824 3816 837 3851 :
871 3799 958 3853 ubi
990 3800 1147 3854 simul
1195 3801 1454 3868 invenies,
1489 3809 1545 3856 ut
1591 3817 1850 3872 spernan—

269 3892 356 3940 tur
383 3887 566 3942 deberi
598 3889 846 3944 omnibus
876 3906 969 3959 per
994 3891 1273 3959 justitiam,
1308 3907 1405 3947 nec
1451 3901 1625 3947 tamen
1670 3895 1851 3964 sperni

265 3994 456 4035 omnes
486 3989 703 4052 prOpter
740 3981 1063 4038 ineffabilem
1094 3992 1148 4038 et
1175 3984 1572 4038 inscrutabilem
1603 3987 1848 4056 gratiam.

337 4070 473 4126 XLI.
512 4071 630 4127 Jun.
675 4071 764 4128 llis
810 4074 968 4144 igitur
1012 4073 1248 4144 justitize,
1291 4091 1423 4146 quas
1470 4079 1845 4146 praemisimus,

267 4163 614 4219 divisionibus
634 4167 942 4235 explicatis,
980 4165 1324 4222 discutiamus
1361 4184 1479 4238 quae
1517 4170 1585 4224 sit
1617 4170 1854 4226 definitio

269 4253 497 4323 peccati.
529 4254 786 4324 Equidem
817 4256 1015 4311 affatim
1059 4257 1186 4312 mihi
1232 4268 1334 4312 tam
1369 4259 1852 4330 philosophantium

273 4358 434 4413 quam
460 4359 642 4398 eorum
681 4346 766 4415 qui
809 4347 1051 4401 catholici
1101 4346 1350 4416 fuerunt,
1390 4351 1530 4419 quod
1569 4352 1853 4420 quaerimus

271 4433 473 4501 scripta
497 4436 830 4504 suppeditant
853 4455 867 4491 :
887 4439 980 4492 sed
1009 4453 1197 4493 vereor
1243 4456 1311 4495 ne
1343 4422 1621 4512 refrageris
1652 4441 1694 4509 ’⁸,
1724 4451 1778 4498 et
1809 4443 1853 4498 si

271 4524 717 4596 philosophorum
744 4543 841 4598 ego
874 4539 1111 4584 senatum
1140 4530 1490 4596 advocavcro,
1520 4541 1573 4586 tu
1602 4535 1854 4590 continuo

270 4617 576 4674 sellularios
607 4620 823 4688 opifices
855 4636 1115 4693 omneque
1145 4625 1196 4678 in
1237 4639 1332 4679 nos
1366 4625 1550 4695 vulgus
1575 4627 1850 4683 accendas.

344 4711 480 4766 Ana.
524 4708 954 4766 Contumeliosus
1003 4729 1062 4769 cs
1111 4714 1162 4768 in
1221 4715 1427 4769 inﬁrma
1480 4716 1681 4785 mundi,
1737 4735 1854 4787 quae

270 4800 418 4856 Deus
443 4802 604 4872 elegit
630 4812 682 4858 ut
710 4803 1064 4861 confunderet
1093 4806 1243 4861 fortia
1278 4807 1320 4877 (I
1351 4805 1466 4861 Cor.
1497 4824 1535 4873 ι,
1557 4808 1672 4875 27).
1697 4810 1854 4865 Deni-

269 4908 374 4962 que
395 4894 491 4964 ipsi
522 4894 855 4951 confundunt
870 4914 963 4953 eos
987 4900 1074 4969 qui
1099 4899 1374 4955 confidunt
1416 4902 1466 4954 iu
1501 4903 1695 4958 virtute
1736 4919 1849 4958 sua.

270 4985 375 5042 Ubi
402 4987 524 5058 quid
551 4990 746 5057 dicam,
775 4991 883 5046 Vos
908 4993 1079 5048 estis?
1105 4993 1332 5050 Prorsus
1351 5011 1437 5051 me
1459 5004 1666 5052 tacente
1687 5012 1852 5068 appa-

275 5079 426 5142 retis,
451 5095 570 5136 cum
596 5097 688 5138 vos
711 5099 817 5138 non
842 5085 1078 5139 taceatis.

350 5166 509 5226 XLII.
548 5171 664 5228 Jun.
707 5173 1016 5230 Vociferans
1035 5190 1155 5231 cum
1178 5176 1410 5248 feminis,
1438 5182 1746 5253 cunctisque
1767 5197 1855 5236 ca-

342 5387 360 5420 ί
395 5387 676 5460 Editiopesh
704 5392 894 5453 omisso,
1183 5433 1196 5460 ,
1236 5396 1306 5445 sic
1326 5395 1570 5460 habebant
1595 5411 1606 5447 :
1628 5407 1784 5460 Porro
1805 5398 1854 5448 in

268 5448 555 5526 me.“
575 5433 1306 5526 ηυῖιαιηῖἷέε’.άίὲᾆίέῖῦῐρῶῐ
1320 5433 1854 5526 Τπίὲεὲἑᾶὰῖαῆ

266 5511 587 5587 praebendam
613 5513 794 5580 negatis
822 5528 840 5566 :
863 5515 909 5568 si
927 5515 1112 5568 nullam
1126 5511 1228 5571 esse
1455 5511 1773 5572 Emendautur
1795 5523 1853 5572 ad

269 5582 633 5625 manuscnntos.

335 5589 633 5636 rnuscnptos.

335 5635 356 5712 ξ
389 5636 463 5712 id?
606 5638 763 5712 Elii,
778 5638 841 5712 ,ίη
863 5639 1115 5712 “Plisz-

337 5697 358 5772 ξ
606 5697 823 5772 Editiﬁn
845 5697 1032 5772 quibus.

269 5758 510 5884 rrggeErdiisti
524 5793 539 5820 ,
563 5773 621 5810 ne
643 5758 905 5828 frangaris.
923 5772 1043 5814 “tres
1063 5771 1166 5815 uss.
1187 5765 1305 5816 Clar.
1334 5776 1441 5816 \zar.
1466 5775 1517 5816 et
1540 5775 1682 5831 ῐιοι-ι.³
1702 5781 1759 5820 ne
1776 5783 1852 5820 re-

291 5833 498 5886 rogeris.

517 5925 740 5989 SANCT.
791 5931 1068 5992 Auous'r.
1108 5931 1188 5992 X.

1647 354 1852 410 LIBER
1891 356 2161 415 PRIMUS.

3412 380 3549 437 {066

1978 474 2211 541 lonibus,
2243 481 2299 528 et
2346 475 2594 544 tribunis,
2649 477 2841 548 quibus
2891 482 3154 553 octoginta
3197 492 3289 540 aut
3328 487 3558 558 amplius

1975 581 2140 636 equos
2159 574 2271 622 tota
2296 569 2471 625 Africa
2495 571 2762 641 saginatos
2787 573 2990 646 collega
3033 585 3152 633 tuus
3186 592 3358 648 nuper
3383 579 3552 636 addu-

1975 659 2053 713 xit
2081 658 2324 730 Alypius.

2045 753 2178 807 Auc.
2219 754 2327 808 Aut
2352 753 2712 823 calumniaris,
2738 766 2829 813 aut
2848 761 3022 815 nescis
3050 762 3174 832 quid
3206 764 3475 836 loquaris:
3499 777 3556 824 et

1971 842 2114 912 ideo,
2142 853 2233 900 aut
2252 846 2500 911 mendax,
2527 858 2616 902 aut
2649 853 2979 919 temerarius,
3005 853 3102 906 ista
3130 853 3382 924 loqueris.
3414 857 3552 926 Quid

1975 947 2025 992 te
2050 947 2225 992 autem
2249 938 2473 1008 nequius
2491 940 2530 1004 ί,
2546 941 2588 994 si
2613 941 2725 996 htec
2748 943 2860 1011 ipse
2885 944 3081 998 ﬁnxisti
3097 945 3119 997 ?
3135 944 3262 1015 quid
3282 947 3546 1015 stolidius,

1971 1030 2016 1084 si
2037 1030 2356 1100 fingentibus
2378 1031 2690 1088 credidisti?
2705 1033 2822 1088 Jam
2837 1050 2964 1089 vero
2978 1036 3116 1104 quod
3139 1037 3296 1092 etiam
3315 1041 3552 1096 scribere

1969 1135 2130 1176 ausus
2164 1135 2256 1187 es,
2291 1136 2470 1193 neque
2494 1125 2697 1178 veritus
2721 1140 2788 1180 ne
2812 1125 2878 1179 ad
2908 1141 2970 1180 ea
2999 1125 3111 1181 loca
3149 1127 3266 1184 libri
3305 1133 3549 1201 perveni-

1967 1219 2088 1266 rent
2115 1211 2210 1278 tui,
2243 1227 2361 1281 quae
2387 1220 2523 1268 terra
2560 1214 2798 1283 marique
2825 1223 3182 1273 transeuntem
3209 1235 3302 1275 seu
3329 1222 3551 1277 venien—

1969 1310 2074 1356 tem
2120 1303 2380 1374 collegam
2409 1319 2586 1359 meum
2621 1305 2868 1378 Alypium
2904 1320 3280 1377 susceperunt,
3320 1312 3408 1365 ubi
3445 1313 3547 1382 legi

1966 1396 2299 1466 apertissime
2329 1404 2418 1452 tua
2450 1396 2748 1468 falsiloquia
2777 1399 2892 1454 sine
2931 1409 3019 1455 tua
3051 1403 3296 1458 irrisione
3320 1405 3403 1458 vel
3449 1421 3546 1473 po-

1967 1486 2073 1542 tius
2092 1486 2440 1544 detestatione
2464 1505 2572 1544 non
2592 1500 2816 1560 possunt
2834 1508 2848 1556 ;
2865 1491 2973 1558 cui,
2994 1507 3098 1547 non
3118 1493 3238 1550 dico
3263 1495 3545 1566 impuden-

1965 1578 2073 1643 tiae,
2103 1579 2197 1634 sed
2225 1579 2514 1636 dementia:
2541 1583 2920 1652 comparatur?

2036 1671 2218 1727 XLIII.
2257 1672 2372 1729 Jun.
2407 1673 2747 1745 Nequaquam
2767 1684 2820 1730 te
2840 1676 3178 1746 acquiescere
3209 1677 3542 1733 eruditorum

1963 1765 2265 1831 sententiis,
2299 1774 2356 1820 ut
2384 1765 2568 1828 addas,
2599 1766 2889 1822 secundum
2919 1769 2939 1799 ²
2961 1769 3101 1838 quod
3132 1769 3417 1824 intellectui
3456 1777 3548 1824 tuo

1962 1856 2205 1926 congruit
2233 1855 2430 1912 dixisse
2461 1859 2792 1928 Apostolum,
2826 1859 2945 1930 quia
2977 1859 3194 1914 stultam
3229 1859 3360 1916 fecit
3407 1862 3547 1916 Deus

1961 1947 2272 2017 sapientiam
2295 1949 2474 2003 mundi
2498 1949 2539 2019 (I
2560 1947 2676 2004 Cor.
2698 1948 2874 2020 1,20):
2907 1950 3264 2020 disputatores
3287 1965 3414 2006 vero
3448 1966 3548 2007 no-

1961 2048 2102 2095 stros
2130 2041 2246 2095 sine
2273 2050 2416 2096 metu
2440 2059 2467 2096 a
2499 2050 2548 2096 te
2565 2056 2720 2112 posse
2743 2042 2964 2112 despici,
2984 2042 3126 2112 quod
3147 2043 3290 2098 nulla
3309 2044 3547 2098 auctori-

1963 2139 2068 2186 tate
2099 2132 2278 2186 talium
2304 2133 2578 2202 premaris.

2033 2223 2166 2278 Auc.
2208 2223 2287 2277 Tu
2317 2238 2410 2278 eos
2441 2223 2689 2294 despicis,
2717 2224 2806 2294 qui
2831 2223 2910 2279 eis
2935 2223 3249 2280 docentibus
3277 2226 3538 2294 originale

1961 2328 2235 2385 peccatum
2259 2317 2329 2370 ita
2357 2316 2582 2382 resistis,
2607 2325 2666 2371 ut
2691 2326 2942 2387 tanquam
2971 2318 3290 2375 Manichaeos
3326 2321 3547 2390 insuper

1961 2410 2280 2477 crimineris,
2311 2425 2396 2466 me
2418 2411 2720 2473 nominans,
2751 2411 2870 2466 illos
2913 2412 3236 2482 significans.

2035 2502 2213 2557 XLIV.
2255 2503 2374 2558 Jun.
2417 2503 2550 2571 Quid
2593 2505 2754 2575 ergo?
2784 2505 3130 2574 Acquiescam
3161 2519 3379 2573 prorsus
3409 2504 3542 2572 tibi,

1960 2595 2254 2664 faciamque
2275 2596 2326 2649 in
2355 2595 2456 2649 hoc
2478 2595 2596 2650 loco
2619 2596 2882 2664 jacturam
2920 2596 3158 2649 omnium
3193 2611 3415 2665 quorum
3449 2595 3544 2650 ad-

1959 2688 2215 2744 miniculo
2243 2690 2319 2742 uti
2373 2703 2605 2758 possem,
2653 2698 3036 2759 contentusque
3089 2704 3183 2744 ero
3233 2688 3544 2744 definitione

1959 2795 2078 2851 quae
2106 2781 2171 2834 ad
2195 2780 2446 2835 indicium
2476 2782 2628 2836 bonae
2656 2788 2858 2836 naturae
2881 2790 2998 2850 post
3026 2780 3437 2836 Manichaeorum
3461 2796 3546 2835 se-

1958 2882 2159 2927 cretum
2200 2872 2266 2928 de
2296 2888 2389 2928 ore
2418 2883 2518 2927 tute
2559 2871 2852 2927 honestatis
2896 2873 3097 2944 effugit.
3158 2872 3216 2928 In
3274 2889 3339 2928 eo
3386 2873 3546 2943 igitur

1958 2963 2095 3018 libro
2121 2964 2206 3019 cui
2256 2965 2438 3019 titulus
2484 2973 2587 3031 est,
2637 2965 2722 3020 vel
2772 2983 2790 3016 ι
2817 2965 2894 3020 De
2937 2965 3142 3020 duabus
3180 2965 3478 3031 animabus,
3520 2983 3539 3016 ι

1958 3057 2038 3110 vel
2065 3074 2085 3107 ι
2108 3057 2306 3111 Contra
2332 3055 2463 3111 duas
2482 3056 2708 3123 animas,
2741 3074 2760 3108 ι
2792 3056 2865 3110 ita
2898 3057 3132 3126 loqueris
3159 3073 3173 3109 :
3205 3075 3224 3108 ‹
3253 3057 3541 3126 Exspecta,

1957 3147 2073 3204 sine
2103 3150 2247 3218 prius
2276 3158 2548 3218 peccatum
2575 3149 2908 3205 definiamus.
2932 3149 3215 3205 Peccatum
3239 3157 3326 3204 est
3344 3150 3541 3204 volun-

1959 3248 2038 3295 tas
2063 3240 2379 3296 admittendi
2409 3241 2430 3273 ³
2456 3241 2542 3297 vel
2569 3241 2833 3297 retinendi
2860 3241 3001 3311 quod
3041 3241 3246 3311 justitia
3291 3249 3453 3305 vetat,
3489 3249 3544 3296 et

1956 3333 2097 3388 unde
2143 3333 2366 3388 liberum
2407 3342 2489 3389 est
2526 3333 2813 3389 abstinere.
2869 3331 3182 3402 Quanquam
3228 3332 3276 3387 si
3314 3331 3543 3388 liberum

1956 3443 2063 3483 non
2089 3437 2191 3495 est,
2215 3441 2314 3482 nec
2331 3428 2576 3483 voluntas
2595 3428 2699 3482 dici
2729 3436 2936 3498 potest:
2968 3426 3062 3482 sed
3092 3426 3252 3480 malui
3275 3426 3539 3498 grossius,

1956 3534 2114 3591 quam
2137 3519 2497 3589 scrupulosius
2525 3518 2746 3574 definire
2774 3537 2794 3570 ι
2827 3519 2978 3589 (Cap.
3011 3518 3120 3589 ll).

2028 3617 2162 3671 Auc.
2202 3613 2300 3669 Hic
2323 3623 2594 3683 peccatum
2635 3609 2911 3665 definitum
2941 3619 3022 3664 est
3050 3608 3190 3679 quod
3220 3616 3541 3664 tantummo-

1957 3707 2026 3762 do
2065 3716 2341 3776 peccatum
2377 3716 2478 3769 est,
2511 3721 2616 3759 non
2657 3703 2798 3773 quod
2825 3703 2983 3758 etiam
3013 3717 3166 3772 poena
3196 3701 3419 3772 peccati.
3465 3701 3541 3757 llo

1957 3801 2060 3855 hoc
2087 3799 2280 3869 quippe
2302 3797 2562 3867 agendum
2593 3795 2711 3861 fuit,
2741 3795 2952 3866 quando
2982 3795 3104 3849 mali
3135 3795 3285 3864 origo
3332 3809 3544 3864 quaere-

1958 3891 2133 3956 batur,
2161 3889 2315 3960 quale
2351 3887 2692 3942 commissum
2725 3896 2807 3942 est
2851 3903 2879 3940 a
2928 3887 3099 3957 primo
3147 3885 3362 3940 homine
3416 3894 3533 3940 ante

1958 3997 2119 4038 omne
2148 3980 2379 4034 hominis
2405 3979 2599 4034 malum
2634 3978 2676 4033 ⁸.
2709 3979 2815 4035 Sed
2845 3988 2900 4034 tu
2927 3987 3018 4033 aut
3059 3993 3162 4033 non
3198 3988 3349 4047 potes
3387 3973 3523 4033 inteI

1957 4075 2141 4146 ligcre,
2172 4082 2264 4128 aut
2291 4089 2395 4127 non
2423 4071 2522 4126 vis.

2031 4165 2188 4221 XLV.
2228 4165 2346 4220 Jun.
2385 4163 2430 4220 Ο
2459 4165 2642 4219 lucens
2663 4178 2848 4218 aurum
2881 4164 2935 4218 in
2974 4173 3209 4218 stercore
3234 4163 3248 4218 l
3276 4163 3412 4230 Quid
3443 4180 3537 4221 ve-

1959 4260 2090 4326 rius,
2135 4259 2261 4329 quid
2306 4257 2516 4328 plenius
2545 4258 2566 4290 '
2593 4257 2694 4312 dici
2729 4272 2758 4311 a
2803 4273 3068 4328 quoquam
3109 4259 3194 4313 vel
3239 4258 3539 4314 orthodoxo

1959 4351 2251 4423 potuisset?
2308 4370 2326 4403 ι
2353 4352 2635 4407 Peccatum
2682 4359 2783 4416 est,
2819 4371 2836 4403 ι
2872 4351 3080 4421 inquis,
3115 4351 3398 4406 (voluntas
3447 4353 3541 4406 ad-

1961 4443 2202 4498 ntilteudi
2232 4443 2314 4496 vel
2352 4442 2620 4497 retinendi
2665 4442 2804 4512 quod
2842 4442 3042 4511 justitia
3085 4451 3247 4508 vetat,
3301 4453 3354 4499 et
3401 4443 3540 4498 unde

1960 4535 2188 4590 liberum
2209 4544 2290 4589 est
2315 4534 2604 4588 abstinere.
2637 4552 2654 4585 ›
2683 4533 2926 4587 Ostendit
2951 4535 3049 4587 hoc
3086 4519 3490 4589 Ecclesiasticus
3520 4553 3536 4590 :

1959 4625 2118 4691 Deus,
2149 4625 2336 4694 inquit,
2367 4626 2484 4696 fecit
2512 4625 2782 4689 hominem,
2810 4634 2853 4676 et
2877 4624 3065 4677 dimisit
3091 4641 3204 4678 eum
3230 4626 3280 4678 in
3311 4627 3539 4681 manibus

1958 4717 2155 4772 consilii
2179 4718 2254 4771 sui
2283 4734 2301 4772 :
2325 4718 2491 4788 posuit
2519 4727 2634 4770 ante
2652 4733 2764 4770 eum
2785 4716 2932 4768 vitam
2955 4725 3001 4769 et
3024 4727 3249 4780 mortem,
3273 4734 3456 4789 aquam
3486 4726 3536 4772 et

1959 4814 2160 4883 ignem;
2178 4812 2313 4883 quod
2332 4811 2571 4880 placuerit
2588 4810 2652 4875 ei,
2667 4810 2864 4863 dabitur
2881 4807 2958 4862 illi
2979 4809 3160 4880 (Et-cli.
3181 4811 3365 4878 κυφά,
3389 4811 3535 4883 etc.).

1959 4903 2028 4959 Et
2073 4920 2169 4974 per
2211 4902 2395 4957 Isaiam
2448 4902 2626 4956 Deus:
2658 4902 2718 4955 Si
2761 4902 3011 4955 volueritis
3037 4943 3050 4965 ,
3102 4902 3301 4972 inquit,
3350 4913 3393 4957 et
3440 4921 3542 4957 au-

1959 4996 2149 5050 dieritis
2173 5011 2270 5064 me,
2297 5010 2411 5064 quia
2430 4995 2559 5048 bona
2584 5004 2701 5049 sunt
2744 5003 2890 5048 terrae
2923 4994 3096 5048 edetis.
3145 4993 3208 5050 Si
3254 4994 3535 5062 nolueritis,

1960 5106 2049 5143 nec
2074 5088 2354 5154 audieritis,
2380 5089 2579 5160 gladius
2599 5105 2683 5142 vos
2701 5087 2922 5142 comedet
2942 5086 3093 5161 (Isai.
3112 5103 3151 5156 t,
3173 5089 3284 5161 I9).
3311 5089 3377 5144 Et
3397 5092 3541 5160 Apo-

2025 5238 2041 5267 ι
2075 5235 2224 5285 Fditi:
2250 5234 2554 5297 Quidautem
2574 5233 2806 5297 nequius;
2828 5235 3024 5294 omisso,
3043 5239 3106 5295 te,
3122 5234 3253 5297 quod
3267 5236 3540 5287 restituitur

1963 5310 2025 5347 ex
2051 5299 2203 5346 tribus
2221 5304 2323 5346 Mss.
2348 5296 2467 5346 Clar.
2494 5303 2604 5344 Mar.
2627 5303 2678 5345 et
2695 5304 2818 5345 Port.

2007 5361 2056 5468 ὦ
2076 5365 2276 5468 negarat,
2321 5359 2617 5418 secundum,
2651 5358 2701 5406 In
2734 5357 2891 5407 alitis.
2927 5361 3204 5407 nestltuttur
3251 5371 3314 5407 ex
3365 5357 3534 5407 iisdem

2058 5433 2114 5468 us
2168 5434 2233 5468 ss.

1960 5420 2114 5470 tribus
2131 5427 2233 5469 Mss.

2025 5483 2044 5514 ³
2077 5488 2125 5530 1η
2150 5483 2310 5541 editis,
2350 5479 2614 5530 amittendi.
2642 5487 2692 5530 tn
2712 5487 2840 5537 Mss,
2879 5479 3162 5530 adnuttendi
3182 5491 3198 5537 ;
3220 5477 3330 5539 vel,
3366 5477 3538 5541 (utimi-

1960 5542 2107 5594 tendi.
2148 5539 2436 5605 Augustinus
2459 5556 2578 5592 vero
2600 5543 2650 5605 in
2671 5543 2813 5605 citata
2845 5541 3125 5605 definitione
3145 5539 3539 5605 dixitLvoluntas

1959 5605 2196 5672 retinendi
2217 5601 2290 5654 iret
2313 5601 2655 5672 consequendi,
2674 5610 2726 5652 ut
2744 5603 2819 5672 hic
2842 5610 3010 5672 postea
3032 5603 3088 5650 ad
3107 5610 3250 5672 caput
3273 5603 3350 5650 47.
3377 5663 3388 5672 .

2023 5668 2044 5699 ⁸
2076 5669 2147 5717 sic
2168 5674 2277 5715 Mar.
2307 5675 2384 5716 MS.
2423 5661 2476 5716 At
2512 5661 2666 5716 codex
2708 5661 2857 5723 Port.,'
2888 5670 2997 5713 ante
3210 5661 3412 5714 hamatis
3435 5677 3536 5714 ma-

1960 5728 2074 5779 lunt.
2124 5729 2266 5788 Edili,
2287 5735 2396 5779 ante
2418 5741 2578 5780 omnes
2605 5725 2816 5777 homines
2844 5724 3039 5775 malum.

2023 5795 2042 5824 ⁵
2077 5799 2199 5856 Port.
2220 5798 2321 5853 Ms.,
2347 5790 2701 5856 quidplanius.
2728 5789 2870 5856 ldem_
3093 5788 3263 5856 podex
3305 5799 3417 5841 cum
3452 5791 3543 5839 ll-

1960 5855 2170 5904 riaucusi
2186 5848 2370 5916 habét,’
2384 5852 2483 5904 dici
2500 5848 2540 5901 ἀ
2553 5864 2790 5917 quoquam
2799 5848 2922 5902 velut
2935 5848 3213 5900 orthodoxa.

2695 5931 3279 6018 {Thule-qualn.)
