4102 6478
571 387 711 447 ιεεν

574 506 745 562 stolus
772 520 787 557 :
814 496 1257 569 Resipiscitejuste
1276 494 1317 559 ί,
1347 500 1392 547 et
1412 490 1568 545 nolite
1606 503 1810 559 peccare
1830 485 1876 556 (l
1904 483 2021 549 Cor.
2052 486 2148 547 xv,

575 600 667 669 54)
697 615 710 650 :
742 604 899 664 atque
938 591 1152 652 iterum,
1183 585 1359 641 Nolite
1380 581 1733 649 mare;Detts
1751 597 1852 635 non
1870 578 2114 637 irridetur
2134 590 2153 629 :

574 705 688 763 qua:
710 689 841 742 enim
861 682 1175 740 seminaverit
1196 680 1363 746 homo,
1397 678 1490 733 illa
1509 684 1555 731 et
1581 684 1729 732 metet
1759 671 1971 746 (Gaiat.
1994 684 2049 729 VI
2073 711 2090 738 ,
2121 670 2155 729 7

571 790 617 837 et
644 780 722 837 8).

642 780 776 931 ἷζε.
817 868 941 925 Haec
963 865 1265 924 testimonia
1288 870 1507 934 propter
1529 863 1677 919 illam
1714 860 2040 921 voluntatem
2069 854 2155 911 di-

572 973 654 1022 cta
676 969 819 1027 sunt,
854 960 909 1015 in
935 973 1037 1030 qua
1064 957 1288 1028 quisque
1316 954 1369 1013 id
1393 953 1537 1025 quod
1565 953 1678 1011 vult
1699 952 1809 1021 agit
1839 969 1854 1007 :
1883 959 1942 1005 ut
1971 949 2016 1005 si
2052 961 2158 1001 non

572 1053 819 1118 habetur,
838 1050 907 1106 ab
925 1063 993 1106 eo
1019 1060 1267 1118 poscatur-
1279 1043 1373 1116 qui
1396 1045 1449 1100 in
1476 1042 1630 1101 nobis
1657 1050 1906 1112 operatur
1934 1047 1990 1095 et
2015 1036 2157 1099 velle

572 1141 829 1213 (Philipp.
858 1156 916 1207 ιι,
939 1140 1031 1210 15)
1059 1156 1072 1191 :
1100 1138 1146 1195 si
1173 1146 1351 1194 autem
1377 1134 1630 1198 habetur,
1660 1132 1789 1190 ﬁant
1812 1146 1973 1202 opera
2003 1128 2159 1199 justi:

571 1234 679 1299 tiae,
706 1242 764 1289 et
790 1233 841 1287 ei
864 1232 954 1302 qui
982 1231 1127 1285 illam
1147 1238 1401 1300 operatus
1421 1236 1505 1284 est
1530 1235 1754 1297 agantur
1778 1226 1986 1296 gratiae.

639 1324 827 1382 XLVI.
865 1323 984 1380 Jun.
1030 1322 1286 1378 Voluntas
1338 1323 1516 1393 itaque
1568 1327 1745 1375 motus
1807 1326 1892 1373 est
1941 1315 2154 1379 animi,

570 1417 627 1472 in
650 1415 771 1487 jure
805 1430 903 1473 suo
934 1412 1180 1470 habentis
1226 1421 1406 1470 utrum
1447 1409 1751 1470 sinisterior
1770 1409 1837 1467 ad
1866 1422 2024 1477 prava
2062 1406 2158 1465 de-

572 1518 774 1576 currat,
804 1524 869 1564 an
900 1506 1171 1565 dexterior
1193 1505 1261 1562 ad
1284 1504 1426 1561 celsa
1454 1502 1762 1571 contendat.

642 1604 777 1658 Anc.
816 1599 954 1670 Quid
980 1608 1062 1655 est
1090 1612 1236 1669 ergo,
1264 1595 1349 1653 Ne
1369 1596 1586 1651 declines
1612 1594 1665 1651 in
1693 1594 1972 1658 dexteram,
2000 1606 2164 1660 neque

572 1695 627 1749 in
644 1692 902 1748 sinistram
930 1689 1112 1764 (Prov.
1143 1703 1221 1758 tv,
1244 1688 1339 1756 27)
1359 1687 1392 1741 ?'

646 1781 854 1838 XLVII.
893 1780 1011 1838 Jun.
1053 1779 1226 1835 Motus
1251 1787 1431 1834 autem
1451 1777 1615 1835 animi
1637 1778 1773 1846 ejus,
1800 1776 1890 1845 qui
1923 1775 2034 1843 jam
2061 1788 2155 1842 per

572 1881 786 1930 atatem
825 1872 1027 1943 judicio
1055 1869 1279 1926 rationis
1325 1871 1396 1925 uti
1427 1877 1640 1938 potest;
1691 1868 1774 1923 cui
1821 1882 1942 1922 cum
1999 1880 2156 1936 paena

574 1974 898 2022 monstratur
914 1973 971 2020 et
1018 1964 1210 2035 gloria,
1252 1972 1344 2019 aut
1389 1971 1573 2018 contra
1615 1962 1956 2016 commodum
1997 1961 2017 1993 ³
2070 1960 2155 2016 vel

569 2056 841 2126 voluptas,
873 2053 1194 2125 adjutorium
1234 2060 1292 2115 et
1319 2052 1462 2109 velut
1497 2052 1708 2107 occasio
1755 2051 2002 2118 otl'ertur,
2046 2064 2155 2105 non

569 2146 858 2203 necessitas
884 2145 1176 2215 imponitur
1195 2144 1361 2214 partis
1388 2144 1678 2199 alterutrae.
1709 2143 1834 2201 Haec
1866 2143 2025 2213 igitur
2054 2156 2152 2197 vo-

569 2236 767 2303 luntas,
788 2251 907 2306 quae
933 2236 1248 2298 alternatur,
1280 2232 1540 2305 originem
1567 2233 1934 2305 possibilitatis
1950 2233 2003 2288 in
2028 2233 2159 2287 libe-

567 2342 631 2383 ro
648 2327 854 2396 accepit
881 2326 1101 2384 arbitrio
1126 2344 1142 2382 :
1166 2324 1333 2397 ipsius
1347 2340 1478 2382 vero
1497 2326 1678 2395 operis
1692 2325 2029 2381 existentiam
2049 2340 2078 2379 a
2097 2340 2158 2380 se

567 2420 809 2489 suscipit,
833 2434 934 2475 nec
950 2428 1035 2475 est
1061 2433 1280 2487 prorsus
1296 2418 1542 2475 voluntas
1560 2427 1846 2487 antequam
1885 2419 2029 2481 velit,
2056 2432 2158 2472 nec

566 2519 744 2581 potest
763 2511 899 2567 velle
923 2518 1207 2580 antequam
1239 2510 1471 2581 potuerit
1511 2518 1565 2566 et
1600 2509 1775 2576 nolle;
1824 2523 1923 2567 nec
1948 2518 2153 2564 utrum-

566 2618 673 2674 que
697 2602 859 2661 habet
881 2604 932 2657 in
960 2610 1112 2673 parte
1136 2602 1360 2671 peccati,
1384 2601 1435 2659 id
1458 2609 1560 2666 est,
1579 2601 1717 2657 velle
1736 2611 1788 2658 et
1826 2601 1985 2667 nolle,
2008 2610 2157 2657 ante-

568 2710 728 2766 quam
775 2709 933 2755 usum
984 2694 1203 2749 rationis
1249 2694 1591 2765 adipiscatur.
1647 2693 1849 2763 Quibus
1894 2695 2157 2763 collectis,

569 2796 790 2857 apparet
815 2794 868 2842 te
895 2785 1176 2849 verissime
1197 2784 1470 2852 deﬁnisse,
1505 2803 1525 2837 ι
1549 2785 1832 2845 Peccatum
1857 2794 1938 2843 est
1966 2787 2156 2842 volun-

569 2887 652 2935 tas
676 2877 940 2939 retinendi
981 2876 1066 2933 vel
1110 2876 1422 2937 admittendi
1452 2876 1592 2947 quod
1632 2876 1836 2948 justitia
1883 2886 2048 2944 vetat,
2101 2887 2158 2934 et

570 2967 715 3025 unde
742 2967 968 3029 liberum
1010 2978 1095 3024 est
1146 2968 1473 3024 abstinere.)
1522 2968 1637 3023 Hoc
1677 2983 1804 3038 ergo
1857 2979 2150 3039 peccatum,

569 3057 710 3133 quod
734 3057 925 3123 claruit
966 3057 1099 3112 nihil
1140 3071 1260 3113 esse
1299 3065 1493 3127 praeter
1542 3057 1889 3125 voluntatem,
1947 3066 2160 3113 constat

573 3163 765 3220 genus,
787 3147 843 3211 id
862 3155 947 3203 est
994 3147 1164 3217 ipsam
1212 3147 1494 3218 originem,
1542 3148 1612 3203 ab
1653 3147 1891 3218 appetitu
1939 3150 2155 3219 pr0prio

568 3240 896 3310 suscepisse.
926 3238 1093 3309 Hujus
1118 3240 1322 3309 species
1343 3239 1454 3309 jam
1483 3239 1539 3294 in
1576 3254 1930 3311 unoquoque,
1957 3240 2049 3310 qui
2076 3241 2158 3296 di-

571 3339 765 3401 cuntur
796 3330 981 3399 atomi,
1024 3330 1306 3400 reperitur.
1341 3329 1650 3393 Diﬂ'erentia
1668 3345 1797 3386 vero
1821 3339 1876 3389 et
1907 3333 1959 3391 in
1978 3333 2154 3389 varie-

572 3432 687 3491 tate
704 3424 978 3493 culparum
997 3464 1015 3492 ,
1038 3430 1092 3489 et
1118 3422 1171 3483 in
1198 3422 1491 3481 rationibus
1522 3432 1838 3494 temporum.
1861 3424 2048 3487 Modus
2071 3434 2157 3487 est

570 3516 686 3587 ipsa
716 3514 1085 3570 immoderatio
1116 3531 1129 3566 :
1163 3529 1285 3579 nam
1314 3514 1360 3569 si
1390 3513 1581 3575 modus
1603 3523 1687 3571 est
1711 3517 1913 3572 servire
1946 3518 2035 3572 cui
2060 3517 2153 3575 de-

570 3608 721 3675 beas,
748 3607 839 3678 qui
867 3606 970 3665 hoc
1002 3607 1383 3678 praetermittit,
1415 3606 1524 3662 veri
1555 3606 1699 3663 modi
1730 3609 2153 3681 transgressione

571 3698 849 3770 delinquit.
885 3697 984 3759 Hic
1018 3708 1196 3757 tamen
1234 3697 1338 3753 dici
1381 3698 1647 3756 subtiliter
1690 3710 1885 3770 potest,
1936 3701 2155 3762 modum

572 3807 694 3849 esse
716 3791 942 3863 peccati,
958 3791 1081 3862 quia
1118 3805 1279 3846 nemo
1302 3790 1421 3860 plus
1448 3806 1607 3861 quam
1641 3800 1818 3862 potest
1849 3793 2111 3865 delinquit
2138 3812 2153 3849 :

571 3897 698 3943 nam
723 3882 769 3936 si
793 3896 953 3953 supra
978 3881 1141 3946 vires,
1168 3881 1426 3937 inefficaci
1454 3882 1725 3943 voluntate
1745 3893 2027 3955 peccatur;
2054 3885 2158 3943 hoc

573 3973 748 4044 ipsum
781 3972 896 4031 ﬁeri
925 3973 1011 4039 vel
1035 3972 1145 4027 sola
1187 3974 1358 4043 potuit
1383 3974 1670 4033 voluntate.
1708 3975 1947 4043 Qualitas
1976 3986 2157 4034 autem

574 4063 908 4120 adscribatur
932 4064 1083 4131 vitio,
1115 4079 1211 4134 per
1237 4080 1395 4134 quam
1421 4067 1718 4123 ostenditur
1745 4069 1872 4139 quid
1900 4071 2159 4127 amaritu-

573 4154 734 4221 dinis,
755 4155 842 4215 vel
884 4154 1150 4219 dedecore
1197 4155 1459 4215 convenat
1503 4158 1588 4214 vel
1635 4157 1841 4213 dolore.
1888 4161 1984 4217 Est
2029 4178 2155 4233 ergo

576 4256 873 4317 peccatum,
900 4246 1023 4316 quia
1050 4246 1095 4302 si
1122 4260 1228 4303 non
1250 4256 1410 4309 esset,
1437 4261 1538 4302 nec
1572 4257 1626 4316 tu
1668 4250 1969 4320 sequereris
2003 4267 2157 4306 erro-

575 4352 693 4401 res;
726 4335 859 4393 nihil
881 4344 963 4393 est
991 4346 1169 4391 autem
1212 4336 1384 4403 aliud,
1414 4346 1612 4407 praeter
1644 4339 1967 4397 voluntatem
1996 4358 2152 4401 exce-

575 4430 787 4489 dentem
813 4428 880 4483 ab
907 4443 972 4483 eo
999 4427 1155 4494 calle,
1185 4429 1271 4485 cui
1295 4427 1454 4484 debet
1490 4430 1757 4497 insistere,
1779 4439 1834 4488 et
1854 4432 1993 4489 unde
2023 4434 2157 4499 libe-

575 4539 693 4578 rum
749 4530 833 4578 est
873 4535 981 4593 non
1027 4519 1332 4579 deﬂectere.
1373 4521 1457 4578 Fit
1499 4523 1522 4554 ⁸
1573 4531 1750 4581 autem
1806 4525 1875 4585 de
1922 4530 2157 4600 appetitu

575 4613 1037 4677 ineoneessorum;
1066 4620 1123 4668 et
1146 4626 1406 4684 nusquam
1444 4625 1528 4670 est
1569 4615 1673 4673 nisi
1706 4616 1759 4670 in
1800 4632 1867 4674 eo
1915 4618 2152 4690 homine,

577 4702 670 4772 qui
696 4710 749 4758 et
769 4701 955 4758 habuit
974 4703 1300 4762 voluntatem
1329 4704 1545 4774 malam,
1589 4715 1645 4763 et
1690 4709 1861 4781 potuit
1906 4725 2015 4768 non
2067 4711 2161 4767 ba-

579 4791 732 4851 bere.

649 4884 782 4957 Anc.
825 4881 942 4954 Ipse
968 4891 1054 4938 est
1096 4882 1286 4950 Adam,
1330 4900 1490 4955 quem
1527 4898 1710 4947 nostra
1758 4892 1848 4949 illa
1894 4892 2154 4973 deﬁnitio,

578 4990 698 5045 quae
730 4973 823 5028 tibi
845 4973 1061 5047 placuit,
1088 4973 1420 5040 intuebatur,
1447 4992 1567 5033 cum
1609 4980 1839 5038 dicerem
1858 5026 1874 5048 ,
1909 5001 1929 5036 ‹
1957 4983 2157 5049 Pecca-

581 5076 692 5123 tum
723 5077 806 5124 est
837 5070 1082 5125 voluntas
1108 5070 1369 5127 retinendi
1408 5073 1490 5129 vel
1510 5077 1868 5146 consequendi
1910 5072 2051 5150 quod
2081 5080 2160 5150 ju-

583 5159 724 5213 stitia
749 5168 910 5225 vetat,
939 5169 993 5215 et
1038 5159 1179 5216 unde
1222 5160 1446 5217 liberum
1488 5173 1571 5219 est
1623 5165 1953 5223 abstinere.»
1990 5171 2157 5227 Adam

579 5250 775 5320 quippe
802 5253 1036 5319 omnino,
1066 5253 1283 5323 quando
1318 5256 1576 5325 peccavit,
1606 5257 1731 5311 nihil
1766 5259 1816 5312 in
1843 5276 1902 5315 se
1933 5261 2160 5321 habebat

582 5342 729 5408 mali,
762 5357 867 5412 quo
892 5343 1077 5400 nolens
1105 5352 1387 5415 urgeretur
1412 5344 1479 5400 ad
1506 5345 1829 5415 operandam
1861 5352 2076 5419 malum,
2107 5364 2161 5411 et

584 5443 801 5503 prOpter
842 5433 983 5504 quod
1011 5433 1232 5499 diceret,
1264 5433 1387 5489 Non
1422 5436 1557 5506 quod
1602 5440 1730 5505 volo,
1773 5442 1907 5511 facio
1937 5443 2160 5512 bonum;

581 5524 670 5579 sed
689 5522 824 5596 quod
842 5523 960 5579 noto
988 5524 1198 5591 malum,
1230 5524 1324 5579 hoc
1344 5541 1441 5597 ago
1461 5525 1638 5598 (Rom.
1665 5546 1756 5600 vu,
1786 5531 1879 5605 29)
1910 5551 1924 5588 :
1974 5550 2038 5591 ac
2064 5552 2159 5608 per

695 5718 1113 5797 99.332111“!
1129 5726 1292 5797 θηρί’
1309 5729 1472 5797 mea
1494 5731 1587 5786 θειν
1612 5725 1970 5797 άίκέιίῦενὶωιοο

644 5723 662 5754 ί
695 5723 1587 5786 υιιοιιεεηίωιιϐι-εεεεωωεηεει,
1612 5725 1814 5791 dikaids,

644 5785 670 5875 ι
1161 5790 1431 5912 eam“
1450 5785 1814 5855 Wm-

1245 375 1491 433 OPERIS
1526 368 1939 428 IMPERFECTI
1978 363 2249 432 CONTRA
2287 361 2649 429 ιυωιΝυΜ,
2689 362 2743 419 S.
2791 359 3159 419 AUGUSTINI

3698 358 3849 429 ωσι

2265 491 2367 536 noc
2402 482 2456 541 id
2492 479 2602 550 egit
2624 479 2913 549 peccando,
2941 477 3081 549 quod
3120 475 3330 547 iustitia
3352 474 3588 542 vetabat,
3622 484 3683 532 et
3705 477 3851 534 unde

2265 571 2488 637 liberum
2516 571 2591 625 illi
2618 569 2789 627 fuerat
2815 570 3102 629 abstinere.
3123 567 3259 625 Nam
3281 569 3299 599 ί
3326 567 3376 624 ei
3399 568 3488 638 qui
3514 567 3670 635 dicit,
3700 566 3851 636 Quod

2264 664 2381 729 nolo
2405 663 2617 729 malum,
2643 662 2737 718 hoc
2756 680 2872 735 ago,
2901 663 3168 731 abstinere
3193 660 3337 731 inde,
3357 660 3587 723 liberum
3612 676 3724 731 non
3748 670 3849 717 est.

2264 755 2341 808 Ac
2366 768 2463 824 per
2491 754 2613 821 hoc,
2642 754 2685 808 si
2707 755 2728 785 ⁸
2759 755 2855 808 tria
2879 754 2975 809 ista
3003 752 3297 821 discerptis,
3319 761 3376 809 et
3394 752 3533 821 scias
3558 751 3708 813 aliud
3732 766 3855 809 esse

2264 852 2564 915 peccatum,
2593 845 2737 913 aliud
2765 860 2978 916 pmnam
3017 843 3240 917 peccati,
3282 843 3425 913 aliud
3453 851 3773 915 utrumque,
3802 843 3854 899 id

2264 943 2366 1003 est,
2398 936 2467 1001 ita
2500 945 2802 1005 peccatum,
2840 945 2898 995 ut
2925 936 3099 1006 ipsum
3129 936 3197 991 sit
3219 936 3380 1003 etiam
3410 950 3575 1009 pinna
3605 936 3815 1008 peccati
3836 977 3854 1003 ,

2265 1026 2510 1097 intelligis
2538 1027 2664 1098 quid
2704 1027 2893 1091 horum
2934 1028 3097 1087 trium
3148 1027 3407 1097 pertineat
3450 1027 3519 1087 ad
3559 1027 3709 1085 illam
3756 1025 3854 1087 de~

2264 1116 2595 1185 ﬁnitionem,
2655 1118 2743 1189 ubi
2790 1119 3035 1177 voluntas
3084 1126 3168 1177 est
3215 1118 3406 1193 agendi
3452 1117 3601 1193 quod
3644 1117 3855 1188 iustitia

2263 1218 2404 1267 vetat
2431 1252 2447 1285 ,
2500 1219 2554 1265 et
2608 1210 2747 1273 unde
2799 1211 3026 1281 liberum
3075 1219 3159 1267 est
3213 1210 3506 1271 abstinere.
3561 1211 3854 1281 Peccatum

2263 1317 2490 1372 namque
2532 1303 2631 1357 isto
2656 1300 2815 1361 modo
2842 1302 3118 1361 deﬁnitum
3148 1312 3250 1371 est,
3281 1317 3387 1363 non
3433 1303 3640 1375 peccati
3670 1316 3856 1374 pinna,

2263 1407 2368 1447 non
2400 1401 2702 1469 utrumque.
2744 1392 2954 1457 Habent
2990 1403 3168 1451 autem
3199 1392 3298 1449 tria
3323 1394 3424 1449 ista
3462 1409 3663 1465 genera
3693 1395 3861 1461 etiam

2263 1484 2470 1554 species
2497 1497 2640 1552 suas,
2671 1484 2738 1545 de
2775 1483 2968 1560 quibus
3005 1499 3146 1539 nunc
3178 1485 3393 1551 longum
3432 1493 3515 1551 est
3552 1484 3838 1555 disputare

2262 1574 2464 1643 Horum
2499 1591 2628 1632 sane
2656 1577 2813 1645 trium
2841 1591 3101 1647 generum
3140 1575 3187 1631 si
3210 1576 3555 1647 requirantur
3583 1576 3851 1646 exempla.

2261 1667 2416 1737 primi
2441 1669 2658 1739 generis
2685 1667 2740 1735 in
2769 1667 2937 1733 Adam
2967 1668 3083 1733 sine
3115 1667 3224 1722 ullo
3250 1667 3391 1731 nodo
3417 1667 3735 1738 quaestionis
3762 1682 3861 1733 ρει

2260 1761 2443 1816 currit.
2465 1761 2625 1825 Multa
2650 1762 2845 1833 quippe
2869 1771 2994 1817 sunt
3022 1779 3139 1832 quae
3164 1770 3329 1832 agunt
3352 1761 3600 1823 homines
3624 1761 3795 1831 mala,
3828 1774 3863 1829 ἢ

2259 1851 2450 1924 quibus
2475 1853 2552 1907 eis
2579 1852 2803 1908 liberum
2831 1862 2913 1908 εει
2949 1853 3221 1923 abstinuere
3252 1870 3265 1907 :
3293 1854 3388 1911 sed
3416 1853 3547 1909 nulli
3577 1862 3690 1909 tam
3718 1853 3865 1919 libe-

2259 1960 2376 1999 rum
2398 1954 2498 2013 est,
2530 1961 2686 2015 quam
2719 1946 2793 2000 illi
2828 1945 2944 2011 fuit,
2977 1946 3064 2017 qui
3101 1946 3213 2001 Deo
3238 1961 3355 2012 suo,
3383 1960 3419 2001 a
3439 1960 3545 2016 quo
3573 1956 3696 2015 erat
3719 1961 3859 2005 con-

2259 2034 2402 2093 ditus
2436 2047 2633 2106 rectus,
2663 2038 2809 2095 nullo
2834 2054 3052 2108 prorsus
3077 2039 3205 2099 vitio
3239 2038 3560 2111 depravatns
3584 2038 3859 2107 adstalnt.

2261 2128 2490 2185 Secundi
2527 2138 2703 2189 autem
2742 2130 2980 2200 generis,
3028 2130 3119 2186 ubi
3173 2130 3536 2199 tantummodo
3568 2139 3653 2187 est
3697 2146 3863 2203 penu

2261 2221 2479 2291 peccati,
2511 2221 2811 2291 exemplum
2855 2221 2907 2279 in
2950 2236 3015 2277 eo
3054 2222 3196 2277 malo
3222 2229 3327 2288 est,
3358 2221 3500 2293 quod
3526 2221 3756 2292 quisque
3785 2237 3858 2278 ex

2260 2311 2404 2367 nulla
2430 2320 2578 2381 parte
2603 2313 2729 2382 agit,
2760 2312 2851 2367 sed
2884 2313 3251 2369 tantummodo
3285 2315 3478 2389 patitur
3511 2313 3704 2373 :velut
3729 2328 3857 2371 cum

2262 2418 2359 2473 pro
2386 2418 2484 2459 suo
2514 2403 2737 2469 scelere,
2766 2404 2852 2474 qui
2882 2405 3138 2474 peccavit,
3167 2405 3445 2485 occiditur,
3467 2406 3581 2461 sive
3606 2405 3715 2473 alia
3738 2421 3859 2463 eor-

2259 2496 2408 2566 poris
2434 2510 2590 2565 paena
2618 2510 2950 2568 quacumque
2977 2497 3265 2569 cruciatur.
3317 2497 3555 2567 Tertium
3596 2515 3729 2557 vero
3759 2516 3857 2572 ge-

2260 2604 2383 2653 nus,
2412 2589 2500 2647 ubi
2543 2598 2816 2661 peccatum
2853 2591 3025 2659 ipsum
3051 2601 3131 2646 est
3157 2600 3210 2647 et
3236 2605 3392 2662 paena
3422 2591 3647 2662 peccati,
3680 2598 3857 2665 potest

2261 2682 2483 2751 intelligi
2528 2682 2580 2736 in
2625 2697 2691 2737 eo
2742 2683 2831 2753 qui
2877 2682 3043 2749 dicit,
3109 2682 3257 2750 Quod
3305 2685 3421 2738 nolo
3470 2684 3707 2753 malum,
3761 2685 3856 2743 hoc

2260 2791 2376 2846 ago.
2418 2774 2500 2829 Ad
2530 2774 2630 2831 hoc
2670 2775 2938 2846 pertinent
2982 2778 3141 2833 etiam
3173 2777 3349 2831 omnia
3393 2792 3513 2848 quia
3561 2792 3658 2848 per
3709 2778 3857 2850 igno-

2260 2868 2488 2925 rantiam
2536 2883 2659 2923 cum
2703 2877 2930 2939 aguntur
2977 2869 3114 2924 mala
3143 2867 3186 2939 ⁸,
3235 2883 3343 2931 non
3389 2878 3646 2941 putantur
3692 2872 3849 2937 male.

2258 2958 2344 3014 vel
2401 2960 2558 3014 etiam
2606 2968 2856 3030 putantur
2903 2960 3061 3031 bona.
3110 2960 3336 3017 Caecitas
3381 2963 3522 3019 enim
3556 2963 3757 3030 cordis,
3811 2964 3860 3021 si

2259 3060 2534 3121 peccatum
2576 3066 2681 3106 non
2722 3061 2903 3118 esset,
2948 3052 3142 3122 injuste
3184 3062 3499 3124 argueretur
3543 3071 3558 3127 ς
3615 3056 3858 3135 arguitur

2261 3147 2439 3203 autem
2483 3141 2663 3212 juste,
2718 3142 2807 3198 ubi
2858 3143 3091 3226 dicitur,
3137 3142 3403 3215 l’ltariswe
3444 3163 3571 3207 me
3617 3146 3856 3219 (Matth.

2260 3248 2401 3301 nni
2429 3276 2448 3313 ,
2488 3232 2631 3308 26);
2686 3244 2740 3291 ει
2782 3235 2904 3293 aliis
2953 3237 3196 3310 plurimis
3245 3239 3545 3311 divinorum
3605 3242 3855 3316 eloquio-2.

2258 3345 2378 3383 rum
2437 3329 2590 3387 locis.
2656 3329 2966 3403 Eademque
3024 3347 3211 3399 rursus
3278 3334 3492 3399 caecitas
3542 3335 3589 3391 si
3644 3339 3851 3407 peccati

2260 3434 2417 3490 pmna
2446 3435 2553 3476 non
2580 3430 2752 3487 esset,
2782 3437 2889 3491 non
2919 3422 3210 3491 diceretur,
3241 3423 3531 3491 Exerceavit
3559 3427 3699 3495 enim
3736 3429 3851 3487 illo:

2259 3513 2454 3584 malitia
2493 3514 2700 3573 illorum
2727 3514 2879 3586 (Sap.
2918 3532 2974 3579 ιι,
3011 3516 3143 3587 ﬁl):
3171 3516 3314 3588 quod
3356 3519 3402 3583 si
3427 3518 3495 3574 de
3524 3519 3623 3577 Dei
3648 3521 3856 3592 judicio

2265 3617 2371 3658 non
2397 3604 2626 3671 veniret,
2657 3619 2766 3663 non
2800 3605 3119 3675 legeremus,
3155 3607 3494 3679 Obscurentur
3519 3611 3658 3667 oculi
3682 3630 3859 3673 eorum

2260 3713 2324 3752 ne
2358 3697 2572 3767 videant,
2620 3707 2668 3752 et
2707 3699 2912 3754 dorsum
2964 3717 3137 3755 eorum
3180 3718 3376 3774 semper
3419 3704 3629 3758 incurva
3680 3703 3856 3778 (Psal.

2262 3804 2440 3856 uvm,
2469 3787 2583 3861 24).
2635 3789 2765 3859 Quis
2800 3806 2959 3861 porro
2983 3792 3170 3851 volens
3186 3809 3370 3850 "caecus
3402 3803 3485 3851 est
3510 3795 3698 3864 corde,
3735 3812 3858 3867 cum

2262 3880 2390 3945 velit
2419 3895 2576 3935 nemo
2600 3896 2775 3939 caecus
2798 3897 2919 3939 esse
2939 3884 3021 3939 vel
3051 3885 3313 3955 corpore?
3338 3886 3569 3943 Proinde
3593 3889 3858 3961 originale

2263 3978 2537 4041 peccatum
2568 3987 2668 4027 nec
2694 3973 2760 4031 ad
2791 3973 2917 4031 illud
2952 3976 3178 4044 pertinet
3215 3976 3359 4048 quod
3401 3978 3576 4050 primo
3617 3980 3738 4035 loco
3765 3996 3860 4053 po-

2262 4064 2486 4135 suimus,
2519 4064 2603 4119 ubi
2633 4073 2716 4120 est
2741 4066 2989 4131 voluntas
3014 4068 3209 4137 malum
3240 4070 3522 4139 operandi,
3556 4070 3696 4131 unde
3729 4073 3857 4141 libe-

2261 4171 2380 4215 rum
2425 4166 2508 4213 est
2551 4157 2856 4225 abstinere;
2896 4158 3132 4230 alioquin
3177 4176 3283 4215 non
3311 4171 3456 4218 esset
3502 4163 3556 4218 in
3597 4166 3857 4235 parvulis,

2262 4248 2351 4319 qui
2384 4248 2616 4303 nondum
2647 4250 2934 4306 voluntatis
2963 4260 3182 4307 utuntur
3210 4252 3470 4310 arbitrio:
3504 4270 3603 4313 nec
3625 4256 3694 4312 ad
3728 4258 3859 4315 illud

2262 4338 2405 4409 quod
2447 4339 2683 4395 secundo
2716 4345 3289 4411 commemoravimus;
3336 4344 3405 4402 de
3446 4357 3669 4417 peccato
3711 4349 3857 4407 enim

2263 4446 2403 4489 nunc
2427 4432 2663 4502 agimus,
2700 4449 2804 4491 non
2827 4434 2894 4489 de
2925 4449 3083 4504 pmna
3105 4477 3119 4501 ,
3144 4451 3262 4508 quze
3292 4452 3399 4495 non
3428 4448 3510 4499 est
3549 4450 3856 4510 peccatum,

2263 4523 2504 4597 quamvis
2542 4524 2741 4595 peccati
2767 4525 2958 4581 merito
2983 4527 3337 4597 subsequatur
3362 4547 3375 4583 :
3402 4544 3561 4601 quam
3591 4529 3614 4563 δ
3641 4531 3857 4602 quidem

2264 4615 2532 4685 patiuntur
2573 4624 2627 4671 et
2653 4618 2882 4688 parvuli,
2921 4619 3044 4690 quia
3080 4619 3220 4675 inest
3252 4620 3330 4687 eis
3361 4636 3559 4692 corpus
3585 4632 3858 4683 mortuum

2264 4718 2483 4780 prOpter
2528 4720 2808 4785 peccatum
2850 4712 3024 4783 (Rom.
3060 4729 3176 4780 Vill,
3209 4714 3329 4786 10);
3360 4731 3465 4772 non
3502 4725 3684 4773 tamen
3710 4732 3857 4785 mors

2264 4802 2504 4871 corporis
2534 4802 2644 4871 ipsa
2672 4814 2947 4873 peccatum
2968 4814 3070 4873 est,
3091 4806 3175 4861 vel
3202 4807 3511 4877 corporales
3529 4809 3859 4882 quicumque

2263 4892 2576 4957 cruciatus:
2629 4892 2721 4961 sed
2768 4895 2998 4965 pertinet
3026 4896 3282 4967 originale
3326 4909 3601 4971 peccatum
3647 4901 3717 4957 ad
3753 4902 3855 4958 hoc

2262 4997 2431 5054 genus
2458 4985 2693 5052 tertium,
2721 4984 2809 5041 ubi
2851 4986 2929 5043 sic
2954 4996 3226 5059 peccatum
3254 4998 3361 5058 est,
3400 5001 3457 5046 ut
3496 4992 3675 5062 ipsum
3699 4994 3776 5048 sit
3805 5004 3857 5049 et

2262 5087 2419 5144 prmia
2470 5077 2705 5143 peccati;
2734 5077 2872 5146 quod
2920 5079 3053 5132 inest
3082 5080 3295 5151 quidem
3337 5084 3721 5150 nascentibus,
3765 5084 3858 5140 sed

2265 5162 2319 5218 in
2358 5165 2436 5221 eis
2477 5168 2839 5225 crescentibus
2882 5169 2903 5200 ⁸
2949 5170 3131 5240 incipit
3167 5187 3463 5249 apparere,
3514 5175 3736 5245 quando
3774 5187 3855 5230 est

2263 5256 2634 5327 insipientibus
2659 5261 2958 5315 necessaria
3020 5264 3306 5332 sapientia,
3331 5273 3386 5320 et
3425 5265 3561 5319 mala
3594 5266 3857 5337 concupi-

2326 5430 2669 5505 ενίεοξθγιιεξν
2708 5444 2737 5483 ³
2778 5434 3238 5505 Μςθηὲξάῐνθάίιίοηο
3257 5436 3549 5503 discedens.
3596 5442 3848 5505 reluctan-

2263 5492 2594 5561 αυμξιξρξιιοίξ
2614 5497 3194 5561 Μεεινευῇειίιιιίι,ῃωη,
3376 5492 3379 5493 ν
3464 5492 3467 5493 ν
3506 5492 3548 5503 νι
3634 5492 3645 5494 ~
3686 5492 3795 5507 κηη

2327 5555 2348 5627 ξ
2378 5554 2527 5627 ratu,
2550 5554 2635 5606 sic.
2663 5554 2989 5627 Eruendaan
3014 5554 3078 5612 ex
3114 5563 3464 5627 manuscriptis.

2326 5616 2350 5709 ἲ
2380 5622 2655 5731 imiimi-ﬁ.
2668 5619 3036 5731 sanas

2326 5738 2348 5812 ε
2484 5744 2915 5807 manumime
2935 5738 3031 5812 pre
3051 5753 3341 5812 restitutum
3354 5756 3448 5812 est.
3471 5746 3559 5812 sed
3579 5746 3633 5801 in
3653 5761 3729 5812 es
3750 5762 3860 5800 cm-

2263 5799 2531 5915 mf
2568 5816 2667 5867 quo
2709 5799 3032 5868 praetermisso
3067 5808 3188 5861 edat
3220 5799 3484 5875 ferehsnt',
3507 5799 3638 5864 ω

2521 5681 2655 5731 crius
2671 5681 2832 5732 eiduo
2855 5692 2982 5744 Mss,
3005 5696 3137 5735 nam
