  <div class='ocr_page' id='page_1' title='image "/cluster/home/n/w/nwhite01/storage/ocr_20150623/44-45/uva.x000217727/540.png"; bbox 0 0 4102 6500; ppageno 0'>
   <div class='ocr_carea' id='block_1_1' title="bbox 252 509 395 569">
    <p class='ocr_par' dir='ltr' id='par_1_1' title="bbox 252 509 395 569">
     <span class='ocr_line' id='line_1_1' title="bbox 252 509 395 569; baseline -0.014 0"><span class='ocrx_word' id='word_1_1' title='bbox 252 509 395 569; x_wconf 70' lang='grc'>1069</span> 
     </span>
    </p>
   </div>
   <div class='ocr_carea' id='block_1_2' title="bbox 249 620 1821 696">
    <p class='ocr_par' dir='ltr' id='par_1_2' title="bbox 249 620 1821 696">
     <span class='ocr_line' id='line_1_2' title="bbox 249 620 1821 696; baseline -0.005 -12"><span class='ocrx_word' id='word_1_2' title='bbox 249 627 524 684; x_wconf 78' lang='lat' dir='ltr'><strong>scentibus</strong></span> <span class='ocrx_word' id='word_1_3' title='bbox 544 626 908 693; x_wconf 81' lang='lat' dir='ltr'><strong>continentia;</strong></span> <span class='ocrx_word' id='word_1_4' title='bbox 933 627 1084 696; x_wconf 83' lang='lat' dir='ltr'><strong>origo</strong></span> <span class='ocrx_word' id='word_1_5' title='bbox 1106 631 1282 678; x_wconf 88' lang='lat' dir='ltr'><strong>tamen</strong></span> <span class='ocrx_word' id='word_1_6' title='bbox 1323 622 1481 678; x_wconf 88' lang='lat' dir='ltr'><strong>etiam</strong></span> <span class='ocrx_word' id='word_1_7' title='bbox 1515 620 1668 690; x_wconf 86' lang='lat' dir='ltr'><strong>hujus</strong></span> <span class='ocrx_word' id='word_1_8' title='bbox 1697 634 1821 689; x_wconf 78' lang='lat' dir='ltr'><strong>pec-</strong></span> 
     </span>
    </p>
   </div>
   <div class='ocr_carea' id='block_1_3' title="bbox 252 709 1823 785">
    <p class='ocr_par' dir='ltr' id='par_1_3' title="bbox 252 709 1823 785">
     <span class='ocr_line' id='line_1_3' title="bbox 252 709 1823 785; baseline -0.008 -11"><span class='ocrx_word' id='word_1_9' title='bbox 252 721 356 774; x_wconf 86' lang='lat' dir='ltr'><strong>cati</strong></span> <span class='ocrx_word' id='word_1_10' title='bbox 407 718 677 774; x_wconf 72' lang='lat' dir='ltr'><strong>descendit</strong></span> <span class='ocrx_word' id='word_1_11' title='bbox 728 735 756 771; x_wconf 71' lang='grc' dir='ltr'><strong>τι</strong></span> <span class='ocrx_word' id='word_1_12' title='bbox 804 718 1073 772; x_wconf 86' lang='lat' dir='ltr'><strong>voluntate</strong></span> <span class='ocrx_word' id='word_1_13' title='bbox 1116 716 1403 785; x_wconf 78' lang='lat' dir='ltr'><strong>peccantis.</strong></span> <span class='ocrx_word' id='word_1_14' title='bbox 1453 733 1472 766; x_wconf 72' lang='grc' dir='ltr'>ι</span> <span class='ocrx_word' id='word_1_15' title='bbox 1525 711 1644 767; x_wconf 79' lang='lat' dir='ltr'><strong>Fuit</strong></span> <span class='ocrx_word' id='word_1_16' title='bbox 1680 709 1823 766; x_wconf 90' lang='lat' dir='ltr'><strong>enim</strong></span> 
     </span>
    </p>
   </div>
   <div class='ocr_carea' id='block_1_4' title="bbox 255 801 1825 876">
    <p class='ocr_par' dir='ltr' id='par_1_4' title="bbox 255 801 1825 876">
     <span class='ocr_line' id='line_1_4' title="bbox 255 801 1825 876; baseline -0.006 -12"><span class='ocrx_word' id='word_1_17' title='bbox 255 811 449 873; x_wconf 83' lang='lat' dir='ltr'><strong>Adam,</strong></span> <span class='ocrx_word' id='word_1_18' title='bbox 483 818 540 864; x_wconf 86' lang='lat' dir='ltr'><strong>et</strong></span> <span class='ocrx_word' id='word_1_19' title='bbox 577 812 630 862; x_wconf 91' lang='lat' dir='ltr'><strong>in</strong></span> <span class='ocrx_word' id='word_1_20' title='bbox 662 809 752 864; x_wconf 90' lang='lat' dir='ltr'><strong>illo</strong></span> <span class='ocrx_word' id='word_1_21' title='bbox 787 809 980 863; x_wconf 81' lang='lat' dir='ltr'><strong>fuimus</strong></span> <span class='ocrx_word' id='word_1_22' title='bbox 1020 820 1238 872; x_wconf 86' lang='lat' dir='ltr'><strong>omnes;</strong></span> <span class='ocrx_word' id='word_1_23' title='bbox 1272 807 1425 876; x_wconf 88' lang='lat' dir='ltr'><strong>periit</strong></span> <span class='ocrx_word' id='word_1_24' title='bbox 1463 803 1651 868; x_wconf 81' lang='lat' dir='ltr'><strong>Adam,</strong></span> <span class='ocrx_word' id='word_1_25' title='bbox 1682 808 1734 855; x_wconf 92' lang='lat' dir='ltr'><strong>et</strong></span> <span class='ocrx_word' id='word_1_26' title='bbox 1772 801 1825 854; x_wconf 90' lang='lat' dir='ltr'><strong>in</strong></span> 
     </span>
    </p>
   </div>
   <div class='ocr_carea' id='block_1_5' title="bbox 253 892 1821 972">
    <p class='ocr_par' dir='ltr' id='par_1_5' title="bbox 253 892 1821 972">
     <span class='ocr_line' id='line_1_5' title="bbox 253 892 1821 972; baseline -0.009 -12"><span class='ocrx_word' id='word_1_27' title='bbox 253 900 349 960; x_wconf 77' lang='lat' dir='ltr'><strong>illo</strong></span> <span class='ocrx_word' id='word_1_28' title='bbox 375 913 561 958; x_wconf 88' lang='lat' dir='ltr'><strong>omnes</strong></span> <span class='ocrx_word' id='word_1_29' title='bbox 593 901 860 971; x_wconf 82' lang='lat' dir='ltr'><strong>perierunt</strong></span> <span class='ocrx_word' id='word_1_30' title='bbox 891 916 912 951; x_wconf 79' lang='grc' dir='ltr'><strong><em>ι</em></strong></span> <span class='ocrx_word' id='word_1_31' title='bbox 936 897 1272 972; x_wconf 73' lang='lat' dir='ltr'><strong>(Ambrosius,</strong></span> <span class='ocrx_word' id='word_1_32' title='bbox 1323 897 1410 951; x_wconf 77' lang='lat' dir='ltr'><strong>lib.</strong></span> <span class='ocrx_word' id='word_1_33' title='bbox 1441 895 1470 948; x_wconf 89' lang='lat'><strong>7</strong></span> <span class='ocrx_word' id='word_1_34' title='bbox 1495 895 1549 948; x_wconf 76' lang='lat' dir='ltr'><strong>in</strong></span> <span class='ocrx_word' id='word_1_35' title='bbox 1571 892 1700 948; x_wconf 82' lang='lat' dir='ltr'><strong>Luc.</strong></span> <span class='ocrx_word' id='word_1_36' title='bbox 1731 907 1821 959; x_wconf 85' lang='lat' dir='ltr'><strong>xv,</strong></span> 
     </span>
    </p>
   </div>
   <div class='ocr_carea' id='block_1_6' title="bbox 253 993 485 1064">
    <p class='ocr_par' dir='ltr' id='par_1_6' title="bbox 253 993 485 1064">
     <span class='ocr_line' id='line_1_6' title="bbox 253 993 485 1064; baseline -0.017 -16"><span class='ocrx_word' id='word_1_37' title='bbox 253 1009 309 1054; x_wconf 69' lang='grc' dir='ltr'><strong>τι.</strong></span> <span class='ocrx_word' id='word_1_38' title='bbox 333 993 485 1064; x_wconf 76' lang='lat' dir='ltr'><strong>sat).</strong></span> 
     </span>
    </p>
   </div>
   <div class='ocr_carea' id='block_1_7' title="bbox 333 1077 1826 1150">
    <p class='ocr_par' dir='ltr' id='par_1_7' title="bbox 333 1077 1826 1150">
     <span class='ocr_line' id='line_1_7' title="bbox 333 1077 1826 1150; baseline -0.006 -11"><span class='ocrx_word' id='word_1_39' title='bbox 333 1081 558 1150; x_wconf 63' lang='lat' dir='ltr'><strong>XLVIII.</strong></span> <span class='ocrx_word' id='word_1_40' title='bbox 587 1081 706 1139; x_wconf 69' lang='lat' dir='ltr'><strong>Jun.</strong></span> <span class='ocrx_word' id='word_1_41' title='bbox 733 1079 1000 1137; x_wconf 63' lang='lat' dir='ltr'><strong>Mercuri</strong></span> <span class='ocrx_word' id='word_1_42' title='bbox 1030 1088 1206 1134; x_wconf 83' lang='lat' dir='ltr'><strong>autem</strong></span> <span class='ocrx_word' id='word_1_43' title='bbox 1231 1088 1284 1133; x_wconf 91' lang='lat' dir='ltr'><strong>et</strong></span> <span class='ocrx_word' id='word_1_44' title='bbox 1309 1078 1378 1132; x_wconf 80' lang='lat' dir='ltr'><strong>ab</strong></span> <span class='ocrx_word' id='word_1_45' title='bbox 1408 1077 1644 1132; x_wconf 79' lang='lat' dir='ltr'><strong>honestis</strong></span> <span class='ocrx_word' id='word_1_46' title='bbox 1669 1089 1826 1130; x_wconf 80' lang='lat' dir='ltr'><strong>exse-</strong></span> 
     </span>
    </p>
   </div>
   <div class='ocr_carea' id='block_1_8' title="bbox 261 1165 1827 1240">
    <p class='ocr_par' dir='ltr' id='par_1_8' title="bbox 261 1165 1827 1240">
     <span class='ocr_line' id='line_1_8' title="bbox 261 1165 1827 1240; baseline -0.009 -9"><span class='ocrx_word' id='word_1_47' title='bbox 261 1174 587 1239; x_wconf 79' lang='lat' dir='ltr'><strong>crationem,</strong></span> <span class='ocrx_word' id='word_1_48' title='bbox 614 1181 668 1226; x_wconf 85' lang='lat' dir='ltr'><strong>et</strong></span> <span class='ocrx_word' id='word_1_49' title='bbox 703 1170 774 1225; x_wconf 90' lang='lat' dir='ltr'><strong>ab</strong></span> <span class='ocrx_word' id='word_1_50' title='bbox 797 1171 886 1226; x_wconf 89' lang='lat' dir='ltr'><strong>illa</strong></span> <span class='ocrx_word' id='word_1_51' title='bbox 928 1171 1169 1240; x_wconf 86' lang='lat' dir='ltr'><strong>justitia,</strong></span> <span class='ocrx_word' id='word_1_52' title='bbox 1212 1169 1364 1236; x_wconf 84' lang='lat' dir='ltr'><strong>cujus</strong></span> <span class='ocrx_word' id='word_1_53' title='bbox 1402 1165 1492 1223; x_wconf 85' lang='lat' dir='ltr'><strong>hic</strong></span> <span class='ocrx_word' id='word_1_54' title='bbox 1539 1176 1643 1220; x_wconf 87' lang='lat' dir='ltr'><strong>tota</strong></span> <span class='ocrx_word' id='word_1_55' title='bbox 1669 1181 1827 1222; x_wconf 88' lang='lat' dir='ltr'><strong>causa</strong></span> 
     </span>
    </p>
   </div>
   <div class='ocr_carea' id='block_1_9' title="bbox 263 1256 1834 1331">
    <p class='ocr_par' dir='ltr' id='par_1_9' title="bbox 263 1256 1834 1331">
     <span class='ocr_line' id='line_1_9' title="bbox 263 1256 1834 1331; baseline -0.008 -9"><span class='ocrx_word' id='word_1_56' title='bbox 263 1266 523 1330; x_wconf 79' lang='lat' dir='ltr'><strong>vertitur,</strong></span> <span class='ocrx_word' id='word_1_57' title='bbox 550 1260 836 1331; x_wconf 74' lang='lat' dir='ltr'><strong>legitimam</strong></span> <span class='ocrx_word' id='word_1_58' title='bbox 884 1261 1402 1315; x_wconf 74' lang='lat' dir='ltr'><strong>condemnationem.</strong></span> <span class='ocrx_word' id='word_1_59' title='bbox 1434 1256 1690 1313; x_wconf 80' lang='lat' dir='ltr'><strong>Omnibus</strong></span> <span class='ocrx_word' id='word_1_60' title='bbox 1733 1256 1834 1310; x_wconf 83' lang='lat' dir='ltr'><strong>ita-</strong></span> 
     </span>
    </p>
   </div>
   <div class='ocr_carea' id='block_1_10' title="bbox 263 1346 1830 1428">
    <p class='ocr_par' dir='ltr' id='par_1_10' title="bbox 263 1346 1830 1428">
     <span class='ocr_line' id='line_1_10' title="bbox 263 1346 1830 1428; baseline -0.01 -15"><span class='ocrx_word' id='word_1_61' title='bbox 263 1370 372 1428; x_wconf 77' lang='lat' dir='ltr'><strong>quo</strong></span> <span class='ocrx_word' id='word_1_62' title='bbox 413 1352 596 1412; x_wconf 64' lang='lat' dir='ltr'><strong>aulaeis</strong></span> <span class='ocrx_word' id='word_1_63' title='bbox 631 1351 860 1408; x_wconf 84' lang='lat' dir='ltr'><strong>reductis</strong></span> <span class='ocrx_word' id='word_1_64' title='bbox 906 1350 1083 1421; x_wconf 84' lang='lat' dir='ltr'><strong>profer</strong></span> <span class='ocrx_word' id='word_1_65' title='bbox 1129 1348 1414 1419; x_wconf 86' lang='lat' dir='ltr'><strong>aliquando</strong></span> <span class='ocrx_word' id='word_1_66' title='bbox 1452 1349 1567 1402; x_wconf 90' lang='lat' dir='ltr'><strong>lnce</strong></span> <span class='ocrx_word' id='word_1_67' title='bbox 1623 1346 1793 1416; x_wconf 88' lang='lat' dir='ltr'><strong>palam</strong></span> <span class='ocrx_word' id='word_1_68' title='bbox 1817 1386 1830 1407; x_wconf 93' lang='lat'><strong>,</strong></span> 
     </span>
    </p>
   </div>
   <div class='ocr_carea' id='block_1_11' title="bbox 264 1434 1833 1517">
    <p class='ocr_par' dir='ltr' id='par_1_11' title="bbox 264 1434 1833 1517">
     <span class='ocr_line' id='line_1_11' title="bbox 264 1434 1833 1517; baseline -0.01 -13"><span class='ocrx_word' id='word_1_69' title='bbox 264 1461 364 1517; x_wconf 86' lang='lat' dir='ltr'><strong>per</strong></span> <span class='ocrx_word' id='word_1_70' title='bbox 387 1443 510 1515; x_wconf 90' lang='lat' dir='ltr'><strong>quid</strong></span> <span class='ocrx_word' id='word_1_71' title='bbox 535 1441 728 1504; x_wconf 80' lang='lat' dir='ltr'><strong>doceas</strong></span> <span class='ocrx_word' id='word_1_72' title='bbox 756 1440 994 1498; x_wconf 74' lang='lat' dir='ltr'><strong>naturale</strong></span> <span class='ocrx_word' id='word_1_73' title='bbox 1018 1455 1137 1495; x_wconf 84' lang='lat' dir='ltr'><strong>esse</strong></span> <span class='ocrx_word' id='word_1_74' title='bbox 1180 1448 1472 1508; x_wconf 86' lang='lat' dir='ltr'><strong>peccatum.</strong></span> <span class='ocrx_word' id='word_1_75' title='bbox 1515 1438 1672 1492; x_wconf 82' lang='lat' dir='ltr'><strong>Certe</strong></span> <span class='ocrx_word' id='word_1_76' title='bbox 1701 1434 1833 1488; x_wconf 82' lang='lat' dir='ltr'><strong>nihil</strong></span> 
     </span>
    </p>
   </div>
   <div class='ocr_carea' id='block_1_12' title="bbox 263 1525 1834 1607">
    <p class='ocr_par' dir='ltr' id='par_1_12' title="bbox 263 1525 1834 1607">
     <span class='ocr_line' id='line_1_12' title="bbox 263 1525 1834 1607; baseline -0.01 -13"><span class='ocrx_word' id='word_1_77' title='bbox 263 1536 509 1607; x_wconf 80' lang='lat' dir='ltr'><strong>superius</strong></span> <span class='ocrx_word' id='word_1_78' title='bbox 552 1533 686 1588; x_wconf 86' lang='lat' dir='ltr'><strong>falso</strong></span> <span class='ocrx_word' id='word_1_79' title='bbox 715 1533 795 1587; x_wconf 85' lang='lat' dir='ltr'><strong>vel</strong></span> <span class='ocrx_word' id='word_1_80' title='bbox 837 1531 905 1590; x_wconf 87' lang='lat' dir='ltr'><strong>de</strong></span> <span class='ocrx_word' id='word_1_81' title='bbox 943 1531 1135 1587; x_wconf 67' lang='lat' dir='ltr'><strong>divinas</strong></span> <span class='ocrx_word' id='word_1_82' title='bbox 1175 1531 1329 1588; x_wconf 85' lang='lat' dir='ltr'><strong>laude</strong></span> <span class='ocrx_word' id='word_1_83' title='bbox 1368 1528 1616 1598; x_wconf 67' lang='lat' dir='ltr'><strong>iustitiae,</strong></span> <span class='ocrx_word' id='word_1_84' title='bbox 1658 1527 1739 1579; x_wconf 88' lang='lat' dir='ltr'><strong>vel</strong></span> <span class='ocrx_word' id='word_1_85' title='bbox 1765 1525 1834 1578; x_wconf 88' lang='lat' dir='ltr'><strong>de</strong></span> 
     </span>
    </p>
   </div>
   <div class='ocr_carea' id='block_1_13' title="bbox 260 1617 1836 1696">
    <p class='ocr_par' dir='ltr' id='par_1_13' title="bbox 260 1617 1836 1696">
     <span class='ocr_line' id='line_1_13' title="bbox 260 1617 1836 1696; baseline -0.006 -14"><span class='ocrx_word' id='word_1_86' title='bbox 260 1628 434 1696; x_wconf 76' lang='lat' dir='ltr'><strong>culpa:</strong></span> <span class='ocrx_word' id='word_1_87' title='bbox 460 1625 774 1682; x_wconf 81' lang='lat' dir='ltr'><strong>definitione</strong></span> <span class='ocrx_word' id='word_1_88' title='bbox 811 1624 1093 1680; x_wconf 83' lang='lat' dir='ltr'><strong>collectum</strong></span> <span class='ocrx_word' id='word_1_89' title='bbox 1120 1632 1222 1676; x_wconf 88' lang='lat' dir='ltr'><strong>est.</strong></span> <span class='ocrx_word' id='word_1_90' title='bbox 1252 1620 1485 1675; x_wconf 87' lang='lat' dir='ltr'><strong>Ostende</strong></span> <span class='ocrx_word' id='word_1_91' title='bbox 1512 1631 1640 1688; x_wconf 86' lang='lat' dir='ltr'><strong>ergo</strong></span> <span class='ocrx_word' id='word_1_92' title='bbox 1661 1657 1674 1682; x_wconf 88' lang='lat'><strong>,</strong></span> <span class='ocrx_word' id='word_1_93' title='bbox 1723 1617 1836 1672; x_wconf 77' lang='lat' dir='ltr'><strong>haec</strong></span> 
     </span>
    </p>
   </div>
   <div class='ocr_carea' id='block_1_14' title="bbox 261 1707 1837 1786">
    <p class='ocr_par' dir='ltr' id='par_1_14' title="bbox 261 1707 1837 1786">
     <span class='ocr_line' id='line_1_14' title="bbox 261 1707 1837 1786; baseline -0.006 -14"><span class='ocrx_word' id='word_1_94' title='bbox 261 1717 372 1772; x_wconf 93' lang='lat' dir='ltr'><strong>duo</strong></span> <span class='ocrx_word' id='word_1_95' title='bbox 399 1717 455 1774; x_wconf 87' lang='lat' dir='ltr'><strong>in</strong></span> <span class='ocrx_word' id='word_1_96' title='bbox 493 1715 726 1786; x_wconf 84' lang='lat' dir='ltr'><strong>parvulis</strong></span> <span class='ocrx_word' id='word_1_97' title='bbox 767 1729 924 1783; x_wconf 83' lang='lat' dir='ltr'><strong>posse</strong></span> <span class='ocrx_word' id='word_1_98' title='bbox 956 1723 1202 1768; x_wconf 79' lang='lat' dir='ltr'><strong>constare</strong></span> <span class='ocrx_word' id='word_1_99' title='bbox 1252 1729 1265 1764; x_wconf 87' lang='lat'><strong>:</strong></span> <span class='ocrx_word' id='word_1_100' title='bbox 1302 1712 1347 1765; x_wconf 85' lang='lat' dir='ltr'><strong>si</strong></span> <span class='ocrx_word' id='word_1_101' title='bbox 1375 1710 1577 1764; x_wconf 77' lang='lat' dir='ltr'><strong>nullout</strong></span> <span class='ocrx_word' id='word_1_102' title='bbox 1617 1707 1837 1764; x_wconf 83' lang='lat' dir='ltr'><strong>estsine</strong></span> 
     </span>
    </p>
   </div>
   <div class='ocr_carea' id='block_1_15' title="bbox 263 1801 1838 1876">
    <p class='ocr_par' dir='ltr' id='par_1_15' title="bbox 263 1801 1838 1876">
     <span class='ocr_line' id='line_1_15' title="bbox 263 1801 1838 1876; baseline -0.008 -12"><span class='ocrx_word' id='word_1_103' title='bbox 263 1810 536 1876; x_wconf 82' lang='lat' dir='ltr'><strong>voluntate</strong></span> <span class='ocrx_word' id='word_1_104' title='bbox 564 1815 855 1876; x_wconf 80' lang='lat' dir='ltr'><strong>peccatum,</strong></span> <span class='ocrx_word' id='word_1_105' title='bbox 885 1807 933 1862; x_wconf 78' lang='lat' dir='ltr'><strong>si</strong></span> <span class='ocrx_word' id='word_1_106' title='bbox 963 1806 1103 1860; x_wconf 82' lang='lat' dir='ltr'><strong>nulla</strong></span> <span class='ocrx_word' id='word_1_107' title='bbox 1125 1804 1365 1858; x_wconf 85' lang='lat' dir='ltr'><strong>voluntas</strong></span> <span class='ocrx_word' id='word_1_108' title='bbox 1391 1801 1479 1856; x_wconf 89' lang='lat' dir='ltr'><strong>ubi</strong></span> <span class='ocrx_word' id='word_1_109' title='bbox 1505 1816 1608 1855; x_wconf 90' lang='lat' dir='ltr'><strong>non</strong></span> <span class='ocrx_word' id='word_1_110' title='bbox 1638 1809 1722 1855; x_wconf 89' lang='lat' dir='ltr'><strong>est</strong></span> <span class='ocrx_word' id='word_1_111' title='bbox 1745 1813 1838 1853; x_wconf 89' lang='lat' dir='ltr'><strong>ex-</strong></span> 
     </span>
    </p>
   </div>
   <div class='ocr_carea' id='block_1_16' title="bbox 265 1891 1838 1970">
    <p class='ocr_par' dir='ltr' id='par_1_16' title="bbox 265 1891 1838 1970">
     <span class='ocr_line' id='line_1_16' title="bbox 265 1891 1838 1970; baseline -0.006 -16"><span class='ocrx_word' id='word_1_112' title='bbox 265 1899 459 1970; x_wconf 79' lang='lat' dir='ltr'><strong>plicata</strong></span> <span class='ocrx_word' id='word_1_113' title='bbox 486 1899 740 1963; x_wconf 84' lang='lat' dir='ltr'><strong>libertas,</strong></span> <span class='ocrx_word' id='word_1_114' title='bbox 789 1896 835 1952; x_wconf 84' lang='lat' dir='ltr'><strong>si</strong></span> <span class='ocrx_word' id='word_1_115' title='bbox 863 1912 968 1952; x_wconf 84' lang='lat' dir='ltr'><strong>non</strong></span> <span class='ocrx_word' id='word_1_116' title='bbox 996 1907 1080 1952; x_wconf 85' lang='lat' dir='ltr'><strong>est</strong></span> <span class='ocrx_word' id='word_1_117' title='bbox 1103 1895 1320 1950; x_wconf 84' lang='lat' dir='ltr'><strong>libertas</strong></span> <span class='ocrx_word' id='word_1_118' title='bbox 1362 1894 1449 1948; x_wconf 89' lang='lat' dir='ltr'><strong>ubi</strong></span> <span class='ocrx_word' id='word_1_119' title='bbox 1491 1908 1594 1952; x_wconf 88' lang='lat' dir='ltr'><strong>non</strong></span> <span class='ocrx_word' id='word_1_120' title='bbox 1638 1901 1721 1945; x_wconf 86' lang='lat' dir='ltr'><strong>est</strong></span> <span class='ocrx_word' id='word_1_121' title='bbox 1762 1891 1838 1944; x_wconf 83' lang='lat' dir='ltr'><strong>fa-</strong></span> 
     </span>
    </p>
   </div>
   <div class='ocr_carea' id='block_1_17' title="bbox 267 1986 1836 2059">
    <p class='ocr_par' dir='ltr' id='par_1_17' title="bbox 267 1986 1836 2059">
     <span class='ocr_line' id='line_1_17' title="bbox 267 1986 1836 2059; baseline -0.008 -13"><span class='ocrx_word' id='word_1_122' title='bbox 267 1990 440 2056; x_wconf 86' lang='lat' dir='ltr'><strong>cultas</strong></span> <span class='ocrx_word' id='word_1_123' title='bbox 468 2005 561 2059; x_wconf 83' lang='lat' dir='ltr'><strong>per</strong></span> <span class='ocrx_word' id='word_1_124' title='bbox 587 1989 850 2044; x_wconf 84' lang='lat' dir='ltr'><strong>rationem</strong></span> <span class='ocrx_word' id='word_1_125' title='bbox 895 1986 1170 2042; x_wconf 82' lang='lat' dir='ltr'><strong>electionis</strong></span> <span class='ocrx_word' id='word_1_126' title='bbox 1194 2002 1210 2047; x_wconf 85' lang='lat'><strong>;</strong></span> <span class='ocrx_word' id='word_1_127' title='bbox 1241 1999 1348 2054; x_wconf 90' lang='lat' dir='ltr'><strong>quo</strong></span> <span class='ocrx_word' id='word_1_128' title='bbox 1387 1994 1623 2038; x_wconf 80' lang='lat' dir='ltr'><strong>monstro</strong></span> <span class='ocrx_word' id='word_1_129' title='bbox 1650 1997 1836 2051; x_wconf 84' lang='lat' dir='ltr'><strong>pecca-</strong></span> 
     </span>
    </p>
   </div>
   <div class='ocr_carea' id='block_1_18' title="bbox 270 2077 1837 2148">
    <p class='ocr_par' dir='ltr' id='par_1_18' title="bbox 270 2077 1837 2148">
     <span class='ocr_line' id='line_1_18' title="bbox 270 2077 1837 2148; baseline -0.009 -8"><span class='ocrx_word' id='word_1_130' title='bbox 270 2092 380 2140; x_wconf 84' lang='lat' dir='ltr'><strong>tum</strong></span> <span class='ocrx_word' id='word_1_131' title='bbox 411 2084 464 2139; x_wconf 93' lang='lat' dir='ltr'><strong>in</strong></span> <span class='ocrx_word' id='word_1_132' title='bbox 507 2082 798 2138; x_wconf 79' lang='lat' dir='ltr'><strong>infantibus</strong></span> <span class='ocrx_word' id='word_1_133' title='bbox 836 2080 1134 2145; x_wconf 89' lang='lat' dir='ltr'><strong>invenitur,</strong></span> <span class='ocrx_word' id='word_1_134' title='bbox 1174 2078 1264 2148; x_wconf 90' lang='lat' dir='ltr'><strong>qni</strong></span> <span class='ocrx_word' id='word_1_135' title='bbox 1308 2077 1526 2132; x_wconf 80' lang='lat' dir='ltr'><strong>rationis</strong></span> <span class='ocrx_word' id='word_1_136' title='bbox 1553 2090 1705 2130; x_wconf 89' lang='lat' dir='ltr'><strong>usum</strong></span> <span class='ocrx_word' id='word_1_137' title='bbox 1733 2089 1837 2128; x_wconf 90' lang='lat' dir='ltr'><strong>non</strong></span> 
     </span>
    </p>
   </div>
   <div class='ocr_carea' id='block_1_19' title="bbox 271 2167 1842 2247">
    <p class='ocr_par' dir='ltr' id='par_1_19' title="bbox 271 2167 1842 2247">
     <span class='ocr_line' id='line_1_19' title="bbox 271 2167 1842 2247; baseline -0.008 -15"><span class='ocrx_word' id='word_1_138' title='bbox 271 2177 498 2233; x_wconf 81' lang='lat' dir='ltr'><strong>habent?</strong></span> <span class='ocrx_word' id='word_1_139' title='bbox 527 2176 687 2247; x_wconf 83' lang='lat' dir='ltr'><strong>Igitur</strong></span> <span class='ocrx_word' id='word_1_140' title='bbox 729 2189 829 2230; x_wconf 83' lang='lat' dir='ltr'><strong>nee</strong></span> <span class='ocrx_word' id='word_1_141' title='bbox 873 2172 1102 2243; x_wconf 77' lang='lat' dir='ltr'><strong>eligendi</strong></span> <span class='ocrx_word' id='word_1_142' title='bbox 1134 2172 1466 2235; x_wconf 76' lang='lat' dir='ltr'><strong>facultatem,</strong></span> <span class='ocrx_word' id='word_1_143' title='bbox 1501 2185 1564 2222; x_wconf 92' lang='lat' dir='ltr'><strong>ac</strong></span> <span class='ocrx_word' id='word_1_144' title='bbox 1609 2183 1702 2237; x_wconf 88' lang='lat' dir='ltr'><strong>per</strong></span> <span class='ocrx_word' id='word_1_145' title='bbox 1741 2167 1842 2221; x_wconf 85' lang='lat' dir='ltr'><strong>hoc</strong></span> 
     </span>
    </p>
   </div>
   <div class='ocr_carea' id='block_1_20' title="bbox 267 2261 1838 2336">
    <p class='ocr_par' dir='ltr' id='par_1_20' title="bbox 267 2261 1838 2336">
     <span class='ocr_line' id='line_1_20' title="bbox 267 2261 1838 2336; baseline -0.011 -7"><span class='ocrx_word' id='word_1_146' title='bbox 267 2287 370 2328; x_wconf 86' lang='lat' dir='ltr'><strong>nec</strong></span> <span class='ocrx_word' id='word_1_147' title='bbox 395 2270 722 2334; x_wconf 83' lang='lat' dir='ltr'><strong>voluntatem</strong></span> <span class='ocrx_word' id='word_1_148' title='bbox 751 2285 764 2321; x_wconf 83' lang='lat'><strong>:</strong></span> <span class='ocrx_word' id='word_1_149' title='bbox 791 2276 950 2336; x_wconf 83' lang='lat' dir='ltr'><strong>atque</strong></span> <span class='ocrx_word' id='word_1_150' title='bbox 991 2266 1072 2322; x_wconf 85' lang='lat' dir='ltr'><strong>bis</strong></span> <span class='ocrx_word' id='word_1_151' title='bbox 1111 2263 1508 2320; x_wconf 69' lang='lat' dir='ltr'><strong>irrei‘utabiliter</strong></span> <span class='ocrx_word' id='word_1_152' title='bbox 1535 2261 1838 2326; x_wconf 77' lang='lat' dir='ltr'><strong>concessis,</strong></span> 
     </span>
    </p>
   </div>
   <div class='ocr_carea' id='block_1_21' title="bbox 268 2353 1844 2433">
    <p class='ocr_par' dir='ltr' id='par_1_21' title="bbox 268 2353 1844 2433">
     <span class='ocr_line' id='line_1_21' title="bbox 268 2353 1844 2433; baseline -0.008 -13"><span class='ocrx_word' id='word_1_153' title='bbox 268 2379 369 2428; x_wconf 85' lang='lat' dir='ltr'><strong>nec</strong></span> <span class='ocrx_word' id='word_1_154' title='bbox 405 2362 624 2433; x_wconf 80' lang='lat' dir='ltr'><strong>aliquod</strong></span> <span class='ocrx_word' id='word_1_155' title='bbox 664 2362 883 2426; x_wconf 72' lang='lat' dir='ltr'><strong>omnino</strong></span> <span class='ocrx_word' id='word_1_156' title='bbox 930 2368 1223 2429; x_wconf 84' lang='lat' dir='ltr'><strong>peccatum.</strong></span> <span class='ocrx_word' id='word_1_157' title='bbox 1271 2357 1364 2412; x_wconf 81' lang='lat' dir='ltr'><strong>His</strong></span> <span class='ocrx_word' id='word_1_158' title='bbox 1408 2355 1564 2426; x_wconf 89' lang='lat' dir='ltr'><strong>igitur</strong></span> <span class='ocrx_word' id='word_1_159' title='bbox 1617 2353 1844 2408; x_wconf 89' lang='lat' dir='ltr'><strong>molibus</strong></span> 
     </span>
    </p>
   </div>
   <div class='ocr_carea' id='block_1_22' title="bbox 270 2447 1840 2531">
    <p class='ocr_par' dir='ltr' id='par_1_22' title="bbox 270 2447 1840 2531">
     <span class='ocr_line' id='line_1_22' title="bbox 270 2447 1840 2531; baseline -0.01 -17"><span class='ocrx_word' id='word_1_160' title='bbox 270 2471 520 2531; x_wconf 78' lang='lat' dir='ltr'><strong>pressus,</strong></span> <span class='ocrx_word' id='word_1_161' title='bbox 545 2455 819 2512; x_wconf 83' lang='lat' dir='ltr'><strong>videamus</strong></span> <span class='ocrx_word' id='word_1_162' title='bbox 859 2466 966 2526; x_wconf 91' lang='lat' dir='ltr'><strong>quo</strong></span> <span class='ocrx_word' id='word_1_163' title='bbox 1007 2451 1268 2519; x_wconf 85' lang='lat' dir='ltr'><strong>eruperis.</strong></span> <span class='ocrx_word' id='word_1_164' title='bbox 1297 2468 1316 2502; x_wconf 72' lang='grc' dir='ltr'><strong><em>ο</em></strong></span> <span class='ocrx_word' id='word_1_165' title='bbox 1344 2449 1535 2513; x_wconf 84' lang='lat' dir='ltr'><strong>Nullo,</strong></span> <span class='ocrx_word' id='word_1_166' title='bbox 1573 2467 1592 2500; x_wconf 80' lang='grc' dir='ltr'><strong><em>ι</em></strong></span> <span class='ocrx_word' id='word_1_167' title='bbox 1633 2447 1806 2515; x_wconf 80' lang='lat' dir='ltr'><strong>inquis</strong></span> <span class='ocrx_word' id='word_1_168' title='bbox 1826 2485 1840 2510; x_wconf 97' lang='lat'><strong>,</strong></span> 
     </span>
    </p>
   </div>
   <div class='ocr_carea' id='block_1_23' title="bbox 279 2541 1847 2621">
    <p class='ocr_par' dir='ltr' id='par_1_23' title="bbox 279 2541 1847 2621">
     <span class='ocr_line' id='line_1_23' title="bbox 279 2541 1847 2621; baseline -0.011 -11"><span class='ocrx_word' id='word_1_169' title='bbox 279 2569 300 2610; x_wconf 72' lang='grc' dir='ltr'><strong>ς</strong></span> <span class='ocrx_word' id='word_1_170' title='bbox 330 2559 548 2621; x_wconf 82' lang='lat' dir='ltr'><strong>peccato</strong></span> <span class='ocrx_word' id='word_1_171' title='bbox 601 2547 800 2618; x_wconf 79' lang='lat' dir='ltr'><strong>parvuli</strong></span> <span class='ocrx_word' id='word_1_172' title='bbox 856 2555 1168 2614; x_wconf 87' lang='lat' dir='ltr'><strong>premuntur</strong></span> <span class='ocrx_word' id='word_1_173' title='bbox 1213 2557 1342 2606; x_wconf 88' lang='lat' dir='ltr'><strong>suo,</strong></span> <span class='ocrx_word' id='word_1_174' title='bbox 1385 2541 1480 2595; x_wconf 84' lang='lat' dir='ltr'><strong>sed</strong></span> <span class='ocrx_word' id='word_1_175' title='bbox 1537 2549 1847 2609; x_wconf 87' lang='lat' dir='ltr'><strong>premuntur</strong></span> 
     </span>
    </p>
   </div>
   <div class='ocr_carea' id='block_1_24' title="bbox 274 2632 1849 2705">
    <p class='ocr_par' dir='ltr' id='par_1_24' title="bbox 274 2632 1849 2705">
     <span class='ocr_line' id='line_1_24' title="bbox 274 2632 1849 2705; baseline -0.009 -8"><span class='ocrx_word' id='word_1_176' title='bbox 274 2643 476 2700; x_wconf 82' lang='lat' dir='ltr'><strong>alieno.</strong></span> <span class='ocrx_word' id='word_1_177' title='bbox 513 2659 533 2693; x_wconf 74' lang='grc' dir='ltr'><strong><em>ι</em></strong></span> <span class='ocrx_word' id='word_1_178' title='bbox 560 2639 791 2695; x_wconf 77' lang='lat' dir='ltr'><strong>Necdum</strong></span> <span class='ocrx_word' id='word_1_179' title='bbox 818 2637 1008 2692; x_wconf 86' lang='lat' dir='ltr'><strong>claruit</strong></span> <span class='ocrx_word' id='word_1_180' title='bbox 1035 2635 1159 2705; x_wconf 88' lang='lat' dir='ltr'><strong>quid</strong></span> <span class='ocrx_word' id='word_1_181' title='bbox 1187 2634 1308 2688; x_wconf 91' lang='lat' dir='ltr'><strong>mali</strong></span> <span class='ocrx_word' id='word_1_182' title='bbox 1352 2633 1569 2689; x_wconf 83' lang='lat' dir='ltr'><strong>sentias.</strong></span> <span class='ocrx_word' id='word_1_183' title='bbox 1600 2632 1849 2700; x_wconf 83' lang='lat' dir='ltr'><strong>Suspica-</strong></span> 
     </span>
    </p>
   </div>
   <div class='ocr_carea' id='block_1_25' title="bbox 275 2723 1847 2803">
    <p class='ocr_par' dir='ltr' id='par_1_25' title="bbox 275 2723 1847 2803">
     <span class='ocr_line' id='line_1_25' title="bbox 275 2723 1847 2803; baseline -0.008 -14"><span class='ocrx_word' id='word_1_184' title='bbox 275 2750 402 2803; x_wconf 79' lang='lat' dir='ltr'><strong>mur</strong></span> <span class='ocrx_word' id='word_1_185' title='bbox 425 2734 568 2790; x_wconf 84' lang='lat' dir='ltr'><strong>enim</strong></span> <span class='ocrx_word' id='word_1_186' title='bbox 597 2741 648 2798; x_wconf 78' lang='lat' dir='ltr'><strong>te</strong></span> <span class='ocrx_word' id='word_1_187' title='bbox 679 2731 746 2790; x_wconf 87' lang='lat' dir='ltr'><strong>ad</strong></span> <span class='ocrx_word' id='word_1_188' title='bbox 777 2731 1026 2790; x_wconf 86' lang='lat' dir='ltr'><strong>invidiam</strong></span> <span class='ocrx_word' id='word_1_189' title='bbox 1069 2727 1360 2797; x_wconf 71' lang='lat' dir='ltr'><strong>cuiuspiam</strong></span> <span class='ocrx_word' id='word_1_190' title='bbox 1390 2725 1619 2780; x_wconf 86' lang='lat' dir='ltr'><strong>hominis</strong></span> <span class='ocrx_word' id='word_1_191' title='bbox 1639 2767 1652 2787; x_wconf 92' lang='lat'><strong>,</strong></span> <span class='ocrx_word' id='word_1_192' title='bbox 1697 2723 1847 2792; x_wconf 85' lang='lat' dir='ltr'><strong>cujus</strong></span> 
     </span>
    </p>
   </div>
   <div class='ocr_carea' id='block_1_26' title="bbox 274 2813 1848 2897">
    <p class='ocr_par' dir='ltr' id='par_1_26' title="bbox 274 2813 1848 2897">
     <span class='ocr_line' id='line_1_26' title="bbox 274 2813 1848 2897; baseline -0.009 -16"><span class='ocrx_word' id='word_1_193' title='bbox 274 2826 609 2897; x_wconf 76' lang='lat' dir='ltr'><strong>iniquitatem</strong></span> <span class='ocrx_word' id='word_1_194' title='bbox 654 2832 710 2878; x_wconf 90' lang='lat' dir='ltr'><strong>t</strong></span> <span class='ocrx_word' id='word_1_195' title='bbox 767 2823 965 2888; x_wconf 68' lang='lat' dir='ltr'><strong>Poenus</strong></span> <span class='ocrx_word' id='word_1_196' title='bbox 1005 2828 1185 2876; x_wconf 79' lang='lat' dir='ltr'><strong>orator</strong></span> <span class='ocrx_word' id='word_1_197' title='bbox 1229 2817 1590 2888; x_wconf 77' lang='lat' dir='ltr'><strong>exprimercs,</strong></span> <span class='ocrx_word' id='word_1_198' title='bbox 1636 2813 1751 2870; x_wconf 62' lang='lat' dir='ltr'><strong>hare</strong></span> <span class='ocrx_word' id='word_1_199' title='bbox 1793 2815 1848 2868; x_wconf 91' lang='lat' dir='ltr'><strong>in</strong></span> 
     </span>
    </p>
   </div>
   <div class='ocr_carea' id='block_1_27' title="bbox 271 2906 1848 2985">
    <p class='ocr_par' dir='ltr' id='par_1_27' title="bbox 271 2906 1848 2985">
     <span class='ocr_line' id='line_1_27' title="bbox 271 2906 1848 2985; baseline -0.01 -11"><span class='ocrx_word' id='word_1_200' title='bbox 271 2917 506 2978; x_wconf 86' lang='lat' dir='ltr'><strong>medium</strong></span> <span class='ocrx_word' id='word_1_201' title='bbox 563 2914 861 2985; x_wconf 75' lang='lat' dir='ltr'><strong>protulisse.</strong></span> <span class='ocrx_word' id='word_1_202' title='bbox 909 2910 1061 2980; x_wconf 78' lang='lat' dir='ltr'><strong>Apud</strong></span> <span class='ocrx_word' id='word_1_203' title='bbox 1108 2924 1266 2980; x_wconf 85' lang='lat' dir='ltr'><strong>quem</strong></span> <span class='ocrx_word' id='word_1_204' title='bbox 1317 2908 1475 2978; x_wconf 79' lang='lat' dir='ltr'><strong>igitur</strong></span> <span class='ocrx_word' id='word_1_205' title='bbox 1519 2906 1848 2975; x_wconf 74' lang='lat' dir='ltr'><strong>impollutam</strong></span> 
     </span>
    </p>
   </div>
   <div class='ocr_carea' id='block_1_28' title="bbox 271 2996 1850 3075">
    <p class='ocr_par' dir='ltr' id='par_1_28' title="bbox 271 2996 1850 3075">
     <span class='ocr_line' id='line_1_28' title="bbox 271 2996 1850 3075; baseline -0.009 -12"><span class='ocrx_word' id='word_1_206' title='bbox 271 3009 630 3075; x_wconf 73' lang='lat' dir='ltr'><strong>innocentiam</strong></span> <span class='ocrx_word' id='word_1_207' title='bbox 676 3006 852 3060; x_wconf 85' lang='lat' dir='ltr'><strong>scelus</strong></span> <span class='ocrx_word' id='word_1_208' title='bbox 889 3002 1128 3072; x_wconf 74' lang='lat' dir='ltr'><strong>gravavit</strong></span> <span class='ocrx_word' id='word_1_209' title='bbox 1167 3002 1186 3032; x_wconf 78' lang='grc'><em>³</em></span> <span class='ocrx_word' id='word_1_210' title='bbox 1235 2998 1552 3054; x_wconf 76' lang='lat' dir='ltr'><strong>externum?</strong></span> <span class='ocrx_word' id='word_1_211' title='bbox 1589 2996 1719 3065; x_wconf 86' lang='lat' dir='ltr'><strong>Quis</strong></span> <span class='ocrx_word' id='word_1_212' title='bbox 1764 2996 1850 3050; x_wconf 85' lang='lat' dir='ltr'><strong>ille</strong></span> 
     </span>
    </p>
   </div>
   <div class='ocr_carea' id='block_1_29' title="bbox 266 3095 1848 3172">
    <p class='ocr_par' dir='ltr' id='par_1_29' title="bbox 266 3095 1848 3172">
     <span class='ocr_line' id='line_1_29' title="bbox 266 3095 1848 3172; baseline -0.009 -15"><span class='ocrx_word' id='word_1_213' title='bbox 266 3099 402 3172; x_wconf 82' lang='lat' dir='ltr'><strong>fuit,</strong></span> <span class='ocrx_word' id='word_1_214' title='bbox 445 3099 535 3170; x_wconf 88' lang='lat' dir='ltr'><strong>qui</strong></span> <span class='ocrx_word' id='word_1_215' title='bbox 591 3097 688 3156; x_wconf 88' lang='lat' dir='ltr'><strong>hos</strong></span> <span class='ocrx_word' id='word_1_216' title='bbox 747 3095 1077 3164; x_wconf 68' lang='lat' dir='ltr'><strong>adiudicaret</strong></span> <span class='ocrx_word' id='word_1_217' title='bbox 1119 3107 1270 3156; x_wconf 84' lang='lat' dir='ltr'><strong>reos,</strong></span> <span class='ocrx_word' id='word_1_218' title='bbox 1318 3099 1423 3148; x_wconf 89' lang='lat' dir='ltr'><strong>tam</strong></span> <span class='ocrx_word' id='word_1_219' title='bbox 1467 3101 1690 3154; x_wconf 81' lang='lat' dir='ltr'><strong>excors,</strong></span> <span class='ocrx_word' id='word_1_220' title='bbox 1741 3096 1848 3142; x_wconf 83' lang='lat' dir='ltr'><strong>tam</strong></span> 
     </span>
    </p>
   </div>
   <div class='ocr_carea' id='block_1_30' title="bbox 269 3180 1850 3258">
    <p class='ocr_par' dir='ltr' id='par_1_30' title="bbox 269 3180 1850 3258">
     <span class='ocr_line' id='line_1_30' title="bbox 269 3180 1850 3258; baseline -0.011 -9"><span class='ocrx_word' id='word_1_221' title='bbox 269 3199 390 3258; x_wconf 78' lang='lat' dir='ltr'><strong>trux</strong></span> <span class='ocrx_word' id='word_1_222' title='bbox 411 3233 426 3257; x_wconf 96' lang='lat'><strong>,</strong></span> <span class='ocrx_word' id='word_1_223' title='bbox 460 3199 564 3246; x_wconf 84' lang='lat' dir='ltr'><strong>tam</strong></span> <span class='ocrx_word' id='word_1_224' title='bbox 611 3188 808 3244; x_wconf 89' lang='lat' dir='ltr'><strong>oblitus</strong></span> <span class='ocrx_word' id='word_1_225' title='bbox 837 3187 928 3244; x_wconf 82' lang='lat' dir='ltr'><strong>Dei</strong></span> <span class='ocrx_word' id='word_1_226' title='bbox 973 3194 1024 3240; x_wconf 87' lang='lat' dir='ltr'><strong>et</strong></span> <span class='ocrx_word' id='word_1_227' title='bbox 1067 3183 1328 3253; x_wconf 65' lang='lat' dir='ltr'><strong>aequitatis</strong></span> <span class='ocrx_word' id='word_1_228' title='bbox 1350 3181 1390 3248; x_wconf 77' lang='grc'><strong>³,</strong></span> <span class='ocrx_word' id='word_1_229' title='bbox 1439 3180 1692 3238; x_wconf 80' lang='lat' dir='ltr'><strong>barbarus</strong></span> <span class='ocrx_word' id='word_1_230' title='bbox 1727 3194 1850 3248; x_wconf 72' lang='lat' dir='ltr'><strong>per-</strong></span> 
     </span>
    </p>
   </div>
   <div class='ocr_carea' id='block_1_31' title="bbox 271 3271 1852 3345">
    <p class='ocr_par' dir='ltr' id='par_1_31' title="bbox 271 3271 1852 3345">
     <span class='ocr_line' id='line_1_31' title="bbox 271 3271 1852 3345; baseline -0.008 -9"><span class='ocrx_word' id='word_1_231' title='bbox 271 3279 495 3336; x_wconf 84' lang='lat' dir='ltr'><strong>duellis?</strong></span> <span class='ocrx_word' id='word_1_232' title='bbox 522 3278 820 3333; x_wconf 86' lang='lat' dir='ltr'><strong>Laudamus</strong></span> <span class='ocrx_word' id='word_1_233' title='bbox 867 3291 1083 3345; x_wconf 82' lang='lat' dir='ltr'><strong>prorsus</strong></span> <span class='ocrx_word' id='word_1_234' title='bbox 1109 3271 1375 3340; x_wconf 86' lang='lat' dir='ltr'><strong>ingenium</strong></span> <span class='ocrx_word' id='word_1_235' title='bbox 1407 3279 1554 3326; x_wconf 89' lang='lat' dir='ltr'><strong>tuum</strong></span> <span class='ocrx_word' id='word_1_236' title='bbox 1585 3286 1602 3324; x_wconf 91' lang='lat'><strong>:</strong></span> <span class='ocrx_word' id='word_1_237' title='bbox 1629 3278 1852 3339; x_wconf 82' lang='lat' dir='ltr'><strong>apparet</strong></span> 
     </span>
    </p>
   </div>
   <div class='ocr_carea' id='block_1_32' title="bbox 273 3360 1851 3440">
    <p class='ocr_par' dir='ltr' id='par_1_32' title="bbox 273 3360 1851 3440">
     <span class='ocr_line' id='line_1_32' title="bbox 273 3360 1851 3440; baseline -0.008 -13"><span class='ocrx_word' id='word_1_238' title='bbox 273 3371 498 3428; x_wconf 86' lang='lat' dir='ltr'><strong>eruditio</strong></span> <span class='ocrx_word' id='word_1_239' title='bbox 517 3413 532 3438; x_wconf 83' lang='lat'><strong>,</strong></span> <span class='ocrx_word' id='word_1_240' title='bbox 556 3385 663 3432; x_wconf 86' lang='lat' dir='ltr'><strong>non</strong></span> <span class='ocrx_word' id='word_1_241' title='bbox 694 3366 908 3440; x_wconf 85' lang='lat' dir='ltr'><strong>potuisti</strong></span> <span class='ocrx_word' id='word_1_242' title='bbox 934 3366 1088 3420; x_wconf 85' lang='lat' dir='ltr'><strong>aliter</strong></span> <span class='ocrx_word' id='word_1_243' title='bbox 1107 3405 1123 3432; x_wconf 92' lang='lat'><strong>,</strong></span> <span class='ocrx_word' id='word_1_244' title='bbox 1154 3363 1367 3433; x_wconf 86' lang='lat' dir='ltr'><strong>dignam</strong></span> <span class='ocrx_word' id='word_1_245' title='bbox 1395 3362 1608 3431; x_wconf 75' lang='lat' dir='ltr'><strong>generis</strong></span> <span class='ocrx_word' id='word_1_246' title='bbox 1636 3360 1851 3416; x_wconf 85' lang='lat' dir='ltr'><strong>humani</strong></span> 
     </span>
    </p>
   </div>
   <div class='ocr_carea' id='block_1_33' title="bbox 274 3453 1851 3532">
    <p class='ocr_par' dir='ltr' id='par_1_33' title="bbox 274 3453 1851 3532">
     <span class='ocr_line' id='line_1_33' title="bbox 274 3453 1851 3532; baseline -0.008 -14"><span class='ocrx_word' id='word_1_247' title='bbox 274 3457 399 3526; x_wconf 83' lang='lat' dir='ltr'><strong>odio</strong></span> <span class='ocrx_word' id='word_1_248' title='bbox 418 3502 432 3528; x_wconf 81' lang='lat'><strong>,</strong></span> <span class='ocrx_word' id='word_1_249' title='bbox 459 3460 652 3532; x_wconf 71' lang='lat' dir='ltr'><strong>iudicis</strong></span> <span class='ocrx_word' id='word_1_250' title='bbox 682 3459 862 3514; x_wconf 90' lang='lat' dir='ltr'><strong>nescio</strong></span> <span class='ocrx_word' id='word_1_251' title='bbox 883 3456 1032 3528; x_wconf 80' lang='lat' dir='ltr'><strong>cujus</strong></span> <span class='ocrx_word' id='word_1_252' title='bbox 1055 3497 1070 3522; x_wconf 93' lang='lat'><strong>,</strong></span> <span class='ocrx_word' id='word_1_253' title='bbox 1099 3455 1208 3514; x_wconf 88' lang='lat' dir='ltr'><strong>imo</strong></span> <span class='ocrx_word' id='word_1_254' title='bbox 1237 3454 1445 3528; x_wconf 79' lang='lat' dir='ltr'><strong>tyranni</strong></span> <span class='ocrx_word' id='word_1_255' title='bbox 1469 3453 1698 3522; x_wconf 75' lang='lat' dir='ltr'><strong>allegare</strong></span> <span class='ocrx_word' id='word_1_256' title='bbox 1729 3465 1851 3520; x_wconf 87' lang='lat' dir='ltr'><strong>per-</strong></span> 
     </span>
    </p>
   </div>
   <div class='ocr_carea' id='block_1_34' title="bbox 275 3545 1855 3622">
    <p class='ocr_par' dir='ltr' id='par_1_34' title="bbox 275 3545 1855 3622">
     <span class='ocr_line' id='line_1_34' title="bbox 275 3545 1855 3622; baseline -0.006 -14"><span class='ocrx_word' id='word_1_257' title='bbox 275 3568 465 3622; x_wconf 79' lang='lat' dir='ltr'><strong>sonam</strong></span> <span class='ocrx_word' id='word_1_258' title='bbox 487 3594 502 3618; x_wconf 85' lang='lat'><strong>,</strong></span> <span class='ocrx_word' id='word_1_259' title='bbox 528 3568 684 3621; x_wconf 91' lang='lat' dir='ltr'><strong>quam</strong></span> <span class='ocrx_word' id='word_1_260' title='bbox 727 3545 958 3619; x_wconf 85' lang='lat' dir='ltr'><strong>jurando</strong></span> <span class='ocrx_word' id='word_1_261' title='bbox 997 3563 1102 3604; x_wconf 88' lang='lat' dir='ltr'><strong>non</strong></span> <span class='ocrx_word' id='word_1_262' title='bbox 1151 3547 1323 3604; x_wconf 89' lang='lat' dir='ltr'><strong>solum</strong></span> <span class='ocrx_word' id='word_1_263' title='bbox 1371 3560 1496 3601; x_wconf 86' lang='lat' dir='ltr'><strong>eum</strong></span> <span class='ocrx_word' id='word_1_264' title='bbox 1532 3560 1636 3599; x_wconf 90' lang='lat' dir='ltr'><strong>non</strong></span> <span class='ocrx_word' id='word_1_265' title='bbox 1667 3558 1855 3614; x_wconf 78' lang='lat' dir='ltr'><strong>peper-</strong></span> 
     </span>
    </p>
   </div>
   <div class='ocr_carea' id='block_1_35' title="bbox 277 3623 1855 3718">
    <p class='ocr_par' dir='ltr' id='par_1_35' title="bbox 277 3623 1855 3718">
     <span class='ocr_line' id='line_1_35' title="bbox 277 3623 1855 3718; baseline -0.009 -17"><span class='ocrx_word' id='word_1_266' title='bbox 277 3647 417 3712; x_wconf 81' lang='lat' dir='ltr'><strong>cisse</strong></span> <span class='ocrx_word' id='word_1_267' title='bbox 447 3623 530 3699; x_wconf 85' lang='lat' dir='ltr'><strong>his</strong></span> <span class='ocrx_word' id='word_1_268' title='bbox 558 3642 646 3718; x_wconf 89' lang='lat' dir='ltr'><strong>qui</strong></span> <span class='ocrx_word' id='word_1_269' title='bbox 674 3641 804 3698; x_wconf 89' lang='lat' dir='ltr'><strong>nihil</strong></span> <span class='ocrx_word' id='word_1_270' title='bbox 831 3640 1225 3714; x_wconf 88' lang='lat' dir='ltr'><strong>peccavissent,</strong></span> <span class='ocrx_word' id='word_1_271' title='bbox 1257 3652 1440 3692; x_wconf 88' lang='lat' dir='ltr'><strong>verum</strong></span> <span class='ocrx_word' id='word_1_272' title='bbox 1467 3635 1627 3692; x_wconf 85' lang='lat' dir='ltr'><strong>etiam</strong></span> <span class='ocrx_word' id='word_1_273' title='bbox 1656 3634 1740 3689; x_wconf 87' lang='lat' dir='ltr'><strong>his</strong></span> <span class='ocrx_word' id='word_1_274' title='bbox 1762 3634 1855 3704; x_wconf 85' lang='lat' dir='ltr'><strong>qui</strong></span> 
     </span>
    </p>
   </div>
   <div class='ocr_carea' id='block_1_36' title="bbox 276 3725 1856 3810">
    <p class='ocr_par' dir='ltr' id='par_1_36' title="bbox 276 3725 1856 3810">
     <span class='ocr_line' id='line_1_36' title="bbox 276 3725 1856 3810; baseline -0.01 -14"><span class='ocrx_word' id='word_1_275' title='bbox 276 3754 380 3796; x_wconf 90' lang='lat' dir='ltr'><strong>nec</strong></span> <span class='ocrx_word' id='word_1_276' title='bbox 422 3751 647 3810; x_wconf 82' lang='lat' dir='ltr'><strong>peccare</strong></span> <span class='ocrx_word' id='word_1_277' title='bbox 676 3735 984 3804; x_wconf 89' lang='lat' dir='ltr'><strong>potuissent.</strong></span> <span class='ocrx_word' id='word_1_278' title='bbox 1015 3731 1162 3788; x_wconf 87' lang='lat' dir='ltr'><strong>Solet</strong></span> <span class='ocrx_word' id='word_1_279' title='bbox 1190 3730 1385 3804; x_wconf 86' lang='lat' dir='ltr'><strong>quippe</strong></span> <span class='ocrx_word' id='word_1_280' title='bbox 1427 3727 1567 3798; x_wconf 87' lang='lat' dir='ltr'><strong>apud</strong></span> <span class='ocrx_word' id='word_1_281' title='bbox 1595 3725 1856 3794; x_wconf 83' lang='lat' dir='ltr'><strong>suspicio-</strong></span> 
     </span>
    </p>
   </div>
   <div class='ocr_carea' id='block_1_37' title="bbox 275 3817 1856 3890">
    <p class='ocr_par' dir='ltr' id='par_1_37' title="bbox 275 3817 1856 3890">
     <span class='ocr_line' id='line_1_37' title="bbox 275 3817 1856 3890; baseline -0.009 -4"><span class='ocrx_word' id='word_1_282' title='bbox 275 3844 393 3886; x_wconf 80' lang='lat' dir='ltr'><strong>sum</strong></span> <span class='ocrx_word' id='word_1_283' title='bbox 416 3828 652 3883; x_wconf 90' lang='lat' dir='ltr'><strong>animum</strong></span> <span class='ocrx_word' id='word_1_284' title='bbox 681 3828 813 3890; x_wconf 84' lang='lat' dir='ltr'><strong>bona</strong></span> <span class='ocrx_word' id='word_1_285' title='bbox 839 3824 1162 3880; x_wconf 90' lang='lat' dir='ltr'><strong>conscientia</strong></span> <span class='ocrx_word' id='word_1_286' title='bbox 1196 3823 1438 3876; x_wconf 85' lang='lat' dir='ltr'><strong>laborare</strong></span> <span class='ocrx_word' id='word_1_287' title='bbox 1469 3834 1564 3890; x_wconf 86' lang='lat' dir='ltr'><strong>pro</strong></span> <span class='ocrx_word' id='word_1_288' title='bbox 1591 3817 1856 3872; x_wconf 86' lang='lat' dir='ltr'><strong>defensio-</strong></span> 
     </span>
    </p>
   </div>
   <div class='ocr_carea' id='block_1_38' title="bbox 273 3907 1858 3985">
    <p class='ocr_par' dir='ltr' id='par_1_38' title="bbox 273 3907 1858 3985">
     <span class='ocr_line' id='line_1_38' title="bbox 273 3907 1858 3985; baseline -0.009 -9"><span class='ocrx_word' id='word_1_289' title='bbox 273 3935 342 3976; x_wconf 88' lang='lat' dir='ltr'><strong>ne</strong></span> <span class='ocrx_word' id='word_1_290' title='bbox 367 3917 484 3984; x_wconf 88' lang='lat' dir='ltr'><strong>sui,</strong></span> <span class='ocrx_word' id='word_1_291' title='bbox 514 3934 582 3972; x_wconf 92' lang='lat' dir='ltr'><strong>ne</strong></span> <span class='ocrx_word' id='word_1_292' title='bbox 615 3916 747 3971; x_wconf 82' lang='lat' dir='ltr'><strong>forte</strong></span> <span class='ocrx_word' id='word_1_293' title='bbox 770 3915 1088 3985; x_wconf 84' lang='lat' dir='ltr'><strong>deliquerit,</strong></span> <span class='ocrx_word' id='word_1_294' title='bbox 1117 3915 1238 3984; x_wconf 84' lang='lat' dir='ltr'><strong>quia</strong></span> <span class='ocrx_word' id='word_1_295' title='bbox 1269 3911 1580 3980; x_wconf 84' lang='lat' dir='ltr'><strong>delinquere</strong></span> <span class='ocrx_word' id='word_1_296' title='bbox 1607 3909 1686 3962; x_wconf 83' lang='lat' dir='ltr'><strong>vel</strong></span> <span class='ocrx_word' id='word_1_297' title='bbox 1717 3907 1739 3938; x_wconf 70' lang='grc'><strong><em>⁵</em></strong></span> <span class='ocrx_word' id='word_1_298' title='bbox 1764 3923 1858 3976; x_wconf 90' lang='lat' dir='ltr'><strong>po-</strong></span> 
     </span>
    </p>
   </div>
   <div class='ocr_carea' id='block_1_39' title="bbox 271 3999 1856 4068">
    <p class='ocr_par' dir='ltr' id='par_1_39' title="bbox 271 3999 1856 4068">
     <span class='ocr_line' id='line_1_39' title="bbox 271 3999 1856 4068; baseline -0.008 -4"><span class='ocrx_word' id='word_1_299' title='bbox 271 4010 373 4065; x_wconf 90' lang='lat' dir='ltr'><strong>tuit</strong></span> <span class='ocrx_word' id='word_1_300' title='bbox 405 4025 418 4062; x_wconf 92' lang='lat'>:</span> <span class='ocrx_word' id='word_1_301' title='bbox 449 4008 694 4064; x_wconf 86' lang='lat' dir='ltr'><strong>absolute</strong></span> <span class='ocrx_word' id='word_1_302' title='bbox 740 4016 918 4062; x_wconf 90' lang='lat' dir='ltr'><strong>autem</strong></span> <span class='ocrx_word' id='word_1_303' title='bbox 950 4005 1247 4058; x_wconf 86' lang='lat' dir='ltr'><strong>vindicatur</strong></span> <span class='ocrx_word' id='word_1_304' title='bbox 1277 4018 1304 4054; x_wconf 90' lang='lat' dir='ltr'><strong>a</strong></span> <span class='ocrx_word' id='word_1_305' title='bbox 1335 4001 1592 4064; x_wconf 88' lang='lat' dir='ltr'><strong>crimine,</strong></span> <span class='ocrx_word' id='word_1_306' title='bbox 1624 4000 1711 4068; x_wconf 87' lang='lat' dir='ltr'><strong>qui</strong></span> <span class='ocrx_word' id='word_1_307' title='bbox 1743 3999 1856 4068; x_wconf 91' lang='lat' dir='ltr'><strong>ipsa</strong></span> 
     </span>
    </p>
   </div>
   <div class='ocr_carea' id='block_1_40' title="bbox 272 4093 1859 4171">
    <p class='ocr_par' dir='ltr' id='par_1_40' title="bbox 272 4093 1859 4171">
     <span class='ocr_line' id='line_1_40' title="bbox 272 4093 1859 4171; baseline -0.008 -13"><span class='ocrx_word' id='word_1_308' title='bbox 272 4102 352 4158; x_wconf 90' lang='lat' dir='ltr'><strong>rei</strong></span> <span class='ocrx_word' id='word_1_309' title='bbox 399 4099 826 4171; x_wconf 85' lang='lat' dir='ltr'><strong>impossibilitate</strong></span> <span class='ocrx_word' id='word_1_310' title='bbox 857 4096 1177 4153; x_wconf 79' lang='lat' dir='ltr'><strong>defenditur.</strong></span> <span class='ocrx_word' id='word_1_311' title='bbox 1211 4093 1390 4150; x_wconf 85' lang='lat' dir='ltr'><strong>Pande</strong></span> <span class='ocrx_word' id='word_1_312' title='bbox 1435 4093 1594 4163; x_wconf 79' lang='lat' dir='ltr'><strong>igitur</strong></span> <span class='ocrx_word' id='word_1_313' title='bbox 1618 4093 1737 4162; x_wconf 88' lang='lat' dir='ltr'><strong>quis</strong></span> <span class='ocrx_word' id='word_1_314' title='bbox 1776 4102 1859 4146; x_wconf 89' lang='lat' dir='ltr'><strong>est</strong></span> 
     </span>
    </p>
   </div>
   <div class='ocr_carea' id='block_1_41' title="bbox 272 4183 1857 4264">
    <p class='ocr_par' dir='ltr' id='par_1_41' title="bbox 272 4183 1857 4264">
     <span class='ocr_line' id='line_1_41' title="bbox 272 4183 1857 4264; baseline -0.008 -16"><span class='ocrx_word' id='word_1_315' title='bbox 272 4193 375 4248; x_wconf 88' lang='lat' dir='ltr'><strong>iste</strong></span> <span class='ocrx_word' id='word_1_316' title='bbox 403 4189 763 4246; x_wconf 88' lang='lat' dir='ltr'><strong>innocentium</strong></span> <span class='ocrx_word' id='word_1_317' title='bbox 794 4185 1058 4242; x_wconf 90' lang='lat' dir='ltr'><strong>addictor.</strong></span> <span class='ocrx_word' id='word_1_318' title='bbox 1087 4184 1431 4264; x_wconf 82' lang='lat' dir='ltr'><strong>llespondens</strong></span> <span class='ocrx_word' id='word_1_319' title='bbox 1451 4183 1494 4251; x_wconf 80' lang='grc'><strong>⁵,</strong></span> <span class='ocrx_word' id='word_1_320' title='bbox 1528 4183 1700 4248; x_wconf 87' lang='lat' dir='ltr'><strong>Deus;</strong></span> <span class='ocrx_word' id='word_1_321' title='bbox 1733 4198 1857 4252; x_wconf 87' lang='lat' dir='ltr'><strong>per-</strong></span> 
     </span>
    </p>
   </div>
   <div class='ocr_carea' id='block_1_42' title="bbox 276 4276 1860 4353">
    <p class='ocr_par' dir='ltr' id='par_1_42' title="bbox 276 4276 1860 4353">
     <span class='ocr_line' id='line_1_42' title="bbox 276 4276 1860 4353; baseline -0.004 -14"><span class='ocrx_word' id='word_1_322' title='bbox 276 4283 490 4342; x_wconf 85' lang='lat' dir='ltr'><strong>cussisti</strong></span> <span class='ocrx_word' id='word_1_323' title='bbox 513 4282 724 4353; x_wconf 85' lang='lat' dir='ltr'><strong>quidem</strong></span> <span class='ocrx_word' id='word_1_324' title='bbox 755 4282 990 4348; x_wconf 82' lang='lat' dir='ltr'><strong>animum</strong></span> <span class='ocrx_word' id='word_1_325' title='bbox 1015 4323 1030 4346; x_wconf 93' lang='lat'><strong>,</strong></span> <span class='ocrx_word' id='word_1_326' title='bbox 1059 4278 1153 4334; x_wconf 87' lang='lat' dir='ltr'><strong>sed</strong></span> <span class='ocrx_word' id='word_1_327' title='bbox 1184 4279 1303 4350; x_wconf 92' lang='lat' dir='ltr'><strong>quia</strong></span> <span class='ocrx_word' id='word_1_328' title='bbox 1332 4277 1419 4332; x_wconf 91' lang='lat' dir='ltr'><strong>vix</strong></span> <span class='ocrx_word' id='word_1_329' title='bbox 1460 4285 1661 4334; x_wconf 86' lang='lat' dir='ltr'><strong>tantum</strong></span> <span class='ocrx_word' id='word_1_330' title='bbox 1693 4276 1860 4332; x_wconf 83' lang='lat' dir='ltr'><strong>sacri-</strong></span> 
     </span>
    </p>
   </div>
   <div class='ocr_carea' id='block_1_43' title="bbox 277 4369 1854 4448">
    <p class='ocr_par' dir='ltr' id='par_1_43' title="bbox 277 4369 1854 4448">
     <span class='ocr_line' id='line_1_43' title="bbox 277 4369 1854 4448; baseline -0.006 -17"><span class='ocrx_word' id='word_1_331' title='bbox 277 4376 477 4448; x_wconf 89' lang='lat' dir='ltr'><strong>legium</strong></span> <span class='ocrx_word' id='word_1_332' title='bbox 524 4374 679 4430; x_wconf 88' lang='lat' dir='ltr'><strong>Iidem</strong></span> <span class='ocrx_word' id='word_1_333' title='bbox 729 4385 994 4440; x_wconf 89' lang='lat' dir='ltr'><strong>meretur,</strong></span> <span class='ocrx_word' id='word_1_334' title='bbox 1043 4371 1165 4443; x_wconf 90' lang='lat' dir='ltr'><strong>quid</strong></span> <span class='ocrx_word' id='word_1_335' title='bbox 1213 4371 1414 4426; x_wconf 81' lang='lat' dir='ltr'><strong>dixeris</strong></span> <span class='ocrx_word' id='word_1_336' title='bbox 1457 4369 1786 4440; x_wconf 75' lang='lat' dir='ltr'><strong>ambigantus</strong></span> <span class='ocrx_word' id='word_1_337' title='bbox 1815 4369 1854 4422; x_wconf 78' lang='lat'><strong>°.</strong></span> 
     </span>
    </p>
   </div>
   <div class='ocr_carea' id='block_1_44' title="bbox 279 4461 1855 4538">
    <p class='ocr_par' dir='ltr' id='par_1_44' title="bbox 279 4461 1855 4538">
     <span class='ocr_line' id='line_1_44' title="bbox 279 4461 1855 4538; baseline -0.006 -15"><span class='ocrx_word' id='word_1_338' title='bbox 279 4465 492 4525; x_wconf 87' lang='lat' dir='ltr'><strong>Scimus</strong></span> <span class='ocrx_word' id='word_1_339' title='bbox 515 4468 654 4522; x_wconf 90' lang='lat' dir='ltr'><strong>enim</strong></span> <span class='ocrx_word' id='word_1_340' title='bbox 682 4465 1001 4538; x_wconf 88' lang='lat' dir='ltr'><strong>homonymc</strong></span> <span class='ocrx_word' id='word_1_341' title='bbox 1028 4461 1266 4532; x_wconf 85' lang='lat' dir='ltr'><strong>usurpari</strong></span> <span class='ocrx_word' id='word_1_342' title='bbox 1289 4477 1482 4518; x_wconf 87' lang='lat' dir='ltr'><strong>nomen</strong></span> <span class='ocrx_word' id='word_1_343' title='bbox 1527 4461 1630 4516; x_wconf 88' lang='lat' dir='ltr'><strong>hoc</strong></span> <span class='ocrx_word' id='word_1_344' title='bbox 1654 4475 1811 4531; x_wconf 87' lang='lat' dir='ltr'><strong>posse</strong></span> <span class='ocrx_word' id='word_1_345' title='bbox 1841 4477 1855 4513; x_wconf 88' lang='lat'><strong>:</strong></span> 
     </span>
    </p>
   </div>
   <div class='ocr_carea' id='block_1_45' title="bbox 282 4551 1860 4629">
    <p class='ocr_par' dir='ltr' id='par_1_45' title="bbox 282 4551 1860 4629">
     <span class='ocr_line' id='line_1_45' title="bbox 282 4551 1860 4629; baseline -0.006 -14"><span class='ocrx_word' id='word_1_346' title='bbox 282 4558 422 4616; x_wconf 85' lang='lat' dir='ltr'><strong>Sunt</strong></span> <span class='ocrx_word' id='word_1_347' title='bbox 451 4557 636 4629; x_wconf 80' lang='lat' dir='ltr'><strong>quippe</strong></span> <span class='ocrx_word' id='word_1_348' title='bbox 674 4554 745 4611; x_wconf 83' lang='lat' dir='ltr'><strong>dii</strong></span> <span class='ocrx_word' id='word_1_349' title='bbox 787 4557 929 4610; x_wconf 84' lang='lat' dir='ltr'><strong>multi</strong></span> <span class='ocrx_word' id='word_1_350' title='bbox 971 4567 1015 4610; x_wconf 84' lang='lat' dir='ltr'><strong>et</strong></span> <span class='ocrx_word' id='word_1_351' title='bbox 1049 4553 1237 4610; x_wconf 81' lang='lat' dir='ltr'><strong>domini</strong></span> <span class='ocrx_word' id='word_1_352' title='bbox 1285 4553 1464 4610; x_wconf 83' lang='lat' dir='ltr'><strong>multi:</strong></span> <span class='ocrx_word' id='word_1_353' title='bbox 1509 4551 1650 4606; x_wconf 82' lang='lat' dir='ltr'><strong>nobis</strong></span> <span class='ocrx_word' id='word_1_354' title='bbox 1695 4561 1860 4606; x_wconf 76' lang='lat' dir='ltr'><strong>tamen</strong></span> 
     </span>
    </p>
   </div>
   <div class='ocr_carea' id='block_1_46' title="bbox 279 4640 1859 4714">
    <p class='ocr_par' dir='ltr' id='par_1_46' title="bbox 279 4640 1859 4714">
     <span class='ocr_line' id='line_1_46' title="bbox 279 4640 1859 4714; baseline -0.006 -10"><span class='ocrx_word' id='word_1_355' title='bbox 279 4666 416 4704; x_wconf 83' lang='lat' dir='ltr'><strong>unus</strong></span> <span class='ocrx_word' id='word_1_356' title='bbox 441 4657 513 4702; x_wconf 82' lang='lat' dir='ltr'><strong>est</strong></span> <span class='ocrx_word' id='word_1_357' title='bbox 543 4645 681 4701; x_wconf 84' lang='lat' dir='ltr'><strong>Deus</strong></span> <span class='ocrx_word' id='word_1_358' title='bbox 727 4645 881 4700; x_wconf 81' lang='lat' dir='ltr'><strong>Pater</strong></span> <span class='ocrx_word' id='word_1_359' title='bbox 909 4662 970 4699; x_wconf 77' lang='lat' dir='ltr'><strong>ea:</strong></span> <span class='ocrx_word' id='word_1_360' title='bbox 994 4661 1090 4714; x_wconf 86' lang='lat' dir='ltr'><strong>quo</strong></span> <span class='ocrx_word' id='word_1_361' title='bbox 1115 4645 1308 4706; x_wconf 84' lang='lat' dir='ltr'><strong>omnia,</strong></span> <span class='ocrx_word' id='word_1_362' title='bbox 1335 4652 1381 4697; x_wconf 85' lang='lat' dir='ltr'><strong>et</strong></span> <span class='ocrx_word' id='word_1_363' title='bbox 1411 4659 1539 4696; x_wconf 81' lang='lat' dir='ltr'><strong>unus</strong></span> <span class='ocrx_word' id='word_1_364' title='bbox 1568 4650 1640 4695; x_wconf 82' lang='lat' dir='ltr'><strong>est</strong></span> <span class='ocrx_word' id='word_1_365' title='bbox 1677 4640 1859 4696; x_wconf 86' lang='lat' dir='ltr'><strong>Domi-</strong></span> 
     </span>
    </p>
   </div>
   <div class='ocr_carea' id='block_1_47' title="bbox 279 4730 1856 4810">
    <p class='ocr_par' dir='ltr' id='par_1_47' title="bbox 279 4730 1856 4810">
     <span class='ocr_line' id='line_1_47' title="bbox 279 4730 1856 4810; baseline -0.004 -16"><span class='ocrx_word' id='word_1_366' title='bbox 279 4755 378 4794; x_wconf 85' lang='lat' dir='ltr'><strong>nus</strong></span> <span class='ocrx_word' id='word_1_367' title='bbox 400 4738 554 4793; x_wconf 83' lang='lat' dir='ltr'><strong>Jesus</strong></span> <span class='ocrx_word' id='word_1_368' title='bbox 579 4735 808 4793; x_wconf 80' lang='lat' dir='ltr'><strong>Christus</strong></span> <span class='ocrx_word' id='word_1_369' title='bbox 836 4753 925 4810; x_wconf 86' lang='lat' dir='ltr'><strong>per</strong></span> <span class='ocrx_word' id='word_1_370' title='bbox 947 4753 1090 4809; x_wconf 83' lang='lat' dir='ltr'><strong>quem</strong></span> <span class='ocrx_word' id='word_1_371' title='bbox 1110 4737 1278 4789; x_wconf 83' lang='lat' dir='ltr'><strong>omnia</strong></span> <span class='ocrx_word' id='word_1_372' title='bbox 1311 4733 1353 4805; x_wconf 88' lang='lat' dir='ltr'><strong>(l</strong></span> <span class='ocrx_word' id='word_1_373' title='bbox 1376 4733 1619 4798; x_wconf 86' lang='lat' dir='ltr'><strong>Cor.vm,</strong></span> <span class='ocrx_word' id='word_1_374' title='bbox 1649 4733 1684 4790; x_wconf 84' lang='lat'><strong>5</strong></span> <span class='ocrx_word' id='word_1_375' title='bbox 1710 4744 1754 4788; x_wconf 80' lang='lat' dir='ltr'><strong>et</strong></span> <span class='ocrx_word' id='word_1_376' title='bbox 1781 4730 1856 4804; x_wconf 88' lang='lat'><strong>6).</strong></span> 
     </span>
    </p>
   </div>
   <div class='ocr_carea' id='block_1_48' title="bbox 278 4825 1859 4901">
    <p class='ocr_par' dir='ltr' id='par_1_48' title="bbox 278 4825 1859 4901">
     <span class='ocr_line' id='line_1_48' title="bbox 278 4825 1859 4901; baseline -0.003 -16"><span class='ocrx_word' id='word_1_377' title='bbox 278 4831 449 4900; x_wconf 89' lang='lat' dir='ltr'><strong>Quem</strong></span> <span class='ocrx_word' id='word_1_378' title='bbox 483 4830 643 4901; x_wconf 83' lang='lat' dir='ltr'><strong>igitur</strong></span> <span class='ocrx_word' id='word_1_379' title='bbox 675 4831 840 4884; x_wconf 87' lang='lat' dir='ltr'><strong>Deum</strong></span> <span class='ocrx_word' id='word_1_380' title='bbox 866 4828 918 4883; x_wconf 92' lang='lat' dir='ltr'><strong>in</strong></span> <span class='ocrx_word' id='word_1_381' title='bbox 975 4827 1177 4884; x_wconf 87' lang='lat' dir='ltr'><strong>crimen</strong></span> <span class='ocrx_word' id='word_1_382' title='bbox 1229 4842 1389 4883; x_wconf 90' lang='lat' dir='ltr'><strong>vocas</strong></span> <span class='ocrx_word' id='word_1_383' title='bbox 1417 4827 1472 4881; x_wconf 85' lang='lat'><strong>&quot;?</strong></span> <span class='ocrx_word' id='word_1_384' title='bbox 1504 4825 1599 4881; x_wconf 87' lang='lat' dir='ltr'><strong>llic</strong></span> <span class='ocrx_word' id='word_1_385' title='bbox 1635 4836 1718 4888; x_wconf 90' lang='lat' dir='ltr'><strong>tu,</strong></span> <span class='ocrx_word' id='word_1_386' title='bbox 1772 4841 1859 4880; x_wconf 86' lang='lat' dir='ltr'><strong>sa-</strong></span> 
     </span>
    </p>
   </div>
   <div class='ocr_carea' id='block_1_49' title="bbox 279 4917 1859 4994">
    <p class='ocr_par' dir='ltr' id='par_1_49' title="bbox 279 4917 1859 4994">
     <span class='ocr_line' id='line_1_49' title="bbox 279 4917 1859 4994; baseline -0.005 -14"><span class='ocrx_word' id='word_1_387' title='bbox 279 4925 474 4980; x_wconf 89' lang='lat' dir='ltr'><strong>cerdos</strong></span> <span class='ocrx_word' id='word_1_388' title='bbox 517 4921 954 4994; x_wconf 80' lang='lat' dir='ltr'><strong>religiosissime,</strong></span> <span class='ocrx_word' id='word_1_389' title='bbox 995 4921 1284 4992; x_wconf 79' lang='lat' dir='ltr'><strong>rbetorque</strong></span> <span class='ocrx_word' id='word_1_390' title='bbox 1320 4920 1660 4982; x_wconf 84' lang='lat' dir='ltr'><strong>doetissime,</strong></span> <span class='ocrx_word' id='word_1_391' title='bbox 1693 4917 1859 4972; x_wconf 84' lang='lat' dir='ltr'><strong>exha-</strong></span> 
     </span>
    </p>
   </div>
   <div class='ocr_carea' id='block_1_50' title="bbox 280 5010 1860 5084">
    <p class='ocr_par' dir='ltr' id='par_1_50' title="bbox 280 5010 1860 5084">
     <span class='ocr_line' id='line_1_50' title="bbox 280 5010 1860 5084; baseline -0.003 -14"><span class='ocrx_word' id='word_1_392' title='bbox 280 5015 362 5070; x_wconf 90' lang='lat' dir='ltr'><strong>las</strong></span> <span class='ocrx_word' id='word_1_393' title='bbox 385 5015 587 5068; x_wconf 86' lang='lat' dir='ltr'><strong>tristius</strong></span> <span class='ocrx_word' id='word_1_394' title='bbox 629 5021 682 5070; x_wconf 89' lang='lat' dir='ltr'><strong>et</strong></span> <span class='ocrx_word' id='word_1_395' title='bbox 711 5011 981 5069; x_wconf 88' lang='lat' dir='ltr'><strong>horridius</strong></span> <span class='ocrx_word' id='word_1_396' title='bbox 1005 5010 1203 5084; x_wconf 88' lang='lat' dir='ltr'><strong>aliquid</strong></span> <span class='ocrx_word' id='word_1_397' title='bbox 1225 5054 1238 5080; x_wconf 81' lang='lat'><strong>,</strong></span> <span class='ocrx_word' id='word_1_398' title='bbox 1270 5027 1426 5084; x_wconf 89' lang='lat' dir='ltr'><strong>quam</strong></span> <span class='ocrx_word' id='word_1_399' title='bbox 1466 5011 1549 5065; x_wconf 92' lang='lat' dir='ltr'><strong>vel</strong></span> <span class='ocrx_word' id='word_1_400' title='bbox 1589 5011 1860 5068; x_wconf 81' lang='lat' dir='ltr'><strong>Amsancti</strong></span> 
     </span>
    </p>
   </div>
   <div class='ocr_carea' id='block_1_51' title="bbox 284 5103 1861 5176">
    <p class='ocr_par' dir='ltr' id='par_1_51' title="bbox 284 5103 1861 5176">
     <span class='ocr_line' id='line_1_51' title="bbox 284 5103 1861 5176; baseline -0.001 -17"><span class='ocrx_word' id='word_1_401' title='bbox 284 5105 440 5160; x_wconf 87' lang='lat' dir='ltr'><strong>vallis</strong></span> <span class='ocrx_word' id='word_1_402' title='bbox 463 5103 505 5171; x_wconf 79' lang='grc'><strong>⁸,</strong></span> <span class='ocrx_word' id='word_1_403' title='bbox 534 5104 618 5160; x_wconf 88' lang='lat' dir='ltr'><strong>vel</strong></span> <span class='ocrx_word' id='word_1_404' title='bbox 647 5113 834 5175; x_wconf 83' lang='lat' dir='ltr'><strong>puteus</strong></span> <span class='ocrx_word' id='word_1_405' title='bbox 859 5105 1093 5171; x_wconf 84' lang='lat' dir='ltr'><strong>Averni,</strong></span> <span class='ocrx_word' id='word_1_406' title='bbox 1127 5105 1233 5162; x_wconf 88' lang='lat' dir='ltr'><strong>imo</strong></span> <span class='ocrx_word' id='word_1_407' title='bbox 1261 5105 1539 5160; x_wconf 89' lang='lat' dir='ltr'><strong>scelestius</strong></span> <span class='ocrx_word' id='word_1_408' title='bbox 1563 5119 1721 5174; x_wconf 88' lang='lat' dir='ltr'><strong>quam</strong></span> <span class='ocrx_word' id='word_1_409' title='bbox 1746 5105 1861 5176; x_wconf 84' lang='lat' dir='ltr'><strong>ipsa</strong></span> 
     </span>
    </p>
   </div>
   <div class='ocr_carea' id='block_1_52' title="bbox 353 5239 1164 5302">
    <p class='ocr_par' dir='ltr' id='par_1_52' title="bbox 353 5239 1164 5302">
     <span class='ocr_line' id='line_1_52' title="bbox 353 5239 1164 5302; baseline 0.004 -15"><span class='ocrx_word' id='word_1_410' title='bbox 353 5239 371 5302; x_wconf 65' lang='grc' dir='ltr'><strong>ξ</strong></span> <span class='ocrx_word' id='word_1_411' title='bbox 406 5239 480 5288; x_wconf 89' lang='lat' dir='ltr'><strong>sic</strong></span> <span class='ocrx_word' id='word_1_412' title='bbox 497 5245 603 5288; x_wconf 75' lang='lat' dir='ltr'><strong>uss.</strong></span> <span class='ocrx_word' id='word_1_413' title='bbox 627 5244 677 5288; x_wconf 89' lang='lat' dir='ltr'><strong>In</strong></span> <span class='ocrx_word' id='word_1_414' title='bbox 702 5240 857 5302; x_wconf 63' lang='grc' dir='ltr'><strong>νίκη..</strong></span> <span class='ocrx_word' id='word_1_415' title='bbox 877 5245 1164 5302; x_wconf 58' lang='lat' dir='ltr'><strong>mererem.</strong></span> 
     </span>
    </p>
   </div>
   <div class='ocr_carea' id='block_1_53' title="bbox 350 5299 1146 5366">
    <p class='ocr_par' dir='ltr' id='par_1_53' title="bbox 350 5299 1146 5366">
     <span class='ocr_line' id='line_1_53' title="bbox 350 5299 1146 5366; baseline 0.006 -20"><span class='ocrx_word' id='word_1_416' title='bbox 350 5299 373 5366; x_wconf 66' lang='grc' dir='ltr'><strong>ξ</strong></span> <span class='ocrx_word' id='word_1_417' title='bbox 539 5306 723 5366; x_wconf 62' lang='lat' dir='ltr'><strong>Manet</strong></span> <span class='ocrx_word' id='word_1_418' title='bbox 745 5299 1146 5366; x_wconf 42' lang='lat' dir='ltr'><strong>fertqgravqbit.</strong></span> 
     </span>
    </p>
   </div>
   <div class='ocr_carea' id='block_1_54' title="bbox 351 5360 1562 5435">
    <p class='ocr_par' dir='ltr' id='par_1_54' title="bbox 351 5360 1562 5435">
     <span class='ocr_line' id='line_1_54' title="bbox 351 5360 1562 5435; baseline 0 0"><span class='ocrx_word' id='word_1_419' title='bbox 351 5361 376 5435; x_wconf 66' lang='grc' dir='ltr'><em>ἲ</em></span> <span class='ocrx_word' id='word_1_420' title='bbox 405 5363 605 5435; x_wconf 40' lang='lat' dir='ltr'><strong>ﬁla“:</strong></span> <span class='ocrx_word' id='word_1_421' title='bbox 625 5365 680 5435; x_wconf 57' lang='lat' dir='ltr'><strong>et</strong></span> <span class='ocrx_word' id='word_1_422' title='bbox 700 5361 814 5412; x_wconf 70' lang='grc' dir='ltr'><strong>θάίιί</strong></span> <span class='ocrx_word' id='word_1_423' title='bbox 834 5397 849 5422; x_wconf 67' lang='grc' dir='ltr'><strong><em>ν</em></strong></span> <span class='ocrx_word' id='word_1_424' title='bbox 872 5360 1182 5435; x_wconf 64' lang='grc' dir='ltr'><strong>έῖςεαπάεαιίκ</strong></span> <span class='ocrx_word' id='word_1_425' title='bbox 1363 5421 1394 5435; x_wconf 94' lang='lat'><strong>_.</strong></span> <span class='ocrx_word' id='word_1_426' title='bbox 1469 5403 1562 5435; x_wconf 18' lang='lat' dir='ltr'><strong>ne;</strong></span> 
     </span>
    </p>
   </div>
   <div class='ocr_carea' id='block_1_55' title="bbox 276 5419 1863 5546">
    <p class='ocr_par' dir='ltr' id='par_1_55' title="bbox 276 5419 1863 5546">
     <span class='ocr_line' id='line_1_55' title="bbox 349 5419 1863 5496; baseline 0.004 -26"><span class='ocrx_word' id='word_1_427' title='bbox 349 5421 374 5455; x_wconf 73' lang='grc' dir='ltr'>δ</span> <span class='ocrx_word' id='word_1_428' title='bbox 407 5422 545 5494; x_wconf 63' lang='grc' dir='ltr'><strong>ωίιξ,</strong></span> <span class='ocrx_word' id='word_1_429' title='bbox 569 5419 844 5496; x_wconf 59' lang='lat' dir='ltr'><strong>detorquere</strong></span> <span class='ocrx_word' id='word_1_430' title='bbox 868 5419 1049 5488; x_wconf 62' lang='lat' dir='ltr'><strong>pauit,</strong></span> <span class='ocrx_word' id='word_1_431' title='bbox 1089 5427 1286 5487; x_wconf 76' lang='lat' dir='ltr'><strong>omisso,</strong></span> <span class='ocrx_word' id='word_1_432' title='bbox 1318 5421 1423 5486; x_wconf 75' lang='lat' dir='ltr'><strong>uri,</strong></span> <span class='ocrx_word' id='word_1_433' title='bbox 1446 5419 1576 5487; x_wconf 86' lang='lat' dir='ltr'><strong>quod</strong></span> <span class='ocrx_word' id='word_1_434' title='bbox 1611 5429 1774 5476; x_wconf 84' lang='lat' dir='ltr'><strong>exstat</strong></span> <span class='ocrx_word' id='word_1_435' title='bbox 1813 5427 1863 5478; x_wconf 89' lang='lat' dir='ltr'><strong>In</strong></span> 
     </span>
     <span class='ocr_line' id='line_1_56' title="bbox 276 5489 1511 5546; baseline 0.005 -14"><span class='ocrx_word' id='word_1_436' title='bbox 276 5489 636 5546; x_wconf 74' lang='lat' dir='ltr'><strong>mnuscnptts.</strong></span> <span class='ocrx_word' id='word_1_437' title='bbox 1504 5543 1511 5546; x_wconf 80' lang='lat'><strong><em>_</em></strong></span> 
     </span>
    </p>
   </div>
   <div class='ocr_carea' id='block_1_56' title="bbox 346 5543 1861 5614">
    <p class='ocr_par' dir='ltr' id='par_1_56' title="bbox 346 5543 1861 5614">
     <span class='ocr_line' id='line_1_57' title="bbox 346 5543 1861 5614; baseline 0.003 -18"><span class='ocrx_word' id='word_1_438' title='bbox 346 5547 372 5578; x_wconf 83' lang='grc'><strong><em>⁸</em></strong></span> <span class='ocrx_word' id='word_1_439' title='bbox 405 5543 676 5614; x_wconf 69' lang='lat' dir='ltr'><strong>Itepirdus,</strong></span> <span class='ocrx_word' id='word_1_440' title='bbox 697 5547 970 5611; x_wconf 80' lang='lat' dir='ltr'><strong>respondes.</strong></span> <span class='ocrx_word' id='word_1_441' title='bbox 996 5549 1284 5614; x_wconf 75' lang='lat' dir='ltr'><strong>Vignlerius,</strong></span> <span class='ocrx_word' id='word_1_442' title='bbox 1309 5543 1615 5610; x_wconf 69' lang='lat' dir='ltr'><strong>respondeas.</strong></span> <span class='ocrx_word' id='word_1_443' title='bbox 1657 5553 1712 5600; x_wconf 80' lang='lat' dir='ltr'><strong>At</strong></span> <span class='ocrx_word' id='word_1_444' title='bbox 1736 5555 1861 5610; x_wconf 64' lang='lat' dir='ltr'><strong>Mss,</strong></span> 
     </span>
    </p>
   </div>
   <div class='ocr_carea' id='block_1_57' title="bbox 275 5606 1043 5740">
    <p class='ocr_par' dir='ltr' id='par_1_57' title="bbox 275 5620 1043 5740">
     <span class='ocr_line' id='line_1_58' title="bbox 275 5620 1043 5740; baseline -0.036 6"><span class='ocrx_word' id='word_1_445' title='bbox 275 5620 308 5658; x_wconf 50' lang='grc' dir='ltr'><em>Υ</em></span> <span class='ocrx_word' id='word_1_446' title='bbox 345 5732 365 5740; x_wconf 92' lang='grc'><strong><em>-</em></strong></span> <span class='ocrx_word' id='word_1_447' title='bbox 400 5621 712 5740; x_wconf 40' lang='grc' dir='ltr'><strong>θὶξυβιῗῖίϐῐιε»</strong></span> <span class='ocrx_word' id='word_1_448' title='bbox 739 5669 1043 5740; x_wconf 19' lang='grc' dir='ltr'><strong>φζινὸίθίηιιιε.</strong></span> 
     </span>
    </p>
   </div>
   <div class='ocr_carea' id='block_1_58' title="bbox 345 5727 1868 5841">
    <p class='ocr_par' dir='ltr' id='par_1_58' title="bbox 345 5727 1868 5841">
     <span class='ocr_line' id='line_1_59' title="bbox 345 5727 1868 5796; baseline 0.003 -18"><span class='ocrx_word' id='word_1_449' title='bbox 345 5732 365 5762; x_wconf 81' lang='grc'><strong>⁷</strong></span> <span class='ocrx_word' id='word_1_450' title='bbox 401 5731 548 5781; x_wconf 70' lang='lat' dir='ltr'><strong>aditi:</strong></span> <span class='ocrx_word' id='word_1_451' title='bbox 576 5727 707 5790; x_wconf 68' lang='lat' dir='ltr'><strong>Quid</strong></span> <span class='ocrx_word' id='word_1_452' title='bbox 738 5727 918 5796; x_wconf 74' lang='lat' dir='ltr'><strong>igitur&quot;,</strong></span> <span class='ocrx_word' id='word_1_453' title='bbox 963 5743 1114 5783; x_wconf 83' lang='lat' dir='ltr'><strong>Deum</strong></span> <span class='ocrx_word' id='word_1_454' title='bbox 1148 5727 1492 5784; x_wconf 64' lang='lat' dir='ltr'><strong>nteant-abitat:</strong></span> <span class='ocrx_word' id='word_1_455' title='bbox 1514 5730 1696 5782; x_wconf 66' lang='lat' dir='ltr'><strong>vocas!</strong></span> <span class='ocrx_word' id='word_1_456' title='bbox 1725 5735 1868 5784; x_wconf 68' lang='lat' dir='ltr'><strong>msti-</strong></span> 
     </span>
     <span class='ocr_line' id='line_1_60' title="bbox 345 5793 1029 5841; baseline 0 0"><span class='ocrx_word' id='word_1_457' title='bbox 345 5799 456 5841; x_wconf 87' lang='lat' dir='ltr'><strong>ntur</strong></span> <span class='ocrx_word' id='word_1_458' title='bbox 481 5793 541 5841; x_wconf 87' lang='lat' dir='ltr'><strong>ad</strong></span> <span class='ocrx_word' id='word_1_459' title='bbox 562 5798 669 5841; x_wconf 79' lang='lat' dir='ltr'><strong>Mss.</strong></span> <span class='ocrx_word' id='word_1_460' title='bbox 692 5800 804 5841; x_wconf 74' lang='lat' dir='ltr'><strong>Mar.</strong></span> <span class='ocrx_word' id='word_1_461' title='bbox 832 5802 884 5841; x_wconf 87' lang='lat' dir='ltr'><strong>et</strong></span> <span class='ocrx_word' id='word_1_462' title='bbox 905 5803 1029 5841; x_wconf 79' lang='lat' dir='ltr'><strong>Part.</strong></span> 
     </span>
    </p>
   </div>
   <div class='ocr_carea' id='block_1_59' title="bbox 274 5798 1865 5929">
    <p class='ocr_par' dir='ltr' id='par_1_59' title="bbox 274 5798 1865 5929">
     <span class='ocr_line' id='line_1_61' title="bbox 274 5798 1029 5864; baseline 0.007 -24"><span class='ocrx_word' id='word_1_463' title='bbox 274 5799 456 5864; x_wconf 72' lang='lat' dir='ltr'><strong>gantur</strong></span> <span class='ocrx_word' id='word_1_464' title='bbox 481 5798 541 5841; x_wconf 81' lang='lat' dir='ltr'><strong>ad</strong></span> <span class='ocrx_word' id='word_1_465' title='bbox 562 5798 669 5842; x_wconf 78' lang='lat' dir='ltr'><strong>Mss.</strong></span> <span class='ocrx_word' id='word_1_466' title='bbox 692 5800 804 5843; x_wconf 74' lang='lat' dir='ltr'><strong>Mar.</strong></span> <span class='ocrx_word' id='word_1_467' title='bbox 832 5802 884 5844; x_wconf 84' lang='lat' dir='ltr'><strong>et</strong></span> <span class='ocrx_word' id='word_1_468' title='bbox 905 5803 1029 5864; x_wconf 62' lang='lat' dir='ltr'><strong>ifort.</strong></span> 
     </span>
     <span class='ocr_line' id='line_1_62' title="bbox 309 5854 1865 5929; baseline 0 0"><span class='ocrx_word' id='word_1_469' title='bbox 309 5854 1155 5929; x_wconf 31' lang='lat' dir='ltr'><strong>-,i,‘il89.i¢&#39;ili§9(&#39;9&#39;mm_”9‘“§.-</strong></span> <span class='ocrx_word' id='word_1_470' title='bbox 1185 5864 1255 5929; x_wconf 61' lang='lat'><strong>.4“</strong></span> <span class='ocrx_word' id='word_1_471' title='bbox 1300 5865 1402 5929; x_wconf 63' lang='lat' dir='ltr'><strong>MSS:</strong></span> <span class='ocrx_word' id='word_1_472' title='bbox 1446 5861 1557 5929; x_wconf 52' lang='lat'><strong>‘93”:</strong></span> <span class='ocrx_word' id='word_1_473' title='bbox 1609 5863 1661 5906; x_wconf 73' lang='grc' dir='ltr'><strong>θι</strong></span> <span class='ocrx_word' id='word_1_474' title='bbox 1709 5863 1865 5929; x_wconf 46' lang='lat' dir='ltr'><strong>PP?»</strong></span> 
     </span>
    </p>
   </div>
   <div class='ocr_carea' id='block_1_60' title="bbox 279 5908 1868 5980">
    <p class='ocr_par' dir='ltr' id='par_1_60' title="bbox 279 5908 1868 5980">
     <span class='ocr_line' id='line_1_63' title="bbox 279 5908 1868 5980; baseline 0.003 -17"><span class='ocrx_word' id='word_1_475' title='bbox 542 5908 697 5966; x_wconf 66' lang='lat' dir='ltr'><strong>vallis.</strong></span> <span class='ocrx_word' id='word_1_476' title='bbox 740 5923 886 5967; x_wconf 77' lang='lat' dir='ltr'><strong>lacus</strong></span> <span class='ocrx_word' id='word_1_477' title='bbox 917 5926 993 5967; x_wconf 88' lang='lat' dir='ltr'><strong>est</strong></span> <span class='ocrx_word' id='word_1_478' title='bbox 1029 5920 1078 5969; x_wconf 88' lang='lat' dir='ltr'><strong>in</strong></span> <span class='ocrx_word' id='word_1_479' title='bbox 1116 5919 1244 5970; x_wconf 85' lang='lat' dir='ltr'><strong>italia</strong></span> <span class='ocrx_word' id='word_1_480' title='bbox 1271 5922 1396 5980; x_wconf 87' lang='lat' dir='ltr'><strong>apud</strong></span> <span class='ocrx_word' id='word_1_481' title='bbox 1426 5921 1645 5980; x_wconf 81' lang='lat' dir='ltr'><strong>Hirpinos</strong></span> <span class='ocrx_word' id='word_1_482' title='bbox 1673 5908 1868 5980; x_wconf 51' lang='lat' dir='ltr'><strong>sulphul</strong></span> 
     </span>
    </p>
   </div>
   <div class='ocr_carea' id='block_1_61' title="bbox 279 5935 1867 6043">
    <p class='ocr_par' dir='ltr' id='par_1_61' title="bbox 279 5935 1867 6043">
     <span class='ocr_line' id='line_1_64' title="bbox 279 5935 1867 5980; baseline 0.003 -17"><span class='ocrx_word' id='word_1_483' title='bbox 279 5935 522 5967; x_wconf 72' lang='grc' dir='ltr'><strong>Απιδαηειι</strong></span> <span class='ocrx_word' id='word_1_484' title='bbox 542 5935 697 5966; x_wconf 64' lang='lat' dir='ltr'><strong>vatius.</strong></span> <span class='ocrx_word' id='word_1_485' title='bbox 742 5935 886 5967; x_wconf 74' lang='lat' dir='ltr'><strong>uicus</strong></span> <span class='ocrx_word' id='word_1_486' title='bbox 917 5935 993 5967; x_wconf 70' lang='grc'><strong>651.</strong></span> <span class='ocrx_word' id='word_1_487' title='bbox 1029 5935 1078 5969; x_wconf 83' lang='grc' dir='ltr'><strong>ιιι</strong></span> <span class='ocrx_word' id='word_1_488' title='bbox 1117 5935 1244 5970; x_wconf 62' lang='lat' dir='ltr'><strong>Ilium</strong></span> <span class='ocrx_word' id='word_1_489' title='bbox 1271 5935 1297 5969; x_wconf 72' lang='lat'><strong>3</strong></span> <span class='ocrx_word' id='word_1_490' title='bbox 1317 5935 1396 5969; x_wconf 84' lang='lat' dir='ltr'><strong>)ua</strong></span> <span class='ocrx_word' id='word_1_491' title='bbox 1426 5935 1645 5980; x_wconf 70' lang='lat' dir='ltr'><strong>llll&#39;plllﬂs</strong></span> <span class='ocrx_word' id='word_1_492' title='bbox 1673 5935 1867 5980; x_wconf 76' lang='lat' dir='ltr'><strong>sulpnu-</strong></span> 
     </span>
     <span class='ocr_line' id='line_1_65' title="bbox 279 5935 1867 6043; baseline -0.001 -13"><span class='ocrx_word' id='word_1_493' title='bbox 279 5987 396 6030; x_wconf 72' lang='lat' dir='ltr'><strong>teas</strong></span> <span class='ocrx_word' id='word_1_494' title='bbox 437 5978 630 6029; x_wconf 79' lang='lat' dir='ltr'><strong>habens</strong></span> <span class='ocrx_word' id='word_1_495' title='bbox 673 5991 850 6043; x_wconf 83' lang='lat' dir='ltr'><strong>aquas,</strong></span> <span class='ocrx_word' id='word_1_496' title='bbox 896 5980 1212 6043; x_wconf 72' lang='lat' dir='ltr'><strong>pestilentem</strong></span> <span class='ocrx_word' id='word_1_497' title='bbox 1481 5994 1537 6030; x_wconf 87' lang='lat' dir='ltr'><strong>ac</strong></span> <span class='ocrx_word' id='word_1_498' title='bbox 1569 5980 1867 6029; x_wconf 84' lang='lat' dir='ltr'><strong>mortiferum</strong></span> 
     </span>
    </p>
   </div>
   <div class='ocr_carea' id='block_1_62' title="bbox 1614 499 2126 561">
    <p class='ocr_par' dir='ltr' id='par_1_62' title="bbox 1614 499 2126 561">
     <span class='ocr_line' id='line_1_66' title="bbox 1614 499 2126 561; baseline -0.006 -1"><span class='ocrx_word' id='word_1_499' title='bbox 1614 501 1816 561; x_wconf 79' lang='lat' dir='ltr'><strong>LIBER</strong></span> <span class='ocrx_word' id='word_1_500' title='bbox 1853 499 2126 560; x_wconf 84' lang='lat' dir='ltr'><strong>PRIMUS.</strong></span> 
     </span>
    </p>
   </div>
   <div class='ocr_carea' id='block_1_63' title="bbox 3370 508 3510 567">
    <p class='ocr_par' dir='ltr' id='par_1_63' title="bbox 3370 508 3510 567">
     <span class='ocr_line' id='line_1_67' title="bbox 3370 508 3510 567; baseline 0.021 -3"><span class='ocrx_word' id='word_1_501' title='bbox 3370 508 3510 567; x_wconf 72' lang='lat' dir='ltr'><strong>I070</strong></span> 
     </span>
    </p>
   </div>
   <div class='ocr_carea' id='block_1_64' title="bbox 1935 615 3506 690">
    <p class='ocr_par' dir='ltr' id='par_1_64' title="bbox 1935 615 3506 690">
     <span class='ocr_line' id='line_1_68' title="bbox 1935 615 3506 690; baseline 0.004 -19"><span class='ocrx_word' id='word_1_502' title='bbox 1935 617 1990 671; x_wconf 87' lang='lat' dir='ltr'><strong>in</strong></span> <span class='ocrx_word' id='word_1_503' title='bbox 2018 617 2102 670; x_wconf 88' lang='lat' dir='ltr'><strong>bis</strong></span> <span class='ocrx_word' id='word_1_504' title='bbox 2126 615 2259 673; x_wconf 90' lang='lat' dir='ltr'><strong>locis</strong></span> <span class='ocrx_word' id='word_1_505' title='bbox 2289 615 2547 674; x_wconf 89' lang='lat' dir='ltr'><strong>idolorum</strong></span> <span class='ocrx_word' id='word_1_506' title='bbox 2577 620 2781 675; x_wconf 87' lang='lat' dir='ltr'><strong>cultura</strong></span> <span class='ocrx_word' id='word_1_507' title='bbox 2813 623 3172 678; x_wconf 82' lang='lat' dir='ltr'><strong>commiserat.</strong></span> <span class='ocrx_word' id='word_1_508' title='bbox 3200 618 3372 687; x_wconf 88' lang='lat' dir='ltr'><strong>Deus,</strong></span> <span class='ocrx_word' id='word_1_509' title='bbox 3406 623 3506 690; x_wconf 76' lang='lat' dir='ltr'><strong>ais,</strong></span> 
     </span>
    </p>
   </div>
   <div class='ocr_carea' id='block_1_65' title="bbox 1937 708 3503 784">
    <p class='ocr_par' dir='ltr' id='par_1_65' title="bbox 1937 708 3503 784">
     <span class='ocr_line' id='line_1_69' title="bbox 1937 708 3503 784; baseline 0.003 -22"><span class='ocrx_word' id='word_1_510' title='bbox 1937 709 2048 778; x_wconf 88' lang='lat' dir='ltr'><strong>ipse</strong></span> <span class='ocrx_word' id='word_1_511' title='bbox 2073 708 2162 778; x_wconf 88' lang='lat' dir='ltr'><strong>qui</strong></span> <span class='ocrx_word' id='word_1_512' title='bbox 2187 709 2522 764; x_wconf 87' lang='lat' dir='ltr'><strong>commendat</strong></span> <span class='ocrx_word' id='word_1_513' title='bbox 2565 725 2712 765; x_wconf 89' lang='lat' dir='ltr'><strong>suam</strong></span> <span class='ocrx_word' id='word_1_514' title='bbox 2735 712 3044 769; x_wconf 88' lang='lat' dir='ltr'><strong>charitatem</strong></span> <span class='ocrx_word' id='word_1_515' title='bbox 3073 715 3124 767; x_wconf 90' lang='lat' dir='ltr'><strong>in</strong></span> <span class='ocrx_word' id='word_1_516' title='bbox 3154 712 3304 768; x_wconf 87' lang='lat' dir='ltr'><strong>nobis</strong></span> <span class='ocrx_word' id='word_1_517' title='bbox 3330 711 3503 784; x_wconf 79' lang='lat' dir='ltr'><strong>(Rom.</strong></span> 
     </span>
    </p>
   </div>
   <div class='ocr_carea' id='block_1_66' title="bbox 1933 800 3504 876">
    <p class='ocr_par' dir='ltr' id='par_1_66' title="bbox 1933 800 3504 876">
     <span class='ocr_line' id='line_1_70' title="bbox 1933 800 3504 876; baseline 0.001 -19"><span class='ocrx_word' id='word_1_518' title='bbox 1933 817 1969 857; x_wconf 88' lang='lat' dir='ltr'><strong>v</strong></span> <span class='ocrx_word' id='word_1_519' title='bbox 1987 843 2002 867; x_wconf 91' lang='lat'><strong>,</strong></span> <span class='ocrx_word' id='word_1_520' title='bbox 2029 800 2116 874; x_wconf 86' lang='lat'><strong>8),</strong></span> <span class='ocrx_word' id='word_1_521' title='bbox 2145 801 2231 871; x_wconf 90' lang='lat' dir='ltr'><strong>qui</strong></span> <span class='ocrx_word' id='word_1_522' title='bbox 2254 801 2438 855; x_wconf 79' lang='lat' dir='ltr'><strong>dilexit</strong></span> <span class='ocrx_word' id='word_1_523' title='bbox 2466 816 2560 858; x_wconf 91' lang='lat' dir='ltr'><strong>nos</strong></span> <span class='ocrx_word' id='word_1_524' title='bbox 2580 845 2592 867; x_wconf 94' lang='lat'><strong>,</strong></span> <span class='ocrx_word' id='word_1_525' title='bbox 2625 813 2677 858; x_wconf 88' lang='lat' dir='ltr'><strong>et</strong></span> <span class='ocrx_word' id='word_1_526' title='bbox 2698 801 2834 860; x_wconf 81' lang='lat' dir='ltr'><strong>Filio</strong></span> <span class='ocrx_word' id='word_1_527' title='bbox 2858 821 2955 860; x_wconf 92' lang='lat' dir='ltr'><strong>suo</strong></span> <span class='ocrx_word' id='word_1_528' title='bbox 2983 821 3088 860; x_wconf 91' lang='lat' dir='ltr'><strong>non</strong></span> <span class='ocrx_word' id='word_1_529' title='bbox 3121 806 3382 876; x_wconf 85' lang='lat' dir='ltr'><strong>pepercit,</strong></span> <span class='ocrx_word' id='word_1_530' title='bbox 3412 801 3504 865; x_wconf 83' lang='lat' dir='ltr'><strong>sed</strong></span> 
     </span>
    </p>
   </div>
   <div class='ocr_carea' id='block_1_67' title="bbox 1935 891 3498 968">
    <p class='ocr_par' dir='ltr' id='par_1_67' title="bbox 1935 891 3498 968">
     <span class='ocr_line' id='line_1_71' title="bbox 1935 891 3498 968; baseline 0.002 -22"><span class='ocrx_word' id='word_1_531' title='bbox 1935 906 2033 962; x_wconf 90' lang='lat' dir='ltr'><strong>pro</strong></span> <span class='ocrx_word' id='word_1_532' title='bbox 2060 891 2213 946; x_wconf 83' lang='lat' dir='ltr'><strong>nobis</strong></span> <span class='ocrx_word' id='word_1_533' title='bbox 2257 892 2401 947; x_wconf 90' lang='lat' dir='ltr'><strong>illum</strong></span> <span class='ocrx_word' id='word_1_534' title='bbox 2433 893 2644 949; x_wconf 89' lang='lat' dir='ltr'><strong>tradidit</strong></span> <span class='ocrx_word' id='word_1_535' title='bbox 2669 894 2780 968; x_wconf 89' lang='lat' dir='ltr'><strong>(Id.</strong></span> <span class='ocrx_word' id='word_1_536' title='bbox 2810 913 2896 952; x_wconf 87' lang='lat' dir='ltr'><strong>vttt</strong></span> <span class='ocrx_word' id='word_1_537' title='bbox 2918 938 2934 963; x_wconf 94' lang='lat'><strong>,</strong></span> <span class='ocrx_word' id='word_1_538' title='bbox 2960 895 3052 965; x_wconf 75' lang='lat'><strong>32)</strong></span> <span class='ocrx_word' id='word_1_539' title='bbox 3071 937 3088 964; x_wconf 98' lang='lat'><strong>,</strong></span> <span class='ocrx_word' id='word_1_540' title='bbox 3117 897 3229 965; x_wconf 81' lang='lat' dir='ltr'><strong>ipse</strong></span> <span class='ocrx_word' id='word_1_541' title='bbox 3267 898 3342 950; x_wconf 91' lang='lat' dir='ltr'><strong>sic</strong></span> <span class='ocrx_word' id='word_1_542' title='bbox 3363 896 3498 966; x_wconf 80' lang='lat' dir='ltr'><strong>judi-</strong></span> 
     </span>
    </p>
   </div>
   <div class='ocr_carea' id='block_1_68' title="bbox 1937 983 3502 1058">
    <p class='ocr_par' dir='ltr' id='par_1_68' title="bbox 1937 983 3502 1058">
     <span class='ocr_line' id='line_1_72' title="bbox 1937 983 3502 1058; baseline 0.003 -19"><span class='ocrx_word' id='word_1_543' title='bbox 1937 995 2054 1049; x_wconf 89' lang='lat' dir='ltr'><strong>cat,</strong></span> <span class='ocrx_word' id='word_1_544' title='bbox 2085 983 2196 1054; x_wconf 87' lang='lat' dir='ltr'><strong>ipse</strong></span> <span class='ocrx_word' id='word_1_545' title='bbox 2218 993 2300 1040; x_wconf 91' lang='lat' dir='ltr'><strong>est</strong></span> <span class='ocrx_word' id='word_1_546' title='bbox 2347 987 2673 1040; x_wconf 86' lang='lat' dir='ltr'><strong>nascentium</strong></span> <span class='ocrx_word' id='word_1_547' title='bbox 2715 999 3058 1056; x_wconf 87' lang='lat' dir='ltr'><strong>persecutor,</strong></span> <span class='ocrx_word' id='word_1_548' title='bbox 3091 988 3204 1058; x_wconf 86' lang='lat' dir='ltr'><strong>ipse</strong></span> <span class='ocrx_word' id='word_1_549' title='bbox 3248 1003 3344 1058; x_wconf 91' lang='lat' dir='ltr'><strong>pro</strong></span> <span class='ocrx_word' id='word_1_550' title='bbox 3373 989 3502 1043; x_wconf 89' lang='lat' dir='ltr'><strong>mala</strong></span> 
     </span>
    </p>
   </div>
   <div class='ocr_carea' id='block_1_69' title="bbox 1935 1074 3503 1147">
    <p class='ocr_par' dir='ltr' id='par_1_69' title="bbox 1935 1074 3503 1147">
     <span class='ocr_line' id='line_1_73' title="bbox 1935 1074 3503 1147; baseline 0.003 -19"><span class='ocrx_word' id='word_1_551' title='bbox 1935 1075 2210 1128; x_wconf 82' lang='lat' dir='ltr'><strong>voluntate</strong></span> <span class='ocrx_word' id='word_1_552' title='bbox 2254 1074 2469 1128; x_wconf 72' lang='lat' dir='ltr'><strong>mternis</strong></span> <span class='ocrx_word' id='word_1_553' title='bbox 2500 1074 2704 1144; x_wconf 75' lang='lat' dir='ltr'><strong>ignibus</strong></span> <span class='ocrx_word' id='word_1_554' title='bbox 2746 1075 2994 1144; x_wconf 84' lang='lat' dir='ltr'><strong>parvulos</strong></span> <span class='ocrx_word' id='word_1_555' title='bbox 3021 1074 3178 1131; x_wconf 88' lang='lat' dir='ltr'><strong>tradit</strong></span> <span class='ocrx_word' id='word_1_556' title='bbox 3204 1119 3218 1142; x_wconf 93' lang='lat'><strong>,</strong></span> <span class='ocrx_word' id='word_1_557' title='bbox 3250 1093 3382 1147; x_wconf 90' lang='lat' dir='ltr'><strong>quos</strong></span> <span class='ocrx_word' id='word_1_558' title='bbox 3413 1094 3503 1132; x_wconf 85' lang='lat' dir='ltr'><strong>nec</strong></span> 
     </span>
    </p>
   </div>
   <div class='ocr_carea' id='block_1_70' title="bbox 1939 1165 3507 1238">
    <p class='ocr_par' dir='ltr' id='par_1_70' title="bbox 1939 1165 3507 1238">
     <span class='ocr_line' id='line_1_74' title="bbox 1939 1165 3507 1238; baseline 0.003 -19"><span class='ocrx_word' id='word_1_559' title='bbox 1939 1166 2128 1220; x_wconf 90' lang='lat' dir='ltr'><strong>bonam</strong></span> <span class='ocrx_word' id='word_1_560' title='bbox 2150 1207 2165 1233; x_wconf 91' lang='lat'><strong>,</strong></span> <span class='ocrx_word' id='word_1_561' title='bbox 2198 1181 2295 1219; x_wconf 88' lang='lat' dir='ltr'><strong>nec</strong></span> <span class='ocrx_word' id='word_1_562' title='bbox 2325 1165 2514 1219; x_wconf 91' lang='lat' dir='ltr'><strong>malam</strong></span> <span class='ocrx_word' id='word_1_563' title='bbox 2547 1167 2870 1221; x_wconf 85' lang='lat' dir='ltr'><strong>voluntatem</strong></span> <span class='ocrx_word' id='word_1_564' title='bbox 2897 1167 2999 1220; x_wconf 84' lang='lat' dir='ltr'><strong>scit</strong></span> <span class='ocrx_word' id='word_1_565' title='bbox 3026 1165 3224 1223; x_wconf 89' lang='lat' dir='ltr'><strong>habere</strong></span> <span class='ocrx_word' id='word_1_566' title='bbox 3255 1169 3507 1238; x_wconf 85' lang='lat' dir='ltr'><strong>potuisse.</strong></span> 
     </span>
    </p>
   </div>
   <div class='ocr_carea' id='block_1_71' title="bbox 1939 1257 3512 1328">
    <p class='ocr_par' dir='ltr' id='par_1_71' title="bbox 1939 1257 3512 1328">
     <span class='ocr_line' id='line_1_75' title="bbox 1939 1257 3512 1328; baseline 0.004 -18"><span class='ocrx_word' id='word_1_567' title='bbox 1939 1257 2066 1314; x_wconf 83' lang='lat' dir='ltr'><strong>Post</strong></span> <span class='ocrx_word' id='word_1_568' title='bbox 2095 1257 2230 1312; x_wconf 87' lang='lat' dir='ltr'><strong>hanc</strong></span> <span class='ocrx_word' id='word_1_569' title='bbox 2257 1262 2382 1328; x_wconf 87' lang='lat' dir='ltr'><strong>ergo</strong></span> <span class='ocrx_word' id='word_1_570' title='bbox 2428 1259 2771 1323; x_wconf 88' lang='lat' dir='ltr'><strong>sententiam,</strong></span> <span class='ocrx_word' id='word_1_571' title='bbox 2810 1266 2916 1313; x_wconf 90' lang='lat' dir='ltr'><strong>tam</strong></span> <span class='ocrx_word' id='word_1_572' title='bbox 2944 1259 3225 1316; x_wconf 86' lang='lat' dir='ltr'><strong>immanem</strong></span> <span class='ocrx_word' id='word_1_573' title='bbox 3248 1302 3262 1326; x_wconf 86' lang='lat'><strong>,</strong></span> <span class='ocrx_word' id='word_1_574' title='bbox 3292 1271 3398 1316; x_wconf 87' lang='lat' dir='ltr'><strong>tam</strong></span> <span class='ocrx_word' id='word_1_575' title='bbox 3429 1278 3512 1316; x_wconf 90' lang='lat' dir='ltr'><strong>sa-</strong></span> 
     </span>
    </p>
   </div>
   <div class='ocr_carea' id='block_1_72' title="bbox 1939 1348 3510 1421">
    <p class='ocr_par' dir='ltr' id='par_1_72' title="bbox 1939 1348 3510 1421">
     <span class='ocr_line' id='line_1_76' title="bbox 1939 1348 3510 1421; baseline 0.002 -18"><span class='ocrx_word' id='word_1_576' title='bbox 1939 1349 2226 1420; x_wconf 88' lang='lat' dir='ltr'><strong>crilegam,</strong></span> <span class='ocrx_word' id='word_1_577' title='bbox 2271 1359 2379 1404; x_wconf 92' lang='lat' dir='ltr'><strong>tam</strong></span> <span class='ocrx_word' id='word_1_578' title='bbox 2409 1348 2707 1416; x_wconf 81' lang='lat' dir='ltr'><strong>funestam,</strong></span> <span class='ocrx_word' id='word_1_579' title='bbox 2758 1349 2802 1404; x_wconf 91' lang='lat' dir='ltr'><strong>si</strong></span> <span class='ocrx_word' id='word_1_580' title='bbox 2848 1352 2990 1406; x_wconf 90' lang='lat' dir='ltr'><strong>sanis</strong></span> <span class='ocrx_word' id='word_1_581' title='bbox 3025 1349 3293 1421; x_wconf 86' lang='lat' dir='ltr'><strong>judicibus</strong></span> <span class='ocrx_word' id='word_1_582' title='bbox 3336 1361 3510 1407; x_wconf 89' lang='lat' dir='ltr'><strong>utere-</strong></span> 
     </span>
    </p>
   </div>
   <div class='ocr_carea' id='block_1_73' title="bbox 1939 1439 3515 1509">
    <p class='ocr_par' dir='ltr' id='par_1_73' title="bbox 1939 1439 3515 1509">
     <span class='ocr_line' id='line_1_77' title="bbox 1939 1439 3515 1509; baseline 0.001 -15"><span class='ocrx_word' id='word_1_583' title='bbox 1939 1453 2094 1502; x_wconf 88' lang='lat' dir='ltr'><strong>mur,</strong></span> <span class='ocrx_word' id='word_1_584' title='bbox 2143 1439 2271 1494; x_wconf 84' lang='lat' dir='ltr'><strong>nihil</strong></span> <span class='ocrx_word' id='word_1_585' title='bbox 2318 1448 2512 1509; x_wconf 69' lang='lat' dir='ltr'><strong>praeter</strong></span> <span class='ocrx_word' id='word_1_586' title='bbox 2551 1441 2968 1495; x_wconf 82' lang='lat' dir='ltr'><strong>exsecrationem</strong></span> <span class='ocrx_word' id='word_1_587' title='bbox 3011 1440 3085 1495; x_wconf 86' lang='lat' dir='ltr'><strong>tui</strong></span> <span class='ocrx_word' id='word_1_588' title='bbox 3121 1439 3320 1495; x_wconf 89' lang='lat' dir='ltr'><strong>referre</strong></span> <span class='ocrx_word' id='word_1_589' title='bbox 3357 1441 3515 1496; x_wconf 89' lang='lat' dir='ltr'><strong>debe-</strong></span> 
     </span>
    </p>
   </div>
   <div class='ocr_carea' id='block_1_74' title="bbox 1941 1531 3510 1604">
    <p class='ocr_par' dir='ltr' id='par_1_74' title="bbox 1941 1531 3510 1604">
     <span class='ocr_line' id='line_1_78' title="bbox 1941 1531 3510 1604; baseline -0.001 -18"><span class='ocrx_word' id='word_1_590' title='bbox 1941 1546 2074 1586; x_wconf 81' lang='lat' dir='ltr'><strong>rem.</strong></span> <span class='ocrx_word' id='word_1_591' title='bbox 2103 1531 2248 1586; x_wconf 82' lang='lat' dir='ltr'><strong>Justa</strong></span> <span class='ocrx_word' id='word_1_592' title='bbox 2280 1533 2296 1564; x_wconf 81' lang='grc'>¹</span> <span class='ocrx_word' id='word_1_593' title='bbox 2324 1531 2466 1587; x_wconf 86' lang='lat' dir='ltr'><strong>enim</strong></span> <span class='ocrx_word' id='word_1_594' title='bbox 2488 1574 2501 1598; x_wconf 89' lang='lat'><strong>,</strong></span> <span class='ocrx_word' id='word_1_595' title='bbox 2547 1543 2598 1586; x_wconf 89' lang='lat' dir='ltr'><strong>et</strong></span> <span class='ocrx_word' id='word_1_596' title='bbox 2633 1532 2885 1602; x_wconf 84' lang='lat' dir='ltr'><strong>probabili</strong></span> <span class='ocrx_word' id='word_1_597' title='bbox 2911 1534 3199 1604; x_wconf 81' lang='lat' dir='ltr'><strong>gravitate,</strong></span> <span class='ocrx_word' id='word_1_598' title='bbox 3243 1533 3510 1603; x_wconf 86' lang='lat' dir='ltr'><strong>indignum</strong></span> 
     </span>
    </p>
   </div>
   <div class='ocr_carea' id='block_1_75' title="bbox 1941 1622 3513 1695">
    <p class='ocr_par' dir='ltr' id='par_1_75' title="bbox 1941 1622 3513 1695">
     <span class='ocr_line' id='line_1_79' title="bbox 1941 1622 3513 1695; baseline 0 -17"><span class='ocrx_word' id='word_1_599' title='bbox 1941 1629 1994 1679; x_wconf 88' lang='lat' dir='ltr'><strong>te</strong></span> <span class='ocrx_word' id='word_1_600' title='bbox 2020 1622 2372 1694; x_wconf 88' lang='lat' dir='ltr'><strong>disputatione</strong></span> <span class='ocrx_word' id='word_1_601' title='bbox 2398 1638 2670 1679; x_wconf 86' lang='lat' dir='ltr'><strong>censerem</strong></span> <span class='ocrx_word' id='word_1_602' title='bbox 2693 1666 2706 1691; x_wconf 92' lang='lat'><strong>,</strong></span> <span class='ocrx_word' id='word_1_603' title='bbox 2735 1624 2825 1695; x_wconf 89' lang='lat' dir='ltr'><strong>qui</strong></span> <span class='ocrx_word' id='word_1_604' title='bbox 2853 1639 2915 1680; x_wconf 91' lang='lat' dir='ltr'><strong>eo</strong></span> <span class='ocrx_word' id='word_1_605' title='bbox 2944 1639 3109 1695; x_wconf 84' lang='lat' dir='ltr'><strong>usque</strong></span> <span class='ocrx_word' id='word_1_606' title='bbox 3131 1625 3199 1681; x_wconf 92' lang='lat' dir='ltr'><strong>ab</strong></span> <span class='ocrx_word' id='word_1_607' title='bbox 3222 1624 3474 1695; x_wconf 85' lang='lat' dir='ltr'><strong>religione</strong></span> <span class='ocrx_word' id='word_1_608' title='bbox 3499 1667 3513 1692; x_wconf 92' lang='lat'><strong>,</strong></span> 
     </span>
    </p>
   </div>
   <div class='ocr_carea' id='block_1_76' title="bbox 1943 1715 3515 1787">
    <p class='ocr_par' dir='ltr' id='par_1_76' title="bbox 1943 1715 3515 1787">
     <span class='ocr_line' id='line_1_80' title="bbox 1943 1715 3515 1787; baseline -0.001 -16"><span class='ocrx_word' id='word_1_609' title='bbox 1943 1715 2010 1771; x_wconf 90' lang='lat' dir='ltr'><strong>ab</strong></span> <span class='ocrx_word' id='word_1_610' title='bbox 2033 1717 2329 1772; x_wconf 88' lang='lat' dir='ltr'><strong>eruditione</strong></span> <span class='ocrx_word' id='word_1_611' title='bbox 2349 1759 2362 1779; x_wconf 79' lang='lat'><strong>,</strong></span> <span class='ocrx_word' id='word_1_612' title='bbox 2391 1723 2419 1767; x_wconf 68' lang='grc' dir='ltr'>π</span> <span class='ocrx_word' id='word_1_613' title='bbox 2457 1715 2825 1772; x_wconf 88' lang='lat' dir='ltr'><strong>communibus</strong></span> <span class='ocrx_word' id='word_1_614' title='bbox 2855 1727 3124 1787; x_wconf 75' lang='lat' dir='ltr'><strong>posuemo</strong></span> <span class='ocrx_word' id='word_1_615' title='bbox 3150 1716 3394 1773; x_wconf 89' lang='lat' dir='ltr'><strong>sensibus</strong></span> <span class='ocrx_word' id='word_1_616' title='bbox 3419 1732 3515 1769; x_wconf 89' lang='lat' dir='ltr'><strong>au-</strong></span> 
     </span>
    </p>
   </div>
   <div class='ocr_carea' id='block_1_77' title="bbox 1944 1804 3517 1878">
    <p class='ocr_par' dir='ltr' id='par_1_77' title="bbox 1944 1804 3517 1878">
     <span class='ocr_line' id='line_1_81' title="bbox 1944 1804 3517 1878; baseline -0.001 -16"><span class='ocrx_word' id='word_1_617' title='bbox 1944 1807 2196 1878; x_wconf 74' lang='lat' dir='ltr'><strong>mgisses,</strong></span> <span class='ocrx_word' id='word_1_618' title='bbox 2229 1817 2286 1860; x_wconf 93' lang='lat' dir='ltr'><strong>ut</strong></span> <span class='ocrx_word' id='word_1_619' title='bbox 2316 1804 2453 1876; x_wconf 85' lang='lat' dir='ltr'><strong>quod</strong></span> <span class='ocrx_word' id='word_1_620' title='bbox 2480 1807 2563 1862; x_wconf 85' lang='lat' dir='ltr'><strong>vix</strong></span> <span class='ocrx_word' id='word_1_621' title='bbox 2586 1807 2691 1861; x_wconf 90' lang='lat' dir='ltr'><strong>ulla</strong></span> <span class='ocrx_word' id='word_1_622' title='bbox 2729 1805 3031 1874; x_wconf 84' lang='lat' dir='ltr'><strong>barbaries,</strong></span> <span class='ocrx_word' id='word_1_623' title='bbox 3062 1807 3344 1862; x_wconf 90' lang='lat' dir='ltr'><strong>Dominum</strong></span> <span class='ocrx_word' id='word_1_624' title='bbox 3372 1814 3517 1862; x_wconf 88' lang='lat' dir='ltr'><strong>tuum</strong></span> 
     </span>
    </p>
   </div>
   <div class='ocr_carea' id='block_1_78' title="bbox 1943 1900 2536 1968">
    <p class='ocr_par' dir='ltr' id='par_1_78' title="bbox 1943 1900 2536 1968">
     <span class='ocr_line' id='line_1_82' title="bbox 1943 1900 2536 1968; baseline 0 -14"><span class='ocrx_word' id='word_1_625' title='bbox 1943 1900 2285 1954; x_wconf 84' lang='lat' dir='ltr'><strong>criminosum</strong></span> <span class='ocrx_word' id='word_1_626' title='bbox 2305 1906 2536 1968; x_wconf 87' lang='lat' dir='ltr'><strong>putares.</strong></span> 
     </span>
    </p>
   </div>
   <div class='ocr_carea' id='block_1_79' title="bbox 2016 1989 3521 2061">
    <p class='ocr_par' dir='ltr' id='par_1_79' title="bbox 2016 1989 3521 2061">
     <span class='ocr_line' id='line_1_83' title="bbox 2016 1989 3521 2061; baseline 0.001 -17"><span class='ocrx_word' id='word_1_627' title='bbox 2016 1991 2149 2046; x_wconf 79' lang='lat' dir='ltr'><strong>Anc.</strong></span> <span class='ocrx_word' id='word_1_628' title='bbox 2184 1989 2298 2044; x_wconf 78' lang='lat' dir='ltr'><strong>Non</strong></span> <span class='ocrx_word' id='word_1_629' title='bbox 2344 1999 2424 2044; x_wconf 87' lang='lat' dir='ltr'><strong>est</strong></span> <span class='ocrx_word' id='word_1_630' title='bbox 2467 2003 2748 2060; x_wconf 87' lang='lat' dir='ltr'><strong>magnum,</strong></span> <span class='ocrx_word' id='word_1_631' title='bbox 2794 1989 2934 2061; x_wconf 89' lang='lat' dir='ltr'><strong>quod</strong></span> <span class='ocrx_word' id='word_1_632' title='bbox 2978 1989 3127 2046; x_wconf 83' lang='lat' dir='ltr'><strong>vides</strong></span> <span class='ocrx_word' id='word_1_633' title='bbox 3171 2004 3276 2045; x_wconf 93' lang='lat' dir='ltr'><strong>non</strong></span> <span class='ocrx_word' id='word_1_634' title='bbox 3325 1990 3521 2046; x_wconf 87' lang='lat' dir='ltr'><strong>habere</strong></span> 
     </span>
    </p>
   </div>
   <div class='ocr_carea' id='block_1_80' title="bbox 1947 2080 3518 2152">
    <p class='ocr_par' dir='ltr' id='par_1_80' title="bbox 1947 2080 3518 2152">
     <span class='ocr_line' id='line_1_84' title="bbox 1947 2080 3518 2152; baseline 0.001 -18"><span class='ocrx_word' id='word_1_635' title='bbox 1947 2082 2191 2150; x_wconf 89' lang='lat' dir='ltr'><strong>parvulos</strong></span> <span class='ocrx_word' id='word_1_636' title='bbox 2215 2083 2476 2150; x_wconf 80' lang='lat' dir='ltr'><strong>propriam</strong></span> <span class='ocrx_word' id='word_1_637' title='bbox 2504 2080 2824 2135; x_wconf 81' lang='lat' dir='ltr'><strong>voluntatem</strong></span> <span class='ocrx_word' id='word_1_638' title='bbox 2852 2082 2916 2134; x_wconf 90' lang='lat' dir='ltr'><strong>ad</strong></span> <span class='ocrx_word' id='word_1_639' title='bbox 2947 2081 3246 2152; x_wconf 87' lang='lat' dir='ltr'><strong>eligendum</strong></span> <span class='ocrx_word' id='word_1_640' title='bbox 3285 2081 3482 2137; x_wconf 89' lang='lat' dir='ltr'><strong>bonum</strong></span> <span class='ocrx_word' id='word_1_641' title='bbox 3505 2126 3518 2146; x_wconf 94' lang='lat'><strong>,</strong></span> 
     </span>
    </p>
   </div>
   <div class='ocr_carea' id='block_1_81' title="bbox 1946 2169 3520 2243">
    <p class='ocr_par' dir='ltr' id='par_1_81' title="bbox 1946 2169 3520 2243">
     <span class='ocr_line' id='line_1_85' title="bbox 1946 2169 3520 2243; baseline 0.001 -17"><span class='ocrx_word' id='word_1_642' title='bbox 1946 2174 2028 2226; x_wconf 84' lang='lat' dir='ltr'><strong>vel</strong></span> <span class='ocrx_word' id='word_1_643' title='bbox 2061 2173 2275 2225; x_wconf 89' lang='lat' dir='ltr'><strong>malum.</strong></span> <span class='ocrx_word' id='word_1_644' title='bbox 2314 2169 2443 2226; x_wconf 91' lang='lat' dir='ltr'><strong>Illud</strong></span> <span class='ocrx_word' id='word_1_645' title='bbox 2478 2170 2661 2226; x_wconf 86' lang='lat' dir='ltr'><strong>vellem</strong></span> <span class='ocrx_word' id='word_1_646' title='bbox 2705 2172 2911 2228; x_wconf 86' lang='lat' dir='ltr'><strong>videres</strong></span> <span class='ocrx_word' id='word_1_647' title='bbox 2933 2214 2946 2237; x_wconf 94' lang='lat'><strong>,</strong></span> <span class='ocrx_word' id='word_1_648' title='bbox 2971 2172 3109 2242; x_wconf 89' lang='lat' dir='ltr'><strong>quod</strong></span> <span class='ocrx_word' id='word_1_649' title='bbox 3132 2171 3258 2227; x_wconf 90' lang='lat' dir='ltr'><strong>vidit</strong></span> <span class='ocrx_word' id='word_1_650' title='bbox 3279 2172 3369 2243; x_wconf 89' lang='lat' dir='ltr'><strong>qui</strong></span> <span class='ocrx_word' id='word_1_651' title='bbox 3386 2173 3520 2228; x_wconf 87' lang='lat' dir='ltr'><strong>scri-</strong></span> 
     </span>
    </p>
   </div>
   <div class='ocr_carea' id='block_1_82' title="bbox 1946 2260 3518 2332">
    <p class='ocr_par' dir='ltr' id='par_1_82' title="bbox 1946 2260 3518 2332">
     <span class='ocr_line' id='line_1_86' title="bbox 1946 2260 3518 2332; baseline 0 -14"><span class='ocrx_word' id='word_1_652' title='bbox 1946 2264 2081 2318; x_wconf 84' lang='lat' dir='ltr'><strong>bcns</strong></span> <span class='ocrx_word' id='word_1_653' title='bbox 2122 2264 2185 2317; x_wconf 83' lang='lat' dir='ltr'><strong>ad</strong></span> <span class='ocrx_word' id='word_1_654' title='bbox 2213 2263 2463 2318; x_wconf 76' lang='lat' dir='ltr'><strong>Hebrzcos</strong></span> <span class='ocrx_word' id='word_1_655' title='bbox 2501 2263 2670 2332; x_wconf 82' lang='lat' dir='ltr'><strong>dixit,</strong></span> <span class='ocrx_word' id='word_1_656' title='bbox 2719 2264 2878 2318; x_wconf 79' lang='lat' dir='ltr'><strong>lilium</strong></span> <span class='ocrx_word' id='word_1_657' title='bbox 2923 2260 3087 2318; x_wconf 90' lang='lat' dir='ltr'><strong>Israel</strong></span> <span class='ocrx_word' id='word_1_658' title='bbox 3116 2263 3240 2319; x_wconf 84' lang='lat' dir='ltr'><strong>Levi</strong></span> <span class='ocrx_word' id='word_1_659' title='bbox 3284 2263 3337 2318; x_wconf 92' lang='lat' dir='ltr'><strong>in</strong></span> <span class='ocrx_word' id='word_1_660' title='bbox 3381 2265 3518 2319; x_wconf 89' lang='lat' dir='ltr'><strong>lum-</strong></span> 
     </span>
    </p>
   </div>
   <div class='ocr_carea' id='block_1_83' title="bbox 1947 2355 3523 2426">
    <p class='ocr_par' dir='ltr' id='par_1_83' title="bbox 1947 2355 3523 2426">
     <span class='ocr_line' id='line_1_87' title="bbox 1947 2355 3523 2426; baseline 0.001 -17"><span class='ocrx_word' id='word_1_661' title='bbox 1947 2356 2070 2409; x_wconf 79' lang='lat' dir='ltr'><strong>bis&quot;</strong></span> <span class='ocrx_word' id='word_1_662' title='bbox 2098 2355 2362 2408; x_wconf 79' lang='lat' dir='ltr'><strong>Abraham</strong></span> <span class='ocrx_word' id='word_1_663' title='bbox 2404 2355 2568 2426; x_wconf 87' lang='lat' dir='ltr'><strong>patris</strong></span> <span class='ocrx_word' id='word_1_664' title='bbox 2607 2355 2687 2409; x_wconf 90' lang='lat' dir='ltr'><strong>sui</strong></span> <span class='ocrx_word' id='word_1_665' title='bbox 2713 2355 2905 2420; x_wconf 89' lang='lat' dir='ltr'><strong>fuisse,</strong></span> <span class='ocrx_word' id='word_1_666' title='bbox 2949 2355 3160 2425; x_wconf 86' lang='lat' dir='ltr'><strong>quando</strong></span> <span class='ocrx_word' id='word_1_667' title='bbox 3199 2366 3280 2411; x_wconf 91' lang='lat' dir='ltr'><strong>est</strong></span> <span class='ocrx_word' id='word_1_668' title='bbox 3303 2356 3390 2409; x_wconf 89' lang='lat' dir='ltr'><strong>ille</strong></span> <span class='ocrx_word' id='word_1_669' title='bbox 3427 2356 3523 2411; x_wconf 83' lang='lat' dir='ltr'><strong>de-</strong></span> 
     </span>
    </p>
   </div>
   <div class='ocr_carea' id='block_1_84' title="bbox 1948 2445 3520 2512">
    <p class='ocr_par' dir='ltr' id='par_1_84' title="bbox 1948 2445 3520 2512">
     <span class='ocr_line' id='line_1_88' title="bbox 1948 2445 3520 2512; baseline 0 -12"><span class='ocrx_word' id='word_1_670' title='bbox 1948 2447 2205 2512; x_wconf 84' lang='lat' dir='ltr'><strong>cimatus,</strong></span> <span class='ocrx_word' id='word_1_671' title='bbox 2235 2456 2288 2500; x_wconf 91' lang='lat' dir='ltr'><strong>et</strong></span> <span class='ocrx_word' id='word_1_672' title='bbox 2315 2446 2435 2501; x_wconf 88' lang='lat' dir='ltr'><strong>ideo</strong></span> <span class='ocrx_word' id='word_1_673' title='bbox 2455 2445 2611 2500; x_wconf 88' lang='lat' dir='ltr'><strong>etiam</strong></span> <span class='ocrx_word' id='word_1_674' title='bbox 2641 2445 2796 2501; x_wconf 88' lang='lat' dir='ltr'><strong>istum</strong></span> <span class='ocrx_word' id='word_1_675' title='bbox 2820 2447 2872 2500; x_wconf 90' lang='lat' dir='ltr'><strong>in</strong></span> <span class='ocrx_word' id='word_1_676' title='bbox 2895 2445 2986 2500; x_wconf 91' lang='lat' dir='ltr'><strong>illo</strong></span> <span class='ocrx_word' id='word_1_677' title='bbox 3016 2446 3175 2501; x_wconf 86' lang='lat' dir='ltr'><strong>fuisse</strong></span> <span class='ocrx_word' id='word_1_678' title='bbox 3201 2445 3520 2501; x_wconf 90' lang='lat' dir='ltr'><strong>decimatum</strong></span> 
     </span>
    </p>
   </div>
   <div class='ocr_carea' id='block_1_85' title="bbox 1949 2534 3525 2607">
    <p class='ocr_par' dir='ltr' id='par_1_85' title="bbox 1949 2534 3525 2607">
     <span class='ocr_line' id='line_1_89' title="bbox 1949 2534 3525 2607; baseline 0.001 -17"><span class='ocrx_word' id='word_1_679' title='bbox 1949 2536 2133 2607; x_wconf 80' lang='lat' dir='ltr'><strong>(Hebr.</strong></span> <span class='ocrx_word' id='word_1_680' title='bbox 2167 2553 2266 2602; x_wconf 88' lang='lat' dir='ltr'><strong>vn,</strong></span> <span class='ocrx_word' id='word_1_681' title='bbox 2293 2536 2360 2602; x_wconf 87' lang='lat'><strong>9,</strong></span> <span class='ocrx_word' id='word_1_682' title='bbox 2392 2534 2499 2607; x_wconf 72' lang='lat'><strong>10).</strong></span> <span class='ocrx_word' id='word_1_683' title='bbox 2548 2535 2627 2591; x_wconf 90' lang='lat' dir='ltr'><strong>Ad</strong></span> <span class='ocrx_word' id='word_1_684' title='bbox 2655 2537 2756 2590; x_wconf 86' lang='lat' dir='ltr'><strong>hoc</strong></span> <span class='ocrx_word' id='word_1_685' title='bbox 2795 2538 2837 2590; x_wconf 93' lang='lat' dir='ltr'><strong>si</strong></span> <span class='ocrx_word' id='word_1_686' title='bbox 2871 2536 3092 2591; x_wconf 88' lang='lat' dir='ltr'><strong>haberes</strong></span> <span class='ocrx_word' id='word_1_687' title='bbox 3133 2537 3345 2591; x_wconf 89' lang='lat' dir='ltr'><strong>oculum</strong></span> <span class='ocrx_word' id='word_1_688' title='bbox 3383 2535 3525 2591; x_wconf 87' lang='lat' dir='ltr'><strong>chri-</strong></span> 
     </span>
    </p>
   </div>
   <div class='ocr_carea' id='block_1_86' title="bbox 1950 2627 3523 2700">
    <p class='ocr_par' dir='ltr' id='par_1_86' title="bbox 1950 2627 3523 2700">
     <span class='ocr_line' id='line_1_90' title="bbox 1950 2627 3523 2700; baseline -0.001 -16"><span class='ocrx_word' id='word_1_689' title='bbox 1950 2632 2176 2684; x_wconf 89' lang='lat' dir='ltr'><strong>stianum</strong></span> <span class='ocrx_word' id='word_1_690' title='bbox 2199 2672 2213 2695; x_wconf 97' lang='lat'><strong>,</strong></span> <span class='ocrx_word' id='word_1_691' title='bbox 2247 2629 2352 2686; x_wconf 85' lang='lat' dir='ltr'><strong>ﬁde</strong></span> <span class='ocrx_word' id='word_1_692' title='bbox 2373 2644 2657 2694; x_wconf 89' lang='lat' dir='ltr'><strong>cerneres,</strong></span> <span class='ocrx_word' id='word_1_693' title='bbox 2691 2627 2735 2682; x_wconf 91' lang='lat' dir='ltr'><strong>si</strong></span> <span class='ocrx_word' id='word_1_694' title='bbox 2780 2629 3120 2700; x_wconf 85' lang='lat' dir='ltr'><strong>intelligentia</strong></span> <span class='ocrx_word' id='word_1_695' title='bbox 3147 2646 3251 2684; x_wconf 91' lang='lat' dir='ltr'><strong>non</strong></span> <span class='ocrx_word' id='word_1_696' title='bbox 3287 2630 3523 2696; x_wconf 88' lang='lat' dir='ltr'><strong>valeres,</strong></span> 
     </span>
    </p>
   </div>
   <div class='ocr_carea' id='block_1_87' title="bbox 1951 2719 3528 2791">
    <p class='ocr_par' dir='ltr' id='par_1_87' title="bbox 1951 2719 3528 2791">
     <span class='ocr_line' id='line_1_91' title="bbox 1951 2719 3528 2791; baseline -0.001 -16"><span class='ocrx_word' id='word_1_697' title='bbox 1951 2721 2004 2775; x_wconf 88' lang='lat' dir='ltr'><strong>in</strong></span> <span class='ocrx_word' id='word_1_698' title='bbox 2033 2722 2226 2776; x_wconf 88' lang='lat' dir='ltr'><strong>lumbis</strong></span> <span class='ocrx_word' id='word_1_699' title='bbox 2264 2721 2435 2776; x_wconf 86' lang='lat' dir='ltr'><strong>Adam</strong></span> <span class='ocrx_word' id='word_1_700' title='bbox 2473 2719 2638 2776; x_wconf 88' lang='lat' dir='ltr'><strong>fuisse</strong></span> <span class='ocrx_word' id='word_1_701' title='bbox 2666 2736 2854 2776; x_wconf 84' lang='lat' dir='ltr'><strong>omnes</strong></span> <span class='ocrx_word' id='word_1_702' title='bbox 2881 2721 2970 2791; x_wconf 87' lang='lat' dir='ltr'><strong>qui</strong></span> <span class='ocrx_word' id='word_1_703' title='bbox 2993 2737 3057 2775; x_wconf 83' lang='lat' dir='ltr'><strong>ex</strong></span> <span class='ocrx_word' id='word_1_704' title='bbox 3090 2719 3182 2776; x_wconf 93' lang='lat' dir='ltr'><strong>illo</strong></span> <span class='ocrx_word' id='word_1_705' title='bbox 3208 2720 3413 2776; x_wconf 82' lang='lat' dir='ltr'><strong>fuerant</strong></span> <span class='ocrx_word' id='word_1_706' title='bbox 3435 2737 3528 2791; x_wconf 92' lang='lat' dir='ltr'><strong>per</strong></span> 
     </span>
    </p>
   </div>
   <div class='ocr_carea' id='block_1_88' title="bbox 1951 2813 3530 2884">
    <p class='ocr_par' dir='ltr' id='par_1_88' title="bbox 1951 2813 3530 2884">
     <span class='ocr_line' id='line_1_92' title="bbox 1951 2813 3530 2884; baseline 0 -16"><span class='ocrx_word' id='word_1_707' title='bbox 1951 2814 2436 2884; x_wconf 89' lang='lat' dir='ltr'><strong>concupiscentiam</strong></span> <span class='ocrx_word' id='word_1_708' title='bbox 2482 2814 2658 2868; x_wconf 90' lang='lat' dir='ltr'><strong>carnis</strong></span> <span class='ocrx_word' id='word_1_709' title='bbox 2695 2813 2914 2878; x_wconf 90' lang='lat' dir='ltr'><strong>orituri;</strong></span> <span class='ocrx_word' id='word_1_710' title='bbox 2967 2829 3156 2884; x_wconf 89' lang='lat' dir='ltr'><strong>quam,</strong></span> <span class='ocrx_word' id='word_1_711' title='bbox 3201 2823 3317 2883; x_wconf 90' lang='lat' dir='ltr'><strong>post</strong></span> <span class='ocrx_word' id='word_1_712' title='bbox 3345 2828 3530 2882; x_wconf 87' lang='lat' dir='ltr'><strong>pecca-</strong></span> 
     </span>
    </p>
   </div>
   <div class='ocr_carea' id='block_1_89' title="bbox 1955 2903 3530 2977">
    <p class='ocr_par' dir='ltr' id='par_1_89' title="bbox 1955 2903 3530 2977">
     <span class='ocr_line' id='line_1_93' title="bbox 1955 2903 3530 2977; baseline -0.002 -17"><span class='ocrx_word' id='word_1_713' title='bbox 1955 2916 2096 2972; x_wconf 90' lang='lat' dir='ltr'><strong>tum,</strong></span> <span class='ocrx_word' id='word_1_714' title='bbox 2128 2920 2234 2977; x_wconf 89' lang='lat' dir='ltr'><strong>quo</strong></span> <span class='ocrx_word' id='word_1_715' title='bbox 2259 2905 2335 2960; x_wconf 91' lang='lat' dir='ltr'><strong>illi</strong></span> <span class='ocrx_word' id='word_1_716' title='bbox 2357 2919 2452 2961; x_wconf 86' lang='lat' dir='ltr'><strong>sua</strong></span> <span class='ocrx_word' id='word_1_717' title='bbox 2491 2904 2702 2960; x_wconf 87' lang='lat' dir='ltr'><strong>nuditas</strong></span> <span class='ocrx_word' id='word_1_718' title='bbox 2732 2906 2964 2960; x_wconf 89' lang='lat' dir='ltr'><strong>nuntiata</strong></span> <span class='ocrx_word' id='word_1_719' title='bbox 2995 2913 3106 2970; x_wconf 89' lang='lat' dir='ltr'><strong>est,</strong></span> <span class='ocrx_word' id='word_1_720' title='bbox 3149 2903 3348 2970; x_wconf 84' lang='lat' dir='ltr'><strong>sensit,</strong></span> <span class='ocrx_word' id='word_1_721' title='bbox 3379 2919 3530 2975; x_wconf 88' lang='lat' dir='ltr'><strong>aspe-</strong></span> 
     </span>
    </p>
   </div>
   <div class='ocr_carea' id='block_1_90' title="bbox 1952 2995 3529 3068">
    <p class='ocr_par' dir='ltr' id='par_1_90' title="bbox 1952 2995 3529 3068">
     <span class='ocr_line' id='line_1_94' title="bbox 1952 2995 3529 3068; baseline -0.001 -14"><span class='ocrx_word' id='word_1_722' title='bbox 1952 2999 2061 3062; x_wconf 83' lang='lat' dir='ltr'><strong>xit,</strong></span> <span class='ocrx_word' id='word_1_723' title='bbox 2089 3000 2329 3061; x_wconf 88' lang='lat' dir='ltr'><strong>erubuit,</strong></span> <span class='ocrx_word' id='word_1_724' title='bbox 2362 2999 2590 3068; x_wconf 89' lang='lat' dir='ltr'><strong>operuit.</strong></span> <span class='ocrx_word' id='word_1_725' title='bbox 2619 2995 2772 3054; x_wconf 88' lang='lat' dir='ltr'><strong>Unde</strong></span> <span class='ocrx_word' id='word_1_726' title='bbox 2799 2998 3111 3053; x_wconf 76' lang='lat' dir='ltr'><strong>Ambrosius</strong></span> <span class='ocrx_word' id='word_1_727' title='bbox 3138 2997 3325 3054; x_wconf 91' lang='lat' dir='ltr'><strong>doctor</strong></span> <span class='ocrx_word' id='word_1_728' title='bbox 3344 3013 3494 3052; x_wconf 88' lang='lat' dir='ltr'><strong>meus</strong></span> <span class='ocrx_word' id='word_1_729' title='bbox 3515 3040 3529 3064; x_wconf 91' lang='lat'><strong>,</strong></span> 
     </span>
    </p>
   </div>
   <div class='ocr_carea' id='block_1_91' title="bbox 1955 3089 3533 3161">
    <p class='ocr_par' dir='ltr' id='par_1_91' title="bbox 1955 3089 3533 3161">
     <span class='ocr_line' id='line_1_95' title="bbox 1955 3089 3533 3161; baseline -0.001 -16"><span class='ocrx_word' id='word_1_730' title='bbox 1955 3091 2029 3145; x_wconf 89' lang='lat' dir='ltr'><strong>tui</strong></span> <span class='ocrx_word' id='word_1_731' title='bbox 2053 3105 2264 3161; x_wconf 88' lang='lat' dir='ltr'><strong>quoque</strong></span> <span class='ocrx_word' id='word_1_732' title='bbox 2293 3091 2526 3145; x_wconf 87' lang='lat' dir='ltr'><strong>doctoris</strong></span> <span class='ocrx_word' id='word_1_733' title='bbox 2559 3089 2880 3144; x_wconf 85' lang='lat' dir='ltr'><strong>excellenter</strong></span> <span class='ocrx_word' id='word_1_734' title='bbox 2898 3104 2992 3145; x_wconf 90' lang='lat' dir='ltr'><strong>ore</strong></span> <span class='ocrx_word' id='word_1_735' title='bbox 3019 3089 3260 3144; x_wconf 89' lang='lat' dir='ltr'><strong>laudatus</strong></span> <span class='ocrx_word' id='word_1_736' title='bbox 3285 3106 3300 3143; x_wconf 93' lang='lat'><strong>:</strong></span> <span class='ocrx_word' id='word_1_737' title='bbox 3328 3109 3348 3142; x_wconf 70' lang='grc' dir='ltr'>ι</span> <span class='ocrx_word' id='word_1_738' title='bbox 3380 3089 3533 3157; x_wconf 84' lang='lat' dir='ltr'><strong>Quod</strong></span> 
     </span>
    </p>
   </div>
   <div class='ocr_carea' id='block_1_92' title="bbox 1953 3180 3533 3254">
    <p class='ocr_par' dir='ltr' id='par_1_92' title="bbox 1953 3180 3533 3254">
     <span class='ocr_line' id='line_1_96' title="bbox 1953 3180 3533 3254; baseline 0.001 -16"><span class='ocrx_word' id='word_1_739' title='bbox 1953 3182 2111 3253; x_wconf 77' lang='lat' dir='ltr'><strong>igitur</strong></span> <span class='ocrx_word' id='word_1_740' title='bbox 2149 3185 2360 3254; x_wconf 87' lang='lat' dir='ltr'><strong>gravius</strong></span> <span class='ocrx_word' id='word_1_741' title='bbox 2385 3192 2497 3249; x_wconf 90' lang='lat' dir='ltr'><strong>est,</strong></span> <span class='ocrx_word' id='word_1_742' title='bbox 2529 3202 2548 3236; x_wconf 76' lang='grc' dir='ltr'><strong><em>ι</em></strong></span> <span class='ocrx_word' id='word_1_743' title='bbox 2579 3180 2777 3254; x_wconf 89' lang='lat' dir='ltr'><strong>inquit,</strong></span> <span class='ocrx_word' id='word_1_744' title='bbox 2806 3201 2825 3235; x_wconf 79' lang='lat' dir='ltr'><strong>r</strong></span> <span class='ocrx_word' id='word_1_745' title='bbox 2861 3182 2960 3238; x_wconf 87' lang='lat' dir='ltr'><strong>hac</strong></span> <span class='ocrx_word' id='word_1_746' title='bbox 2985 3198 3044 3239; x_wconf 88' lang='lat' dir='ltr'><strong>se</strong></span> <span class='ocrx_word' id='word_1_747' title='bbox 3075 3182 3241 3238; x_wconf 82' lang='lat' dir='ltr'><strong>Adam</strong></span> <span class='ocrx_word' id='word_1_748' title='bbox 3273 3183 3533 3254; x_wconf 85' lang='lat' dir='ltr'><strong>interpre-</strong></span> 
     </span>
    </p>
   </div>
   <div class='ocr_carea' id='block_1_93' title="bbox 1957 3271 3532 3346">
    <p class='ocr_par' dir='ltr' id='par_1_93' title="bbox 1957 3271 3532 3346">
     <span class='ocr_line' id='line_1_97' title="bbox 1957 3271 3532 3346; baseline 0.001 -17"><span class='ocrx_word' id='word_1_749' title='bbox 1957 3275 2154 3329; x_wconf 89' lang='lat' dir='ltr'><strong>tatione</strong></span> <span class='ocrx_word' id='word_1_750' title='bbox 2191 3273 2480 3339; x_wconf 77' lang='lat' dir='ltr'><strong>suceinxit,</strong></span> <span class='ocrx_word' id='word_1_751' title='bbox 2527 3288 2592 3329; x_wconf 88' lang='lat' dir='ltr'><strong>eo</strong></span> <span class='ocrx_word' id='word_1_752' title='bbox 2621 3275 2756 3340; x_wconf 88' lang='lat' dir='ltr'><strong>loci,</strong></span> <span class='ocrx_word' id='word_1_753' title='bbox 2786 3274 2876 3329; x_wconf 93' lang='lat' dir='ltr'><strong>ubi</strong></span> <span class='ocrx_word' id='word_1_754' title='bbox 2906 3271 3077 3330; x_wconf 88' lang='lat' dir='ltr'><strong>fructu</strong></span> <span class='ocrx_word' id='word_1_755' title='bbox 3109 3275 3276 3346; x_wconf 89' lang='lat' dir='ltr'><strong>magis</strong></span> <span class='ocrx_word' id='word_1_756' title='bbox 3313 3276 3532 3332; x_wconf 87' lang='lat' dir='ltr'><strong>castita-</strong></span> 
     </span>
    </p>
   </div>
   <div class='ocr_carea' id='block_1_94' title="bbox 1956 3364 3536 3438">
    <p class='ocr_par' dir='ltr' id='par_1_94' title="bbox 1956 3364 3536 3438">
     <span class='ocr_line' id='line_1_98' title="bbox 1956 3364 3536 3438; baseline 0.001 -17"><span class='ocrx_word' id='word_1_757' title='bbox 1956 3367 2024 3421; x_wconf 85' lang='lat' dir='ltr'><strong>tis</strong></span> <span class='ocrx_word' id='word_1_758' title='bbox 2064 3380 2124 3421; x_wconf 85' lang='lat' dir='ltr'><strong>se</strong></span> <span class='ocrx_word' id='word_1_759' title='bbox 2163 3367 2472 3436; x_wconf 84' lang='lat' dir='ltr'><strong>succingere</strong></span> <span class='ocrx_word' id='word_1_760' title='bbox 2517 3364 2807 3421; x_wconf 86' lang='lat' dir='ltr'><strong>debuisset.</strong></span> <span class='ocrx_word' id='word_1_761' title='bbox 2851 3367 2908 3421; x_wconf 95' lang='lat' dir='ltr'><strong>In</strong></span> <span class='ocrx_word' id='word_1_762' title='bbox 2950 3367 3142 3422; x_wconf 88' lang='lat' dir='ltr'><strong>lumbis</strong></span> <span class='ocrx_word' id='word_1_763' title='bbox 3167 3367 3307 3422; x_wconf 90' lang='lat' dir='ltr'><strong>enim</strong></span> <span class='ocrx_word' id='word_1_764' title='bbox 3346 3368 3536 3438; x_wconf 86' lang='lat' dir='ltr'><strong>quibus</strong></span> 
     </span>
    </p>
   </div>
   <div class='ocr_carea' id='block_1_95' title="bbox 1957 3459 3532 3529">
    <p class='ocr_par' dir='ltr' id='par_1_95' title="bbox 1957 3459 3532 3529">
     <span class='ocr_line' id='line_1_99' title="bbox 1957 3459 3532 3529; baseline 0.001 -16"><span class='ocrx_word' id='word_1_765' title='bbox 1957 3459 2330 3529; x_wconf 72' lang='lat' dir='ltr'><strong>prtecingimur</strong></span> <span class='ocrx_word' id='word_1_766' title='bbox 2351 3501 2364 3522; x_wconf 93' lang='lat'><strong>,</strong></span> <span class='ocrx_word' id='word_1_767' title='bbox 2392 3459 2633 3528; x_wconf 62' lang='lat' dir='ltr'><strong>quaedam</strong></span> <span class='ocrx_word' id='word_1_768' title='bbox 2674 3459 2876 3514; x_wconf 89' lang='lat' dir='ltr'><strong>semina</strong></span> <span class='ocrx_word' id='word_1_769' title='bbox 2903 3461 3263 3529; x_wconf 87' lang='lat' dir='ltr'><strong>generationis</strong></span> <span class='ocrx_word' id='word_1_770' title='bbox 3288 3474 3407 3516; x_wconf 88' lang='lat' dir='ltr'><strong>esse</strong></span> <span class='ocrx_word' id='word_1_771' title='bbox 3449 3460 3532 3516; x_wconf 86' lang='lat' dir='ltr'><strong>di-</strong></span> 
     </span>
    </p>
   </div>
   <div class='ocr_carea' id='block_1_96' title="bbox 1957 3551 3534 3608">
    <p class='ocr_par' dir='ltr' id='par_1_96' title="bbox 1957 3551 3534 3608">
     <span class='ocr_line' id='line_1_100' title="bbox 1957 3551 3534 3608; baseline 0 -3"><span class='ocrx_word' id='word_1_772' title='bbox 1957 3561 2163 3606; x_wconf 90' lang='lat' dir='ltr'><strong>cuntur.</strong></span> <span class='ocrx_word' id='word_1_773' title='bbox 2201 3553 2267 3606; x_wconf 81' lang='lat' dir='ltr'><strong>Et</strong></span> <span class='ocrx_word' id='word_1_774' title='bbox 2292 3552 2410 3606; x_wconf 90' lang='lat' dir='ltr'><strong>ideo</strong></span> <span class='ocrx_word' id='word_1_775' title='bbox 2437 3552 2574 3607; x_wconf 90' lang='lat' dir='ltr'><strong>male</strong></span> <span class='ocrx_word' id='word_1_776' title='bbox 2614 3551 2684 3606; x_wconf 90' lang='lat' dir='ltr'><strong>ibi</strong></span> <span class='ocrx_word' id='word_1_777' title='bbox 2717 3552 3015 3607; x_wconf 88' lang='lat' dir='ltr'><strong>succinctus</strong></span> <span class='ocrx_word' id='word_1_778' title='bbox 3060 3552 3227 3607; x_wconf 86' lang='lat' dir='ltr'><strong>Adam</strong></span> <span class='ocrx_word' id='word_1_779' title='bbox 3277 3551 3413 3608; x_wconf 88' lang='lat' dir='ltr'><strong>foliis</strong></span> <span class='ocrx_word' id='word_1_780' title='bbox 3452 3553 3534 3606; x_wconf 86' lang='lat' dir='ltr'><strong>in-</strong></span> 
     </span>
    </p>
   </div>
   <div class='ocr_carea' id='block_1_97' title="bbox 1959 3640 3534 3711">
    <p class='ocr_par' dir='ltr' id='par_1_97' title="bbox 1959 3640 3534 3711">
     <span class='ocr_line' id='line_1_101' title="bbox 1959 3640 3534 3711; baseline 0.001 -15"><span class='ocrx_word' id='word_1_781' title='bbox 1959 3642 2204 3707; x_wconf 86' lang='lat' dir='ltr'><strong>utilibus,</strong></span> <span class='ocrx_word' id='word_1_782' title='bbox 2231 3640 2319 3695; x_wconf 88' lang='lat' dir='ltr'><strong>ubi</strong></span> <span class='ocrx_word' id='word_1_783' title='bbox 2350 3641 2537 3696; x_wconf 65' lang='lat' dir='ltr'><strong>futurae</strong></span> <span class='ocrx_word' id='word_1_784' title='bbox 2577 3643 2935 3711; x_wconf 87' lang='lat' dir='ltr'><strong>generationis</strong></span> <span class='ocrx_word' id='word_1_785' title='bbox 2972 3659 3074 3698; x_wconf 89' lang='lat' dir='ltr'><strong>non</strong></span> <span class='ocrx_word' id='word_1_786' title='bbox 3120 3643 3347 3698; x_wconf 86' lang='lat' dir='ltr'><strong>fructum</strong></span> <span class='ocrx_word' id='word_1_787' title='bbox 3394 3643 3534 3697; x_wconf 88' lang='lat' dir='ltr'><strong>fotu-</strong></span> 
     </span>
    </p>
   </div>
   <div class='ocr_carea' id='block_1_98' title="bbox 1959 3731 3536 3806">
    <p class='ocr_par' dir='ltr' id='par_1_98' title="bbox 1959 3731 3536 3806">
     <span class='ocr_line' id='line_1_102' title="bbox 1959 3731 3536 3806; baseline 0.002 -20"><span class='ocrx_word' id='word_1_788' title='bbox 1959 3747 2078 3786; x_wconf 89' lang='lat' dir='ltr'><strong>rum</strong></span> <span class='ocrx_word' id='word_1_789' title='bbox 2100 3772 2114 3794; x_wconf 87' lang='lat'><strong>,</strong></span> <span class='ocrx_word' id='word_1_790' title='bbox 2143 3732 2237 3787; x_wconf 87' lang='lat' dir='ltr'><strong>sed</strong></span> <span class='ocrx_word' id='word_1_791' title='bbox 2283 3731 2525 3802; x_wconf 78' lang='lat' dir='ltr'><strong>qtuedam</strong></span> <span class='ocrx_word' id='word_1_792' title='bbox 2559 3742 2772 3800; x_wconf 85' lang='lat' dir='ltr'><strong>peccata</strong></span> <span class='ocrx_word' id='word_1_793' title='bbox 2806 3732 3036 3802; x_wconf 85' lang='lat' dir='ltr'><strong>signaret</strong></span> <span class='ocrx_word' id='word_1_794' title='bbox 3070 3754 3088 3785; x_wconf 77' lang='grc' dir='ltr'><strong><em>ι</em></strong></span> <span class='ocrx_word' id='word_1_795' title='bbox 3119 3731 3218 3806; x_wconf 90' lang='lat' dir='ltr'><strong>(De</strong></span> <span class='ocrx_word' id='word_1_796' title='bbox 3241 3733 3494 3789; x_wconf 85' lang='lat' dir='ltr'><strong>Paradiso</strong></span> <span class='ocrx_word' id='word_1_797' title='bbox 3521 3779 3536 3802; x_wconf 88' lang='lat'><strong>,</strong></span> 
     </span>
    </p>
   </div>
   <div class='ocr_carea' id='block_1_99' title="bbox 1959 3822 3534 3895">
    <p class='ocr_par' dir='ltr' id='par_1_99' title="bbox 1959 3822 3534 3895">
     <span class='ocr_line' id='line_1_103' title="bbox 1959 3822 3534 3895; baseline 0.001 -17"><span class='ocrx_word' id='word_1_798' title='bbox 1959 3839 2071 3895; x_wconf 81' lang='lat' dir='ltr'><strong>cap.</strong></span> <span class='ocrx_word' id='word_1_799' title='bbox 2099 3824 2209 3893; x_wconf 72' lang='lat' dir='ltr'><strong>I5).</strong></span> <span class='ocrx_word' id='word_1_800' title='bbox 2257 3823 2444 3878; x_wconf 70' lang='lat' dir='ltr'><strong>Merito</strong></span> <span class='ocrx_word' id='word_1_801' title='bbox 2493 3823 2654 3878; x_wconf 83' lang='lat' dir='ltr'><strong>etiam</strong></span> <span class='ocrx_word' id='word_1_802' title='bbox 2682 3823 2836 3888; x_wconf 80' lang='lat' dir='ltr'><strong>dicit,</strong></span> <span class='ocrx_word' id='word_1_803' title='bbox 2880 3822 3018 3892; x_wconf 88' lang='lat' dir='ltr'><strong>quod</strong></span> <span class='ocrx_word' id='word_1_804' title='bbox 3063 3825 3220 3894; x_wconf 88' lang='lat' dir='ltr'><strong>paulo</strong></span> <span class='ocrx_word' id='word_1_805' title='bbox 3260 3834 3382 3880; x_wconf 87' lang='lat' dir='ltr'><strong>ante</strong></span> <span class='ocrx_word' id='word_1_806' title='bbox 3423 3842 3534 3880; x_wconf 89' lang='lat' dir='ltr'><strong>me-</strong></span> 
     </span>
    </p>
   </div>
   <div class='ocr_carea' id='block_1_100' title="bbox 1959 3915 3536 3989">
    <p class='ocr_par' dir='ltr' id='par_1_100' title="bbox 1959 3915 3536 3989">
     <span class='ocr_line' id='line_1_104' title="bbox 1959 3915 3536 3989; baseline 0.003 -18"><span class='ocrx_word' id='word_1_807' title='bbox 1959 3917 2164 3971; x_wconf 89' lang='lat' dir='ltr'><strong>moravi</strong></span> <span class='ocrx_word' id='word_1_808' title='bbox 2197 3931 2210 3968; x_wconf 91' lang='lat'>:</span> <span class='ocrx_word' id='word_1_809' title='bbox 2240 3935 2258 3968; x_wconf 83' lang='grc'><strong>‹</strong></span> <span class='ocrx_word' id='word_1_810' title='bbox 2297 3916 2414 3970; x_wconf 83' lang='lat' dir='ltr'><strong>Fuit</strong></span> <span class='ocrx_word' id='word_1_811' title='bbox 2440 3915 2629 3983; x_wconf 86' lang='lat' dir='ltr'><strong>Adam,</strong></span> <span class='ocrx_word' id='word_1_812' title='bbox 2652 3924 2705 3970; x_wconf 91' lang='lat' dir='ltr'><strong>et</strong></span> <span class='ocrx_word' id='word_1_813' title='bbox 2746 3917 2798 3970; x_wconf 93' lang='lat' dir='ltr'><strong>in</strong></span> <span class='ocrx_word' id='word_1_814' title='bbox 2828 3917 2914 3969; x_wconf 93' lang='lat' dir='ltr'><strong>illo</strong></span> <span class='ocrx_word' id='word_1_815' title='bbox 2942 3916 3133 3971; x_wconf 84' lang='lat' dir='ltr'><strong>fuimus</strong></span> <span class='ocrx_word' id='word_1_816' title='bbox 3161 3933 3384 3983; x_wconf 86' lang='lat' dir='ltr'><strong>omnes;</strong></span> <span class='ocrx_word' id='word_1_817' title='bbox 3415 3936 3536 3989; x_wconf 87' lang='lat' dir='ltr'><strong>per-</strong></span> 
     </span>
    </p>
   </div>
   <div class='ocr_carea' id='block_1_101' title="bbox 1962 4007 3536 4076">
    <p class='ocr_par' dir='ltr' id='par_1_101' title="bbox 1962 4007 3536 4076">
     <span class='ocr_line' id='line_1_105' title="bbox 1962 4007 3536 4076; baseline 0.003 -15"><span class='ocrx_word' id='word_1_818' title='bbox 1962 4008 2020 4061; x_wconf 87' lang='lat' dir='ltr'><strong>iit</strong></span> <span class='ocrx_word' id='word_1_819' title='bbox 2040 4007 2229 4073; x_wconf 78' lang='lat' dir='ltr'><strong>Adam,</strong></span> <span class='ocrx_word' id='word_1_820' title='bbox 2258 4015 2313 4062; x_wconf 84' lang='lat' dir='ltr'><strong>et</strong></span> <span class='ocrx_word' id='word_1_821' title='bbox 2337 4007 2390 4061; x_wconf 92' lang='lat' dir='ltr'><strong>In</strong></span> <span class='ocrx_word' id='word_1_822' title='bbox 2421 4008 2511 4062; x_wconf 93' lang='lat' dir='ltr'><strong>Illo</strong></span> <span class='ocrx_word' id='word_1_823' title='bbox 2535 4022 2720 4061; x_wconf 90' lang='lat' dir='ltr'><strong>omnes</strong></span> <span class='ocrx_word' id='word_1_824' title='bbox 2752 4008 3039 4076; x_wconf 87' lang='lat' dir='ltr'><strong>perierunt.</strong></span> <span class='ocrx_word' id='word_1_825' title='bbox 3069 4027 3085 4060; x_wconf 75' lang='grc' dir='ltr'><strong>ι</strong></span> <span class='ocrx_word' id='word_1_826' title='bbox 3110 4007 3219 4062; x_wconf 88' lang='lat' dir='ltr'><strong>Iloc</strong></span> <span class='ocrx_word' id='word_1_827' title='bbox 3243 4020 3296 4063; x_wconf 89' lang='lat' dir='ltr'><strong>tu</strong></span> <span class='ocrx_word' id='word_1_828' title='bbox 3320 4027 3423 4064; x_wconf 89' lang='lat' dir='ltr'><strong>non</strong></span> <span class='ocrx_word' id='word_1_829' title='bbox 3456 4013 3536 4065; x_wconf 80' lang='lat' dir='ltr'><strong>vi-</strong></span> 
     </span>
    </p>
   </div>
   <div class='ocr_carea' id='block_1_102' title="bbox 1961 4098 3538 4171">
    <p class='ocr_par' dir='ltr' id='par_1_102' title="bbox 1961 4098 3538 4171">
     <span class='ocr_line' id='line_1_106' title="bbox 1961 4098 3538 4171; baseline 0.003 -18"><span class='ocrx_word' id='word_1_830' title='bbox 1961 4100 2114 4165; x_wconf 83' lang='lat' dir='ltr'><strong>dens,</strong></span> <span class='ocrx_word' id='word_1_831' title='bbox 2140 4099 2266 4152; x_wconf 90' lang='lat' dir='ltr'><strong>mihi</strong></span> <span class='ocrx_word' id='word_1_832' title='bbox 2293 4114 2464 4153; x_wconf 58' lang='lat' dir='ltr'><strong>caicus</strong></span> <span class='ocrx_word' id='word_1_833' title='bbox 2489 4099 2719 4154; x_wconf 86' lang='lat' dir='ltr'><strong>oblatras</strong></span> <span class='ocrx_word' id='word_1_834' title='bbox 2745 4117 2756 4151; x_wconf 91' lang='lat'><strong>:</strong></span> <span class='ocrx_word' id='word_1_835' title='bbox 2779 4098 2873 4153; x_wconf 89' lang='lat' dir='ltr'><strong>sed</strong></span> <span class='ocrx_word' id='word_1_836' title='bbox 2900 4098 2950 4152; x_wconf 90' lang='lat' dir='ltr'><strong>in</strong></span> <span class='ocrx_word' id='word_1_837' title='bbox 2974 4114 3076 4163; x_wconf 86' lang='lat' dir='ltr'><strong>me,</strong></span> <span class='ocrx_word' id='word_1_838' title='bbox 3105 4099 3353 4171; x_wconf 89' lang='lat' dir='ltr'><strong>quidquid</strong></span> <span class='ocrx_word' id='word_1_839' title='bbox 3385 4103 3538 4171; x_wconf 87' lang='lat' dir='ltr'><strong>dicis,</strong></span> 
     </span>
    </p>
   </div>
   <div class='ocr_carea' id='block_1_103' title="bbox 1960 4189 3538 4262">
    <p class='ocr_par' dir='ltr' id='par_1_103' title="bbox 1960 4189 3538 4262">
     <span class='ocr_line' id='line_1_107' title="bbox 1960 4189 3538 4262; baseline 0.003 -19"><span class='ocrx_word' id='word_1_840' title='bbox 1960 4189 2199 4262; x_wconf 86' lang='lat' dir='ltr'><strong>profecto</strong></span> <span class='ocrx_word' id='word_1_841' title='bbox 2234 4201 2287 4244; x_wconf 88' lang='lat' dir='ltr'><strong>et</strong></span> <span class='ocrx_word' id='word_1_842' title='bbox 2318 4191 2367 4242; x_wconf 87' lang='lat' dir='ltr'><strong>in</strong></span> <span class='ocrx_word' id='word_1_843' title='bbox 2410 4190 2578 4261; x_wconf 87' lang='lat' dir='ltr'><strong>ipsum</strong></span> <span class='ocrx_word' id='word_1_844' title='bbox 2611 4189 2761 4243; x_wconf 90' lang='lat' dir='ltr'><strong>dicis.</strong></span> <span class='ocrx_word' id='word_1_845' title='bbox 2785 4189 2994 4244; x_wconf 85' lang='lat' dir='ltr'><strong>Utinam</strong></span> <span class='ocrx_word' id='word_1_846' title='bbox 3013 4205 3138 4261; x_wconf 88' lang='lat' dir='ltr'><strong>ergo</strong></span> <span class='ocrx_word' id='word_1_847' title='bbox 3165 4191 3234 4245; x_wconf 91' lang='lat' dir='ltr'><strong>ita</strong></span> <span class='ocrx_word' id='word_1_848' title='bbox 3267 4192 3392 4246; x_wconf 83' lang='lat' dir='ltr'><strong>mihi</strong></span> <span class='ocrx_word' id='word_1_849' title='bbox 3420 4209 3538 4247; x_wconf 88' lang='lat' dir='ltr'><strong>cum</strong></span> 
     </span>
    </p>
   </div>
   <div class='ocr_carea' id='block_1_104' title="bbox 1963 4279 3542 4351">
    <p class='ocr_par' dir='ltr' id='par_1_104' title="bbox 1963 4279 3542 4351">
     <span class='ocr_line' id='line_1_108' title="bbox 1963 4279 3542 4351; baseline 0.001 -15"><span class='ocrx_word' id='word_1_850' title='bbox 1963 4283 2057 4337; x_wconf 88' lang='lat' dir='ltr'><strong>illo</strong></span> <span class='ocrx_word' id='word_1_851' title='bbox 2075 4296 2356 4336; x_wconf 87' lang='lat' dir='ltr'><strong>commune</strong></span> <span class='ocrx_word' id='word_1_852' title='bbox 2373 4281 2440 4336; x_wconf 89' lang='lat' dir='ltr'><strong>sit</strong></span> <span class='ocrx_word' id='word_1_853' title='bbox 2464 4281 2757 4351; x_wconf 67' lang='lat' dir='ltr'><strong>praemium,</strong></span> <span class='ocrx_word' id='word_1_854' title='bbox 2780 4282 2914 4336; x_wconf 87' lang='lat' dir='ltr'><strong>sicut</strong></span> <span class='ocrx_word' id='word_1_855' title='bbox 2928 4279 3022 4335; x_wconf 88' lang='lat' dir='ltr'><strong>abs</strong></span> <span class='ocrx_word' id='word_1_856' title='bbox 3044 4291 3094 4336; x_wconf 91' lang='lat' dir='ltr'><strong>te</strong></span> <span class='ocrx_word' id='word_1_857' title='bbox 3120 4282 3275 4337; x_wconf 88' lang='lat' dir='ltr'><strong>audio</strong></span> <span class='ocrx_word' id='word_1_858' title='bbox 3301 4298 3419 4338; x_wconf 90' lang='lat' dir='ltr'><strong>cum</strong></span> <span class='ocrx_word' id='word_1_859' title='bbox 3451 4285 3542 4337; x_wconf 87' lang='lat' dir='ltr'><strong>illo</strong></span> 
     </span>
    </p>
   </div>
   <div class='ocr_carea' id='block_1_105' title="bbox 1963 4371 3540 4442">
    <p class='ocr_par' dir='ltr' id='par_1_105' title="bbox 1963 4371 3540 4442">
     <span class='ocr_line' id='line_1_109' title="bbox 1963 4371 3540 4442; baseline 0 -14"><span class='ocrx_word' id='word_1_860' title='bbox 1963 4388 2242 4428; x_wconf 90' lang='lat' dir='ltr'><strong>commune</strong></span> <span class='ocrx_word' id='word_1_861' title='bbox 2258 4373 2574 4426; x_wconf 88' lang='lat' dir='ltr'><strong>convicium.</strong></span> <span class='ocrx_word' id='word_1_862' title='bbox 2607 4371 2741 4440; x_wconf 87' lang='lat' dir='ltr'><strong>Quid</strong></span> <span class='ocrx_word' id='word_1_863' title='bbox 2767 4379 2852 4427; x_wconf 90' lang='lat' dir='ltr'><strong>est</strong></span> <span class='ocrx_word' id='word_1_864' title='bbox 2888 4373 3027 4442; x_wconf 88' lang='lat' dir='ltr'><strong>quod</strong></span> <span class='ocrx_word' id='word_1_865' title='bbox 3050 4376 3274 4436; x_wconf 85' lang='lat' dir='ltr'><strong>clamas,</strong></span> <span class='ocrx_word' id='word_1_866' title='bbox 3300 4384 3351 4427; x_wconf 83' lang='lat' dir='ltr'><strong>ct</strong></span> <span class='ocrx_word' id='word_1_867' title='bbox 3386 4373 3540 4439; x_wconf 85' lang='lat' dir='ltr'><strong>dicis,</strong></span> 
     </span>
    </p>
   </div>
   <div class='ocr_carea' id='block_1_106' title="bbox 1970 4463 3542 4533">
    <p class='ocr_par' dir='ltr' id='par_1_106' title="bbox 1970 4463 3542 4533">
     <span class='ocr_line' id='line_1_110' title="bbox 1970 4463 3542 4533; baseline -0.001 -17"><span class='ocrx_word' id='word_1_868' title='bbox 1970 4483 1988 4516; x_wconf 74' lang='grc' dir='ltr'>ι</span> <span class='ocrx_word' id='word_1_869' title='bbox 2017 4464 2073 4519; x_wconf 85' lang='lat' dir='ltr'><strong>Si</strong></span> <span class='ocrx_word' id='word_1_870' title='bbox 2096 4465 2239 4518; x_wconf 86' lang='lat' dir='ltr'><strong>sanis</strong></span> <span class='ocrx_word' id='word_1_871' title='bbox 2257 4463 2524 4533; x_wconf 84' lang='lat' dir='ltr'><strong>judicibus</strong></span> <span class='ocrx_word' id='word_1_872' title='bbox 2545 4472 2834 4527; x_wconf 88' lang='lat' dir='ltr'><strong>uteremur,</strong></span> <span class='ocrx_word' id='word_1_873' title='bbox 2859 4463 2990 4517; x_wconf 85' lang='lat' dir='ltr'><strong>nihil</strong></span> <span class='ocrx_word' id='word_1_874' title='bbox 3006 4472 3197 4532; x_wconf 79' lang='lat' dir='ltr'><strong>praeter</strong></span> <span class='ocrx_word' id='word_1_875' title='bbox 3222 4465 3542 4518; x_wconf 82' lang='lat' dir='ltr'><strong>exsecratio-</strong></span> 
     </span>
    </p>
   </div>
   <div class='ocr_carea' id='block_1_107' title="bbox 1963 4553 3541 4626">
    <p class='ocr_par' dir='ltr' id='par_1_107' title="bbox 1963 4553 3541 4626">
     <span class='ocr_line' id='line_1_111' title="bbox 1963 4553 3541 4626; baseline -0.002 -15"><span class='ocrx_word' id='word_1_876' title='bbox 1963 4571 2084 4611; x_wconf 88' lang='lat' dir='ltr'><strong>nem</strong></span> <span class='ocrx_word' id='word_1_877' title='bbox 2112 4554 2187 4608; x_wconf 89' lang='lat' dir='ltr'><strong>tui</strong></span> <span class='ocrx_word' id='word_1_878' title='bbox 2216 4553 2414 4609; x_wconf 83' lang='lat' dir='ltr'><strong>referre</strong></span> <span class='ocrx_word' id='word_1_879' title='bbox 2450 4554 2736 4608; x_wconf 77' lang='lat' dir='ltr'><strong>deberem?</strong></span> <span class='ocrx_word' id='word_1_880' title='bbox 2757 4570 2777 4605; x_wconf 73' lang='grc' dir='ltr'><strong><em>ι</em></strong></span> <span class='ocrx_word' id='word_1_881' title='bbox 2795 4553 3085 4606; x_wconf 87' lang='lat' dir='ltr'><strong>Possumne</strong></span> <span class='ocrx_word' id='word_1_882' title='bbox 3121 4563 3292 4608; x_wconf 87' lang='lat' dir='ltr'><strong>tecum</strong></span> <span class='ocrx_word' id='word_1_883' title='bbox 3326 4555 3541 4626; x_wconf 88' lang='lat' dir='ltr'><strong>largius,</strong></span> 
     </span>
    </p>
   </div>
   <div class='ocr_carea' id='block_1_108' title="bbox 1965 4647 3545 4716">
    <p class='ocr_par' dir='ltr' id='par_1_108' title="bbox 1965 4647 3545 4716">
     <span class='ocr_line' id='line_1_112' title="bbox 1965 4647 3545 4716; baseline 0 -13"><span class='ocrx_word' id='word_1_884' title='bbox 1965 4648 2366 4714; x_wconf 84' lang='lat' dir='ltr'><strong>beneficentius,</strong></span> <span class='ocrx_word' id='word_1_885' title='bbox 2389 4647 2654 4702; x_wconf 87' lang='lat' dir='ltr'><strong>liberalius</strong></span> <span class='ocrx_word' id='word_1_886' title='bbox 2671 4660 2846 4715; x_wconf 86' lang='lat' dir='ltr'><strong>agerc.</strong></span> <span class='ocrx_word' id='word_1_887' title='bbox 2862 4661 3018 4715; x_wconf 89' lang='lat' dir='ltr'><strong>quam</strong></span> <span class='ocrx_word' id='word_1_888' title='bbox 3032 4654 3087 4699; x_wconf 94' lang='lat' dir='ltr'><strong>ut</strong></span> <span class='ocrx_word' id='word_1_889' title='bbox 3108 4647 3276 4716; x_wconf 88' lang='lat' dir='ltr'><strong>ipsum</strong></span> <span class='ocrx_word' id='word_1_890' title='bbox 3298 4647 3433 4701; x_wconf 87' lang='lat' dir='ltr'><strong>inter</strong></span> <span class='ocrx_word' id='word_1_891' title='bbox 3449 4663 3545 4703; x_wconf 85' lang='lat' dir='ltr'><strong>nos</strong></span> 
     </span>
    </p>
   </div>
   <div class='ocr_carea' id='block_1_109' title="bbox 1964 4737 3545 4808">
    <p class='ocr_par' dir='ltr' id='par_1_109' title="bbox 1964 4737 3545 4808">
     <span class='ocr_line' id='line_1_113' title="bbox 1964 4737 3545 4808; baseline -0.002 -13"><span class='ocrx_word' id='word_1_892' title='bbox 1964 4740 2279 4795; x_wconf 90' lang='lat' dir='ltr'><strong>constituam</strong></span> <span class='ocrx_word' id='word_1_893' title='bbox 2303 4738 2534 4807; x_wconf 79' lang='lat' dir='ltr'><strong>judicent</strong></span> <span class='ocrx_word' id='word_1_894' title='bbox 2553 4780 2567 4802; x_wconf 95' lang='lat'><strong>,</strong></span> <span class='ocrx_word' id='word_1_895' title='bbox 2593 4737 2658 4792; x_wconf 89' lang='lat' dir='ltr'><strong>de</strong></span> <span class='ocrx_word' id='word_1_896' title='bbox 2678 4753 2785 4806; x_wconf 89' lang='lat' dir='ltr'><strong>quo</strong></span> <span class='ocrx_word' id='word_1_897' title='bbox 2816 4738 2886 4790; x_wconf 87' lang='lat' dir='ltr'><strong>tui</strong></span> <span class='ocrx_word' id='word_1_898' title='bbox 2915 4737 3148 4792; x_wconf 85' lang='lat' dir='ltr'><strong>doctoris</strong></span> <span class='ocrx_word' id='word_1_899' title='bbox 3171 4738 3365 4808; x_wconf 86' lang='lat' dir='ltr'><strong>Pelagii</strong></span> <span class='ocrx_word' id='word_1_900' title='bbox 3403 4740 3545 4808; x_wconf 89' lang='lat' dir='ltr'><strong>judi-</strong></span> 
     </span>
    </p>
   </div>
   <div class='ocr_carea' id='block_1_110' title="bbox 1965 4829 3543 4901">
    <p class='ocr_par' dir='ltr' id='par_1_110' title="bbox 1965 4829 3543 4901">
     <span class='ocr_line' id='line_1_114' title="bbox 1965 4829 3543 4901; baseline -0.001 -15"><span class='ocrx_word' id='word_1_901' title='bbox 1965 4833 2104 4888; x_wconf 90' lang='lat' dir='ltr'><strong>cium</strong></span> <span class='ocrx_word' id='word_1_902' title='bbox 2141 4831 2253 4901; x_wconf 86' lang='lat' dir='ltr'><strong>jam</strong></span> <span class='ocrx_word' id='word_1_903' title='bbox 2301 4831 2575 4886; x_wconf 76' lang='lat' dir='ltr'><strong>tenemus?</strong></span> <span class='ocrx_word' id='word_1_904' title='bbox 2611 4830 2690 4884; x_wconf 84' lang='lat' dir='ltr'><strong>En</strong></span> <span class='ocrx_word' id='word_1_905' title='bbox 2717 4830 2863 4883; x_wconf 79' lang='lat' dir='ltr'><strong>adest</strong></span> <span class='ocrx_word' id='word_1_906' title='bbox 2906 4830 3024 4894; x_wconf 91' lang='lat' dir='ltr'><strong>illc,</strong></span> <span class='ocrx_word' id='word_1_907' title='bbox 3073 4831 3160 4899; x_wconf 90' lang='lat' dir='ltr'><strong>qui</strong></span> <span class='ocrx_word' id='word_1_908' title='bbox 3191 4832 3330 4885; x_wconf 76' lang='lat' dir='ltr'><strong>inter</strong></span> <span class='ocrx_word' id='word_1_909' title='bbox 3366 4829 3543 4885; x_wconf 73' lang='lat' dir='ltr'><strong>latina:</strong></span> 
     </span>
    </p>
   </div>
   <div class='ocr_carea' id='block_1_111' title="bbox 1967 4922 3542 4993">
    <p class='ocr_par' dir='ltr' id='par_1_111' title="bbox 1967 4922 3542 4993">
     <span class='ocr_line' id='line_1_115' title="bbox 1967 4922 3542 4993; baseline 0.001 -16"><span class='ocrx_word' id='word_1_910' title='bbox 1967 4923 2160 4991; x_wconf 86' lang='lat' dir='ltr'><strong>linguae</strong></span> <span class='ocrx_word' id='word_1_911' title='bbox 2187 4923 2474 4993; x_wconf 81' lang='lat' dir='ltr'><strong>scriptores</strong></span> <span class='ocrx_word' id='word_1_912' title='bbox 2494 4965 2507 4986; x_wconf 86' lang='lat'><strong>,</strong></span> <span class='ocrx_word' id='word_1_913' title='bbox 2535 4922 2634 4978; x_wconf 81' lang='lat' dir='ltr'><strong>llos</strong></span> <span class='ocrx_word' id='word_1_914' title='bbox 2659 4922 2872 4991; x_wconf 86' lang='lat' dir='ltr'><strong>quidam</strong></span> <span class='ocrx_word' id='word_1_915' title='bbox 2900 4923 3175 4990; x_wconf 85' lang='lat' dir='ltr'><strong>speciosus</strong></span> <span class='ocrx_word' id='word_1_916' title='bbox 3201 4923 3389 4977; x_wconf 86' lang='lat' dir='ltr'><strong>enituit</strong></span> <span class='ocrx_word' id='word_1_917' title='bbox 3407 4967 3419 4989; x_wconf 93' lang='lat'><strong>,</strong></span> <span class='ocrx_word' id='word_1_918' title='bbox 3448 4941 3542 4978; x_wconf 87' lang='lat' dir='ltr'><strong>cu-</strong></span> 
     </span>
    </p>
   </div>
   <div class='ocr_carea' id='block_1_112' title="bbox 1962 5013 3540 5085">
    <p class='ocr_par' dir='ltr' id='par_1_112' title="bbox 1962 5013 3540 5085">
     <span class='ocr_line' id='line_1_116' title="bbox 1962 5013 3540 5085; baseline 0.001 -17"><span class='ocrx_word' id='word_1_919' title='bbox 1962 5015 2050 5085; x_wconf 88' lang='lat' dir='ltr'><strong>jus</strong></span> <span class='ocrx_word' id='word_1_920' title='bbox 2080 5015 2268 5080; x_wconf 81' lang='lat' dir='ltr'><strong>lidem,</strong></span> <span class='ocrx_word' id='word_1_921' title='bbox 2309 5025 2364 5068; x_wconf 89' lang='lat' dir='ltr'><strong>et</strong></span> <span class='ocrx_word' id='word_1_922' title='bbox 2411 5015 2750 5083; x_wconf 85' lang='lat' dir='ltr'><strong>purissimum</strong></span> <span class='ocrx_word' id='word_1_923' title='bbox 2790 5014 2840 5066; x_wconf 91' lang='lat' dir='ltr'><strong>in</strong></span> <span class='ocrx_word' id='word_1_924' title='bbox 2881 5013 3170 5084; x_wconf 86' lang='lat' dir='ltr'><strong>Scripturis</strong></span> <span class='ocrx_word' id='word_1_925' title='bbox 3209 5030 3423 5069; x_wconf 74' lang='lat' dir='ltr'><strong>sensum</strong></span> <span class='ocrx_word' id='word_1_926' title='bbox 3475 5032 3540 5070; x_wconf 89' lang='lat' dir='ltr'><strong>ne</strong></span> 
     </span>
    </p>
   </div>
   <div class='ocr_carea' id='block_1_113' title="bbox 1968 5104 3546 5175">
    <p class='ocr_par' dir='ltr' id='par_1_113' title="bbox 1968 5104 3546 5175">
     <span class='ocr_line' id='line_1_117' title="bbox 1968 5104 3546 5175; baseline 0.002 -17"><span class='ocrx_word' id='word_1_927' title='bbox 1968 5105 2213 5160; x_wconf 86' lang='lat' dir='ltr'><strong>inimicus</strong></span> <span class='ocrx_word' id='word_1_928' title='bbox 2249 5104 2464 5175; x_wconf 88' lang='lat' dir='ltr'><strong>quidem</strong></span> <span class='ocrx_word' id='word_1_929' title='bbox 2505 5118 2664 5158; x_wconf 84' lang='lat' dir='ltr'><strong>ausus</strong></span> <span class='ocrx_word' id='word_1_930' title='bbox 2706 5113 2787 5159; x_wconf 89' lang='lat' dir='ltr'><strong>est</strong></span> <span class='ocrx_word' id='word_1_931' title='bbox 2815 5104 3226 5175; x_wconf 81' lang='lat' dir='ltr'><strong>reprehendere.</strong></span> <span class='ocrx_word' id='word_1_932' title='bbox 3261 5107 3370 5160; x_wconf 90' lang='lat' dir='ltr'><strong>lloc</strong></span> <span class='ocrx_word' id='word_1_933' title='bbox 3396 5107 3546 5161; x_wconf 87' lang='lat' dir='ltr'><strong>Pela-</strong></span> 
     </span>
    </p>
   </div>
   <div class='ocr_carea' id='block_1_114' title="bbox 1967 5195 3543 5267">
    <p class='ocr_par' dir='ltr' id='par_1_114' title="bbox 1967 5195 3543 5267">
     <span class='ocr_line' id='line_1_118' title="bbox 1967 5195 3543 5267; baseline -0.001 -15"><span class='ocrx_word' id='word_1_934' title='bbox 1967 5197 2083 5267; x_wconf 77' lang='lat' dir='ltr'><strong>gius</strong></span> <span class='ocrx_word' id='word_1_935' title='bbox 2123 5197 2187 5250; x_wconf 91' lang='lat' dir='ltr'><strong>de</strong></span> <span class='ocrx_word' id='word_1_936' title='bbox 2213 5196 2497 5250; x_wconf 80' lang='lat' dir='ltr'><strong>Ambrosio</strong></span> <span class='ocrx_word' id='word_1_937' title='bbox 2525 5195 2776 5265; x_wconf 78' lang='lat' dir='ltr'><strong>judicavit</strong></span> <span class='ocrx_word' id='word_1_938' title='bbox 2803 5195 3097 5266; x_wconf 83' lang='lat' dir='ltr'><strong>(Pelagius,</strong></span> <span class='ocrx_word' id='word_1_939' title='bbox 3143 5197 3206 5250; x_wconf 81' lang='lat' dir='ltr'><strong>de</strong></span> <span class='ocrx_word' id='word_1_940' title='bbox 3234 5196 3412 5251; x_wconf 85' lang='lat' dir='ltr'><strong>Libero</strong></span> <span class='ocrx_word' id='word_1_941' title='bbox 3451 5198 3543 5250; x_wconf 73' lang='lat' dir='ltr'><strong>Ar-</strong></span> 
     </span>
    </p>
   </div>
   <div class='ocr_carea' id='block_1_115' title="bbox 1971 5287 3548 5358">
    <p class='ocr_par' dir='ltr' id='par_1_115' title="bbox 1971 5287 3548 5358">
     <span class='ocr_line' id='line_1_119' title="bbox 1971 5287 3548 5358; baseline -0.002 -14"><span class='ocrx_word' id='word_1_942' title='bbox 1971 5289 2151 5355; x_wconf 80' lang='lat' dir='ltr'><strong>bitrio,</strong></span> <span class='ocrx_word' id='word_1_943' title='bbox 2179 5289 2268 5343; x_wconf 79' lang='lat' dir='ltr'><strong>lib.</strong></span> <span class='ocrx_word' id='word_1_944' title='bbox 2296 5289 2372 5358; x_wconf 83' lang='lat'><strong>5).</strong></span> <span class='ocrx_word' id='word_1_945' title='bbox 2411 5287 2547 5357; x_wconf 88' lang='lat' dir='ltr'><strong>Quid</strong></span> <span class='ocrx_word' id='word_1_946' title='bbox 2581 5301 2712 5358; x_wconf 85' lang='lat' dir='ltr'><strong>ergo</strong></span> <span class='ocrx_word' id='word_1_947' title='bbox 2743 5288 2810 5343; x_wconf 89' lang='lat' dir='ltr'><strong>de</strong></span> <span class='ocrx_word' id='word_1_948' title='bbox 2837 5287 2937 5342; x_wconf 62' lang='lat' dir='ltr'><strong>hoc</strong></span> <span class='ocrx_word' id='word_1_949' title='bbox 2962 5289 3103 5358; x_wconf 88' lang='lat' dir='ltr'><strong>quod</strong></span> <span class='ocrx_word' id='word_1_950' title='bbox 3145 5290 3281 5343; x_wconf 87' lang='lat' dir='ltr'><strong>inter</strong></span> <span class='ocrx_word' id='word_1_951' title='bbox 3312 5305 3408 5343; x_wconf 89' lang='lat' dir='ltr'><strong>nos</strong></span> <span class='ocrx_word' id='word_1_952' title='bbox 3439 5289 3548 5358; x_wconf 86' lang='lat' dir='ltr'><strong>agi-</strong></span> 
     </span>
    </p>
   </div>
   <div class='ocr_carea' id='block_1_116' title="bbox 1971 5379 3546 5450">
    <p class='ocr_par' dir='ltr' id='par_1_116' title="bbox 1971 5379 3546 5450">
     <span class='ocr_line' id='line_1_120' title="bbox 1971 5379 3546 5450; baseline 0 -15"><span class='ocrx_word' id='word_1_953' title='bbox 1971 5389 2085 5447; x_wconf 88' lang='lat' dir='ltr'><strong>tur,</strong></span> <span class='ocrx_word' id='word_1_954' title='bbox 2107 5379 2361 5450; x_wconf 80' lang='lat' dir='ltr'><strong>judicavit</strong></span> <span class='ocrx_word' id='word_1_955' title='bbox 2388 5380 2738 5434; x_wconf 74' lang='lat' dir='ltr'><strong>Ambrosius?</strong></span> <span class='ocrx_word' id='word_1_956' title='bbox 2773 5380 2884 5434; x_wconf 78' lang='lat' dir='ltr'><strong>Dixi</strong></span> <span class='ocrx_word' id='word_1_957' title='bbox 2917 5391 3158 5450; x_wconf 67' lang='lat' dir='ltr'><strong>superius</strong></span> <span class='ocrx_word' id='word_1_958' title='bbox 3185 5380 3299 5450; x_wconf 85' lang='lat' dir='ltr'><strong>ejus</strong></span> <span class='ocrx_word' id='word_1_959' title='bbox 3337 5379 3403 5435; x_wconf 93' lang='lat' dir='ltr'><strong>de</strong></span> <span class='ocrx_word' id='word_1_960' title='bbox 3425 5395 3546 5450; x_wconf 83' lang='lat' dir='ltr'><strong>pec-</strong></span> 
     </span>
    </p>
   </div>
   <div class='ocr_carea' id='block_1_117' title="bbox 1969 5470 3544 5541">
    <p class='ocr_par' dir='ltr' id='par_1_117' title="bbox 1969 5470 3544 5541">
     <span class='ocr_line' id='line_1_121' title="bbox 1969 5470 3544 5541; baseline -0.002 -15"><span class='ocrx_word' id='word_1_961' title='bbox 1969 5481 2091 5526; x_wconf 88' lang='lat' dir='ltr'><strong>cato</strong></span> <span class='ocrx_word' id='word_1_962' title='bbox 2120 5471 2360 5541; x_wconf 88' lang='lat' dir='ltr'><strong>originali</strong></span> <span class='ocrx_word' id='word_1_963' title='bbox 2407 5471 2521 5524; x_wconf 90' lang='lat' dir='ltr'><strong>sine</strong></span> <span class='ocrx_word' id='word_1_964' title='bbox 2569 5471 2670 5523; x_wconf 91' lang='lat' dir='ltr'><strong>ulla</strong></span> <span class='ocrx_word' id='word_1_965' title='bbox 2710 5470 3028 5528; x_wconf 85' lang='lat' dir='ltr'><strong>obscuri‘ate</strong></span> <span class='ocrx_word' id='word_1_966' title='bbox 3080 5471 3162 5526; x_wconf 84' lang='lat' dir='ltr'><strong>vel</strong></span> <span class='ocrx_word' id='word_1_967' title='bbox 3202 5471 3544 5540; x_wconf 75' lang='lat' dir='ltr'><strong>ambiguitate</strong></span> 
     </span>
    </p>
   </div>
   <div class='ocr_carea' id='block_1_118' title="bbox 1971 5559 3543 5630">
    <p class='ocr_par' dir='ltr' id='par_1_118' title="bbox 1971 5559 3543 5630">
     <span class='ocr_line' id='line_1_122' title="bbox 1971 5559 3543 5630; baseline -0.004 -12"><span class='ocrx_word' id='word_1_968' title='bbox 1971 5563 2261 5622; x_wconf 87' lang='lat' dir='ltr'><strong>sententias</strong></span> <span class='ocrx_word' id='word_1_969' title='bbox 2305 5579 2320 5624; x_wconf 72' lang='grc' dir='ltr'>ς</span> <span class='ocrx_word' id='word_1_970' title='bbox 2361 5561 2454 5616; x_wconf 89' lang='lat' dir='ltr'><strong>sed</strong></span> <span class='ocrx_word' id='word_1_971' title='bbox 2495 5561 2543 5616; x_wconf 91' lang='lat' dir='ltr'><strong>si</strong></span> <span class='ocrx_word' id='word_1_972' title='bbox 2571 5576 2755 5630; x_wconf 85' lang='lat' dir='ltr'><strong>parum</strong></span> <span class='ocrx_word' id='word_1_973' title='bbox 2803 5567 2916 5625; x_wconf 90' lang='lat' dir='ltr'><strong>est,</strong></span> <span class='ocrx_word' id='word_1_974' title='bbox 2966 5559 3142 5615; x_wconf 84' lang='lat' dir='ltr'><strong>adhuc</strong></span> <span class='ocrx_word' id='word_1_975' title='bbox 3181 5559 3325 5614; x_wconf 83' lang='lat' dir='ltr'><strong>audi.</strong></span> <span class='ocrx_word' id='word_1_976' title='bbox 3359 5578 3378 5611; x_wconf 76' lang='grc' dir='ltr'>ι</span> <span class='ocrx_word' id='word_1_977' title='bbox 3413 5560 3543 5614; x_wconf 85' lang='lat' dir='ltr'><strong>0m-</strong></span> 
     </span>
    </p>
   </div>
   <div class='ocr_carea' id='block_1_119' title="bbox 1972 5733 3544 5798">
    <p class='ocr_par' dir='ltr' id='par_1_119' title="bbox 1972 5733 3544 5798">
     <span class='ocr_line' id='line_1_123' title="bbox 1972 5733 3544 5798; baseline -0.001 -10"><span class='ocrx_word' id='word_1_978' title='bbox 1972 5739 2242 5798; x_wconf 83' lang='lat' dir='ltr'><strong>spirantes,</strong></span> <span class='ocrx_word' id='word_1_979' title='bbox 2282 5735 2345 5784; x_wconf 89' lang='lat' dir='ltr'><strong>de</strong></span> <span class='ocrx_word' id='word_1_980' title='bbox 2386 5749 2483 5798; x_wconf 91' lang='lat' dir='ltr'><strong>quo</strong></span> <span class='ocrx_word' id='word_1_981' title='bbox 2523 5735 2772 5797; x_wconf 84' lang='lat' dir='ltr'><strong>Virgilius,</strong></span> <span class='ocrx_word' id='word_1_982' title='bbox 2808 5733 2894 5798; x_wconf 69' lang='lat' dir='ltr'><strong>lib.</strong></span> <span class='ocrx_word' id='word_1_983' title='bbox 2939 5735 2976 5798; x_wconf 17' lang='lat'><strong>7,</strong></span> <span class='ocrx_word' id='word_1_984' title='bbox 3005 5735 3223 5795; x_wconf 66' lang='lat' dir='ltr'><strong>.Eneid.,</strong></span> <span class='ocrx_word' id='word_1_985' title='bbox 3260 5749 3390 5786; x_wconf 87' lang='lat' dir='ltr'><strong>vers.</strong></span> <span class='ocrx_word' id='word_1_986' title='bbox 3432 5737 3544 5787; x_wconf 78' lang='lat'><strong>563-</strong></span> 
     </span>
    </p>
   </div>
   <div class='ocr_carea' id='block_1_120' title="bbox 1973 5794 3002 5857">
    <p class='ocr_par' dir='ltr' id='par_1_120' title="bbox 1973 5794 3002 5857">
     <span class='ocr_line' id='line_1_124' title="bbox 1973 5794 3002 5857; baseline -0.004 -8"><span class='ocrx_word' id='word_1_987' title='bbox 1973 5794 2088 5856; x_wconf 69' lang='lat'><strong>570,</strong></span> <span class='ocrx_word' id='word_1_988' title='bbox 2117 5805 2169 5847; x_wconf 87' lang='lat' dir='ltr'><strong>et</strong></span> <span class='ocrx_word' id='word_1_989' title='bbox 2187 5794 2350 5847; x_wconf 84' lang='lat' dir='ltr'><strong>Cicero</strong></span> <span class='ocrx_word' id='word_1_990' title='bbox 2367 5835 2380 5855; x_wconf 87' lang='lat'><strong>,</strong></span> <span class='ocrx_word' id='word_1_991' title='bbox 2401 5794 2464 5846; x_wconf 79' lang='lat' dir='ltr'><strong>de</strong></span> <span class='ocrx_word' id='word_1_992' title='bbox 2487 5794 2784 5846; x_wconf 74' lang='lat' dir='ltr'><strong>Divinatione</strong></span> <span class='ocrx_word' id='word_1_993' title='bbox 2804 5831 2819 5857; x_wconf 95' lang='lat'><strong>,</strong></span> <span class='ocrx_word' id='word_1_994' title='bbox 2843 5794 2930 5847; x_wconf 88' lang='lat' dir='ltr'><strong>lib.</strong></span> <span class='ocrx_word' id='word_1_995' title='bbox 2959 5797 3002 5847; x_wconf 82' lang='grc'><strong>1.</strong></span> 
     </span>
    </p>
   </div>
   <div class='ocr_carea' id='block_1_121' title="bbox 2040 5858 2808 5920">
    <p class='ocr_par' dir='ltr' id='par_1_121' title="bbox 2040 5858 2808 5920">
     <span class='ocr_line' id='line_1_125' title="bbox 2040 5858 2808 5920; baseline -0.004 -12"><span class='ocrx_word' id='word_1_996' title='bbox 2040 5862 2052 5891; x_wconf 88' lang='grc'>¹</span> <span class='ocrx_word' id='word_1_997' title='bbox 2090 5862 2162 5908; x_wconf 85' lang='lat' dir='ltr'><strong>sic</strong></span> <span class='ocrx_word' id='word_1_998' title='bbox 2186 5868 2292 5920; x_wconf 65' lang='lat' dir='ltr'><strong>Mss.</strong></span> <span class='ocrx_word' id='word_1_999' title='bbox 2307 5860 2420 5908; x_wconf 79' lang='lat' dir='ltr'><strong>Editi</strong></span> <span class='ocrx_word' id='word_1_1000' title='bbox 2446 5874 2561 5908; x_wconf 88' lang='lat' dir='ltr'><strong>vero</strong></span> <span class='ocrx_word' id='word_1_1001' title='bbox 2579 5893 2592 5913; x_wconf 95' lang='lat'><strong>,</strong></span> <span class='ocrx_word' id='word_1_1002' title='bbox 2605 5858 2808 5920; x_wconf 80' lang='lat' dir='ltr'><strong>justitia.</strong></span> 
     </span>
    </p>
   </div>
   <div class='ocr_carea' id='block_1_122' title="bbox 2038 5918 3551 5980">
    <p class='ocr_par' dir='ltr' id='par_1_122' title="bbox 2038 5918 3551 5980">
     <span class='ocr_line' id='line_1_126' title="bbox 2038 5918 3551 5980; baseline 0.001 -12"><span class='ocrx_word' id='word_1_1003' title='bbox 2038 5925 2058 5953; x_wconf 78' lang='lat'>&#39;</span> <span class='ocrx_word' id='word_1_1004' title='bbox 2091 5921 2226 5976; x_wconf 61' lang='lat' dir='ltr'><strong>aliti,</strong></span> <span class='ocrx_word' id='word_1_1005' title='bbox 2262 5918 2413 5980; x_wconf 77' lang='lat' dir='ltr'><strong>ﬁlium</strong></span> <span class='ocrx_word' id='word_1_1006' title='bbox 2443 5918 2661 5969; x_wconf 73' lang='lat' dir='ltr'><strong>Israetem</strong></span> <span class='ocrx_word' id='word_1_1007' title='bbox 2695 5920 2743 5969; x_wconf 87' lang='lat' dir='ltr'><strong>in</strong></span> <span class='ocrx_word' id='word_1_1008' title='bbox 2770 5918 2955 5970; x_wconf 78' lang='lat' dir='ltr'><strong>lumbis.</strong></span> <span class='ocrx_word' id='word_1_1009' title='bbox 2995 5921 3314 5974; x_wconf 79' lang='lat' dir='ltr'><strong>Emendantur</strong></span> <span class='ocrx_word' id='word_1_1010' title='bbox 3351 5935 3409 5972; x_wconf 88' lang='lat' dir='ltr'><strong>ex</strong></span> <span class='ocrx_word' id='word_1_1011' title='bbox 3451 5934 3551 5970; x_wconf 76' lang='lat' dir='ltr'><strong>m-</strong></span> 
     </span>
    </p>
   </div>
   <div class='ocr_carea' id='block_1_123' title="bbox 1976 5983 3548 6072">
    <p class='ocr_par' dir='ltr' id='par_1_123' title="bbox 1976 5983 3548 6072">
     <span class='ocr_line' id='line_1_127' title="bbox 1976 5983 3548 6072; baseline -0.004 -40"><span class='ocrx_word' id='word_1_1012' title='bbox 1976 5983 2249 6043; x_wconf 68' lang='lat' dir='ltr'><strong>nuscriltis.</strong></span> <span class='ocrx_word' id='word_1_1013' title='bbox 3526 6032 3548 6072; x_wconf 43' lang='grc' dir='ltr'>ι</span> 
     </span>
    </p>
   </div>
  </div>
