4102 6484
579 473 710 532 10⁸11

584 621 714 671 nes,
757 622 776 656 ι
809 600 1004 671 inquit,
1035 614 1054 648 ι
1085 594 1184 650 sub
1211 600 1430 663 peccato
1459 586 1759 650 nascimur,
1803 595 2027 652 quorum
2053 578 2166 646 ipse

579 707 726 754 ortus
756 695 808 748 in
824 693 953 747 vitio
984 697 1064 745 est
1088 707 1107 740 ι
1135 685 1451 758 (Ambrosius
1471 723 1486 748 ,
1514 681 1576 734 de
1606 675 1940 738 Pmm'tentia,
1979 671 2067 726 lib.
2097 671 2122 723 ί
2149 709 2166 735 ,

579 807 692 859 cap.
714 786 750 840 2
773 785 850 840 νει
873 783 953 854 5).
1008 779 1147 850 Quid
1184 779 1250 832 ad
1294 777 1396 831 ista
1435 768 1764 843 respondes?
1801 766 1892 821 Illa
1941 765 2007 818 de
2036 765 2164 818 Am-

577 879 759 936 brosio
783 875 918 932 dixit
955 871 1212 944 praeclara
1243 867 1520 935 Pelagius;
1553 863 1654 917 ista
1673 873 1770 930 pro
1797 872 1882 911 me
1906 863 2090 910 contra
2120 861 2170 907 te

582 969 861 1026 manifesta
885 960 1246 1036 pronuntiavit
1288 955 1602 1013 Ambrosius
1634 971 1646 1006 :
1677 953 1836 1006 istum
1883 947 2172 1018 reprehen-

579 1062 646 1116 de
675 1060 742 1115 de
762 1071 870 1128 quo
893 1055 1022 1112 dicit
1062 1053 1314 1123 magister
1338 1059 1458 1102 tuus
1477 1090 1492 1113 ,
1521 1045 1660 1115 quod
1683 1058 1806 1099 eum
1835 1055 1903 1096 ne
1928 1039 2173 1094 inimicus

580 1150 793 1222 quidem
823 1163 987 1202 ausus
1017 1153 1100 1200 est
1127 1138 1559 1212 reprehendere;
1589 1145 1642 1191 et
1662 1135 1751 1206 qui
1779 1147 1940 1188 sanos
1962 1130 2174 1200 judices

580 1241 814 1312 quieris,
859 1239 1021 1294 istum
1061 1251 1198 1306 nega
1243 1246 1466 1296 sanum,
1509 1238 1567 1284 ut
1609 1239 1662 1282 te
1691 1228 1845 1297 plane
1877 1222 2174 1294 proﬁtearis

582 1332 854 1387 insanum.
886 1328 994 1384 Sed
1035 1325 1326 1395 indignaris
1356 1322 1518 1377 homo
1544 1319 1845 1390 piissimus,
1887 1314 2028 1386 quod
2057 1329 2176 1382 par-

583 1424 695 1479 vuli
725 1438 832 1478 non
861 1422 1069 1488 renati,
1111 1419 1154 1472 si
1183 1417 1480 1472 moriantur
1514 1420 1640 1466 ante
1669 1409 1898 1480 propriae
1929 1407 2174 1461 volunta-

585 1517 658 1572 tis
715 1515 1032 1580 arbitrium,
1075 1519 1292 1582 propter
1337 1507 1510 1560 aliena
1548 1504 1794 1559 dicantur
1817 1506 2032 1570 peccata
2077 1497 2176 1550 da-

503 1585 528 1666 ;
585 1608 790 1672 mnari,
831 1606 898 1660 ab
953 1618 1019 1659 eo
1062 1602 1153 1672 qui
1192 1596 1531 1655 commendat
1569 1593 1885 1650 charitatem
1919 1604 2070 1644 suam
2123 1588 2178 1642 in

501 1698 512 1765 ς
585 1700 775 1766 nobis,
807 1698 898 1768 qui
942 1695 1124 1750 dilexit
1164 1707 1295 1758 nos,
1349 1699 1404 1744 et
1455 1687 1590 1741 Filio
1639 1700 1735 1740 suo
1763 1699 1868 1738 non
1897 1679 2174 1751 pepercit,

587 1791 680 1846 sed
711 1805 812 1859 pro
838 1788 992 1843 nobis
1036 1786 1184 1840 illum
1228 1782 1444 1838 tradidit
1472 1796 1484 1832 ε
1520 1779 1672 1849 quasi
1715 1792 1820 1831 non
1851 1777 1916 1830 de
1944 1775 2033 1828 illo
2059 1787 2182 1843 gra-

588 1885 702 1938 vius
743 1887 1135 1951 conquerantur
1178 1876 1327 1932 stulti
1356 1885 1410 1929 et
1449 1871 1649 1928 indocti
1687 1870 1892 1924 similes
1935 1868 2043 1928 tui,
2090 1866 2181 1935 qui

591 1974 805 2038 dicunt,
857 1969 1047 2040 thuid
1090 1976 1272 2034 creat,
1322 1981 1456 2036 quos
1501 1963 1691 2032 impios
1737 1960 1946 2015 futuros
1991 1967 2045 2012 et
2091 1958 2183 2011 da-

587 2063 849 2120 mnandos
877 2076 995 2116 esse
1015 2058 1313 2130 praescivit?
1343 2055 1541 2126 thuid
1579 2069 1674 2108 eos
1701 2060 1989 2122 postremo,
2013 2049 2185 2104 donec

587 2157 654 2212 ad
680 2156 1007 2226 impietatem
1033 2151 1391 2206 damnabilem
1418 2147 1732 2218 perveniant
1761 2147 1800 2208 ¹,
1831 2143 1958 2198 facit
1982 2144 2180 2210 vivere,

593 2263 726 2319 quos
766 2255 1052 2315 antequam
1100 2243 1234 2296 tales
1279 2242 1299 2271 ⁸
1343 2239 1564 2304 ﬁerent,
1613 2253 1676 2292 ex
1718 2236 1818 2290 hac
1857 2237 1963 2288 vita
2007 2241 2186 2303 posset

589 2339 830 2402 auferre;
880 2338 922 2392 si
957 2339 1164 2390 animas
1210 2341 1386 2398 amat,
1419 2331 1463 2384 si
1491 2329 1832 2385 commendat
1873 2327 2186 2381 charitatem

589 2446 740 2486 suam
763 2431 814 2482 in
837 2427 1011 2492 nobis,
1033 2427 1076 2480 si
1094 2425 1231 2479 Filio
1251 2438 1348 2478 suo
1375 2438 1479 2476 non
1510 2421 1779 2492 pepercit;
1801 2419 1893 2474 sed
1915 2433 2010 2488 pro
2031 2418 2186 2472 nobis

590 2521 840 2577 omnibus
873 2517 1090 2573 tradidit
1129 2515 1292 2570 eum?
1319 2514 1522 2580 Quibus
1549 2513 1591 2565 si
1621 2512 1849 2578 dicatur,
1876 2510 1920 2563 0
1945 2511 2114 2573 homo,
2133 2517 2188 2562 tu

591 2614 701 2684 quis
725 2629 776 2666 es
793 2612 878 2682 qui
900 2610 1201 2680 respondeas
1231 2606 1338 2660 Deo
1362 2606 1535 2674 (Rom.
1565 2621 1638 2668 1x,
1672 2604 1803 2674 20)?
1831 2603 2190 2658 Inscrutabilia

591 2715 706 2759 sunt
734 2703 935 2774 judicia
956 2703 1065 2771 ejus
1087 2699 1194 2770 (1d.
1233 2715 1307 2762 x1,
1326 2698 1417 2768 55)
1451 2715 1462 2750 :
1487 2699 1790 2752 irascuntur
1811 2698 2005 2766 potius,
2029 2711 2189 2766 quam

593 2797 898 2851 mitescunt.
923 2793 1027 2848 Sed
1048 2793 1194 2846 novit
1222 2791 1477 2844 Dominus
1495 2791 1583 2860 qui
1606 2798 1730 2843 sunt
1749 2790 1864 2859 ejus
1889 2791 1954 2861 (ΙΙ
1977 2788 2108 2842 Tim.
2127 2805 2184 2856 n,

595 2891 705 2961 19).
731 2888 790 2943 Si
817 2902 945 2958 ergo
975 2887 1118 2940 sanis
1128 2885 1398 2956 judicibus
1423 2885 1495 2938 uti
1519 2883 1690 2953 cupis,
1713 2883 1834 2938 audi
1855 2884 2089 2953 judicem
2107 2898 2190 2938 sa-

596 2996 722 3035 num
756 2977 1094 3048 singulariter
1123 2991 1152 3028 a
1183 2985 1274 3029 tuo
1319 2975 1537 3028 doetore
1581 2974 1874 3028 laudatum.
1909 2992 1928 3025 ι
1963 2973 2115 3038 Fuit,
2164 2990 2185 3025 ι

596 3075 785 3144 inquit,
809 3089 828 3123 ι
857 3071 1046 3134 Adam,
1071 3078 1124 3124 et
1145 3069 1196 3122 in
1221 3068 1314 3122 illo
1339 3067 1535 3122 fuimus
1557 3081 1780 3132 omnes;
1813 3067 1970 3136 periit
1996 3066 2186 3132 Adam,

597 3177 652 3223 et
697 3167 752 3220 in
797 3165 890 3220 illo
918 3177 1106 3217 omnes
1157 3159 1447 3231 perierunt.
1487 3177 1506 3210 )
1535 3157 1641 3214 Sed
1671 3159 1938 3228 peccatis,
1979 3159 2188 3229 inquis,

598 3257 786 3313 alienis
816 3269 924 3311 non
961 3255 1141 3324 utique
1195 3252 1368 3322 perire
1415 3251 1730 3306 debuerunt.
1795 3250 1983 3305 Aliena
2029 3260 2183 3316 sunt,

597 3353 693 3408 sed
747 3359 966 3420 paterna
1013 3356 1135 3402 sunt
1162 3364 1175 3401 :
1210 3361 1272 3400 ac
1301 3360 1396 3415 per
1423 3345 1526 3400 hoc
1566 3344 1686 3416 jure
1715 3344 2080 3400 seminationis
2110 3351 2190 3399 at-

597 3460 702 3516 que
753 3440 1161 3514 germinationis
1211 3447 1266 3495 et
1304 3447 1486 3493 nostra
1513 3446 1656 3492 sunt.
1685 3436 1816 3506 Quis
1837 3437 1904 3492 ab
1933 3437 2033 3493 hac
2062 3452 2187 3508 per-

598 3536 800 3591 ditione
841 3533 1064 3596 liberat,
1111 3531 1214 3586 nisi
1267 3531 1360 3600 qui
1414 3530 1558 3584 venit
1603 3545 1844 3600 quaerere
1885 3531 2026 3599 quod
2065 3545 2190 3600 per-

599 3630 736 3684 ierat
781 3625 934 3697 (Luc.
985 3640 1114 3690 xix,
1160 3621 1289 3696 10)?
1329 3623 1387 3677 In
1410 3623 1487 3677 eis
1517 3637 1643 3693 ergo
1667 3637 1801 3692 quos
1827 3622 2045 3691 liberat,
2072 3639 2190 3678 am-

599 3720 900 3792 plectamur
939 3715 1362 3772 misericordiam
1407 3714 1508 3768 :in
1556 3714 1634 3768 eis
1680 3723 1859 3770 autem
1905 3730 2038 3786 quos
2083 3731 2190 3770 non

598 3811 818 3878 liberat,
847 3823 1200 3880 agnoscamus
1222 3807 1478 3878 judicium
1499 3806 1920 3862 occultissimum
1949 3807 2187 3878 quidem,

597 3903 692 3958 sed
722 3904 837 3958 sine
861 3901 969 3956 ulla
998 3900 1328 3955 dubitatione
1351 3899 1722 3969 justissimum.

669 3993 856 4050 XLIX.
887 3993 1007 4048 Jun.
1037 3993 1308 4063 Pugnasse
1328 3991 1543 4062 quidem
1573 3992 1594 4022 ³
1623 4007 1742 4046 cum
1775 3991 2016 4061 principe
2041 3999 2192 4046 tene-

597 4090 812 4144 brarum
854 4087 1014 4140 deum
1045 4085 1212 4149 lucis,
1254 4083 1578 4138 Manichazus
1609 4084 1786 4150 ﬁnxit,
1831 4092 1884 4138 et
1925 4083 2188 4147 credidit;

598 4180 945 4248 addiditque,
974 4177 1091 4246 ejus
1127 4176 1388 4246 captivam
1421 4175 1589 4230 teneri
1631 4177 1684 4230 in
1733 4175 1835 4230 hoc
1883 4175 2014 4231 orbe
2059 4175 2188 4231 sub-

599 4274 849 4327 stantiam
899 4290 911 4325 :
961 4269 1056 4324 sed
1110 4277 1310 4322 tantam
1361 4268 1728 4324 infelicitatem
1777 4270 1957 4324 colore
1982 4271 2190 4340 pietatis

603 4364 790 4417 nititur
816 4375 1082 4416 excusare
1102 4401 1116 4424 ,
1162 4358 1435 4414 afﬁrmans
1467 4359 1489 4390 "
1518 4376 1637 4414 eum
1667 4363 1814 4429 quasi
1861 4361 2054 4416 bonum
2093 4379 2190 4433 pro

599 4455 772 4526 patria
809 4453 1092 4508 dimicasse
1134 4452 1340 4516 civem,
1386 4461 1544 4521 atque
1583 4451 1702 4506 ideo
1731 4453 1990 4520 ohjecisse
2019 4470 2188 4510 mem-

605 4551 697 4604 bra
718 4592 734 4616 ,
763 4564 830 4604 ne
853 4547 1104 4618 perderet
1135 4561 1314 4615 regna.
1346 4545 1424 4598 Tu
1453 4545 1540 4612 qui
1568 4545 1684 4600 haec
1701 4545 1992 4615 didiceras,
2021 4563 2189 4618 quan-

605 4653 714 4697 tum
745 4660 805 4698 ea
837 4643 920 4696 vel
948 4643 1012 4694 ad
1045 4652 1252 4709 tempus
1283 4638 1580 4693 deserendo
1605 4639 1892 4708 profeceris
1931 4643 2139 4697 intuere
2169 4659 2184 4698 :

604 4735 767 4789 dicis.
822 4733 988 4786 Deum
1021 4731 1392 4786 necessitatem
1443 4747 1550 4784 non
1602 4733 1877 4799 pertulisse
1907 4733 2066 4799 belli,
2093 4733 2186 4789 sed

604 4827 933 4896 iniquitatem
951 4825 1232 4878 admisisse
1251 4823 1433 4892 jndicii
1451 4839 1466 4889 ;
1487 4837 1584 4878 nec
1607 4825 1900 4879 tenebrosis
1921 4825 2183 4892 hostibus,

605 4917 698 4974 sed
731 4917 1026 4986 perspicuis
1064 4915 1340 4982 subjacere
1365 4915 1710 4981 criminibus;
1743 4931 1848 4970 non
1890 4916 2189 4986 impertisse

607 5018 879 5080 postremo
921 5007 1272 5062 substantiam
1313 5024 1495 5072 suam,
1531 5009 1624 5063 sed
1667 5017 1917 5062 mternam
1961 5010 2188 5066 violasse

600 5102 880 5172 justitiam.
927 5099 1044 5168 Quo
1091 5101 1209 5171 quis
1254 5111 1488 5157 vestrum
1537 5101 1685 5170 pejor
1728 5101 1798 5154 sit
1826 5101 1868 5166 ⁸,
1899 5100 2018 5154 aliis
2042 5102 2187 5157 aesti-

607 5194 856 5250 mandum
891 5195 1150 5264 relinquo.
1185 5193 1314 5248 Illud
1347 5203 1522 5246 tamen
1567 5193 1764 5261 liquet,
1800 5191 1866 5246 ad
1897 5209 2060 5247 unum
2092 5209 2186 5250 vos

602 5287 872 5358 opinionis
900 5286 1048 5341 nefas
1077 5287 1270 5342 redire.
1305 5285 1434 5340 Nam
1468 5295 1521 5340 et
1544 5285 1863 5340 Manichazus
1901 5287 2186 5342 subscribit

601 5379 936 5452 iniquitatem
967 5379 1077 5433 Deo
1103 5393 1234 5445 suo,
1263 5393 1384 5432 cum
1414 5393 1536 5431 eum
1567 5377 1761 5470 allegat
1785 5377 2177 5448 damnaturum,

665 5517 682 5548 ι
715 5518 790 5566 Sic
811 5523 917 5566 Mss.
942 5521 996 5564 In
1015 5514 1154 5577 vign.
1169 5545 1184 5572 ,
1207 5508 1504 5577 proveniant.

661 5579 684 5610 ι
715 5583 768 5626 ιη
785 5577 929 5644 editis
945 5569 1179 5644 omissum
1192 5569 1342 5644 {tales
1363 5585 1390 5644 ε.
1405 5579 1458 5622 et
1473 5571 1597 5644 infra
1629 5585 1735 5637 pro,
1755 5573 1798 5624 si
2026 5585 2182 5644 mnat,

599 5646 827 5704 corrupte
845 5638 1125 5702 legebatur,
1161 5635 1342 5686 animat
1371 5635 1442 5696 is,
1467 5635 1592 5696 apud
1629 5635 1772 5699 luem;
1796 5636 2044 5701 animaris,
2061 5635 2186 5704 apud

633 5713 858 5828 Virmn,
884 5773 1120 5826 pugnasse
1140 5757 1184 5812 si
1204 5757 1620 5828 qrdgemrsbest,
1658 5760 1729 5822 si,
1769 5773 1796 5811 a
1821 5767 2177 5828 manuscriptis.

656 5825 679 5894 ξ
843 5821 1033 5894 διέπλει
1061 5821 1454 5894 Ρᾳῐιηὰῇῖηηαι.

656 5887 676 5918 υ
699 5885 863 5952 ΔΕ‹;1ίιι;
891 5883 1004 5952 Quis
1027 5883 1234 5952 vestrum
1261 5883 1401 5950 pejor
1425 5883 1520 5946 sit;
1565 5889 1755 5944 omisso,
1782 5901 1892 5952 quo,
1917 5889 2008 5940 sed
2031 5889 2182 5942 habe-

593 5955 674 5999 tur
695 5947 746 5995 in
768 5947 1120 6009 manuscriptis.

1249 455 1490 516 OPERIS
1529 447 1940 508 lMPERFECTl
1977 444 2253 502 CONTRA
2290 441 2651 510 JULIANUM,
2691 442 2748 497 S.
2789 439 3152 500 AUGUSTINI
3185 487 3194 492 _

3714 436 3858 494 1073

2281 581 2336 631 in
2362 577 2550 632 ultimo
2568 576 2656 632 die
2681 578 2918 632 membra
2951 589 3069 646 quae
3095 572 3311 630 tradidit
3355 588 3370 624 :
3411 579 3468 628 et
3515 579 3574 627 tu
3615 586 3714 642 per
3759 571 3860 627 hoc

2277 671 2422 726 illum
2466 671 2661 726 asseris
2705 669 2967 726 infelicem
2988 710 3004 734 ,
3037 683 3130 737 per
3157 666 3300 738 quod
3335 665 3612 736 corrupit‘
3635 665 3860 736 gloriam

2277 781 2382 836 qua
2409 765 2646 828 cluebat,
2671 773 2726 820 et
2755 762 3121 834 persequendo
3147 759 3502 816 innocentiam
3530 773 3691 830 quam
3712 773 3862 814 crea-

2280 857 2392 923 vit,
2430 856 2662 926 perdidit
2710 855 2968 926 justitiam
3013 869 3116 925 qua
3163 857 3484 910 sacerrimus
3545 853 3663 907 fuit.
3717 852 3864 908 Tan-

2282 957 2392 1002 tum
2421 949 2578 1018 igitur
2629 947 2785 1014 huic,
2837 963 2992 1018 quem
3027 956 3082 1001 tu
3124 946 3361 1012 inducis,
3406 946 3516 1001 Deo
3537 987 3552 1008 ,
3581 945 3671 999 ille
3704 961 3864 1016 quem

2281 1040 2534 1110 magister
2561 1047 2681 1094 tuus
2719 1049 3055 1096 commentus
3091 1037 3288 1104 fuerat,
3335 1037 3649 1103 antecellit,
3699 1053 3868 1107 quan-

2282 1141 2390 1188 tum
2413 1132 2766 1186 excusabilius
2785 1175 2798 1196 ,
2829 1132 3011 1201 prmlio
3039 1139 3344 1200 superatum
3379 1143 3500 1186 esse
3531 1145 3690 1200 quam
3717 1131 3864 1183 vitio.

2351 1225 2486 1280 Anc.
2514 1223 2570 1278 Si
2600 1223 2688 1278 tibi
2717 1224 2888 1292 placet
2911 1223 3212 1277 innocentia
3240 1221 3576 1292 parvulorum
3600 1264 3614 1288 ,
3647 1237 3868 1276 remove

2283 1317 2350 1372 ab
2377 1317 2486 1384 eis,
2537 1318 2582 1372 si
2611 1325 2790 1386 potes,
2834 1331 2994 1385 grave
3031 1316 3213 1386 jugum
3241 1315 3385 1385 quod
3429 1325 3513 1371 est
3536 1329 3704 1385 super
3733 1315 3870 1370 ﬁlios

2283 1411 2453 1465 Adam
2493 1425 2523 1464 a
2561 1410 2648 1465 die
2687 1410 2861 1465 exitus
2903 1409 2968 1464 de
3011 1417 3197 1463 ventre
3225 1408 3410 1462 matris
3461 1423 3648 1462 eorum
3680 1406 3866 1479 (Eccli.

2284 1518 2385 1569 xL,
2414 1501 2488 1576 i).
2521 1501 2626 1558 Sed
2669 1511 2796 1571 puto
2840 1501 2983 1572 quod
3031 1500 3338 1571 Scriptura,
3387 1517 3508 1572 quae
3553 1501 3654 1555 hoc
3696 1499 3867 1568 dixit,

2284 1589 2474 1644 melius
2500 1597 2550 1643 te
2578 1596 2804 1643 noverat
2833 1588 2959 1658 quid
2985 1597 3128 1642 esset
3157 1589 3459 1643 innocentia
3483 1596 3747 1642 creaturae
3765 1631 3780 1654 ,
3821 1598 3873 1642 et

2284 1680 2411 1752 quid
2435 1681 2637 1750 justitia
2677 1680 2966 1736 Creatoris.
3016 1680 3145 1748 Quis
3189 1689 3368 1736 autem
3415 1696 3520 1737 non
3565 1681 3781 1747 videat,
3829 1682 3874 1735 si

2287 1774 2486 1829 habent
2527 1774 2762 1844 parvuli,
2817 1774 3026 1844 qualem
3065 1773 3355 1843 praedicas,
3395 1773 3790 1839 innocentiam,
3821 1774 3872 1828 in

2285 1868 2430 1938 gravi
2473 1867 2602 1938 jugo
2649 1882 2833 1922 eorum
2887 1867 2977 1921 Dei
3021 1881 3126 1921 non
3171 1881 3293 1922 esse
3327 1866 3627 1937 justitiam?
3669 1867 3872 1932 Porro,

2287 1961 2409 2030 quia
2437 1960 2492 2013 in
2513 1960 2642 2030 jugo
2665 1960 2815 2030 gravi
2856 1973 3041 2014 eorum
3085 1958 3261 2013 divina
3287 1959 3488 2029 justitia
3515 1967 3631 2024 est;
3665 1975 3770 2012 non
3797 1967 3874 2013 est

2289 2052 2342 2106 in
2367 2053 2444 2106 eis
2490 2051 2640 2117 talis,
2671 2052 2878 2121 qualem
2907 2050 3166 2121 praedicas
3185 2093 3201 2119 ,
3233 2051 3554 2106 innocentia.
3601 2050 3712 2104 Nisi
3743 2049 3874 2105 forte

2289 2145 2382 2199 tibi
2413 2146 2464 2199 in
2493 2147 2592 2200 hac
2619 2146 2911 2215 quaestione
2933 2138 3195 2200 laboranti
3217 2188 3230 2210 ,
3261 2137 3402 2201 Deus
3423 2146 3600 2216 justus
3621 2144 3874 2215 quidem,

2289 2238 2383 2292 sed
2429 2238 2669 2292 inﬁrmus
2701 2239 2930 2308 quodam
2957 2239 3120 2294 modo
3145 2239 3428 2294 subvenire
3473 2239 3708 2308 poterit,
3753 2239 3876 2307 quia

2291 2330 2401 2402 suis
2445 2331 2784 2400 imaginibus,
2817 2347 2885 2387 ne
2914 2333 3224 2388 innocentes
3266 2334 3442 2402 gravis
3481 2331 3592 2403 jugi
3627 2331 3877 2384 miseria'I

2292 2432 2667 2493 premerentur
2691 2465 2705 2490 ,
2755 2424 3040 2478 subvenire
3076 2439 3184 2478 non
3233 2423 3400 2493 potuit
3433 2441 3445 2476 :
3477 2432 3534 2476 ut
3578 2437 3704 2477 eum
3735 2420 3878 2476 dicas

2293 2516 2524 2570 voluisse
2563 2515 2778 2586 quidem
2801 2558 2814 2580 ,
2842 2517 2964 2586 quia
3000 2517 3179 2585 justus
3216 2523 3328 2582 est,
3359 2515 3452 2570 sed
3493 2530 3600 2569 non
3649 2514 3878 2584 potuisse

2293 2607 2412 2675 quia
2455 2607 2792 2677 omnipotens
2823 2623 2928 2661 non
2977 2617 3091 2674 est;
3121 2619 3279 2678 atque
3323 2609 3394 2661 ita
3425 2606 3491 2662 de
3521 2606 3604 2660 his
3625 2607 3878 2677 angustiis

2294 2715 2484 2766 exeas,
2531 2709 2589 2754 ut
2615 2701 2737 2756 ﬁdei
2782 2709 2941 2772 caput
2975 2701 3197 2771 perdas,
3234 2716 3335 2771 qua
3378 2701 3482 2757 fide
3527 2701 3780 2771 primitus
3827 2699 3878 2754 in

2294 2792 2548 2864 Symbolo
2595 2793 2914 2848 conﬁtemur
2952 2793 3173 2849 credere
3209 2809 3310 2849 nos
3349 2794 3402 2848 in
3453 2794 3620 2849 Deum
3669 2793 3880 2848 Patrem

2295 2884 2736 2953 omnipotentem.
2766 2885 2908 2940 Deus
2936 2886 3096 2956 igitur
3118 2895 3271 2951 tuus,
3301 2887 3354 2940 in
3377 2894 3456 2942 tot
3492 2895 3549 2940 et
3577 2887 3742 2940 tantis
3769 2901 3883 2940 ma-

2297 2977 2361 3030 lis
2392 2993 2510 3046 quze
2542 2978 2744 3046 parvuli
2771 2979 3072 3047 patiuntur,
3119 2988 3212 3034 aut
3235 2978 3496 3049 justitiam
3519 3020 3533 3045 ,
3581 2989 3678 3034 aut
3703 2980 3882 3034 omni-

2297 3071 2588 3140 potentiam
2615 3113 2630 3137 ,
2660 3081 2752 3126 aut
2785 3073 2952 3142 ipsam
2983 3089 3168 3129 curam
3210 3088 3387 3130 rerum
3421 3074 3779 3130 humanarum
3804 3083 3884 3132 est

2297 3163 2603 3232 perditurus
2649 3183 2662 3218 :
2706 3165 2982 3234 quodlibet
3017 3175 3196 3222 autem
3243 3167 3465 3222 istorum
3495 3167 3718 3234 dixeris,
3765 3167 3884 3224 vide

2295 3255 2422 3326 quid
2441 3256 2549 3311 eris
2563 3255 2605 3310 ³.

2367 3346 2426 3402 L.
2459 3346 2577 3403 Jun.
2603 3349 2838 3406 Amolire
2863 3359 2917 3406 te
2953 3349 3130 3421 itaque
3163 3365 3284 3406 cum
3313 3351 3400 3406 tali
3429 3349 3541 3407 Deo
3575 3359 3668 3406 tuo
3695 3351 3768 3408 de
3787 3350 3862 3412 Ec-

2295 3441 2576 3498 clesiarum
2598 3443 2774 3500 medio
2802 3462 2815 3498 :
2848 3460 2954 3500 non
2983 3453 3067 3501 est
3113 3446 3247 3516 ipse,
3292 3445 3379 3502 cui
3424 3446 3773 3512 Patriarchae,
3799 3461 3882 3501 cu.

2295 3533 2597 3604 PrOphctte,
2615 3537 2701 3592 cui
2743 3537 2982 3608 Apostoli
3013 3537 3376 3604 crediderunt,
3415 3539 3466 3594 in
3492 3555 3599 3610 quo
3650 3539 3882 3610 speravit

2295 3637 2349 3683 et
2375 3638 2554 3698 sperat
2597 3627 2836 3685 Ecclesia
2863 3631 3272 3700 primitivorum,
3303 3647 3422 3702 qure
3464 3632 3770 3704 conscripta
3809 3641 3886 3688 est

2297 3719 2348 3772 in
2375 3720 2525 3774 caelis
2552 3720 2570 3791 (
2595 3719 2754 3776 Hebr.
2805 3739 2899 3788 xn,
2925 3722 3030 3796 25)
3056 3741 3068 3778 :
3097 3739 3202 3778 non
3251 3735 3330 3780 est
3361 3724 3474 3794 ipse
3505 3739 3670 3795 quem
3718 3723 3884 3780 credit

2290 3810 2522 3881 judicem
2542 3813 2869 3868 rationabilis
2893 3824 3138 3870 creatura
3164 3832 3178 3881 ;
3211 3832 3368 3886 quem
3391 3813 3625 3886 Spiritus
3672 3827 3886 3872 sanctus

2291 3903 2803 3973 justejudicaturum
2833 3921 2952 3962 esse
3003 3907 3299 3962 denuntiat.
3323 3907 3492 3963 Nemo
3519 3907 3884 3978 prudentium,

2295 4009 2393 4064 pro
2421 3995 2508 4048 tali
2535 3995 2758 4051 Domino
2783 4012 2936 4051 suum
2959 4015 3190 4068 unquam
3237 4001 3550 4070 sanguinem
3611 4001 3880 4056 fudisset:

2296 4101 2396 4142 nec
2422 4087 2564 4142 enim
2612 4089 2914 4144 merebatur
2962 4089 3262 4145 dilectionis
3303 4091 3568 4159 affectum,
3605 4102 3660 4146 ut
3713 4093 3887 4148 susci-

2296 4181 2500 4250 pienda:
2531 4197 2627 4251 pro
2673 4197 2732 4237 se
2770 4197 2904 4237 onus
2955 4183 3254 4254 imponeret
3290 4184 3568 4256 passionis.
3597 4183 3888 4240 Postremo

2295 4272 2394 4327 iste
2419 4287 2575 4342 quem
2593 4271 2822 4340 inducis,
2867 4275 2909 4328 si
2937 4284 3080 4331 esset
3105 4276 3333 4346 uspiam,
3383 4291 3508 4332 reus
3533 4277 3888 4333 convincere-

2295 4375 2379 4419 tur
2399 4381 2536 4433 esse,
2570 4383 2678 4422 non
2702 4367 2836 4424 deus
2860 4387 2874 4436 ;
2903 4370 3219 4439 judicandus
3249 4387 3276 4424 a
3306 4386 3434 4427 vero
3475 4371 3583 4426 Deo
3604 4385 3752 4438 meo,
3785 4385 3890 4427 non

2289 4447 2621 4526 judicaturus
2648 4477 2742 4531 pro
2765 4463 2893 4517 Deo.
2925 4463 2994 4519 Ut
3022 4464 3178 4535 igitur
3204 4465 3376 4534 prima
3405 4465 3524 4520 ﬁdei
3558 4464 3886 4520 fundamen—

2295 4561 2344 4606 ta
2372 4568 2661 4623 cognoscas
2691 4572 2704 4621 ;
2735 4564 2918 4610 noster
2939 4557 3079 4612 Deus
3100 4600 3113 4622 ,
3147 4557 3397 4612 Ecclesiae
3421 4557 3698 4613 catholicm
3727 4558 3888 4626 Deus,

2294 4646 2587 4700 substantia
2617 4647 2771 4702 nobis
2807 4649 3014 4718 ignotus
3045 4656 3145 4716 est,
3180 4659 3232 4704 et
3277 4649 3343 4703 ab
3371 4659 3590 4719 aspectu
3643 4650 3892 4704 similiter

2293 4749 2530 4792 remotus
2561 4755 2574 4804 ;
2607 4753 2764 4808 quem
2792 4739 2922 4794 vidit
2947 4751 3104 4794 nemo
3137 4741 3431 4808 hominum,
3458 4758 3556 4796 nec
3581 4742 3767 4798 videre
3799 4757 3892 4812 po-

2294 4841 2395 4888 test
2421 4833 2440 4904 (
2473 4831 2493 4886 l
2523 4831 2657 4887 Tim.
2703 4849 2776 4901 vx,
2807 4834 2872 4888 16
2901 4833 2920 4908 )
2959 4853 2970 4888 :
3000 4843 3058 4889 ut
3087 4843 3318 4890 aeternus
3342 4835 3458 4891 sine
3501 4836 3794 4908 principio,
3823 4837 3893 4890 ita

2291 4932 2508 4978 sanctus
2553 4923 2834 4994 justusque
2889 4925 3006 4981 sine
3069 4925 3237 4992 vitio;
3293 4926 3890 4996 omnipotentissimus,

2291 5015 2668 5085 aequissimus,
2715 5016 3280 5086 misericordissimus,
3327 5017 3671 5074 innotescens
3724 5019 3844 5074 solo
3873 5017 3895 5048 ⁸

2290 5106 2571 5174 splendore
2597 5107 2849 5162 virtutum
2882 5125 2896 5174 ;
2924 5107 3093 5163 factor
3121 5111 3356 5164 omnium
3382 5126 3502 5181 qnte
3546 5125 3652 5165 non
3695 5121 3890 5178 erant,

2290 5195 2625 5267 dispensator
2644 5215 2828 5255 eorum
2845 5201 2866 5231 ⁸
2893 5216 3011 5271 quae
3032 5210 3170 5266 sunt,
3201 5204 3533 5258 examinator
3571 5214 3892 5260 cunctorum

2291 5289 2377 5358 qui
2406 5298 2460 5344 et
2493 5301 2635 5359 sunt,
2659 5301 2713 5347 et
2740 5292 2900 5347 futuri
2930 5303 3075 5362 sunt,
3108 5305 3161 5348 et
3177 5293 3413 5363 fuerunt,
3447 5297 3498 5350 in
3526 5296 3724 5352 ultimo
3765 5297 3892 5352 die:

2293 5388 2511 5450 terram,
2543 5384 2758 5450 coelum,
2786 5393 2842 5440 et
2869 5395 3060 5440 cuncta
3112 5387 3270 5441 simul
3299 5389 3563 5443 elementa
3591 5399 3844 5445 moturus
3875 5405 3890 5442 :

2289 5475 2548 5530 excitator
2565 5475 2826 5544 cinerum,
2845 5486 2900 5532 et
2913 5491 3198 5548 corporum
3218 5480 3491 5536 restitutor
3517 5499 3530 5536 :
3547 5481 3641 5537 sed
3665 5494 3890 5552 propter

2289 5565 2454 5622 solam
2481 5567 2740 5638 justitiam
2765 5611 2778 5635 ,
2809 5567 2924 5624 haec
2949 5585 3068 5640 qua:
3119 5569 3371 5639 diximus,
3399 5581 3594 5628 cuncta
3623 5573 3891 5630 facturus.
3985 5565 3994 5626 '.

2352 5707 2370 5770 ξ
2407 5713 2486 5756 Ms.
2514 5712 2644 5766 man,
2669 5705 2951 5770 corrumpit.

2350 5769 2371 5836 ξ
2405 5775 2591 5836 iisiiss.
2619 5775 2674 5836 At
2689 5767 2996 5836 _editi,_gravi
3017 5768 3140 5836 jugo
3157 5767 3384 5836 ηιῡεεήω.

2352 5829 2373 5899 ξ
2407 5828 2524 5899 {diti
2541 5867 2554 5891 ,
2581 5829 2698 5899 quid
2721 5828 2894 5899 egeris.
2914 5828 3213 5899 castigantur
3237 5833 3299 5883 ad
3320 5837 3690 5899 manum-imm.

2352 5891 2376 5955 ξ
2408 5891 2549 5955 Editi,
2577 5891 2719 5942 actus.
2748 5891 2937 5942 'Verius
2958 5891 3084 5955 lissi,
3109 5895 3224 5946 solo.

2357 5954 2380 5987 ι
2412 5953 2571 6004 Codex
2613 5962 2757 6016 Port.,
2780 5955 2993 6008 cum”
3005 5953 3187 6010 ωνωη.
