4102 6490
306 342 451 402 1073

373 458 513 515 Anc.
532 454 587 513 Si
604 456 772 513 Deum
795 457 1222 515 Patriarcharum
1237 460 1391 531 colis,
1409 476 1579 533 quare
1599 476 1704 518 non
1721 463 1896 519 credis

301 548 767 604 circumcisionom
809 552 980 605 octavi
1005 551 1129 617 dici,
1179 568 1296 622 quae
1321 564 1585 626 prmcepta
1615 564 1697 611 est
1722 557 1895 612 Abra-

301 641 405 705 hae,
426 640 908 710 prmﬁgurationem
927 640 1092 698 fuisse
1118 647 1538 714 regenerationis
1568 648 1618 700 in
1645 645 1894 703 Christo?

298 734 415 789 Hoc
455 732 600 787 enim
651 732 697 787 si
753 734 1020 800 crederes,
1050 736 1258 792 videres
1310 753 1415 793 non
1466 739 1700 807 potuisse
1750 738 1894 809 juste

294 826 533 882 animam
578 824 780 894 parvuli
820 827 1163 883 exterminari
1205 827 1274 884 de
1325 829 1520 899 populo
1567 844 1694 898 suo,
1723 831 1768 884 si
1807 830 1893 888 die

293 933 404 974 non
430 918 906 973 circumciderctur
935 929 1127 976 octavo
1152 919 1321 996 (Gen.
1362 938 1488 987 xvn,
1515 922 1686 978 12-14
1714 923 1757 997 ),
1788 926 1890 982 nisi

291 1009 453 1064 alicui
478 1008 664 1064 fuisset
688 1009 915 1080 obligata
941 1024 1159 1081 peccato
1185 1012 1209 1065 ἲ
1239 1012 1294 1068 Si
1318 1014 1481 1067 Deum
1505 1015 1888 1085 Prophetarum

194 1142 204 1149 .
290 1101 447 1162 colis.
476 1115 574 1155 cur
598 1115 702 1154 non
728 1101 904 1156 credis
941 1102 1083 1170 quod
1103 1119 1196 1173 per
1220 1119 1313 1158 eos
1329 1106 1484 1161 toties
1510 1107 1645 1161 Deus
1669 1109 1882 1175 dixerit,

292 1191 532 1247 Reddam
561 1202 761 1263 peccata
783 1202 984 1263 patrum
1026 1195 1080 1248 in
1121 1193 1297 1267 ﬁlios(
1324 1194 1494 1250 Exod.
1543 1211 1725 1265 xxxiv,
1756 1200 1808 1266 7,
1840 1210 1889 1256 et

291 1284 489 1341 lenm.
514 1302 674 1352 xxxtt,
716 1286 825 1357 18)
855 1286 878 1339 ?
917 1285 973 1341 Si
1000 1286 1167 1344 Deum
1212 1289 1589 1358 Apostolorum
1617 1293 1769 1357 colis,
1793 1308 1889 1348 cur

293 1396 404 1434 non
431 1379 623 1434 credis.
654 1392 847 1448 corpus
864 1388 1131 1435 mortuum
1157 1390 1371 1452 propter
1389 1394 1663 1453 peccatum
1692 1383 1881 1456 (Rem.

290 1486 406 1536 vui,
432 1469 501 1525 ~10
529 1468 677 1539 )?Si
699 1470 863 1526 Deum
899 1472 1031 1525 colis
1081 1472 1132 1525 in
1182 1487 1290 1543 quo
1350 1475 1582 1543 speravit
1609 1484 1664 1529 et
1707 1487 1887 1547 sperat

288 1561 528 1616 Ecclesia
574 1562 984 1631 primitivorum,
1021 1579 1140 1633 quae
1169 1566 1469 1635 conscripta
1516 1575 1602 1623 est
1625 1569 1677 1621 in
1708 1569 1879 1635 ctelis,

286 1667 386 1709 cur
405 1668 515 1707 non
543 1653 717 1708 credis
744 1653 1089 1725 baptizandos
1116 1656 1363 1725 parvulos
1390 1658 1505 1712 erui
1546 1657 1614 1714 de
1642 1669 1880 1729 potesta-

289 1746 697 1802 tetenebrarum
732 1744 971 1816 (Colore.
1001 1761 1053 1811 ι,
1088 1749 1156 1803 15
1179 1746 1222 1819 ),
1253 1763 1376 1804 cum
1422 1765 1516 1805 eos
1539 1760 1759 1824 pr0pter
1780 1753 1883 1810 hoc

285 1835 533 1892 exsuﬁlet
561 1845 721 1906 atque
748 1828 1014 1892 exorcizct
1059 1839 1314 1906 Ecclesia,
1365 1851 1421 1895 ut
1448 1842 1513 1896 ab
1542 1845 1619 1898 eis
1643 1853 1882 1916 potestas

288 1930 631 1985 tenebrarum
681 1932 924 1986 mittatur
968 1932 1159 1987 foras?
1188 1933 1284 1989 llle
1325 1950 1453 1989 vero
1492 1952 1650 2006 quem
1696 1946 1878 2009 sperat

284 2022 515 2093 iudicem
542 2025 814 2079 rationalis
836 2034 1100 2094 creatura,
1129 2042 1249 2097 quae
1278 2028 1333 2084 in
1353 2031 1551 2085 sanctis
1578 2032 1696 2100 ejus
1719 2041 1803 2088 est
1826 2042 1882 2090 et

287 2113 573 2183 ﬁdelibus,
628 2115 748 2187 lege
781 2118 796 2148 ¹
843 2117 996 2173 nobis
1021 2161 1035 2186 ,
1085 2130 1283 2192 praeter
1337 2138 1561 2195 regnum
1619 2125 1775 2182 bonis
1823 2136 1881 2185 et

283 2206 603 2276 supplicium
625 2209 801 2275 malis,
832 2225 990 2280 quem
1020 2213 1232 2268 tertium
1276 2215 1454 2271 locum
1499 2222 1880 2288 pmparaverit

282 2309 336 2354 ct
361 2290 670 2369 promiserit
693 2318 799 2357 non
827 2306 1150 2373 regeneratis
1193 2307 1562 2366 innocentibus
1593 2311 1714 2367 tuis.
1735 2314 1877 2381 Quo-

282 2391 444 2446 modo
465 2400 645 2447 autem
675 2392 828 2461 dicis,
850 2395 1118 2451 neminem
1147 2399 1467 2467 prudentum
1495 2416 1594 2472 pro
1628 2404 1870 2474 Domino,

283 2495 443 2551 quem
481 2481 728 2549 colimus,
759 2485 1071 2555 sanguinem
1086 2486 1339 2556 fundere;
1380 2506 1501 2547 cum
1543 2508 1664 2550 eum
1694 2496 1877 2552 colue-

288 2572 358 2627 rit
376 2581 430 2627 ct
447 2587 543 2643 pro
567 2588 632 2629 co
656 2574 970 2646 sanguinem
997 2576 1189 2634 fuderit
1212 2580 1629 2650 gloriosissimus
1653 2586 1876 2658 Cypria-

286 2677 413 2731 nus,
443 2664 532 2734 qui
555 2679 650 2720 vos
674 2666 727 2719 in
772 2666 871 2722 ista
896 2670 1190 2738 quaestione
1217 2671 1442 2730 suﬁ'ocat
1465 2716 1481 2743 ,
1509 2677 1712 2743 dicens,
1746 2694 1872 2748 par-

283 2756 467 2810 vulum
492 2769 560 2812 ex
584 2756 753 2813 Adam
787 2761 1070 2817 carnaliter
1108 2774 1311 2833 natum,
1341 2771 1640 2840 contagium
1685 2774 1874 2832 mortis

278 2847 515 2918 antiqua:
552 2851 722 2919 prima
763 2853 1037 2909 nativitate
1085 2859 1400 2914 contrahere
1428 2861 1641 2932 (Epist.
1670 2864 1760 2932 ϐάς
1804 2869 1873 2925 ad

283 2940 473 2996 Fidum
498 2953 521 3013 )
547 2943 572 2997 ?
608 2944 919 3002 Videsne‘te
939 2948 1116 3018 potius
1156 2966 1308 3007 reum
1337 2955 1379 3017 ³,
1403 2956 1494 3025 qui
1523 2957 1863 3040 blaSphemas

280 3034 441 3089 istum
487 3045 792 3092 sanctorum
823 3050 1115 3112 martyrum
1174 3043 1385 3098 Deum?
1411 3047 1553 3102 Dicis
1579 3049 1600 3080 ⁸
1618 3034 1670 3105 te
1694 3052 1871 3109 colere

278 3131 881 3199 omnipotentissimum,
899 3135 1285 3204 aequissimum,
1308 3139 1868 3201 misericordissimum

280 3221 493 3277 Deum:
525 3223 620 3277 sed
670 3223 785 3293 ipse
811 3235 893 3279 est
942 3227 1513 3296 omnipotentissimus,
1567 3234 1657 3303 qui
1682 3235 1868 3305 jugum

278 3326 460 3382 grave,
487 3328 594 3382 quo
634 3324 947 3382 premuntur
998 3316 1093 3372 ﬁlii
1149 3320 1320 3387 Adam
1359 3339 1422 3378 ex
1468 3324 1554 3380 die
1585 3327 1870 3385 nativitatis

281 3418 414 3468 suae,
438 3406 625 3474 procul
652 3405 815 3461 dubio
835 3407 902 3462 ab
930 3408 1010 3463 eis
1053 3423 1235 3480 posset
1262 3413 1492 3481 auferre,
1529 3417 1639 3473 imo
1666 3436 1732 3475 ne
1760 3421 1870 3477 ullo

283 3496 379 3551 tali
418 3496 545 3567 jugo
593 3513 806 3566 prorsus
834 3510 1182 3569 gravarentur
1207 3504 1422 3561 efﬁcere
1450 3525 1463 3562 :
1489 3508 1581 3564 sed
1609 3510 1725 3580 ipse
1778 3523 1868 3568 est

284 3585 644 3657 aequissimus,
671 3589 761 3658 qui
812 3590 960 3644 nullo
989 3592 1149 3647 modo
1174 3592 1305 3649 illud
1343 3595 1642 3669 imponeret
1671 3600 1724 3668 ⁸,
1770 3603 1869 3656 im-

284 3678 482 3748 ponive
515 3679 864 3749 permitteret,
889 3682 990 3736 nisi
1026 3694 1242 3753 peccata
1291 3687 1345 3742 in
1372 3689 1471 3756 eis,
1513 3705 1632 3745 cum
1677 3693 1870 3762 quibus

280 3771 393 3826 nati
416 3781 565 3836 sunt,
614 3772 892 3842 inveniret,
948 3792 1173 3846 quorum
1225 3789 1432 3835 reatum
1487 3786 1685 3839 renatis
1727 3786 1866 3842 idem

278 3864 394 3934 ipse
413 3864 947 3923 misericordissimus
970 3869 1221 3926 solveret.
1250 3870 1306 3926 Si
1334 3889 1462 3945 ergo
1490 3885 1541 3929 te
1576 3875 1869 3935 delectaret

276 3956 451 4028 divina
476 3957 706 4027 justitia,
732 3959 945 4033 videres
980 3961 1220 4032 profecto
1246 3966 1387 4034 quod
1436 3983 1499 4022 ex
1527 3968 1641 4039 ipsa
1667 3972 1864 4042 veniat,

276 4062 382 4103 non
419 4047 600 4119 utique
628 4049 826 4120 injuste
850 4065 884 4105 a
933 4054 1169 4124 parvulis
1198 4056 1477 4125 incipiens,
1528 4069 1652 4114 nota
1691 4064 1866 4117 omni-

275 4138 375 4194 bus
399 4139 629 4219 humana
646 4142 884 4209 miseria,
900 4158 1003 4213 qua
1035 4147 1301 4217 peragitur
1329 4148 1444 4205 haec
1480 4151 1604 4216 vita,
1630 4168 1659 4208 a
1682 4154 1865 4221 primis

276 4228 491 4286 ﬂetibus
527 4234 877 4299 nascentium,
927 4249 1092 4305 usque
1135 4238 1200 4291 ad
1226 4247 1494 4296 extremos
1531 4242 1728 4300 halitus
1752 4261 1868 4302 mo-

281 4322 566 4388 rientium;
598 4324 793 4379 sanctis
819 4333 1021 4380 tantum
1048 4337 1103 4383 et
1116 4328 1382 4399 ﬁdelibus,
1409 4333 1505 4388 sed
1531 4335 1583 4389 iu
1612 4335 1712 4390 alia
1736 4337 1862 4404 vita,

282 4413 532 4471 felicitate
563 4416 823 4485 promissa
852 4417 893 4472 '.

354 4507 442 4562 Ll.
474 4508 592 4564 Jun.
619 4509 723 4564 Pro
756 4510 857 4566 hoc
880 4511 1032 4582 igitur
1057 4512 1168 4569 Deo
1204 4530 1349 4583 meo,
1378 4532 1535 4588 quem
1566 4521 1696 4576 mihi
1731 4538 1865 4593 qua-

280 4601 387 4656 lem
431 4601 594 4657 credo
627 4604 800 4674 omnis
846 4615 1083 4660 creatura
1114 4615 1169 4661 et
1211 4618 1393 4664 sancta
1451 4610 1719 4682 Scriptura
1772 4615 1865 4671 de-

276 4692 512 4759 nuntiat,
566 4695 763 4750 rectius
808 4694 915 4750 dixi
973 4695 1201 4754 facerem
1234 4698 1275 4765 ⁸,
1308 4700 1354 4754 si
1390 4716 1490 4757 nec
1517 4702 1772 4760 librorum
1813 4712 1883 4763 te'

274 4785 673 4841 concertatione
696 4785 915 4856 dignum
937 4797 1201 4858 putarem.
1234 4789 1431 4847 Verum
1459 4795 1711 4865 quoniam
1732 4798 1864 4854 mihi

275 4877 613 4947 potissimum
635 4877 735 4933 hoc
753 4894 786 4934 a
804 4880 1001 4935 sanctis
1020 4882 1168 4949 viris,
1192 4885 1361 4940 nostri
1377 4888 1631 4957 temporis
1653 4890 1865 4947 confes-

276 4970 507 5035 soribus,
537 4985 733 5027 munus
777 4972 1082 5044 impositum
1107 4987 1225 5044 est,
1254 4988 1310 5032 ut
1332 4978 1471 5034 dicta
1502 4991 1588 5035 tua
1613 4984 1739 5053 quid
1765 4984 1860 5041 ha-

282 5061 444 5117 beant
493 5064 746 5132 ponderis
789 5066 1119 5138 rationisque
1159 5070 1457 5137 discutiam,
1507 5084 1862 5144 opportunum

279 5150 381 5208 fuit
397 5155 678 5221 ostendere
700 5158 868 5229 prius,
909 5175 1015 5216 non
1067 5177 1097 5217 a
1136 5171 1191 5219 te
1229 5164 1373 5221 credi
1404 5166 1456 5222 ei
1489 5168 1616 5237 Deo,
1667 5177 1756 5242 qui
1804 5174 1861 5230 in

280 5241 673 5304 Catholicon
696 5264 910 5321 semper
945 5250 1185 5310 Ecclesia
1212 5255 1529 5326 praedicatus
1555 5271 1656 5329 est,
1687 5241 1864 5320 fetus-

344 5401 1152 5487 ξεὲίὲἓμυδέἏέδςὲῌῇιθ
1182 5416 1532 5487 stemmatis,-

341 5466 365 5496 ι
396 5465 471 5514 sic
491 5471 596 5516 Mss.
621 5473 677 5518 At
697 5465 843 5519 editi:
875 5468 994 5522 ride
1014 5465 1147 5523 netu
1168 5473 1324 5537 potius
1345 5465 1457 5526 retis
1477 5465 1561 5528 sis.

337 5526 361 5589 ξ
394 5531 506 5576 nar.
531 5533 635 5589 δίδη
658 5527 810 5580 dicas.

560 5587 806 5666 Lveterum
845 5593 1064 5666 codicum
1101 5595 1316 5666 subsidio
1347 5610 1570 5666 sanatus,
1606 5605 1689 5666 qui
1711 5605 1780 5655 sic
1814 5606 1865 5656 in

279 5648 662 5726 μυξῶδες,
802 5666 891 5726 pec
914 5652 1012 5726 ullo
1034 5657 1179 5708 modo
1191 5656 1316 5710 illud
1343 5648 1867 5726 mmigrat-“base

280 5712 467 5772 verbs,
489 5713 929 5788 neuuoiaujugo,
955 5725 1050 5768 etc.
1413 5712 1424 5725 '
1511 5712 1519 5713 “
1686 5712 1797 5798 ξ”’“

322 5772 362 5851 γε
396 5775 697 5851 {ignita-ius,
715 5790 1025 5851 repronussa.
1049 5781 1301 5834 uenardus
1323 5791 1377 5836 et
1392 5792 1519 5847 Mss,
1544 5801 1797 5851 promam.

332 5832 356 5867 ⁸
387 5832 532 5888 alita
556 5832 693 5898 vigui
716 5832 1130 5902 et'uen.,facere.
1196 5832 1251 5893 tu.

1725 350 1931 412 uena
1968 321 2239 414 paruos.

3454 378 3593 443 10'"

2002 481 2105 535 que
2126 467 2192 521 ad
2206 467 2365 527 ﬁnem
2388 474 2477 531 ubi
2499 476 2588 533 illa
2617 478 2776 536 fuerit
2796 484 3193 553 praedicabitur.

2070 558 2340 653 AncaEgo
2355 566 2533 633 potius
2568 586 2672 625 non
2702 580 2754 628 te
2783 577 3100 646 ostendisse,
3148 582 3288 653 quod
3335 593 3386 641 te
3412 595 3591 645 osten-

1997 645 2141 701 disse
2189 648 2358 721 dicis,
2410 658 2654 728 ostendi;
2682 671 2738 718 et
2778 666 2827 720 ei
2865 684 2950 724 me
2995 645 3105 727 Deo
3149 645 3390 744 credere,
3443 681 3593 749 quia

1997 737 2395 799 Catholicorum
2439 763 2651 820 semper
2666 753 2906 815 Ecclesia
2936 764 3253 831 praedicatus
3279 737 3387 837 est,
3422 737 3474 826 si
3508 737 3591 830 nis

1996 833 2165 887 mium
2193 850 2368 892 caecus
2395 855 2501 895 non
2531 845 2625 912 sis,
2657 847 2869 906 edocui.

2065 924 2172 980 Lll.
2194 926 2313 985 JUL.
2360 930 2512 988 Nunc
2540 952 2666 992 vero
2695 954 3089 1014 consequenter
3117 948 3393 1021 inspiciam
3413 997 3429 1023 ,
3464 959 3586 1028 qui-

1994 1014 2093 1071 bus
2111 1017 2230 1082 hoc,
2252 1021 2393 1090 quod
2419 1038 2685 1098 expugnat
2705 1030 2837 1087 ﬁdes
2861 1036 3089 1103 piorum,
3110 1014 3428 1103 testimoniis
3439 1014 3587 1104 afﬁr-

1992 1123 2139 1164 mare
2184 1114 2413 1169 coneris.
2436 1116 2540 1172 Sed
2560 1123 2810 1190 quoniam
2834 1125 3037 1183 institui
3057 1130 3192 1186 libro
3213 1142 3303 1191 tuo
3328 1140 3585 1208 secundo,

1991 1215 2149 1269 quem
2164 1202 2383 1273 Alypius
2398 1205 2608 1276 detulit,
2622 1211 2857 1279 obviare,
2879 1231 2946 1272 ne
2955 1220 3369 1282 confunderetur
3384 1202 3583 1285 rescri-Z

1992 1291 2065 1359 pti
2098 1293 2265 1347 series
2296 1295 2335 1362 ¹,
2361 1298 2546 1367 paucis
2568 1300 2760 1370 adhuc,
2792 1320 2961 1377 usque
2985 1310 3110 1368 dum
3142 1316 3207 1370 ad
3228 1319 3585 1380 testimonium

1990 1380 2257 1450 Apostoli,
2288 1401 2393 1455 quo
2440 1389 2721 1459 plurimum
2777 1395 2867 1450 tibi
2899 1399 3093 1456 videris
3145 1406 3359 1472 muniri,
3401 1425 3581 1468 sermo

1987 1476 2287 1543 perveniat,
2319 1481 2751 1549 respondendum
2779 1496 2881 1543 est.
2927 1488 3035 1546 Illis
3077 1509 3221 1564 ergo,
3249 1512 3370 1566 quae
3407 1513 3570 1570 supra

1986 1566 2164 1634 posui,
2196 1565 2373 1625 verbis
2402 1572 2505 1628 tuis
2543 1572 2659 1630 haec
2689 1593 2807 1647 qua:
2833 1592 3125 1651 sequuntur
3169 1565 3442 1660 adjungis:
3523 1593 3582 1651 In

1984 1654 2069 1711 his
2094 1658 2271 1729 itaque
2319 1677 2439 1732 qua:
2470 1669 2837 1736 praetermisit,
2880 1671 2984 1728 hoc
3016 1675 3206 1743 timuit,
3235 1654 3359 1749 quia
3388 1692 3579 1743 cuncta

1985 1747 2239 1804 Ecclesia:
2255 1753 2530 1812 catholica:
2567 1770 2779 1828 pectora
2805 1767 3073 1834 convenit,
3104 1747 3375 1842 ﬁdemque
3402 1775 3573 1844 ipsam

1982 1842 2271 1911 antiquitus
2316 1847 2564 1903 traditam
2610 1861 2770 1921 atque
2826 1855 3115 1927 fundatam,
3165 1862 3307 1917 clara
3346 1842 3573 1935 quodam

1983 1933 2144 1988 modo
2174 1950 2303 1992 voce
2328 1943 2642 2010 compellat,
2680 1955 2736 2001 et
2763 1947 3022 2006 adversus
3051 1969 3144 2007 eos
3163 1956 3571 2015 vehementissi‘

1982 2040 2070 2081 me
2095 2040 2371 2098 permovet
2398 2034 2540 2103 quod
2594 2036 2846 2105 diximus,
2893 2044 3015 2111 quia
3046 2046 3174 2101 nihil
3222 2052 3424 2120 peccati
3451 2068 3573 2112 esse

1981 2117 2036 2173 in
2064 2121 2299 2189 parvulis
2323 2123 2524 2192 dicunt,
2546 2129 2689 2198 quod
2710 2130 2921 2188 lavacro
2941 2117 3360 2207 regenerationis
3377 2144 3575 2201 ablua-

1981 2217 2086 2267 tur.
2116 2211 2315 2270 Omnes
2330 2217 2474 2272 enim
2493 2219 2559 2274 ad
2589 2221 2884 2280 Ecclesiam
2912 2242 3016 2282 non
3041 2241 3257 2301 pr0pter
3280 2234 3422 2290 aliud
3441 2251 3568 2293 cum

1979 2303 2214 2371 parvulis
2265 2318 2504 2374 currunt,
2564 2306 2667 2367 nisi
2694 2324 2752 2368 ut
2796 2318 2849 2371 in
2877 2319 2955 2375 eis
2998 2322 3252 2393 originale
3292 2338 3571 2398 peccatum

1977 2395 2319 2463 generatione
2367 2400 2554 2470 primze
2600 2405 2886 2463 nativitatis
2942 2420 3222 2469 attractum
3246 2456 3261 2482 ,
3290 2395 3571 2489 regenera-

1979 2484 2122 2541 tione
2161 2490 2410 2545 secunda:
2435 2493 2728 2553 nativitatis
2755 2500 3017 2569 expietur.
3056 2505 3257 2562 Deinde
3280 2484 3569 2570 ad'nostra

1976 2578 2251 2646 superiora
2274 2581 2439 2638 verba
2482 2588 2787 2654 revertitur,
2839 2607 2957 2661 quae
2978 2596 3162 2650 nescio
3188 2612 3282 2652 cur
3306 2610 3550 2669 repetat:

1974 2667 2086 2724 Eos
2108 2682 2284 2727 autem
2300 2676 2391 2744 qui
2428 2675 2497 2732 de
2527 2678 2618 2734 tali
2672 2683 3052 2740 commixtione
3099 2667 3408 2757 nascuntur,
3437 2692 3569 2748 dici-

1975 2766 2095 2817 t‘nus
2120 2763 2331 2820 trahere
2352 2768 2610 2837 originale
2650 2784 2921 2841 peccatum
2950 2788 2967 2842 ;
2996 2793 3214 2850 eosque,
3237 2781 3304 2837 de
3329 2787 3565 2852 parenti-

1974 2852 2072 2908 bus
2099 2857 2572 2931 qualibuscumque
2613 2876 2917 2934 nascantur,
2956 2883 3061 2924 non
3101 2887 3358 2942 negamus
3389 2876 3567 2933 adhuc

1973 2957 2094 2998 esse
2140 2945 2240 2999 sub
2274 2946 2505 3015 diabolo,
2557 2952 2659 3006 nisi
2701 2967 3047 3014 renascantur
3086 2961 3141 3015 in
3177 2962 3407 3019 Christo.
3438 2966 3591 3029 Hzec,

1972 3038 2133 3091 verba
2164 3046 2344 3093 nostra
2366 3051 2420 3095 et
2461 3044 2617 3110 paulo
2636 3055 2761 3102 ante
2780 3049 3002 3104 dixerat.
3044 3052 3246 3109 Deinde
3289 3055 3566 3126 subjunxit

1973 3128 2114 3198 quod
2143 3129 2209 3185 de
2239 3129 2450 3188 Christo
2478 3135 2734 3206 diximus,
2755 3139 2857 3207 Qui
2877 3143 2944 3197 de
2968 3144 3153 3200 eadem
3175 3163 3334 3206 sexus
3352 3152 3555 3206 utrius-

1972 3235 2075 3291 que
2096 3224 2474 3281 commixtione
2498 3229 2646 3284 nasci
2674 3230 2862 3287 noluit.
2885 3232 2989 3289 Sed
3031 3236 3190 3291 etiam
3221 3239 3308 3293 hic
3338 3251 3563 3309 praeter-

1971 3311 2116 3365 misit
2139 3312 2280 3382 quod
2324 3330 2423 3385 ego
2461 3318 2647 3386 posui:
2675 3318 2740 3376 Ut
2768 3338 2861 3390 per
2899 3323 3013 3392 ejus
3046 3327 3269 3395 gratiam
3308 3331 3446 3385 eruti
3493 3332 3562 3389 de

1973 3413 2231 3473 potestate
2252 3409 2611 3475 tenebrarum,
2635 3411 2693 3467 in
2728 3429 2950 3484 regnum
2971 3417 3132 3482 illius,
3153 3420 3247 3490 qui
3284 3420 3351 3477 de
3371 3423 3559 3481 eadem

1971 3509 2132 3552 scitus
2160 3498 2435 3569 utriusque
2461 3503 2840 3559 commixtione
2864 3507 3012 3562 nasci
3023 3509 3212 3574 noluit,
3243 3512 3565 3569 transferam

1973 3594 2076 3639 tur.
2101 3585 2255 3655 Vide,
2284 3589 2510 3644 obsecro
2532 3600 2603 3659 te,
2645 3608 2765 3662 quae
2793 3605 2974 3650 nostra
3016 3600 3177 3653 verba
3204 3601 3405 3669 vitavit,
3438 3615 3555 3659 tan-

1971 3692 2129 3748 quam
2152 3679 2395 3734 iuimicus
2413 3683 2631 3738 omnino
2658 3685 2841 3754 gratia:
2867 3687 2983 3755 Dei,
3026 3706 3147 3760 quae
3184 3695 3327 3748 venit
3348 3710 3444 3765 per
3467 3697 3561 3754 ὗες

1972 3784 2089 3823 sum
2115 3770 2387 3825 Christum
2428 3772 2711 3829 Dominum
2755 3787 3017 3833 nostrum.
3067 3779 3179 3838 Scit
3203 3785 3346 3839 enim
3374 3787 3440 3841 ab
3467 3788 3559 3844 illa

1972 3862 2210 3932 Apostoli
2249 3865 2531 3931 sententia,
2586 3882 2689 3937 qua
2715 3867 2847 3924 dixit
2887 3870 2955 3926 de
2983 3873 3091 3928 Deo
3117 3874 3295 3943 Patre,
3340 3877 3439 3944 Qui
3467 3897 3561 3936 nos

1969 3955 2100 4008 eruit
2142 3954 2205 4008 de
2247 3964 2493 4025 potestate
2535 3958 2852 4015 tenebran
2871 4005 2886 4031 ,
2917 3974 2963 4018 et
2991 3970 3242 4022 transtulit
3269 3970 3323 4024 in
3350 3989 3563 4042 regnum

1969 4043 2098 4100 Filii
2154 4047 2414 4101 charitatis
2458 4049 2598 4122 suw(
2622 4048 2819 4107 Colon.
2860 4070 2908 4122 l,
2970 4058 3036 4111 15
3067 4058 3085 4128 )
3116 4078 3130 4127 ;
3162 4060 3558 4131 improbissime

1968 4145 2024 4191 et
2055 4137 2369 4207 impiissime
2400 4142 2420 4171 ²
2443 4142 2691 4210 parvulos
2727 4147 2963 4215 separari
2991 4165 3005 4201 :
3030 4149 3149 4205 ideo
3174 4155 3356 4221 procul
3394 4155 3561 4213 dubio

1967 4228 2129 4283 verba
2140 4229 2240 4285 ista
2250 4233 2653 4300 praetermittere
2668 4251 2827 4306 quam
2849 4252 3047 4308 ponere
3067 4242 3252 4298 maluit
3272 4262 3294 4297 ι
3315 4244 3417 4319 (De
3436 4245 3559 4301 Nu-

1969 4321 2090 4392 ptiis
2131 4332 2178 4377 et
2232 4323 2670 4396 Concupiscentia,
2703 4328 2788 4382 lib.
2822 4329 2876 4397 2,
2906 4348 2993 4384 nn.
3023 4332 3078 4398 4,
3106 4332 3185 4403 5).
3230 4334 3412 4406 Egone
3438 4352 3558 4394 sum

1968 4411 2214 4467 inimicus
2249 4416 2435 4486 gratiae
2461 4416 2575 4482 Dei,
2610 4417 2772 4473 homo
2800 4422 3039 4477 omnium
3068 4425 3554 4497 impudentissime,

1967 4503 2056 4572 qui
2104 4504 2158 4558 in
2190 4505 2360 4574 primo
2409 4506 2548 4562 libro
2577 4524 2720 4577 meo,
2745 4511 2884 4566 unde
2912 4521 2967 4567 tu
2991 4512 3089 4569 ista
3116 4530 3145 4568 a
3173 4524 3424 4572 contextu
3457 4533 3558 4576 suo

1967 4598 2148 4653 avulsa
2176 4603 2418 4671 rapuisti,
2448 4605 2719 4675 utaliquid
2762 4608 2876 4663 sine
2901 4610 3103 4666 ratione
3148 4612 3400 4682 garrires,
3426 4628 3557 4686 pro-

1967 4690 2198 4748 fessione
2222 4710 2352 4763 pura
2382 4704 2438 4750 et
2484 4697 2637 4766 plena
2670 4713 2733 4754 os
2762 4708 2908 4756 tuum
2938 4704 3207 4774 mysteriis
3234 4703 3556 4763 Manichaeo-

1966 4800 2088 4840 rum
2117 4786 2337 4842 madens
2364 4798 2679 4861 tuorumque
2708 4792 2997 4850 damnavi?

2037 4880 2172 4934 Anc.
2198 4878 2463 4951 Numquid
2486 4890 2543 4936 ut
2572 4881 2769 4939 habeas
2788 4901 3003 4942 causam
3027 4888 3220 4946 bonam
3244 4893 3555 4952 convician-

1967 4966 2038 5022 do
2065 4967 2297 5023 facturus
2322 4972 2423 5025 es?
2449 4972 2543 5027 Dic
2567 4989 2796 5044 quorum
2822 4992 3062 5035 meorum
3090 4996 3172 5047 os,
3199 4981 3339 5037 sicut
3365 4998 3549 5042 meum

1968 5059 2248 5116 damnasse
2274 5070 2328 5118 te
2360 5062 2529 5133 jactas
2552 5066 2595 5118 ³.
2649 5066 2894 5125 Dicturus
2943 5086 3003 5127 es
3031 5114 3046 5139 ,
3098 5072 3555 5147 Manichteorum;

1969 5151 2060 5206 sed
2083 5161 2141 5206 ut
2157 5152 2465 5220 maledicus,
2498 5172 2607 5212 non
2634 5168 2691 5213 ut
2716 5161 3003 5218 veridicus.
3044 5163 3163 5235 Ego
3187 5166 3331 5222 enim
3363 5176 3417 5223 et
3439 5168 3555 5225 Ma-

1968 5242 2203 5298 nichasos
2230 5244 2483 5313 detestor,
2519 5258 2575 5304 et
2617 5250 2889 5321 adjutores
2909 5268 3119 5322 eorum,
3146 5255 3202 5311 in
3227 5258 3419 5327 quibus
3446 5274 3553 5331 ap-

1971 5334 2107 5404 petis
2127 5332 2148 5365 ’⁵
2179 5336 2556 5406 principatum,
2588 5350 2643 5396 et
2695 5351 2945 5413 utrosque
2969 5346 3254 5415 adjuvante
3274 5362 3337 5404 ac
3361 5349 3562 5408 subve-

2031 5426 2239 5498 *_Edi_ti,_
2258 5440 2319 5479 ne
2358 5430 2680 5498 comm
2710 5434 2957 5498 rescriptis
3210 5446 3268 5490 At
3302 5444 3412 5490 Mss.
3436 5447 3556 5494 II.

1969 5494 2178 5561 PogtLet
2190 5488 2419 5561 plantae
2440 5492 2810 5561 copligtderetw-
2831 5488 3057 5561 rescripti
3092 5488 3257 5550 series.

2032 5550 2053 5582 ι
2070 5549 2203 5624 Δεξίῆνρ
2216 5588 2230 5609 ,
2255 5549 2673 5624 cymaeam.
2693 5564 2751 5606 At
2769 5564 2899 5618 uss,
2922 5549 2998 5610 ut'
3016 5561 3067 5609 in
3087 5549 3306 5612 secundo
3325 5559 3451 5612 libro
3488 5563 3557 5618 da

1968 5617 2166 5704 Nuptiis,
2790 5680 2802 5692 .
2886 5617 2890 5618 ν
3207 5696 3220 5709 .
3300 5684 3312 5696 ο
3545 5617 3548 5618 ν

2087 5678 2177 5749 sic
2197 5680 2303 5749 μεθ.
2344 5682 2466 5726 Port.
2494 5685 2547 5728 et
2580 5684 2692 5749 alar.
2714 5693 2730 5740 ;
2752 5682 3024 5749 Vtgnterius
3041 5688 3219 5733 autem.
3246 5692 3558 5749 mettum

1967 5745 2266 5803 meorumox,
2298 5749 2547 5801 memque
2571 5738 3279 5803 danmafsicmdaimassete
3315 5738 3487 5802 iactas.

2031 5795 2067 5876 ζ
2086 5795 2538 5876 Dag‘m‘ssfortiet‘
2554 5808 2688 5863 ιω..
2711 5795 2951 5867 appetitis.
2975 5807 3145 5857 Verius
3178 5795 3264 5859 alii
3295 5795 3560 5876 mare.»
3665 5812 3672 5819 ’

1969 5855 2090 5919 petis
2116 5869 2133 5907 :
2155 5857 2221 5907 de
2242 5858 2426 5912 Juliano
2445 5861 2643 5912 dicunt.
