4102 6506
322 369 460 429 1081

322 491 520 547 simum
549 487 604 543 in
630 487 920 558 Scripturis
959 500 1172 544 sensum
1199 499 1270 540 ne
1295 483 1540 540 inimicus
1565 480 1780 553 quidem
1807 494 1908 533 au-

321 599 415 638 sus
442 591 524 637 est
551 581 969 653 reprehendere.
989 578 1125 648 Quid
1153 590 1256 644 est,
1283 575 1528 632 Iuliane?
1547 575 1636 632 ubi
1662 583 1713 629 te
1737 572 1911 627 vides?

323 677 437 743 Ille,
484 675 636 746 cujus
683 690 750 730 ne
793 675 1036 730 inimicus
1078 672 1294 745 quidem
1333 669 1723 742 reprehendere
1753 681 1912 722 ausus

324 777 408 822 est
439 766 618 828 Iidem,
650 765 785 820 hanc
815 765 1046 821 habebat
1066 764 1244 832 Iidem,
1271 779 1430 834 quam
1451 772 1505 816 tu
1531 761 1602 815 ita
1628 758 1908 829 reprehen-

324 861 428 928 dis,
463 869 518 915 ut
545 875 662 915 eam
691 860 896 915 tribuas
919 859 1160 916 conciliis
1183 857 1605 930 malignantium.
1631 856 1770 910 Ecce
1800 870 1909 910 non

324 961 407 1010 est
431 968 639 1019 eorum,
667 953 762 1009 sed
787 963 869 1008 est
892 952 1157 1008 Ambrosii
1185 971 1198 1006 :
1221 954 1345 1024 quia
1365 965 1488 1007 vera
1511 959 1612 1014 εει,
1637 950 1755 1019 quia
1782 964 1908 1003 sana

324 1057 427 1111 est,
468 1047 612 1116 quia,
656 1057 716 1100 ut
757 1046 886 1113 dixi,
929 1047 1217 1117 antiquitus
1267 1045 1453 1099 tradita
1498 1051 1655 1113 atque
1699 1042 1907 1097 fundata

325 1148 428 1204 est,
466 1139 578 1194 haec
611 1147 664 1193 et
698 1153 815 1193 mea
844 1147 945 1194 est.
975 1138 1091 1193 Non
1117 1153 1215 1209 ego
1243 1137 1379 1192 banc
1416 1136 1468 1191 in
1508 1136 1707 1190 Italiam
1737 1135 1908 1208 (quod

326 1248 426 1287 vos
455 1247 665 1302 gemere
690 1230 889 1302 dicitis)
915 1231 1150 1288 eructavi
1174 1249 1188 1285 :
1218 1231 1311 1286 sed
1338 1231 1514 1301 potius
1554 1230 1620 1284 ab
1656 1229 1758 1284 isto
1793 1231 1907 1299 epi-

329 1342 496 1396 scopo
542 1326 698 1382 Italia:
735 1325 873 1381 hanc
911 1328 1233 1396 przedicante
1260 1336 1314 1382 et
1341 1326 1566 1382 docente
1593 1327 1608 1358 ⁸
1639 1326 1907 1381 lavacrum

327 1418 743 1488 regenerationis
793 1419 992 1488 accepi.
1042 1419 1300 1486 Quoniam
1340 1417 1472 1473 fides
1517 1419 1613 1472 ista
1653 1417 1910 1472 catholica

325 1517 432 1573 est,
457 1517 511 1562 et
539 1517 712 1564 tamen
740 1517 828 1564 tua
852 1525 957 1564 non
981 1519 1063 1565 est
1093 1529 1106 1564 :
1140 1519 1194 1565 tu
1223 1521 1357 1581 ergo
1380 1509 1467 1564 ubi
1509 1510 1604 1564 es?
1633 1509 1786 1576 Vide,
1814 1509 1911 1564 ob-

323 1613 500 1666 secro,
529 1607 584 1653 et
610 1600 744 1654 redi.
772 1600 965 1656 Videre
991 1600 1084 1655 tibi
1113 1601 1352 1672 expedit,
1384 1615 1488 1656 non
1515 1600 1750 1656 invidere
1780 1617 1793 1654 :
1821 1615 1909 1655 re-

322 1691 439 1747 dire
461 1693 724 1763 cupimus,
755 1709 862 1748 non
891 1695 1084 1764 perire.

395 1782 510 1837 LX.
539 1783 658 1839 JUL.
694 1783 832 1840 Nihil
868 1793 951 1840 est
979 1785 1177 1856 peccati
1207 1785 1259 1840 in
1290 1784 1526 1853 homine,
1570 1786 1614 1840 si
1653 1784 1785 1839 nihil
1828 1793 1912 1840 est

325 1875 557 1944 pmpriae
591 1875 898 1942 voluntatis,
930 1877 1012 1932 vel
1040 1877 1366 1932 assensionis
1398 1896 1410 1931 :
1452 1876 1555 1932 hoc
1580 1876 1707 1931 mihi
1740 1875 1913 1930 homi-

325 1982 454 2021 num
477 1981 666 2037 genus,
694 1968 834 2037 quod
876 1969 956 2024 vel
1005 1969 1191 2023 leviter
1219 1970 1374 2038 sapit,
1421 1969 1536 2024 sine
1584 1967 1911 2023 dubitatione

325 2060 610 2113 consentit.
644 2057 724 2113 Tu
748 2070 925 2114 autem
953 2059 1204 2116 concedis
1232 2060 1363 2115 nihil
1403 2059 1566 2116 fuisse
1601 2062 1653 2114 in
1678 2059 1910 2130 parvulis

325 2149 553 2218 proprim
579 2150 866 2206 voluntatis
915 2168 930 2206 :
978 2167 1084 2207 non
1129 2168 1248 2223 ego,
1296 2152 1392 2208 sed
1430 2153 1566 2207 ratio
1617 2151 1908 2219 concludit,

325 2240 458 2294 nihil
484 2241 717 2312 igiturin
738 2243 818 2298 eis
851 2259 972 2300 esse
999 2246 1219 2314 peccati.
1252 2246 1592 2316 Nequaquam
1617 2260 1746 2316 ergo
1782 2261 1910 2315 pro-

326 2343 443 2402 pter
459 2333 560 2388 hoc
583 2333 649 2389 ad
682 2336 974 2391 Ecclesiam
1000 2337 1329 2405 deferuntur,
1354 2347 1410 2392 ut
1431 2338 1772 2404 infamentur,
1803 2338 1912 2392 imo

327 2415 386 2480 ut
411 2425 668 2482 infament
691 2429 890 2483 Deum:
919 2429 1012 2484 sed
1031 2429 1361 2492 deferuntur,
1396 2437 1453 2483 ut
1477 2429 1691 2483 laudent
1718 2429 1905 2494 Deum,

328 2537 488 2591 quem
511 2529 566 2576 et
586 2523 838 2576 bonorum
866 2522 1182 2578 naturalium
1203 2531 1258 2578 et
1275 2522 1536 2578 donorum
1558 2523 1910 2592 spiritualium

333 2623 686 2685 protestantur
713 2624 1005 2670 auctorem.

411 2709 546 2762 Auc.
567 2705 680 2760 Non
697 2705 1036 2770 infamantur,
1054 2721 1178 2761 cum
1199 2705 1554 2761 exsumantur
1569 2722 1584 2771 ;
1601 2703 1698 2759 sed
1710 2719 1910 2759 eruun-

331 2791 420 2853 tur
458 2798 528 2852 de
565 2807 824 2868 potestate
863 2799 1200 2855 tenebrarum
1235 2817 1248 2851 :
1281 2813 1379 2853 nec
1424 2796 1680 2852 infamant
1716 2796 1907 2863 Deum,

328 2889 423 2945 sed
454 2905 559 2961 quo
587 2901 826 2947 creatore
867 2894 975 2947 nati
1018 2902 1161 2957 sunt,
1206 2891 1308 2946 hoc
1346 2891 1580 2961 indigent
1606 2892 1909 2945 salvatore:

328 2993 384 3039 et
408 2982 529 3040 ideo
554 2986 899 3053 renascendo,
945 3001 1010 3041 ex
1038 2985 1206 3040 Adam
1239 2984 1627 3042 transferuntur
1660 2983 1725 3036 ad
1761 2982 1914 3037 Chri-

327 3084 489 3130 stum.
514 3075 614 3132 Ubi
635 3086 811 3132 autem
838 3076 1038 3144 dixisti,
1067 3095 1086 3129 ι
1112 3076 1255 3132 Nihil
1277 3086 1358 3132 est
1380 3076 1580 3147 peccati
1603 3077 1655 3129 in
1674 3075 1909 3142 homine,

326 3167 371 3223 si
418 3169 544 3223 nihil
574 3178 656 3225 est
709 3169 936 3239 propria:
984 3170 1289 3236 voluntatis,
1337 3169 1420 3224 vel
1469 3168 1794 3223 assensionis
1835 3186 1848 3221 :
1886 3186 1906 3220 ι

327 3261 532 3330 plenius
555 3276 739 3316 verum
764 3261 992 3324 diceres,
1015 3260 1059 3314 si
1088 3260 1334 3325 adderes,
1361 3259 1453 3314 Vel
1479 3259 1833 3329 contagionis.

400 3352 534 3408 LXI.
565 3353 681 3408 Jun.
709 3351 977 3424 Originale
1003 3361 1181 3407 autem
1209 3361 1479 3422 peccatum
1499 3351 1542 3405 si
1568 3352 1912 3421 generatione

329 3445 519 3518 primae
562 3446 852 3500 nativitatis
879 3444 1180 3508 attrahitur,
1227 3445 1436 3513 nuptias
1465 3442 1678 3513 quidem
1720 3457 1751 3496 a
1802 3442 1912 3498 Deo

334 3536 601 3592 institutas
628 3536 878 3592 damnare
899 3544 1095 3606 potest,
1123 3545 1374 3590 cmterum
1402 3534 1594 3588 auferri
1626 3549 1656 3587 a
1678 3532 1913 3602 parvulis

335 3642 442 3685 non
471 3637 640 3698 potest
664 3646 677 3682 :
704 3628 950 3698 quoniam
971 3625 1114 3697 quod
1142 3625 1453 3691 innascitur,
1474 3639 1638 3694 usque
1663 3624 1730 3679 ad
1753 3623 1913 3680 linem

333 3723 472 3792 ejus,
524 3723 607 3777 cui
662 3737 693 3776 a
740 3722 1116 3792 principiorum
1164 3719 1338 3774 causis
1385 3718 1676 3783 inhaeserit,
1726 3731 1911 3789 perse-

329 3827 499 3873 verat.

399 3909 534 3964 Anc.
564 3907 672 3963 Nec
686 3907 898 3979 nuptias
911 3906 1148 3971 damnat,
1167 3904 1291 3975 quia
1316 3919 1423 3959 non
1451 3904 1579 3974 ipsa;
1604 3912 1728 3959 sunt
1753 3916 1914 3958 causa

325 4002 474 4072 ejus;
503 4003 596 4056 ει²
618 4002 855 4056 aufertur
893 4001 960 4055 ab
997 3997 1375 4069 Omnipotente
1407 3997 1518 4063 illo,
1560 3998 1649 4069 qui
1676 4006 1730 4052 et
1753 3997 1914 4052 homo

327 4092 475 4147 nasci
501 4091 668 4160 potuit
691 4094 809 4147 sine
827 4091 937 4146 illo.

403 4182 562 4236 LXII.
593 4182 706 4238 ἔω..
740 4182 947 4238 Nullam
983 4180 1158 4251 itaque
1189 4181 1280 4236 tibi
1311 4179 1630 4236 calumniam
1669 4193 1911 4234 commo-

335 4288 544 4338 vemus,
573 4274 722 4342 quasi
754 4272 975 4327 damnes
1005 4272 1238 4341 nuptias,
1266 4281 1320 4326 et
1339 4271 1490 4341 quasi
1508 4271 1795 4336 hominem,
1825 4270 1914 4341 qui

336 4380 400 4417 ex
430 4363 533 4418 illis
559 4363 808 4428 nascitur,
832 4377 964 4432 Opus
993 4362 1186 4417 diaboli
1214 4378 1332 4417 esse
1353 4363 1528 4427 dicas;
1558 4376 1657 4418 nec
1684 4361 1912 4416 inﬁdeli-

337 4464 420 4511 ter
445 4454 546 4509 hoc
571 4453 866 4524 obiicimus,
893 4469 993 4510 nec
1033 4454 1276 4524 imperite
1309 4454 1646 4524 colligimus:
1689 4452 1784 4508 sed
1824 4453 1914 4523 qui

335 4547 407 4600 sit
433 4545 864 4616 consequentimn
894 4545 1273 4602 sententiarum
1303 4545 1544 4613 cll‘ectus,
1589 4546 1816 4601 sollicite
1859 4557 1916 4601 et

333 4637 656 4707 simpliciter
691 4637 977 4694 intuemur.
1004 4636 1282 4708 Nunquam
1309 4649 1434 4694 sunt
1463 4639 1602 4692 enim
1635 4638 1749 4692 sine
1777 4653 1916 4692 com-

331 4729 596 4786 mixtione
620 4729 818 4800 nuptias
843 4733 1166 4802 corporales.
1200 4730 1278 4785 Tu
1307 4731 1459 4795 dicis,
1490 4732 1812 4801 quicumque
1849 4746 1916 4786 ex

331 4821 422 4876 illa
446 4821 834 4877 commixtione
857 4832 1166 4886 nascuntur,
1194 4821 1260 4875 ad
1289 4821 1558 4876 diabolum
1602 4822 1867 4891 pertinere
1901 4839 1914 4875 :

331 4911 492 4966 dubio
519 4913 701 4982 procul
730 4915 1042 4984 pronuntias
1062 4914 1272 4983 nuptias
1301 4912 1368 4968 ad
1403 4913 1489 4984 jus
1515 4913 1774 4970 damonis
1795 4928 1918 4983 per-

335 5006 524 5062 tinere.

408 5101 542 5154 Aue.
571 5097 835 5168 Numquid
860 5113 957 5153 nos
981 5096 1223 5163 dicimus,
1257 5099 1372 5153 sine
1404 5096 1781 5153 commixtione
1802 5112 1922 5152 cor-

340 5187 486 5258 poris
514 5189 722 5256 nuptias
741 5189 796 5243 in
818 5189 1064 5259 paradiso
1091 5203 1212 5246 esse
1239 5190 1496 5260 potuisse,
1537 5190 1582 5243 si
1605 5205 1762 5246 nemo
1789 5201 1918 5262 pec-

339 5277 553 5335 casset?
577 5277 680 5333 Sed
702 5294 806 5333 non
829 5279 898 5333 ibi
922 5289 1065 5334 esset
1090 5281 1310 5344 malum,
1329 5295 1434 5350 quo
1449 5295 1586 5336 nunc
1599 5281 1738 5337 bene
1759 5281 1924 5356 utitur

338 5368 590 5441 pudicitia
611 5370 920 5442 conjugalis.
952 5370 1082 5425 Illud
1109 5382 1284 5428 autem
1312 5372 1508 5426 malum
1528 5381 1610 5427 est
1634 5387 1663 5427 a
1681 5373 1920 5440 vulnere,

336 5460 482 5532 quod
510 5459 765 5516 diabolica
810 5462 1001 5516 inﬂixit
1031 5463 1245 5517 astutia.
1281 5463 1413 5518 Hinc
1443 5479 1532 5518 rea
1565 5468 1773 5517 tenetur
1802 5477 1925 5532 pro-

337 5571 476 5626 pago
506 5553 809 5608 mortalium
839 5573 850 5608 :
896 5555 1022 5609 hinc
1049 5564 1132 5611 est
1162 5555 1253 5626 qui
1282 5556 1515 5611 nascitur
1557 5556 1656 5611 sub
1683 5554 1924 5627 principe

333 5751 552 5864 “2:52
579 5753 921 5816 manuscripti,
947 5759 1074 5817 post,
1100 5750 1226 5806 hanc
1244 5754 1566 5822 praedicatus,
1599 5761 1847 5822 omittunt,
1881 5766 1928 5812 et

406 5876 428 5908 ί
452 5877 748 5941 vignierius,
766 5881 838 5931 ut.
858 5875 1031 5930 Helius
1050 5884 1182 5945 Ias,
1202 5889 1267 5937 et.

1710 357 1910 414 LIBER
1947 357 2218 416 PRIMUS.

3469 372 3606 430 108!

2027 485 2387 547 peccatorum,
2419 475 2590 534 donec
2615 487 2923 535 renascatur
2947 479 3001 534 in
3026 480 3257 548 Christo,
3288 486 3377 554 qui
3404 489 3604 544 nullum

2023 568 2205 624 habuit
2227 568 2446 622 omnino
2475 580 2783 639 peccatum;
2815 587 2846 626 a
2874 589 2979 642 quo
3009 575 3124 628 solo
3150 576 3415 632 vinculum
3443 581 3606 635 solvi-

2023 667 2109 722 tur
2134 659 2342 724 mortis,
2371 661 2492 729 quia
2522 663 2666 715 solus
2699 663 2794 717 fuit
2816 663 2949 718 liber
2979 666 3029 719 in
3059 667 3302 723 mortuis.

2092 751 2273 806 LXIII.
2292 752 2408 806 JUL.
2434 754 2570 808 Dicis
2594 755 2728 808 trahi
2757 767 2958 812 natura:
2977 760 3280 816 conditione
3307 773 3600 834 peccatum,

2022 846 2111 916 qui
2139 847 2218 900 vis
2249 846 2350 898 hoc
2389 845 2583 899 malum
2618 863 2644 901 a
2677 849 2949 907 voluntate
2998 853 3153 922 primi
3202 855 3432 911 hominis
3470 861 3608 916 acci-

2022 939 2184 994 disse.
2208 937 2404 1008 DiIIero
2431 938 2516 992 hic
2545 944 2970 1010 responsionem,
3001 962 3102 1014 qua
3133 949 3527 1004 eonvincendus
3547 967 3607 1006 es

2023 1031 2162 1100 quod
2190 1032 2306 1084 sine
2332 1031 2646 1086 verecundia
2675 1035 2968 1088 mentiaris.
2997 1035 3099 1089 Sed
3118 1038 3257 1106 quod
3281 1039 3345 1092 ad
3376 1056 3608 1108 pra-asen-

2023 1131 2127 1178 tem
2159 1122 2330 1177 locum
2363 1132 2586 1192 spectat,
2632 1124 2841 1192 colligo,
2876 1131 2930 1178 et
2972 1127 3244 1194 sapientia:
3274 1131 3607 1186 ratiocinanti

2021 1215 2202 1280 credo,
2225 1215 2365 1286 quod
2390 1226 2634 1270 naturam
2660 1217 2906 1272 videlicet
2933 1218 3252 1275 diabolicam
3291 1224 3406 1278 sine
3432 1227 3603 1280 ambi-

2020 1308 2217 1380 guitate
2237 1308 2481 1362 definias.
2510 1309 2639 1362 Nam
2663 1309 2705 1362 si
2734 1310 2785 1362 in
2813 1325 2872 1363 ea
2899 1311 2980 1365 vel
3008 1328 3100 1380 per
3121 1328 3238 1367 eam
3259 1324 3359 1380 est,
3391 1327 3606 1384 prOpter

2020 1400 2162 1470 quod
2199 1400 2359 1454 homo
2388 1415 2416 1452 a
2447 1399 2661 1455 diabolo
2711 1401 3043 1469 possidetur;
3075 1403 3470 1460 irrefutabiliter
3497 1409 3610 1461 dia-

2020 1494 2127 1549 boli
2153 1503 2256 1559 est,
2290 1511 2384 1564 per
2403 1494 2542 1564 quod
2569 1494 2662 1549 Dei
2694 1494 2981 1564 imaginem
3004 1495 3104 1550 sibi
3129 1498 3300 1565 potuit
3317 1498 3605 1554 vindicare.

2020 1587 2134 1643 Imo
2165 1604 2263 1643 nec
2291 1589 2464 1658 imago
2485 1588 2576 1644 Dei
2599 1598 2702 1655 est,
2727 1603 2845 1658 quas
2869 1603 2966 1658 per
2985 1597 3232 1644 exortum
3262 1604 3416 1643 suum
3449 1591 3501 1644 in
3529 1607 3610 1646 re-

2018 1695 2124 1751 gno
2151 1679 2346 1734 diaboli
2371 1689 2471 1734 est.

2090 1775 2225 1829 Anc.
2267 1772 2482 1838 Credis,
2530 1772 2621 1826 sed
2661 1773 2898 1843 opinanti
2941 1772 3216 1840 stultitiae,
3260 1788 3366 1828 non
3396 1775 3606 1830 ratioci-

2019 1865 2168 1920 nanti
2193 1864 2486 1933 sapientiae.
2513 1863 2640 1918 Sine
2669 1865 2918 1933 parvulos
2938 1865 3050 1919 erui
3079 1864 3147 1918 de
3169 1873 3429 1934 potestate
3452 1875 3602 1923 tene-

2019 1955 2256 2021 brarum,
2286 1962 2344 2008 ut
2366 1953 2563 2008 Christi
2586 1953 2971 2008 transferantur
3008 1955 3061 2008 in
3090 1970 3330 2025 regnum.
3362 1955 3492 2010 Nam
3523 1958 3608 2012 di-

2019 2048 2190 2104 cendo
2213 2061 2307 2102 eos
2328 2047 2522 2102 veteris
2548 2046 2726 2101 delicti
2757 2061 2862 2100 non
2889 2047 3086 2101 habere
3111 2049 3434 2117 contagium,
3465 2050 3608 2105 etsic

2020 2138 2342 2194 removendo
2359 2154 2388 2192 a
2415 2137 2778 2193 misericordia
2799 2138 3115 2202 Salvatoris,
3146 2140 3236 2208 qui
3257 2141 3457 2194 salvum
3483 2141 3607 2197 facit

2020 2235 2271 2305 populum
2290 2249 2442 2288 suum
2457 2250 2485 2287 a
2503 2231 2948 2303 péccatiseorum,
2967 2232 3106 2287 unde
3121 2241 3337 2288 vocatus
3355 2242 3434 2288 est
3447 2234 3603 2290 Iesus

2021 2327 2241 2400 (Matth.
2262 2343 2298 2394 I,
2322 2326 2447 2398 2I);
2481 2326 2612 2382 nihil
2641 2327 2773 2397 agis,
2794 2326 2893 2381 nisi
2925 2336 2982 2380 ut
3005 2327 3082 2381 ira
3113 2328 3606 2399 Deimaneatsuper

2019 2436 2132 2485 eos,
2152 2421 2218 2476 de
2243 2435 2342 2490 qua
2363 2421 2567 2474 locutus
2579 2430 2661 2473 est
2677 2418 2798 2483 Job,
2816 2418 2998 2474 dicens
3021 2437 3034 2473 :
3054 2418 3220 2473 Homo
3242 2430 3389 2474 natus
3410 2438 3470 2476 ca:
3491 2439 3603 2475 mu-

2019 2515 2157 2578 liere,
2189 2513 2348 2566 brevis
2372 2513 2504 2580 vitae,
2535 2521 2581 2566 et
2605 2513 2783 2582 plenus
2808 2512 2917 2577 im,
2932 2520 2979 2565 et
3005 2512 3132 2566 sicut
3148 2514 3246 2582 ﬂos
3270 2514 3371 2583 feni
3392 2514 3595 2582 decidit,

2020 2605 2150 2676 fugit
2179 2615 2343 2658 autem
2364 2606 2490 2658 sicut
2518 2604 2727 2669 umbra,
2747 2615 2792 2658 et
2822 2620 2921 2658 non
2945 2603 3093 2658 stabit
3127 2620 3144 2657 :
3170 2620 3334 2658 nonne
3358 2615 3404 2659 et
3447 2607 3602 2675 hujus

2018 2712 2191 2749 curam
2215 2696 2397 2764 fecisti,
2419 2697 2615 2750 ethunc
2638 2696 2795 2767 fecisti
2824 2697 3016 2750 intrare
3046 2697 3099 2749 in
3127 2707 3396 2766 conspectu
3432 2698 3484 2751 in
3514 2699 3605 2768 ju-

2019 2789 2247 2842 dicium?
2277 2787 2402 2853 Quis
2429 2791 2563 2842 enim
2597 2790 2689 2843 erit
2718 2791 2934 2842 mundus
2973 2805 3003 2841 a
3045 2789 3316 2843 sordibus?
3359 2788 3439 2843 Ne
3475 2807 3606 2846 unus

2019 2878 2240 2949 quidem,
2274 2879 2468 2933 etiamsi
2487 2880 2638 2934 unius
2665 2880 2816 2948 fuerit
2842 2881 2940 2932 diei
2967 2881 3063 2934 vita
3087 2881 3197 2950 ejus
3233 2898 3387 2950 super
3424 2892 3606 2936 terram

2025 2971 2179 3042 (Job.
2205 2987 2321 3038 xw,
2347 2973 2460 3036 1-4,
2483 2989 2582 3027 sec.
2605 2972 2805 3045 LXX).
2834 2973 2937 3029 Sed
2967 2973 3227 3039 videlicet,
3258 2974 3418 3029 homo
3442 2975 3601 3029 misc-

2019 3045 2513 3129 ricors,.miseraris
2560 3066 2838 3134 imaginem
2881 3066 2994 3131 Dei,
3047 3081 3113 3119 ne
3155 3065 3300 3119 dicas
3339 3081 3455 3120 eam
3502 3067 3601 3121 sub

2019 3163 2242 3226 peccato
2267 3157 2723 3212 carnaliternasci.
2744 3157 2790 3214 0
2805 3174 2962 3227 quam
2980 3159 3210 3215 crudelis
3239 3169 3319 3213 est
3351 3160 3447 3213 ista
3469 3176 3602 3214 vana

2021 3245 2382 3300 misericordia
2418 3254 2525 3311 tua,
2554 3264 2672 3317 qua:
2716 3249 2946 3316 parvulis
2987 3257 3144 3320 negat
3184 3250 3603 3305 misericordiam

2019 3339 2308 3395 Salvatoris
2321 3339 2404 3416 sui
2433 3358 2445 3392 :
2472 3341 2561 3409 qui
2591 3342 2736 3394 venit
2765 3356 3006 3410 quaerere
3036 3341 3173 3410 quod
3202 3343 3432 3412 perierat
3455 3343 3605 3412 (Luc.

2020 3446 2109 3484 χιιι
2135 3471 2149 3496 ,
2191 3431 2314 3502 10)ῑ
2345 3430 2448 3486 Ρει·
2476 3431 2590 3486 illas
2619 3431 2777 3500 igitur
2801 3431 2991 3488 sordes
3015 3473 3030 3497 ,
3072 3434 3188 3488 sine
3225 3434 3417 3502 quibus
3447 3435 3608 3489 homo

2022 3523 2121 3578 Dei
2151 3523 2279 3579 dicit
2314 3539 2435 3580 esse
2475 3526 2768 3590 neminem,
2810 3527 2908 3580 etsi
2939 3527 3092 3582 unius
3130 3527 3234 3580 diei
3269 3529 3337 3581 sit
3361 3528 3465 3583 vita
3496 3529 3608 3598 ejus

2021 3629 2183 3684 super
2211 3625 2428 3681 terram,
2471 3617 2570 3670 sibi
2617 3617 2849 3672 vindicat
2884 3617 3128 3673 diabolus
3161 3618 3446 3690 imaginem
3491 3621 3606 3688 Dei,

2020 3721 2126 3760 non
2177 3721 2273 3775 per
2319 3706 2697 3773 substantiam,
2741 3723 2900 3776 quam
2953 3710 3154 3763 creavit
3196 3710 3356 3764 Deus.
3416 3709 3603 3766 Vitiata

2021 3804 2104 3852 est
2131 3797 2272 3851 enim
2296 3808 2503 3864 natura,
2537 3813 2641 3852 non
2673 3798 2857 3853 vitium
2887 3809 2986 3854 εει.
3017 3799 3120 3854 Sed
3143 3802 3243 3867 tu‘,
3283 3820 3300 3853 ‹
3335 3801 3445 3857 Νεε
3467 3803 3601 3856 ima-

2019 3902 2088 3958 go
2116 3889 2208 3943 Dei
2231 3901 2335 3950 est,
2367 3907 2384 3940 ι
2418 3889 2611 3960 inquis,
2648 3909 2666 3942 ι
2705 3906 2822 3960 quae
2850 3907 2944 3960 per
2970 3901 3212 3946 exortum
3241 3908 3394 3948 suum
3431 3895 3484 3949 in
3519 3911 3610 3950 rc-

2019 3996 2126 4052 gno
2163 3981 2357 4036 diaboli
2382 3989 2482 4036 est.
2524 4001 2542 4035 ›
2575 3983 2732 4051 Quid,
2777 3984 2822 4038 si
2863 3985 2958 4038 tibi
2990 3985 3124 4040 alius
3159 3985 3323 4056 dicat,
3372 3987 3490 4043 Non
3529 3997 3610 4044 est

2021 4073 2196 4143 imago
2219 4074 2334 4138 Dei,
2359 4091 2478 4144 qua:
2523 4075 2670 4128 nullo
2715 4091 2804 4130 rea
2832 4086 3071 4146 peccato,
3109 4093 3214 4132 non
3247 4091 3421 4134 tamen
3449 4081 3610 4136 intrat

2022 4165 2074 4219 in
2097 4181 2316 4235 regnum
2351 4166 2481 4220 Dei?
2509 4182 2704 4232 nonne,
2736 4167 2860 4237 quid
2884 4170 3209 4239 respondeas
3232 4187 3334 4225 non
3369 4171 3607 4237 habebis,

2021 4259 2066 4314 si
2090 4273 2224 4313 vana
2253 4258 2574 4328 respondere
2605 4261 2874 4314 nolueris?
2923 4261 2992 4316 Et
3019 4274 3164 4317 certe
3209 4273 3489 4333 propterea
3529 4275 3612 4320 est

2022 4350 2183 4405 homo
2204 4351 2376 4420 imago
2399 4351 2510 4416 Dei,
2533 4352 2655 4421 quia
2681 4351 2848 4406 iactus
2873 4361 2954 4407 est
2977 4352 3044 4407 ad
3065 4354 3464 4410 similitudinem
3491 4355 3608 4411 Dei.

2023 4442 2129 4499 Cur
2153 4458 2281 4513 ergo
2310 4451 2365 4497 et
2402 4443 2620 4496 vanitati
2645 4443 2834 4497 similis
2866 4442 3039 4500 factus
3083 4457 3184 4511 εει,
3216 4455 3432 4515 propter
3469 4445 3610 4514 quod

2021 4535 2136 4590 dies
2163 4539 2279 4605 ejus
2303 4535 2448 4589 velut
2491 4534 2674 4588 umbra
2703 4544 3031 4605 pnetereunt
3057 4535 3076 4606 (
3099 4534 3245 4590 Psal.
3279 4552 3459 4604 cxuu,
3492 4538 3527 4591 4
3549 4537 3612 4608 )?

2023 4624 2140 4680 Non
2172 4625 2314 4679 enim
2343 4625 2411 4678 ab
2452 4625 2551 4678 hac
2583 4627 2813 4678 vanitate
2856 4635 3198 4694 separaturus
3242 4642 3300 4681 es
3340 4627 3608 4696 parvulos,

2023 4733 2142 4772 cum
2171 4717 2284 4772 dies
2313 4733 2496 4772 eorum
2543 4718 2686 4771 velut
2712 4718 2896 4772 umbra
2947 4728 3287 4787 prietercant.
3325 4721 3606 4776 Postremo

2025 4809 2282 4879 numquid
2312 4823 2407 4863 eos
2445 4817 2499 4864 et
2536 4825 2566 4863 a
2604 4810 2902 4864 viventibus
2949 4812 3256 4880 separabis?
3301 4813 3437 4868 Audi
3488 4829 3616 4883 ergo

2026 4917 2146 4956 eum
2178 4901 2271 4972 qui
2295 4900 2423 4957 dicit
2462 4902 2516 4956 in
2556 4901 2770 4958 Pssimo
2800 4920 2812 4956 :
2855 4902 2990 4957 Ecce
3025 4913 3212 4959 ueteres
3261 4906 3474 4976 posuisti
3511 4905 3615 4961 dies

2025 5011 2181 5062 meos,
2219 5004 2267 5049 et
2309 4996 2582 5050 substantia
2617 5013 2728 5051 mea
2773 5005 3011 5067 tanquam
3053 4997 3182 5052 nihil
3227 5007 3344 5052 ante
3391 5005 3476 5066 te;
3529 5015 3614 5054 ve-

2027 5095 2307 5140 rumtamen
2347 5086 2579 5141 universa
2606 5089 2822 5152 vanitas,
2852 5090 3014 5143 omnis
3044 5090 3195 5144 homo
3223 5091 3389 5144 vivens
3420 5091 3439 5162 (
3463 5090 3614 5148 Psal.

2028 5193 2250 5243 xxxviii,
2280 5175 2372 5250 6).
2394 5178 2528 5233 Cum
2560 5194 2686 5250 ergo
2706 5181 2774 5234 sit
2805 5181 2978 5251 imago
3006 5181 3100 5236 Dei
3141 5183 3315 5238 omnis
3346 5182 3506 5237 homo
3532 5183 3614 5237 vi-

2031 5283 2180 5336 vens,
2203 5267 2290 5324 dic
2315 5269 2454 5324 unde
2475 5271 2544 5324 sit
2569 5273 2728 5326 etiam
2763 5273 2969 5328 vanitas
2993 5274 3168 5328 omnis
3207 5275 3368 5329 homo
3410 5277 3615 5330 vivens.

2032 5362 2137 5419 Sed
2161 5362 2286 5433 quid
2305 5363 2545 5418 dicturus
2567 5380 2647 5431 es,
2668 5365 2756 5435 qui
2786 5381 2892 5420 non
2914 5367 2994 5420 vis
3021 5381 3332 5438 agnoscere,
3356 5367 3497 5421 aliud
3523 5368 3619 5423 ho-

2030 5470 2148 5510 rum
2175 5469 2294 5510 esse
2322 5471 2388 5510 ex
2414 5456 2720 5511 conditione
2744 5457 2857 5524 Dei,
2888 5457 3032 5512 aliud
3058 5457 3315 5514 accidisse
3335 5475 3400 5513 ex
3429 5458 3615 5515 condi-

2032 5545 2177 5602 tione
2204 5547 2444 5617 peccati?
2467 5549 2781 5614 Permittite,
2809 5564 3135 5620 quaesumus,
3154 5557 3213 5605 ut
3238 5551 3396 5606 homo
3411 5553 3616 5622 vivens,

2032 5637 2123 5709 qui
2148 5637 2213 5692 ad
2244 5638 2335 5693 Dei
2360 5639 2759 5696 similitudinem
2787 5639 2956 5696 factus
3000 5651 3117 5711 est,
3163 5653 3382 5698 eruatur
3407 5658 3437 5698 a
3465 5655 3616 5716 pote-

2033 5740 2172 5788 state
2197 5732 2552 5801 tenebrarum,
2585 5733 2684 5790 sub
2707 5749 2810 5806 qua
2834 5734 3053 5791 vanitati
3076 5735 3266 5797 similis
3287 5735 3460 5798 factus
3485 5752 3569 5797 est
3594 5758 3610 5796 :

2099 5885 2117 5918 ⁸
2143 5885 2373 5950 νὶεηὶθῐὶι
2396 5891 2562 5956 editio,
2585 5900 2702 5946 tum.
2746 5898 2875 5956 κει,
2893 5893 2963 5942 tu.
