4102 6532
574 535 790 585 eruatur
834 532 1010 577 autem
1056 526 1198 574 nunc
1237 515 1453 571 interim
1492 529 1522 566 a
1568 518 1740 565 reatus
1789 503 2142 574 obligatione;

575 627 693 689 post
724 616 860 670 hanc
887 628 1014 667 vero
1052 606 1451 678 corruptibilem
1492 604 1668 664 vitam,
1704 597 1772 652 ab
1801 595 1946 650 omni
1989 594 2149 649 etiam

576 710 824 765 vanitate.

650 798 829 854 LXiV.
858 797 977 853 Jun.
1006 795 1060 851 Si
1091 794 1248 865 igitur
1267 790 1410 859 legas
1430 797 1566 855 opus
1594 795 1791 847 meum,
1820 779 2035 835 desines
2055 779 2153 833 mi-

577 893 705 958 rari,
735 906 830 945 cur
848 889 913 944 ad
942 887 1099 941 verba
1123 894 1232 949 tua,
1262 895 1377 952 quis
1404 892 1563 946 supra
1585 888 1885 944 posueram,
1915 874 2151 927 reverte~

576 984 698 1038 rim.
734 980 1084 1036 Promiseram
1114 977 1308 1045 quippe
1338 984 1422 1024 me
1447 968 1515 1023 de
1538 966 1749 1035 scriptis
1771 964 1875 1021 tuis
1900 964 2153 1033 probatu-

580 1090 719 1137 rum,
750 1072 993 1142 quoniam
1033 1076 1089 1121 ιιι
1131 1066 1267 1119 inter
1297 1060 1620 1130 impietatem
1654 1072 1811 1127 quam
1840 1056 2069 1117 hiberas.
2100 1064 2151 1109 et

578 1166 695 1235 ejus
725 1162 969 1217 invidiam
997 1171 1156 1226 quam
1184 1151 1425 1215 timebas,
1457 1149 1655 1218 pariter
1677 1154 1961 1216 utrumque
1985 1145 2153 1200 diuisa6

584 1271 692 1322 ses,
722 1267 773 1311 et
794 1253 930 1325 quod
959 1266 989 1305 a
1017 1245 1323 1310 Catholicis,
1349 1249 1403 1298 et
1427 1240 1567 1311 quod
1602 1255 1633 1294 a
1663 1238 1963 1293 Mauiehaeis
1987 1236 2154 1291 asseri

580 1348 734 1402 solet.
770 1347 862 1399 Est
903 1344 1075 1413 itaque
1116 1339 1186 1394 ibi
1225 1336 1342 1391 talis
1384 1333 1516 1387 ordo
1553 1332 1835 1386 verborum
1879 1328 2153 1383 admutus‘

583 1447 674 1492 tuo
691 1435 867 1503 capiti,
886 1432 1025 1503 quod
1052 1444 1194 1485 nunc
1215 1428 1387 1483 fronte
1412 1424 1751 1496 schphantte
1779 1421 2153 1491 interpolatum

580 1526 743 1581 fuisse
772 1525 1022 1579 mentitus
1046 1532 1125 1575 es.
1153 1520 1274 1575 Scio
1303 1533 1390 1572 me
1413 1526 1600 1585 magna
1628 1514 1943 1583 pollicitum,
1970 1512 2021 1568 id
2049 1519 2152 1577 cst,

588 1628 645 1674 ut
681 1618 746 1672 de
772 1613 1061 1671 adversarii
1087 1610 1423 1667 sermonibus
1448 1607 1817 1678 approbarem,
1849 1613 1905 1659 et
1944 1618 2038 1658 eos
2066 1602 2156 1671 qui

585 1709 827 1765 homines
846 1722 979 1776 cpus
1007 1706 1096 1759 Dei
1128 1712 1341 1773 negant,
1366 1702 1486 1773 jure
1523 1699 1785 1763 damnari,
1823 1705 1878 1755 et
1896 1698 2051 1752 istum
2074 1696 2156 1766 ipa

583 1816 721 1864 sum,
753 1799 845 1868 qui
874 1798 973 1852 hoc
999 1796 1284 1852 eorditetur
1306 1832 1323 1860 ,
1348 1792 1479 1848 nihil
1506 1791 1648 1846 aliud
1675 1804 1854 1859 agere,
1898 1802 2055 1859 quam
2100 1794 2157 1840 ut

582 1892 842 1962 peculium
871 1888 1066 1943 diaboli
1103 1886 1383 1942 cuntirmet
1407 1898 1527 1939 esse
1560 1881 1815 1952 quidquid
1849 1880 1917 1935 de
1942 1879 2156 1947 nuptia-

587 1998 703 2040 rum
735 1981 1055 2037 fecunditate
1083 1978 1338 2049 procedit.
1374 1976 1484 2030 Hoc
1507 1973 1647 2029 enim
1676 1984 1893 2041 genere,
1925 1969 2160 2039 patroci-s

583 2077 657 2135 nii
681 2076 762 2128 sui
788 2088 997 2142 quoque
1023 2071 1245 2140 legibus,
1270 2066 1680 2123 Manichaeorum
1709 2062 1890 2131 Opinio
1914 2060 2160 2115 destrue-

585 2176 690 2223 tur.
713 2165 907 2221 Verum
942 2164 992 2217 id
1022 2171 1126 2217 tota
1152 2160 1265 2215 libri
1296 2159 1411 2227 ejus
1441 2155 1656 2212 exordia
1685 2154 2038 2224 publicarunt.
2070 2150 2162 2205 Ait

582 2260 724 2317 enirn
750 2272 882 2325 opus
919 2269 1039 2309 esse
1066 2252 1301 2308 divinum
1330 2249 1595 2313 homines,
1623 2245 1715 2315 qui
1749 2261 1814 2300 ex
1845 2242 2059 2311 nuptiis,
2105 2240 2159 2295 id

583 2359 684 2415 est,
713 2364 778 2403 ex
816 2347 1048 2401 maribus
1075 2352 1362 2398 nascuntur
1399 2350 1451 2395 et
1478 2339 1690 2394 feminis
1718 2355 1731 2391 :
1759 2351 1860 2407 qua
1900 2335 2161 2390 sententia

584 2456 741 2497 omne
756 2439 895 2510 quod
916 2446 1030 2492 erat
1047 2446 1263 2493 acturus
1280 2435 1488 2497 evertit,
1508 2432 1765 2499 nobisque
1780 2430 2067 2484 assentitur
2088 2428 2164 2482 di-

584 2534 827 2590 centibus
839 2547 959 2587 esse
972 2532 1181 2600 impios,
1200 2531 1285 2597 qui
1305 2528 1421 2583 hare
1437 2525 1665 2581 audeant
1679 2524 1963 2592 denegare.
1988 2523 2163 2576 Abso-

584 2626 694 2682 luta
724 2626 882 2697 igitur
897 2625 1006 2693 jam
1031 2638 1131 2676 una
1162 2636 1285 2691 pars
1306 2628 1389 2675 est
1408 2626 1680 2687 :supcrest
1702 2624 1760 2670 ut
1783 2614 2081 2678 ostendam,
2108 2613 2162 2668 id

589 2733 709 2775 eum
736 2716 878 2787 quod
908 2730 1078 2785 nuper
1103 2714 1437 2783 impugnaret
1473 2720 1735 2765 astruere.
1765 2707 1969 2774 Quibus
2008 2706 2164 2761 dictis

585 2818 789 2883 partem
821 2809 895 2863 tui
931 2807 1120 2877 capitis
1146 2804 1451 2869 retractavi,
1488 2802 1541 2857 in
1568 2817 1669 2872 qua
1697 2801 1908 2855 dixeras
1933 2817 1947 2855 :
1981 2818 2000 2852 ι
2025 2799 2159 2863 Eos,

585 2903 673 2974 qui
689 2902 757 2957 de
774 2901 861 2956 tali
878 2900 1253 2955 commixtione
1264 2906 1575 2961 nascuntur,
1593 2894 1817 2950 dicimus
1834 2893 2043 2948 trahere
2059 2892 2168 2947 ori-

585 2992 760 3065 ginale
796 3002 1087 3062 peccatum,
1118 3005 1315 3059 eosque
1338 2989 1407 3043 de
1431 2986 1737 3058 parentibus
1764 2985 2165 3065 qualibuscum-

587 3062 691 3153 que
719 3092 1020 3145 nascantur,
1056 3096 1159 3135 non
1192 3093 1445 3148 negamus
1468 3076 1643 3131 adhuc
1673 3091 1791 3130 esse
1815 3075 1913 3130 sub
1933 3062 2162 3139 diabolo,

586 3174 690 3229 nisi
713 3183 1053 3228 renascantur
1074 3173 1125 3227 in
1153 3171 1386 3232 Christo,
1414 3180 1467 3225 et
1499 3185 1593 3238 per
1612 3168 1725 3238 ejus
1751 3168 1973 3238 gratiam
1989 3167 2167 3238 depo-

588 3271 781 3319 testate
828 3262 962 3318 eruti
1011 3261 1370 3326 tenebrarum,
1418 3260 1475 3315 in
1519 3275 1739 3330 regnum
1790 3259 1933 3313 illlus
1972 3261 2062 3330 qui
2098 3272 2168 3315 ex

587 3355 774 3411 eadem
831 3371 989 3411 sexus
1032 3358 1304 3426 utriusque
1342 3356 1723 3413 commixtione
1772 3356 1916 3411 nasci
1965 3355 2163 3422 noluit,

590 3446 993 3504 transferantur.
1025 3468 1046 3501 ι
1071 3449 1178 3504 Cur
1194 3463 1320 3517 ergo
1338 3456 1489 3516 putes
1518 3447 1641 3501 hinc
1670 3456 1722 3503 te
1745 3447 1985 3501 excttsari
2007 3461 2168 3517 posse

589 3538 657 3592 ab
683 3552 865 3592 errore
890 3537 1302 3593 Manichaeorum
1324 3575 1340 3602 ,
1382 3537 1505 3607 quia
1531 3550 1692 3591 ausus
1735 3550 1794 3590 es
1820 3538 2165 3604 sententiam,

593 3642 711 3682 cum
735 3643 837 3696 qua
859 3627 1106 3701 omnibus
1131 3628 1324 3698 ingenii
1355 3628 1426 3682 tui
1452 3627 1651 3682 viribus
1680 3625 1988 3691 luctabaris,
2017 3627 2165 3682 inse-

588 3734 741 3783 rere;
766 3735 884 3772 eum
914 3716 1014 3774 hoc
1041 3734 1147 3773 non
1175 3720 1525 3788 patrocinium
1548 3719 1747 3773 erroris
1777 3719 1869 3782 tui,
1898 3718 1993 3772 sed
2012 3719 2166 3774 testi-

589 3812 826 3867 monium
854 3814 923 3868 sit
943 3813 1178 3867 stultitia:
1204 3812 1504 3882 singularis,
1536 3811 1627 3881 qui
1648 3822 1799 3880 putas
1819 3809 2167 3881 Calliphontis

590 3918 740 3958 more
757 3902 1005 3959 virtutem
1026 3912 1079 3958 et
1100 3906 1244 3967 vitia,
1262 3903 1519 3973 justitiam
1546 3911 1598 3956 et
1623 3903 1952 3971 iniquitatem
1969 3902 2169 3959 οταιὶοο

588 4009 656 4049 ne
701 4003 786 4048 tua
830 4010 985 4063 posse
1023 3993 1079 4049 in
1126 3995 1323 4049 fmdera
1365 3993 1687 4048 convenire?
1714 3992 1865 4059 Quod
1893 4001 2068 4047 autem
2093 3996 2175 4050 ait

589 4086 899 4154 Apostolus,
950 4086 1049 4154 Qui
1091 4087 1223 4140 eruit
1265 4103 1356 4141 nos
1402 4085 1465 4140 de
1504 4094 1740 4154 potestate
1759 4084 2090 4150 tenebrarum,
2118 4094 2167 4141 et

591 4178 847 4233 transtulit
864 4178 915 4231 in
932 4194 1137 4246 regnum
1170 4175 1293 4231 Filii
1314 4177 1594 4231 dilectionis
1618 4192 1757 4239 tute;
1785 4177 1902 4246 lege
1921 4186 2166 4246 quartum

589 4270 764 4340 operis
786 4271 892 4325 mei
915 4270 1126 4335 librum,
1158 4278 1212 4323 ct
1240 4280 1363 4324 tunc
1386 4270 1476 4323 tibi
1504 4269 1630 4339 quid
1647 4269 1895 4339 Magister
1918 4270 2166 4326 Gentium

589 4362 833 4426 senserit,
863 4362 1175 4416 innotescet.

663 4452 799 4507 Anc.
829 4451 994 4508 Sexto
1040 4462 1221 4507 nostro
1261 4465 1573 4520 responsum
1613 4461 1694 4508 est
1730 4462 1921 4522 quarto
1962 4462 2073 4522 tuo,
2113 4462 2168 4510 et

594 4560 733 4599 nunc
757 4560 856 4616 ego
882 4545 1048 4616 magis
1074 4544 1337 4600 admoneo
1366 4555 1426 4600 ut
1469 4545 1555 4600 illa
1582 4554 1668 4601 tua
1712 4554 1766 4600 et
1808 4562 1923 4602 mea
1964 4549 2165 4619 legant,

591 4638 682 4711 qui
714 4639 897 4694 volunt
921 4641 1059 4695 scire
1082 4650 1334 4710 quantum
1358 4639 1426 4694 ibi
1455 4639 1618 4695 lueris
1642 4655 1672 4695 a
1706 4640 1926 4697 veritate
1956 4641 2163 4710 devius,

593 4740 646 4784 et
670 4738 864 4801 quanta
896 4730 969 4784 sis
994 4726 1216 4785 veritate
1244 4730 1540 4786 convictus.
1570 4731 1642 4787 De
1678 4730 1775 4786 hac
1801 4740 1979 4787 autem
2003 4733 2165 4789 chara

593 4820 721 4885 tula,
748 4820 801 4873 in
831 4835 930 4889 qua
949 4835 1014 4875 ex
1034 4821 1134 4874 tuis
1151 4820 1299 4875 libris
1322 4820 1562 4890 quasdam
1592 4820 1840 4892 decerpta
1865 4824 2166 4893 conscripta

592 4920 734 4977 sunt,
776 4910 1000 4965 liberum
1024 4911 1119 4966 tibi
1144 4920 1226 4966 est
1253 4911 1383 4966 mihi
1420 4912 1680 4981 imputare
1709 4914 1852 4984 quod
1890 4915 1979 4971 ille
2019 4915 2164 4982 fecit,

591 4994 680 5073 qui
704 5018 822 5081 eam
843 5001 986 5056 misit
1004 5001 1225 5069 homini,
1243 5018 1272 5057 a
1300 5019 1405 5074 quo
1430 4990 1591 5061 missa
1611 5015 1693 5061 est
1720 5006 1869 5061 mihi.
1899 5005 1989 5061 llle
2008 5007 2166 5076 quip-

592 5108 656 5161 pe
682 5091 823 5161 quod
854 5092 1039 5159 voluit,
1067 5093 1118 5147 in
1153 5108 1216 5148 ea
1259 5094 1434 5164 posuit
1460 5110 1524 5150 ex
1551 5110 1713 5165 opere
1744 5096 1888 5160 tno',
1935 5103 1990 5151 et
2024 5097 2166 5166 quod

593 5184 758 5241 voluit
786 5185 1124 5255 praetermisit
1152 5203 1166 5241 :
1199 5187 1337 5241 unde
1363 5186 1460 5244 tibi
1493 5187 1604 5257 jam
1631 5201 1789 5255 supra
1815 5186 2046 5245 breviter
2075 5204 2165 5245 sa-

594 5276 767 5347 lisque
791 5276 1057 5346 respondi.
1088 5276 1222 5345 Quid
1258 5288 1309 5334 te
1339 5278 1581 5334 obscuris
1609 5277 1710 5333 tuis
1734 5275 1991 5332 adversus
2020 5279 2162 5349 Apo-

593 5366 710 5422 stoli
740 5368 1013 5423 ntanit'csta
1058 5370 1265 5447 conaris
1306 5368 1612 5423 involvere?
1638 5366 1730 5423 llle
1776 5368 1942 5422 Deum
1972 5369 2166 5438 praedi-

592 5474 718 5517 cans
769 5462 862 5527 ait,
913 5461 1011 5531 Qui
1053 5462 1180 5516 eruit
1232 5478 1323 5516 nos
1358 5462 1420 5514 de
1464 5469 1707 5532 potestate
1753 5461 2086 5529 tenebrarum,
2118 5473 2164 5519 st

592 5556 845 5611 transtulit
870 5555 924 5609 in
949 5571 1162 5626 regnum
1189 5553 1314 5609 Filii
1336 5554 1594 5609 charitatis
1612 5569 1717 5610 sua
1740 5554 1956 5624 (Colon.
1982 5572 2018 5623 ι,
2038 5558 2127 5626 l3)
2150 5568 2163 5611 ι

594 5668 689 5792 pals
708 5667 938 5731 vigmeru'
982 5668 1173 5729 editio.
1222 5672 1425 5721 amotus.
1471 5669 1737 5733 castigatur
1776 5681 1840 5720 ex
1896 5668 2166 5745 manumit-

590 5786 778 5905 tlic
810 5794 1036 5844 totum
1064 5786 1296 5844 “lterum
1337 5788 1622 5848 «meum
1659 5792 1891 5859 addictus,
1929 5808 1991 5848 cx
2017 5788 2160 5861 operé

1242 398 1491 458 OPERIS
1526 389 1929 451 IMPERFECTI
1962 379 2234 442 CONTRA
2272 380 2630 453 IULIANUM,
2672 384 2728 442 S.
2774 383 3136 443 AUGUSTINI

3697 378 3850 448 Ml

2256 509 2312 556 et
2334 511 2388 556 tu
2413 501 2547 556 dicis
2578 501 2681 559 hoc
2700 500 2770 557 ab
2786 500 2878 557 illo
2896 505 2935 569 ⁸,
2956 502 3201 573 exceptis
3238 504 3491 573 parvulis,
3518 503 3743 561 dictum.
3779 507 3847 563 Si

2255 604 2381 664 ergo
2407 609 2512 650 non
2548 596 2805 650 eruuntur
2829 597 3034 666 parvuli
3059 595 3129 651 de
3160 600 3422 666 potestate
3461 598 3831 662 tenebrarum.

2256 701 2364 741 non
2391 700 2515 742 sunt
2541 689 2735 743 mortui
2760 707 2773 743 :
2804 690 2849 743 si
2871 689 3345 756 nonsuntmortui,
3360 700 3465 745 non
3487 700 3587 762 pro
3606 693 3685 748 ris
3703 698 3851 748 ιηθιι

2259 788 2378 833 tuus
2403 787 2486 833 est
2510 778 2755 834 Christus
2784 796 2799 834 ι
2828 789 2882 836 ιιι
2894 788 3073 836 autem
3103 781 3263 835 etiam
3293 794 3393 851 pro
3416 783 3544 852 ipsis
3565 783 3846 840 Christum

2258 878 2521 925 mortuum
2538 870 2840 936 confiteris;
2860 876 2917 926 et
2929 871 3069 926 idem
3087 871 3216 927 dicit
3236 873 3547 943 Apostolus,
3574 874 3721 931 Unus
3740 890 3848 944 pro

2256 962 2485 1016 omnibus
2506 972 2733 1016 mortuus
2768 973 2874 1029 est;
2894 980 3012 1033 ergo
3033 979 3205 1017 omnes
3242 965 3428 1019 mortui
3453 977 3569 1020 sunt
3599 968 3676 1039 (ll
3716 968 3845 1028 Cor.

2256 1067 2310 1118 v,
2344 1053 2467 1123 14).
2522 1053 2805 1109 Conclusio
2845 1054 2962 1110 haec
2984 1056 3226 1125 Apostoli
3264 1056 3456 1111 invicta
3490 1067 3617 1114 est:
3653 1075 3721 1116 ac
3747 1077 3854 1132 per

2256 1143 2359 1200 hoc
2385 1147 2505 1215 quia
2543 1152 2602 1201 et
2635 1162 2730 1214 pro
2750 1148 3254 1216 parvulisimortuus
3276 1160 3378 1217 est,
3412 1151 3653 1221 profecto
3676 1156 3847 1211 etiam

2259 1237 2460 1306 parvuli
2490 1239 2683 1293 mortui
2731 1248 2873 1295 sunt.
2916 1238 3153 1294 Mortuus
3179 1248 3264 1294 est
3292 1248 3452 1310 porro
3483 1241 3755 1305 Christus,
3784 1252 3851 1301 ut

2258 1338 2536 1385 evaeuuret
2555 1345 2678 1385 eum
2699 1331 2787 1401 qui
2817 1338 3131 1400 potestatem
3160 1331 3389 1388 habebat
3415 1335 3624 1401 mortis,
3658 1335 3712 1389 id
3736 1345 3846 1405 est,

2257 1423 2525 1479 diabolum
2564 1422 2764 1494 (Hebr.
2792 1439 2850 1490 tt,
2874 1424 2987 1495 tt).
3017 1424 3144 1480 Sine
3173 1426 3331 1495 igitur
3368 1429 3642 1495 parvulos,
3674 1438 3737 1483 ut
3762 1431 3849 1483 vi-

2258 1526 2404 1583 vant,
2431 1517 2498 1571 de
2526 1527 2784 1584 potestate
2805 1519 2917 1574 erui
2946 1519 3303 1573 tenebrarum.
3339 1520 3476 1587 Quid
3512 1532 3598 1577 est
3636 1530 3847 1590 autem,

2258 1608 2397 1679 quod
2444 1608 2571 1663 mihi
2605 1609 2956 1679 Calliphontis
2991 1623 3193 1664 morem
3222 1611 3431 1680 objicis,
3463 1613 3545 1667 vel
3570 1620 3845 1681 errorem,

2260 1701 2310 1754 in
2339 1715 2403 1755 eo
2428 1700 2567 1768 quod
2591 1717 2673 1754 me
2690 1710 2875 1770 putare
2890 1701 3024 1756 dicis
3051 1702 3297 1757 virtutem
3320 1712 3375 1757 et
3403 1704 3551 1766 vitia,
3576 1706 3847 1775 justitiam

2258 1804 2312 1849 et
2340 1794 2666 1862 iniquitatem
2695 1794 2933 1851 oratione
2962 1802 3079 1849 inea
3114 1809 3275 1862 posse
3318 1795 3371 1849 in
3408 1793 3606 1851 hedera
3640 1808 3851 1854 conve-

2260 1887 2407 1941 nire?
2438 1888 2547 1956 Ego
2566 1887 2780 1955 quidem
2804 1887 2941 1941 absit
2965 1894 3024 1940 ut
3048 1888 3149 1940 hoc
3190 1888 3274 1941 vel
3302 1888 3466 1943 corde
3491 1898 3725 1952 teneam,
3760 1890 3850 1945 vel

2262 1990 2507 2033 sermone
2533 1978 2782 2033 suadeam
2814 1995 2827 2035 ;
2852 1977 2945 2032 sed
2963 1986 3069 2031 uim
3091 1977 3225 2031 bene
3249 1985 3303 2031 te
3331 1977 3658 2035 intellexisse
3682 1980 3850 2035 letum

2263 2071 2630 2141 philosophum
2661 2071 2916 2140 gratulor.
2955 2070 3162 2124 Etenim
3192 2086 3312 2125 cum
3348 2071 3438 2126 ille
3480 2073 3753 2141 pttlaverit
3795 2073 3852 2128 in

2260 2165 2455 2219 virtute
2480 2164 2639 2218 animi
2670 2173 2725 2218 et
2767 2165 3033 2233 voluptate
3061 2164 3301 2233 corporis
3327 2155 3448 2218 esse
3480 2165 3714 2220 hominis
3748 2164 3845 2220 bo-

2264 2271 2389 2311 num
2417 2255 2515 2326 (tt);
2540 2265 2595 2310 tu
2618 2271 2740 2309 eum
2758 2255 2891 2309 dicis
2907 2255 3129 2309 virtutes
3143 2264 3197 2309 et
3219 2255 3338 2309 vitia
3360 2255 3592 2310 voluisse
3614 2257 3845 2326 conjun-

2263 2360 2392 2418 gere
2422 2365 2436 2404 :
2466 2363 2532 2403 ac
2556 2363 2647 2417 per
2668 2347 2798 2411 hoc,
2831 2348 2967 2402 sicut
2991 2347 3192 2414 decuit,
3225 2348 3409 2401 vitium
3444 2346 3695 2417 judicastl
3723 2356 3851 2405 esse

2265 2443 2558 2511 corporalis
2613 2441 2972 2513 appetentiam
3002 2442 3289 2511 voluptatis
3322 2458 3335 2494 :
3360 2441 3547 2496 vitium
3574 2448 3664 2497 est
3687 2443 3853 2512 igitur

2265 2533 2460 2599 libido,
2492 2545 2652 2601 quam
2680 2532 2883 2587 laudas.
2939 2531 3220 2601 Subrepsit
3257 2531 3434 2601 itaque
3472 2530 3853 2602 undecumque

2267 2628 2371 2681 tuis
2398 2626 2643 2682 sensibus
2669 2626 2884 2691 veritas,
2908 2632 2966 2678 ut
2989 2638 3252 2693 susceptae
3278 2631 3387 2678 tute
3414 2636 3629 2679 cauam
3655 2625 3854 2693 paulu-

2266 2719 2377 2773 lum
2403 2717 2679 2783 deserens,
2710 2715 2852 2786 quod
2871 2715 3099 2771 dicimus
3120 2714 3349 2769 diceres.

2342 2811 2503 2866 LXV.
2530 2811 2648 2866 ιω..
2674 2811 2837 2881 Argoi
2865 2825 3016 2880 ergo,
3045 2818 3103 2865 et
3124 2809 3247 2877 jure
3264 2808 3434 2879 rgui,
3466 2808 3773 2879 Mortam!
3796 2817 3856 2867 ιιι

2268 2904 2496 2961 debilem
2524 2905 2857 2968 varietatem,
2885 2918 2990 2973 qua
3010 2902 3186 2958 fuerat
3212 2901 3459 2957 structum
3481 2910 3541 2957 ut
3553 2912 3609 2958 et
3633 2902 3856 2974 nuptias

2269 3005 2322 3052 te
2349 3010 2453 3051 non
2482 2998 2737 3051 damnare
2761 2995 3113 3064 praemitteres
3133 2993 3179 3061 ⁸,
3209 3003 3264 3049 et
3287 2994 3497 3050 dicere:
3519 3028 3536 3060 ,
3563 2994 3637 3050 ob
3662 2995 3762 3050 viri
3798 3004 3856 3051 et

2268 3090 2482 3146 feminae
2510 3089 2963 3156 commuttionem,
2994 3092 3153 3159 quam
3198 3088 3265 3142 de
3314 3089 3616 3158 nuptiarum
3663 3088 3857 3144 condi-

2271 3184 2415 3240 tione
2445 3192 2500 3240 et
2546 3191 2730 3237 natura
2760 3182 2942 3237 venire
2992 3181 3326 3252 perspicuum
3369 3190 3491 3247 est,
3523 3182 3632 3236 itus
3660 3182 3717 3237 in
3744 3196 3855 3253 qua

2269 3276 2380 3329 sola
2428 3274 2711 3348 (quantum
2740 3274 2805 3328 ad
2837 3273 3141 3329 conﬂictum
3177 3282 3415 3327 nostrum
3454 3273 3718 3344 respicit)
3748 3286 3854 3330 nu-

2269 3368 2498 3436 ptiarum
2517 3366 2707 3420 veritas
2730 3374 2831 3433 est,
2848 3364 3092 3428 homines
3118 3366 3169 3419 in
3190 3362 3383 3423 diaboli
3407 3364 3525 3435 jura
3542 3367 3850 3422 transcribi.

2339 3462 2474 3516 Anc.
2526 3460 2582 3515 Si
2612 3460 2664 3514 in
2703 3460 2814 3514 sola
2862 3460 2960 3513 viri
3002 3468 3057 3514 et
3085 3458 3295 3513 femina
3349 3455 3736 3515 commistione
3766 3467 3858 3515 est

2271 3552 2466 3607 veritas
2523 3552 2864 3621 nuptiarum;
2911 3551 3099 3606 eadem
3143 3563 3275 3621 ergo
3318 3558 3403 3606 est
3442 3550 3644 3606 veritas
3692 3546 3853 3606 adni-

2270 3644 2523 3699 tar-iurum
2576 3656 2695 3714 quis
2768 3642 3066 3711 nuptiarum
3097 3676 3114 3708 ,
3169 3642 3292 3711 quia
3355 3641 3409 3695 in
3462 3643 3706 3713 utrisque
3767 3650 3855 3700 est

2269 3737 2370 3791 ista
2418 3749 2588 3797 sexus
2638 3735 2913 3805 utriusque
2956 3733 3285 3788 commixtio.
3551 3734 3597 3788 si
3655 3733 3849 3789 absur-

2270 3829 2547 3884 dissimum
2572 3835 2682 3893 est;
2713 3842 2819 3883 non
2843 3827 2897 3880 in
2931 3826 3079 3894 sola,
3119 3835 3178 3880 ut
3204 3825 3436 3892 deliras,
3468 3826 3851 3883 commixtione

2270 3921 2434 3976 maris
2461 3929 2514 3973 et
2540 3918 2750 3973 inminui
2775 3917 3078 3987 nuptiarum
3107 3916 3305 3971 veritas
3328 3924 3438 3982 est,
3458 3918 3707 3986 quamvis
3731 3917 3850 3973 siue

2271 4013 2360 4067 illa
2414 4028 2482 4065 nu
2503 4012 2629 4083 ptis:
2675 4010 2813 4065 (ilius
2865 4020 3156 4079 propagare
3198 4024 3306 4065 non
3347 4008 3554 4078 possint
3580 4027 3595 4064 :
3622 4009 3848 4065 sedatio

2270 4113 2394 4160 sunt
2417 4104 2482 4159 ad
2510 4105 2718 4174 nuptias
2749 4103 2970 4175 proprie
2993 4103 3348 4172 pertinentia,
3379 4101 3572 4173 quibus
3596 4103 3669 4159 ab
3688 4104 3846 4158 adiur-

2272 4200 2419 4254 teriis
2444 4199 2646 4267 nuptis:
2665 4196 3061 4261 discernuntur,
3086 4198 3225 4252 sicut
3268 4203 3353 4253 est
3374 4195 3517 4251 theri
3538 4196 3845 4269 conjugalis

2271 4292 2443 4355 fides,
2495 4298 2551 4345 et
2600 4304 2725 4344 cura
2774 4289 3017 4345 ordinate
3065 4289 3203 4346 tilios
3257 4290 3682 4359 procreandum
3724 4302 3842 4361 qua:

2270 4380 2500 4438 maxima
2546 4381 2841 4436 dili‘erentia
2879 4391 2996 4448 est,
3039 4382 3211 4437 bonus
3249 4391 3375 4437 usus
3408 4381 3564 4448 mali,
3609 4382 3715 4438 hoc
3739 4392 3838 4452 est,

2268 4475 2442 4530 bonus
2459 4486 2587 4529 usus
2604 4470 3050 4544 concupiscentiae
3062 4474 3239 4529 carnis
3255 4506 3273 4541 ,
3302 4484 3408 4545 quo
3447 4473 3590 4530 male
3618 4475 3843 4532 adulteri

2268 4575 2487 4623 utantur
2514 4566 2676 4621 male.

2338 4657 2524 4714 LXVI.
2546 4656 2664 4712 lus.
2696 4656 2865 4724 Quam
2903 4652 3334 4713 commistiénem
3358 4658 3432 4712 ita
3457 4654 3839 4715 essembilem

2269 4748 2592 4819 persuadere
2643 4758 2867 4804 conatus
2893 4762 2972 4813 es,
3007 4757 3064 4803 ut
3092 4750 3223 4804 velis
3260 4749 3481 4820 intelligi
3526 4750 3837 4815 Christum,

2269 4856 2375 4895 non
2398 4847 2613 4912 propter
2635 4839 2772 4911 signi
2818 4840 3190 4910 splendorem,
3218 4842 3314 4896 sed
3342 4834 3561 4912 propter
3587 4842 3838 4897 damnati.

2269 4932 2392 4987 dam
2417 4946 2640 4988 meum
2687 4930 3118 5002 coniunctionem
3167 4934 3310 4987 nasci
3334 4933 3401 4988 de
3437 4933 3646 5003 virgine
3674 4940 3840 4989 matre

2271 5024 2525 5079 voluisse.
2554 5022 2691 5090 Quid
2721 5038 2849 5093 ergo
2879 5038 3108 5094 unquam
3137 5038 3166 5076 a
3202 5038 3465 5094 quoquam
3513 5025 3615 5080 dici
3646 5027 3843 5096 imprae

2269 5114 2390 5171 hius
2414 5123 2506 5169 aut
2531 5114 2889 5184 impudentius
2915 5115 3121 5183 potuit,
3150 5128 3309 5184 quam
3337 5113 3438 5170 hoc
3458 5146 3478 5181 ς
3517 5117 3660 5186 φησει
3709 5117 3843 5173 duos

2272 5210 2417 5264 velut
2444 5223 2592 5278 reges
2612 5207 2680 5262 de
2710 5207 3051 5262 humanitatis
3080 5208 3418 5277 possessione
3439 5212 3707 5264 umentes
3751 5209 3836 5264 liis

2271 5300 2457 5374 signis,
2476 5310 2531 5356 et
2553 5301 2660 5355 duo
2686 5312 2873 5356 eorum
2901 5310 3060 5371 regna
3087 5301 3369 5370 separastl,
3388 5306 3447 5356 ut
3463 5301 3672 5358 dientes
3690 5344 3705 5369 ,
3724 5302 3841 5358 dia-

2335 5412 2656 5481 lviguicﬂus,
2681 5417 2743 5470 de
2762 5412 2861 5470 illo.
2886 5412 3053 5470 Melius
3073 5412 3151 5468 alii
3174 5412 3311 5481 libri,
3329 5418 3389 5468 a'b
3409 5414 3512 5470 illo.

2331 5475 2479 5545 ausa.
2513 5475 2717 5545 liabet
2746 5490 2905 5545 νυνι,
2944 5481 3178 5545 delectati
3213 5490 3231 5531 :
3268 5475 3317 5531 id
3348 5488 3443 5540 est,
3476 5481 3740 5545 uulgum.
3772 5480 3844 5531 ate

2275 5561 2297 5590 α
2318 5543 2563 5594 delectum
2606 5543 2780 5594 malum
2801 5561 2824 5592 ν
2865 5544 2989 5597 dixit
3024 5544 3190 5595 cicero
3226 5545 3277 5594 in
3313 5545 3533 5593 oratione
3578 5543 3664 5607 pro
3697 5550 3843 5593 Domo

2331 5670 2436 5733 tua
2590 5675 2645 5733 _At
2667 5669 2803 5729 Editi,
2827 5669 3142 5733 promittens.

2330 5730 2402 5797 (ρ)
2420 5729 2533 5797 νῆας
2555 5729 2850 5797 Ciceroneni.
2875 5731 2998 5797 lith
3016 5731 3051 5797 2
3074 5729 3805 5797 Αωᾷβωιοεῖυωηῼιξξδιίρηξιξη
3822 5760 3838 5786 ο

2483 5788 2642 5909 (inde,
2677 5784 2893 5857 Finibus,
2924 5788 2975 5846 et
3007 5784 3315 5854 luctantium,
3346 5784 3410 5841 de
3433 5784 3563 5845 rius
3582 5784 3838 5854 Sapientia,

2443 5891 2460 5920 ,
2483 5870 2589 5922 mp.
2612 5870 2661 5907 ἰι
