4102 6512
566 378 703 436 1087

561 495 778 548 cundum
803 500 970 544 autent
995 486 1240 542 duritiam
1273 497 1410 540 tuam
1453 493 1501 536 et
1551 499 1638 536 cor
1679 478 1991 550 impaenitens
2037 477 2148 529 the-

560 583 784 640 saurizas
810 582 897 636 tibi
929 582 1061 634 iram
1086 582 1140 634 in
1169 579 1248 634 die
1273 579 1364 631 ira:
1393 575 1562 646 (Rom.
1587 589 1642 634 ιι,
1665 571 1700 624 4
1722 577 1766 622 et
1793 567 1874 638 5).
1907 567 2146 622 Exerce-

561 685 648 732 tur
694 689 822 744 ergo
869 674 1122 743 patientia
1170 671 1288 738 Dei,
1346 683 1464 721 cum
1517 679 1624 717 non
1662 662 1854 731 exiguo
1899 669 2144 729 tel'npore

557 775 897 836 ex5peclatur
939 765 1169 819 humana
1210 758 1504 817 conversio.
1559 753 1614 808 ln
1674 753 1908 822 parvulis
1957 760 2139 806 autem

563 875 671 914 non
705 867 879 928 potest
897 872 1157 928 apparere
1185 852 1451 924 patientia.
1479 847 1534 902 Si
1555 847 1698 902 enim
1719 854 1900 900 essent
1923 855 2138 914 peccata

563 957 788 1014 naturae,
817 964 934 1019 quae
957 948 1036 1003 eis
1051 946 1297 1002 Salvator
1315 937 1664 1002 adscriberet;
1696 938 1902 1006 patiens
1924 936 2139 1006 quidem

565 1041 719 1106 falso,
745 1055 916 1095 s:evus
957 1053 1085 1093 vero
1127 1034 1424 1090 certissime
1469 1029 1756 1086 diceretur.
1800 1027 1914 1081 Non
1963 1036 2141 1097 potest

561 1141 740 1187 autem
779 1132 918 1186 Deus
947 1129 1046 1184 nisi
1075 1127 1194 1198 pius
1229 1134 1284 1180 et
1315 1125 1491 1194 justus
1524 1136 1676 1186 esse,
1707 1121 1848 1189 quod
1875 1129 1956 1174 est
1999 1121 2138 1174 Deus

563 1237 718 1279 meus
737 1223 890 1278 Jesus
934 1221 1172 1276 Christus
1199 1237 1214 1273 :
1243 1218 1391 1285 cujus
1439 1214 1744 1284 patientiam
1772 1254 1786 1276 ,
1815 1213 1902 1267 vel
1945 1213 2142 1267 Paulus

565 1315 654 1370 diu
683 1323 1012 1384 persecutor,
1045 1313 1126 1368 vel
1150 1311 1242 1366 alii
1266 1309 1365 1363 sub
1384 1321 1611 1376 quorum
1631 1319 1856 1374 persona
1883 1304 2135 1373 loquitur,

569 1409 772 1479 experti
817 1419 974 1474 sunt;
1020 1409 1142 1478 quia
1170 1406 1256 1460 diu
1299 1402 1593 1471 exspectati
1634 1409 1788 1465 sunt,
1843 1399 1974 1454 licet
2017 1415 2139 1454 sero

556 1498 784 1554 liberati.
811 1501 888 1553 Ac
916 1514 1010 1567 per
1035 1497 1134 1552 hoc
1179 1496 1246 1550 ab
1273 1493 1530 1563 Apostolo
1562 1493 1665 1546 vita
1699 1494 1996 1556 hominum,
2029 1507 2134 1546 non

557 1599 740 1644 natura
767 1589 1068 1644 damnatur.
1115 1584 1510 1640 Commendans
1559 1600 1686 1655 ergo
1730 1585 1866 1640 hanc
1909 1584 2136 1654 gratiam

552 1679 770 1746 Iudaeis,
797 1682 918 1750 quia
947 1680 1030 1735 lex
1069 1679 1218 1747 punit
1271 1678 1548 1742 scelestos,
1598 1693 1700 1732 nec
1749 1678 1908 1732 habet
1937 1677 2084 1730 illam
2107 1675 2126 1706 ί

554 1769 891 1826 efﬁcientiam
928 1768 1330 1832 misericordiae,
1383 1783 1542 1837 quam
1593 1768 1884 1838 Baptisma,
1925 1768 1976 1820 in
2029 1781 2135 1835 quo

550 1861 884 1918 confessione
911 1861 1058 1916 brevi
1086 1870 1298 1914 actuum
1329 1859 1520 1914 delicta
1551 1870 1862 1928 purgantur,
1895 1857 2132 1913 ostendit

552 1954 746 2011 debere
783 1955 900 2009 illos
951 1968 1167 2009 currere
1195 1953 1262 2008 ad
1305 1952 1599 2018 Christum,
1643 1954 1931 2022 implorare
1974 1967 2133 2021 Opem

551 2047 708 2117 hujus
758 2045 1129 2116 indulgentiae;
1175 2054 1229 2101 et
1275 2045 1556 2100 advertere
1597 2045 1738 2114 quod
1783 2044 1873 2098 lex
1924 2059 2134 2100 morum

549 2137 862 2194 vulneribus
887 2137 1264 2202 comminatur,
1293 2136 1464 2206 gratia
1499 2150 1624 2190 vero
1655 2135 1946 2190 efﬁcaciter
1983 2135 2132 2190 cele-

547 2233 780 2300 riterque
830 2229 1127 2284 medeatur.
1171 2228 1382 2298 Corpus
1431 2229 1611 2298 itaque
1651 2229 1862 2294 mortis,
1914 2236 2132 2297 peccata

546 2322 679 2378 dixit
705 2337 844 2389 esse,
877 2337 985 2377 non
1007 2337 1224 2376 carnem
1255 2337 1266 2373 :
1303 2335 1426 2374 nam
1459 2321 1502 2374 si
1535 2320 1603 2376 de
1634 2321 2001 2376 membrorum
2029 2321 2134 2375 mi-

544 2416 680 2471 seria
709 2416 1121 2484 pronuntiasset,
1145 2429 1302 2484 quam
1325 2422 1544 2483 peccato
1569 2414 1802 2468 mstimas
1819 2414 2129 2483 contigisse,

545 2508 744 2563 rectius
768 2517 994 2562 mortem
1023 2507 1286 2576 corporis,
1319 2521 1478 2576 quam
1505 2520 1704 2574 corpus
1731 2507 1920 2560 mortis
1950 2520 2130 2560 vocas-

543 2607 642 2654 set.
662 2598 858 2656 Verum
873 2609 932 2655 ut
945 2600 1103 2666 scias,
1117 2597 1408 2654 secundum
1423 2598 1863 2653 consuetudinem
1883 2598 2131 2668 Scriptu-

547 2707 724 2747 rarum
752 2701 968 2763 peccata
995 2693 1236 2748 membra
1261 2691 1396 2758 dici;
1421 2692 1536 2761 lege
1563 2690 1632 2745 ad
1649 2690 2020 2758 Colossenses,
2041 2694 2130 2749 ubi

549 2783 662 2852 ipse
687 2783 974 2853 Apostolus
995 2785 1086 2852 ait,
1110 2784 1167 2838 Μ
1171 2784 1418 2852 ortiﬁcate
1442 2783 1665 2837 membra
1683 2791 1867 2849 vestra,
1886 2799 2001 2855 quia
2015 2794 2133 2840 sunt

542 2891 696 2944 super
712 2885 918 2942 terram;
937 2877 1345 2945 fornicationem,
1370 2875 1766 2940 immunditiam,
1783 2886 1829 2929 et
1841 2877 2128 2944 avaritiam,

542 2983 654 3035 qua!
663 2975 735 3022 est
749 2967 1136 3022 simulacrorum
1149 2968 1380 3031 servitus;
1399 2978 1602 3037 propter
1612 2982 1726 3036 qua
1739 2967 1870 3021 venit
1885 2967 1960 3021 ira
1971 2968 2069 3022 Dei
2079 2970 2132 3022 in

542 3059 676 3127 ﬁlios
693 3060 1080 3126 incredulitatis,
1101 3062 1154 3114 in
1175 3061 1351 3130 quibus
1363 3070 1409 3113 et
1419 3077 1504 3114 vos
1524 3061 1800 3129 aliquando
1815 3061 2126 3130 ambulastis,

541 3166 657 3203 cum
682 3152 904 3206 viveretis
931 3153 985 3205 in
1011 3153 1114 3206 illis
1137 3150 1352 3224 (Cotoss.
1384 3167 1462 3217 ιιι,
1493 3152 1546 3218 5,
1579 3151 1657 3222 6).
1697 3152 1833 3206 Ecce
1865 3152 2132 3222 quomodo

542 3243 784 3297 membra
811 3245 1060 3313 appellat,
1079 3261 1198 3313 quae
1231 3255 1443 3314 peccata
1465 3247 1795 3315 pronuntiat.
1815 3246 2021 3317 Corpus
2046 3263 2134 3302 au-

468 3379 472 3383 .
545 3342 654 3388 tem
683 3334 888 3404 peccati
919 3335 1006 3389 hic
1025 3337 1046 3368 ’
1073 3336 1244 3404 ipsum
1268 3335 1335 3390 ad
1358 3335 1645 3402 ltomanos,
1685 3336 1837 3390 Vetus
1859 3338 2010 3393 homo
2035 3355 2130 3392 no-

545 3434 666 3490 ster,
682 3425 870 3495 inquit,
892 3425 1048 3479 simul
1062 3427 1292 3495 conﬁxus
1307 3435 1382 3480 est
1395 3429 1554 3494 cruci,
1573 3437 1629 3481 ut
1644 3428 1936 3483 destruatur
1947 3446 2131 3501 corpus

545 3519 754 3588 peccati,
784 3528 840 3571 ut
867 3518 1004 3572 ultra
1033 3535 1133 3572 non
1179 3519 1453 3573 serviamus
1497 3529 1700 3589 peccato
1731 3520 1909 3590 (Rom.
1939 3537 2012 3588 vi,
2043 3521 2124 3591 6).

543 3609 658 3662 Hoc
685 3609 865 3678 itaque
895 3625 1042 3664 more
1069 3617 1124 3664 et
1151 3610 1238 3665 hic
1286 3611 1606 3666 exclamavit
1650 3611 1749 3666 sub
1791 3627 2042 3682 persona,
2073 3623 2131 3668 ut

538 3701 789 3768 diximus,
837 3701 1178 3756 Iudaeorum:
1207 3701 1362 3756 Miser
1415 3719 1506 3773 ego
1559 3703 1728 3769 homo,
1784 3704 1894 3774 quis
1938 3721 2018 3760 me
2067 3706 2130 3759 li-

542 3794 732 3850 berabit
757 3796 820 3848 de
844 3811 1056 3866 corpore
1079 3797 1254 3850 mortis
1283 3796 1436 3866 hujus
1453 3797 1478 3849 ?
1505 3795 1556 3850 id
1598 3805 1699 3860 est,
1729 3797 1857 3863 Quis
1884 3813 1970 3852 me
1999 3798 2129 3853 libe-

538 3885 680 3943 labit
701 3901 730 3940 a
760 3897 909 3943 reatu
936 3899 1278 3958 peccatorum
1301 3903 1544 3942 meorum
1567 3905 1686 3958 qua:
1713 3891 1976 3956 commisi,
2001 3907 2126 3946 cum

539 3979 708 4034 vitare
749 3979 1078 4048 potuissem?
1129 3995 1248 4049 quae
1296 3980 1429 4049 legis
1477 3981 1736 4035 severitas
1787 3997 1892 4036 non
1937 3981 2122 4048 donat,

536 4067 634 4124 sed
661 4067 962 4135 ulciscitur;
991 4071 1108 4140 quis
1139 4085 1223 4124 me
1251 4070 1317 4124 ab
1361 4069 1443 4124 his
1489 4071 1771 4137 membris,
1795 4071 1849 4126 id
1878 4083 1960 4128 est
1989 4089 2018 4126 a
2049 4073 2126 4126 vi-

465 4169 470 4174 “
537 4161 645 4226 tiis,
673 4176 794 4231 quae
835 4161 1198 4232 improborum
1232 4161 1528 4217 imitatione
1566 4163 1778 4232 collegi,
1811 4171 1872 4217 ut
1917 4165 2119 4232 peccati

538 4254 754 4326 plenum
775 4269 969 4324 corpus
1017 4263 1366 4319 exstruerem,
1402 4257 1600 4324 poterit
1627 4255 1936 4311 vindicare?
1965 4260 2117 4328 quis,

535 4344 787 4416 inquam?
819 4345 888 4402 Et
933 4345 1243 4416 respondit,
1296 4347 1449 4418 quasi
1493 4362 1671 4402 rerum
1714 4347 1947 4418 ipsarum
1993 4365 2123 4408 voce

532 4438 890 4494 commonitus
915 4456 928 4491 :
950 4437 1126 4494 Gratia
1151 4439 1248 4494 Dei
1269 4456 1360 4510 per
1375 4437 1551 4494 Iesum
1565 4439 1823 4495 Christum
1845 4441 2124 4498 Dominum

532 4541 776 4587 nostrum.
823 4530 1004 4588 Gratia
1035 4532 1148 4598 Dei,
1181 4547 1299 4602 quae
1325 4539 1598 4602 acceptam
1629 4530 1734 4587 fert
1772 4534 2030 4603 justitiam
2054 4535 2120 4590 li-

532 4625 727 4680 delium
770 4625 886 4680 sine
923 4625 1208 4694 operibus,
1241 4624 1532 4678 secundum
1570 4625 1712 4695 quod
1741 4625 1908 4680 David
1955 4626 2118 4696 dicit,

533 4717 678 4772 Beati
698 4735 912 4788 quorum
929 4720 1152 4772 remissa!
1177 4729 1296 4772 sunt
1321 4721 1631 4786 iniquitates,
1662 4730 1706 4774 et
1735 4739 1952 4793 quorum
1992 4731 2122 4776 tecta

533 4821 648 4865 sunt
683 4819 888 4880 peccata
917 4826 936 4864 :
965 4810 1138 4863 beatus
1177 4811 1252 4862 vir
1297 4811 1380 4863 cui
1425 4829 1526 4865 non
1569 4813 1835 4883 imputavit
1869 4813 2119 4868 Dominus

532 4911 792 4972 peccatum
809 4899 976 4974 (Psal.
1009 4902 1201 4968 xxxu,l
1224 4912 1270 4955 et
1288 4903 1368 4974 2).
1401 4903 1502 4972 Qui
1526 4920 1653 4974 ergo
1693 4905 1818 4959 facit
1846 4905 2116 4961 hominem

533 4993 764 5057 beatum,
793 4992 952 5046 etiam
993 4993 1107 5062 ipse
1149 4993 1332 5049 beatus
1370 5004 1485 5060 est,
1512 4996 1717 5067 justitia
1755 4998 2116 5068 sempiterna,

529 5098 808 5156 perquam
841 5098 945 5138 non
969 5083 1129 5140 donat
1157 5097 1450 5154 peccatum,
1501 5086 1605 5141 nisi
1633 5087 1776 5156 quod
1798 5087 1917 5158 jure
1945 5091 2118 5158 potuit

531 5177 812 5246 imputare.
844 5175 961 5231 Non
986 5185 1164 5232 autem
1187 5178 1308 5248 jure
1334 5178 1504 5249 potuit
1533 5179 1818 5248 imputare,
1847 5180 1890 5235 si
1914 5198 2018 5236 non
2049 5182 2116 5238 il-

529 5266 619 5322 lud
653 5268 738 5322 cui
759 5269 1066 5338 imputatur,
1101 5270 1272 5339 potuit
1294 5278 1347 5322 ct
1377 5284 1588 5323 cavere.
1620 5269 1786 5325 Nemo
1819 5281 1994 5327 autem
2023 5287 2118 5342 po-

531 5368 635 5416 test
659 5375 849 5416 cavere
881 5362 1160 5417 naturalia.
1208 5361 1370 5431 Igitur
1413 5361 1594 5418 nullus
1649 5377 1868 5432 prorsus
1916 5363 2118 5422 habere

526 5461 702 5522 potest
728 5451 795 5508 de
819 5463 1023 5509 natura:
1049 5455 1368 5509 necessitate
1392 5465 1688 5524 peccatum.
1719 5455 1848 5512 Haec
1875 5458 2112 5516 breviter

437 5535 444 5542 ’
526 5547 723 5603 dixisse
743 5545 991 5604 Sufficiat.

597 5643 733 5698 Anc.
765 5639 1000 5698 Conatus
1024 5655 1084 5696 es
1113 5639 1327 5710 quidem
1352 5641 1494 5712 quod
1522 5642 1598 5697 ait
1639 5643 1947 5716 Apostolus,
1988 5647 2115 5715 Quis

590 5823 608 5854 ⁸
633 5829 781 5876 Vetus
797 5821 954 5874 codex
979 5831 1126 5884 Port.,
1151 5821 1317 5874 ullam.

589 5885 611 5917 ι
633 5885 770 5948 Editi,
791 5883 897 5937 hoc.
924 5893 982 5937 Αι
1001 5883 1132 5948 usa,
1156 5885 1252 5937 hic.

1267 366 1512 426 OPERIS
1540 363 1946 424 IMPERFECTI
1981 360 2258 420 CONTRA
2295 361 2658 432 JULIANUM,
2697 364 2754 420 S.
2797 364 3164 424 AUGUSTINI

3705 373 3860 430 £083

2259 493 2339 530 me
2382 478 2607 532 liberabit
2646 479 2706 532 de
2739 496 2948 550 corpore
2987 484 3162 538 mortis
3205 484 3398 556 hujus?
3422 488 3476 543 in
3505 502 3720 548 sensum
3749 511 3858 550 ve-

2255 578 2422 624 strum
2444 571 2763 640 disputando
2792 580 3104 630 convertere
3137 595 3150 631 :
3179 576 3275 632 sed
3303 578 3402 634 hoc
3432 589 3483 636 te
3515 598 3622 638 non
3649 600 3848 656 posse,

2254 662 2345 716 ille
2369 663 2557 718 melius
2581 661 2729 728 vidit,
2753 665 2844 733 qui
2864 665 2977 720 viro
3019 667 3212 722 illustri
3254 669 3550 729 chartulam
3579 675 3758 744 misit;
3793 687 3860 734 et.

2253 753 2372 809 ideo
2403 754 2574 808 verba
2586 769 2705 808 mea
2733 769 3157 813 commemorans
3181 759 3236 815 id
3260 765 3624 833 praetermisit,
3651 783 3717 821 ne
3745 777 3854 824 tua

2251 845 2516 902 rideretur
2545 857 2852 917 exSpectata
2889 859 2944 904 et
2971 852 3178 922 prolata
3207 858 3503 926 responsio.
3534 859 3664 928 Quis
3691 865 3850 918 enim

2249 953 2356 992 non
2389 938 2560 992 rideat
2599 938 2744 1008 quod
2773 941 2952 995 nescio
2982 951 3158 996 utrum
3189 946 3342 1000 vobis
3382 949 3708 1019 persuadere
3737 969 3850 1024 po-

2253 1031 2476 1094 tueritis,
2524 1039 2577 1084 ct
2618 1042 2791 1086 tamen
2822 1032 2939 1088 aliis
2979 1037 3408 1103 persuadendum
3443 1047 3702 1114 putastis,
3747 1047 3854 1103 Ju-

2249 1120 2350 1175 daei
2395 1122 2708 1191 Apostolum
2757 1122 3034 1180 induxisse
3085 1143 3404 1198 personam,
3451 1139 3686 1194 nondum
3740 1141 3854 1198 sub

2249 1215 2444 1270 Christi
2477 1220 2640 1285 gratia
2690 1223 3000 1287 constituti,
3049 1235 3206 1296 atque
3261 1227 3508 1298 dicentis,
3557 1232 3718 1290 Miser
3747 1253 3850 1307 ego

2249 1310 2418 1375 homo,
2440 1311 2549 1380 quis
2574 1329 2651 1364 me
2667 1312 2893 1368 liberabit
2919 1317 2982 1371 de
3013 1335 3223 1388 corpore
3267 1325 3445 1378 mortis
3475 1325 3630 1396 hujus
3647 1329 3672 1381 ?
3697 1327 3846 1383 Gra-

2247 1403 2316 1454 tia
2349 1402 2440 1456 Dei
2471 1421 2559 1472 per
2586 1404 2762 1462 Iesum
2787 1407 3045 1463 Christum
3087 1409 3368 1468 Dominum
3413 1428 3659 1472 nostrum.
3691 1421 3848 1478 Itane

2247 1512 2373 1551 vero
2410 1498 2643 1569 Judaeus,
2685 1505 3027 1575 nondumque
3057 1507 3394 1565 Christianus
3419 1525 3522 1578 eSt,
3553 1515 3644 1583 qui
3681 1517 3842 1583 dicit,

2247 1587 2338 1643 Dei
2367 1593 2534 1660 gratia
2555 1609 2640 1648 me
2663 1595 2908 1651 liberabit
2927 1615 3022 1668 per
3041 1599 3222 1656 Jesum
3251 1599 3520 1658 Christum
3547 1607 3844 1665 Dominum

2245 1683 2522 1738 nostrum?
2552 1683 2748 1740 Verum
2768 1687 2870 1741 hoc
2897 1691 3086 1744 omitto
3119 1709 3131 1745 :
3163 1693 3292 1748 illud
3321 1703 3498 1750 autem
3515 1699 3643 1767 quis
3673 1698 3842 1769 ferat,

2243 1773 2310 1826 de
2333 1775 2614 1841 prmteritis
2651 1780 2763 1832 suis
2803 1783 3033 1849 peccatis
3087 1794 3272 1854 putare
3309 1785 3580 1844 hominem
3626 1791 3840 1860 dicere,

2246 1865 2372 1930 Quis
2393 1883 2470 1920 me
2502 1868 2731 1923 liberabit
2771 1871 2835 1925 de
2868 1889 3081 1943 corpore
3121 1878 3298 1931 mortis
3335 1879 3530 1949 hujus?
3569 1889 3626 1936 ut
3659 1884 3707 1938 ei
3743 1899 3845 1953 per

2242 1955 2566 2026 ignoscentis
2595 1961 2790 2018 Christi
2816 1966 3038 2034 gratiam
3072 1969 3412 2024 remittantur
3443 1989 3456 2026 :
3489 1988 3610 2028 cum
3641 1975 3844 2030 diluci-

2241 2049 2308 2104 de
2327 2063 2598 2120 appareat,
2624 2055 2765 2110 unde
2783 2057 2850 2112 ad
2872 2059 2970 2114 ista
2988 2061 3146 2120 verba
3173 2065 3495 2131 pervenerit?
3513 2067 3650 2122 Ecce
3671 2070 3842 2125 verba

2241 2143 2356 2212 ejus
2377 2155 2500 2200 sunt
2519 2147 2572 2201 in
2595 2149 2812 2206 auribus
2835 2154 3031 2210 nostris
3058 2173 3070 2207 :
3095 2155 3368 2211 videamus
3390 2173 3538 2230 ergo,
3561 2171 3744 2216 utrum
3767 2179 3836 2220 ex

2239 2250 2304 2300 eo
2320 2237 2460 2304 quod
2489 2241 2598 2308 egit
2622 2242 2827 2308 volens,
2851 2258 2920 2298 an
2937 2259 3005 2300 ex
3033 2261 3100 2300 eo
3129 2247 3268 2316 quod
3300 2249 3405 2318 agit
3429 2252 3640 2319 nolens,
3671 2256 3842 2314 mise-

2239 2343 2358 2381 rum
2398 2345 2456 2384 se
2485 2347 2606 2388 esse
2635 2333 2882 2390 fateatur.
2914 2338 3122 2394 Clamat
3160 2341 3339 2406 homo,
3375 2342 3495 2398 Non
3525 2349 3662 2416 quod
3691 2351 3834 2418 solo,

2239 2435 2370 2488 ago;
2412 2423 2500 2474 sed
2527 2425 2662 2494 quod
2703 2427 2817 2494 odi,
2849 2428 2980 2481 illud
3021 2432 3172 2501 facio.
3203 2432 3430 2502 Clamat,
3459 2436 3584 2491 Jam
3611 2457 3714 2494 non
3741 2459 3838 2514 ego

2239 2526 2420 2579 Operor
2453 2513 2616 2578 illud,
2686 2517 2774 2570 sed
2819 2519 2874 2572 id
2921 2522 3057 2588 quod
3101 2524 3290 2578 habitat
3327 2527 3380 2580 in
3431 2545 3508 2582 me
3549 2513 3836 2600 peccatum.

2240 2601 2360 2656 Srio
2379 2606 2513 2658 enim
2539 2608 2659 2676 quia
2679 2625 2779 2664 non
2801 2611 2994 2666 habitat
3017 2614 3070 2667 in
3093 2632 3190 2682 me,
3223 2617 3318 2670 hoc
3347 2621 3487 2673 estin
3518 2639 3674 2678 carne
3695 2643 3838 2693 mea,

2238 2696 2421 2752 bonum
2445 2716 2462 2753 :
2487 2701 2611 2755 velle
2651 2705 2784 2758 enim
2815 2707 3013 2777 adjacet
3043 2711 3208 2777 mihi;
3251 2715 3492 2783 perﬁcere
3529 2727 3702 2774 autem
3739 2721 3838 2775 bo—

2238 2805 2378 2856 num,
2411 2809 2512 2848 non
2531 2795 2749 2852 invenio.
2783 2797 2907 2853 Non
2949 2802 3082 2856 enim
3109 2805 3246 2872 quod
3268 2812 3413 2872 uoto,
3443 2811 3576 2878 facio
3607 2811 3836 2878 bonum;

2237 2882 2326 2936 sed
2352 2885 2486 2953 quod
2515 2887 2633 2941 nolo
2677 2889 2887 2954 malum,
2919 2892 3014 2945 hoc
3053 2910 3168 2964 ago.
3203 2895 3320 2950 Non
3369 2897 3462 2964 ait,
3497 2899 3660 2968 Feci;
3697 2905 3834 2972 sed,

2237 2973 2371 3043 facio
2399 2992 2418 3030 :
2442 2993 2548 3033 non
2573 2979 2665 3044 ait,
2695 2981 2958 3050 Operatus
2987 2999 3105 3040 sum
3128 3004 3142 3052 ;
3167 2988 3283 3055 sed,
3315 3007 3496 3060 operor
3526 3008 3544 3045 :
3571 3009 3681 3048 non
3707 2997 3791 3050 ait
3815 3037 3832 3062 ,

2237 3069 2369 3137 Egi;
2393 3071 2509 3138 sed,
2533 3089 2628 3142 ago
2652 3090 2671 3128 :
2691 3077 2870 3130 ethoc
2893 3095 2994 3132 non
3031 3082 3168 3149 quod
3195 3084 3304 3136 uolo
3331 3084 3372 3149 ί,
3395 3085 3488 3140 sed
3523 3088 3663 3156 quod
3685 3090 3834 3148 nolo.

2237 3161 2535 3230 Postremo,
2563 3167 2962 3224 condelectatur
2987 3172 3006 3202 ⁸
3029 3171 3130 3241 legi
3162 3173 3254 3228 Dei
3282 3177 3574 3232 secundum
3603 3180 3834 3238 interio-

2237 3270 2350 3309 rem
2376 3255 2680 3311 hominem:
2711 3260 2853 3314 videt
2894 3271 3070 3316 antem
3095 3263 3249 3318 aliam
3281 3265 3450 3335 legem
3487 3269 3542 3324 in
3571 3273 3834 3329 membris

2237 3347 2369 3411 suis,
2398 3359 2783 3418 repugnantem
2825 3353 2924 3422 legi
2955 3354 3150 3409 mentis
3179 3372 3322 3421 suae;
3349 3374 3450 3427 qua
3497 3359 3612 3430 lege
3643 3361 3832 3433 utique

2236 3441 2590 3510 compellitur,
2617 3459 2722 3498 non
2749 3445 2888 3513 quod
2917 3447 3045 3510 vult,
3080 3447 3254 3503 facere
3289 3449 3512 3517 bonum,
3543 3453 3637 3508 sed
3678 3456 3834 3525 quod

2237 3547 2344 3585 non
2369 3533 2484 3588 vult
2519 3533 2742 3599 malum,
2775 3535 2878 3592 hoc
2921 3553 3099 3607 agere.
3143 3538 3368 3610 Propter
3389 3542 3490 3597 hoc
3515 3545 3782 3601 exclamat
3815 3565 3830 3604 :

2237 3623 2396 3678 Miser
2421 3641 2511 3694 ego
2540 3625 2710 3691 homo,
2757 3629 2868 3697 quis
2918 3645 2997 3684 me
3043 3629 3275 3686 liberabit
3315 3634 3378 3687 de
3401 3650 3615 3707 corpore
3643 3643 3834 3694 mortis

2235 3717 2388 3786 hujus
2412 3716 2586 3786 (Rom.
2629 3734 2722 3784 vn,
2765 3719 2992 3792 15-25)?
3022 3722 3088 3776 Et
3133 3732 3188 3777 tu
3233 3733 3422 3780 contra
3464 3727 3828 3784 clarissimam

2235 3808 2507 3862 veritatem
2539 3809 2722 3863 oculos
2751 3810 2954 3866 claudis
2973 3853 2988 3875 ,
3031 3814 3396 3886 gemitumque
3423 3817 3540 3888 ejus
3568 3821 3823 3889 exponis,

2233 3914 2339 3954 non
2383 3909 2440 3954 ut
2465 3902 2712 3956 omnibus
2750 3913 2929 3972 patet,
2961 3905 3058 3960 sed
3103 3916 3164 3960 ut
3220 3907 3311 3962 tibi
3365 3910 3556 3980 placet,
3612 3912 3826 3981 dicens,

2239 4009 2258 4043 ι
2297 3990 2422 4059 Quis
2450 4008 2529 4046 me
2552 3993 2780 4047 liberabit
2819 3995 2883 4048 de
2911 4012 3119 4066 corpore
3146 4001 3323 4054 mortis
3349 4002 3547 4072 hujus?
3571 4005 3672 4060 hoc
3699 4015 3784 4061 est
3807 4049 3824 4073 ,

2231 4083 2360 4150 Quis
2384 4099 2470 4138 me
2497 4084 2798 4140 liberabita
2839 4097 2990 4142 reatu
3023 4102 3363 4158 peccatorum
3407 4109 3654 4150 meorum
3695 4113 3824 4168 quae

2229 4173 2505 4228 commisi?
2533 4194 2552 4224 ι
2606 4174 2702 4230 llle
2745 4175 2872 4230 dicit
2908 4177 2948 4242 ³,
2983 4178 3132 4246 Quod
3159 4183 3276 4236 nolo
3305 4184 3515 4248 malum,
3549 4187 3645 4240 hoc
3669 4205 3766 4258 ago
3803 4205 3826 4244 :

2229 4276 2283 4321 et
2317 4275 2371 4321 tu
2401 4267 2534 4322 dicis
2557 4307 2572 4332 ,
2624 4286 2643 4320 ι
2681 4285 2801 4336 quae
2827 4273 3088 4326 commisi.
3122 4292 3141 4324 ι
3174 4273 3354 4344 Usque
3382 4278 3588 4334 adeone
3615 4281 3820 4350 despe-

2227 4373 2316 4414 ras
2345 4359 2412 4414 de
2453 4359 2759 4416 hominibus
2789 4360 2920 4432 ltqui
2959 4363 3075 4420 Ι]ωο
3123 4366 3324 4436 legunt,
3383 4379 3442 4422 ut
3488 4385 3593 4424 non
3639 4373 3820 4444 ipsum

2227 4453 2416 4508 malint
2445 4453 2628 4509 audire
2651 4469 2812 4524 quam
2840 4465 2916 4523 te,
2957 4467 3012 4512 et
3035 4459 3136 4528 ipsi
3165 4463 3342 4530 potius
3367 4478 3524 4533 quam
3553 4465 3650 4520 tibi
3691 4483 3820 4523 ere-

2226 4545 2392 4604 derc?
2427 4548 2554 4604 Sine
2603 4549 2873 4605 hominem
2921 4554 3144 4622 gratiam
3195 4556 3311 4622 Dei,
3347 4575 3450 4613 non
3483 4560 3660 4616 solum
3691 4565 3822 4632 quia

2225 4645 2482 4714 peccavit,
2515 4656 2570 4699 ut
2609 4646 2932 4714 absolvatur,
2981 4665 3164 4704 verum
3213 4653 3371 4706 etiam
3421 4669 3488 4708 ne
3517 4667 3722 4724 peccet,
3755 4667 3820 4714 ut

2225 4737 2538 4805 adjuvetur,
2585 4755 2875 4807 exposcere
2909 4759 2921 4792 :
2953 4743 3096 4811 quod
3143 4743 3244 4798 isto
3299 4745 3416 4800 loco
3461 4747 3653 4816 agitur.
3709 4749 3816 4816 Qui

2226 4828 2366 4882 enim
2393 4830 2540 4894 dicit,
2574 4831 2721 4896 Quod
2750 4833 2866 4886 nolo
2896 4835 3086 4887 malum
3111 4877 3125 4902 ,
3157 4835 3251 4888 hoc
3275 4853 3392 4908 ago,
3424 4853 3530 4894 non
3555 4849 3639 4894 est
3657 4840 3810 4898 locus

2224 4927 2282 4973 ut
2309 4920 2482 4987 dicat,
2515 4921 2726 4976 Dimitte
2747 4925 2890 4978 nobis
2916 4925 3084 4980 debita
3107 4939 3319 4996 nostra;
3345 4931 3461 4998 sed,
3491 4931 3576 4987 Ne
3613 4950 3706 4988 nos
3737 4937 3817 4990 in-

2224 5016 2360 5083 feras
2383 5014 2435 5068 in
2465 5015 2784 5069 tentationem
2813 5015 3022 5088 (Matth.
3049 5035 3119 5082 v1,
3147 5019 3232 5087 i2,
3257 5031 3302 5074 et
3319 5022 3429 5094 15).
3463 5023 3817 5096 (Inusquisque

2223 5113 2388 5158 autem
2414 5115 2654 5172 tentatur,
2683 5107 2822 5164 sicut
2845 5109 2922 5163 ait
2967 5112 3241 5180 apostolus
3263 5112 3517 5182 Jacobus,
3555 5131 3590 5170 α
3615 5135 3813 5171 concu-

2224 5197 2468 5267 piscentia
2490 5213 2585 5252 sua
2621 5208 2866 5255 attractus
2914 5211 2960 5256 et
3001 5201 3198 5258 illectus
3241 5203 3445 5276 (Jacobi
3465 5223 3512 5274 ι,
3555 5209 3668 5282 id).
3697 5210 3808 5266 Hoc

2222 5293 2418 5348 malum
2448 5301 2530 5348 est
2561 5293 2630 5349 de
2657 5311 2764 5365 quo
2792 5296 2903 5363 ait,
2935 5296 3056 5352 Scio
3101 5299 3220 5368 quia
3258 5317 3358 5354 non
3390 5301 3582 5356 habitat
3609 5305 3666 5358 in
3703 5321 3802 5370 me,

2223 5385 2318 5440 hoc
2337 5395 2410 5441 est
2429 5387 2482 5440 in
2501 5401 2653 5443 canae
2675 5403 2808 5453 mea,
2838 5390 3045 5444 bonum.
3075 5390 3187 5446 Hoc
3213 5392 3412 5448 malum
3433 5395 3594 5450 estin
3621 5410 3808 5467 corpo-

2285 5576 2304 5608 ι
2327 5575 2466 5634 Fditi,
2485 5583 2530 5648 et
2552 5575 2640 5648 hoc
2661 5589 2756 5628 non
2772 5577 2914 5641 volo;
2943 5583 3288 5644 praetermisso,
3315 5585 3464 5648 quod,
3489 5589 3682 5640 tametsi
3699 5599 3806 5643 erat

2220 5638 2272 5688 in
2295 5639 2649 5701 manuscriptis.

2283 5703 2304 5767 ξ
2339 5701 2472 5767 mliti,
2523 5714 2610 5750 cur
2656 5701 2952 5767 delectatur.
2991 5713 3046 5755 At
3086 5713 3190 5758 Mss.
3213 5741 3227 5767 ,
3273 5710 3643 5762 condelectatur.

2287 5764 2308 5795 ³
2329 5763 2466 5827 Editi,
2490 5776 2599 5825 qua
2633 5765 2863 5817 commisit
2899 5765 2981 5818 ille
3017 5767 3183 5821 dicens
3211 5763 3229 5820 ἓ
3254 5773 3490 5826 mendose
3528 5787 3585 5826 ac
3607 5775 3800 5827 dissen-

2223 5825 2460 5878 tientibus
2481 5829 2828 5889 manuscriptis.

2285 5891 2307 5922 δ
2328 5889 2402 5941 sic
2554 5889 2674 5942 Editi
2691 5903 2825 5951 vero.
2851 5891 2916 5944 de
2935 5893 3168 5948 muribus;
