4102 6492
310 383 454 445 1089

309 515 371 560 re
393 496 587 554 mortis
615 495 795 566 hujus.
847 493 964 552 Hoc
991 492 1190 549 malum
1240 505 1349 547 non
1395 488 1497 546 fuit
1538 491 1592 544 in
1644 487 1895 561 paradiso

309 600 435 646 ante
456 598 766 660 peccatum;
812 587 935 657 quia
974 584 1210 640 nondum
1254 593 1370 639 erat
1399 581 1516 636 haec
1547 595 1672 636 caro
1701 593 1898 649 corpus

315 683 503 740 mortis
554 680 755 751 hujus:
784 680 871 735 cui
913 678 1119 734 dicetur
1149 678 1201 731 in
1229 676 1335 732 ﬁne
1365 676 1408 743 ί,
1456 673 1554 729 Ubi
1595 682 1685 751 est,
1740 688 1898 737 mors,

315 774 564 832 contentio
590 783 677 826 tua
697 772 725 827 Ρ
753 770 845 827 sed
873 781 997 825 tunc
1021 770 1244 833 dicetur,
1278 784 1397 824 cum
1429 748 1774 834 corruptibile
1798 764 1904 823 hoc

317 866 546 925 induerit
571 865 1049 934 incorruptionem,
1084 873 1135 918 et
1161 864 1386 917 mortale
1418 863 1517 914 hoc
1542 858 1777 914 induerit
1804 857 1907 912 im-

322 959 691 1015 nortalitatem
723 955 768 1027 (I
793 956 910 1011 Cor.
944 973 1034 1024 xv,
1075 956 1263 1025 55-55)
1297 973 1308 1008 :
1344 968 1483 1008 nunc
1509 963 1686 1006 autem
1712 966 1905 1021 corpus

320 1062 398 1110 est
424 1053 642 1116 mortis;
689 1049 812 1121 quia
861 1049 1001 1105 idem
1030 1050 1144 1119 ipse
1190 1048 1325 1103 dixit
1366 1046 1676 1117 apostolus,
1711 1044 1907 1115 Corpus

332 1153 573 1199 nortuum
609 1151 682 1196 est
712 1149 915 1212 propter
954 1150 1213 1212 peceatum
1259 1137 1432 1210 (Rom.
1465 1154 1591 1203 vm,
1622 1136 1734 1209 10).
1768 1135 1906 1191 Audi

318 1238 612 1296 catholicos
631 1235 990 1291 intellectores
1011 1232 1250 1303 Apostoli
1275 1248 1290 1298 ;
1313 1231 1496 1302 accipe
1510 1246 1695 1287 eorum
1721 1230 1905 1297 verba,

322 1348 431 1388 non
463 1347 598 1395 mea,
627 1344 746 1384 cum
769 1327 963 1399 quibus
985 1326 1192 1396 accipio
1220 1324 1458 1379 convicia
1486 1332 1575 1377 tua
1610 1340 1622 1375 :
1655 1321 1776 1377 audi
1800 1336 1907 1376 non

320 1424 609 1495 Pelagium,
643 1421 737 1478 sed
769 1418 1129 1475 Ambrosium.
1160 1435 1179 1468 ι
1210 1417 1382 1471 Etiam
1411 1415 1559 1470 Pauli
1590 1428 1735 1478 caro,
1774 1433 1793 1466 ι
1822 1414 1908 1466 in-

317 1519 452 1588 quit,
489 1536 507 1570 ι
530 1531 724 1587 corpus
753 1515 939 1569 mortis
965 1520 1098 1574 erat,
1113 1510 1248 1565 sicut
1274 1510 1387 1579 ipse
1412 1508 1506 1573 ait,
1541 1506 1667 1570 Quis
1688 1523 1765 1560 me
1789 1505 1910 1559 libe-

316 1609 448 1666 rabit
473 1609 537 1664 de
566 1623 778 1677 corpore
808 1605 981 1660 mortis
1020 1604 1172 1674 hujus
1198 1621 1217 1655 ι
1268 1600 1368 1671 (De
1392 1598 1711 1662 Paenitentia,
1738 1597 1823 1651 lib.
1856 1597 1908 1662 1,

315 1719 436 1776 cap.
466 1701 504 1756 Ξ
524 1701 601 1756 νει
621 1699 721 1770 3)?
755 1716 775 1750 ι
804 1696 941 1752 Audi
969 1710 1074 1750 non
1095 1692 1426 1759 C(elestium,
1449 1690 1544 1745 sed
1561 1688 1908 1759 Gregorium:

324 1815 345 1849 ι
379 1795 523 1850 Intra
571 1792 951 1861 nosmetipsos,
984 1807 1003 1842 ι
1056 1788 1268 1859 inquit,
1326 1804 1345 1838 ι
1382 1783 1614 1855 propriis
1664 1783 1808 1837 vitiis
1847 1796 1912 1837 ac

316 1885 664 1961 passionibus
686 1885 1080 1954 impugnamur,
1105 1887 1159 1935 et
1186 1877 1274 1933 die
1302 1885 1569 1946 noctuque
1605 1873 1784 1945 ignitis
1809 1872 1909 1927 sti-

319 1979 480 2034 mulis
522 1975 763 2047 corporis
804 1972 1113 2028 humilitatis
1144 1969 1302 2039 hujus
1335 1977 1391 2024 et
1440 1966 1683 2037 corporis
1720 1964 1912 2019 mortis

321 2084 604 2141 urgemur,
645 2081 788 2122 nunc
818 2065 1066 2127 latenter,
1099 2077 1243 2117 nunc
1269 2061 1430 2116 etiam
1476 2060 1647 2130 palam
1671 2099 1685 2123 ,
1720 2070 1912 2128 provo-

318 2164 568 2220 cantibus
587 2162 783 2233 ubique
809 2170 863 2215 et
892 2157 1226 2214 irritantibus
1265 2170 1445 2211 rerum
1478 2152 1768 2209 visibilium
1796 2152 1887 2208 ille

316 2255 519 2320 cehris,
548 2255 662 2309 luto
697 2251 802 2307 hoc
828 2250 995 2318 fwcis,
1018 2249 1104 2306 cui
1134 2247 1467 2312 inhaesimus,
1496 2246 1637 2302 comi
1668 2260 1749 2300 Sili
1770 2242 1911 2298 feto-

315 2363 433 2404 rem
455 2347 605 2402 venis
621 2344 990 2415 capacioribus
1007 2341 1327 2407 exhalante;
1352 2338 1447 2395 sed
1468 2348 1524 2394 et
1543 2339 1660 2409 lege
1686 2336 1908 2408 peccati,

317 2446 440 2511 Quae
461 2449 544 2494 est
564 2439 619 2494 in
641 2434 896 2493 membris
922 2434 1143 2503 nostris,
1165 2432 1272 2506 legi
1300 2433 1518 2503 spiritus
1544 2437 1906 2501 repugnantes

320 2532 618 2609 (Gregorius
658 2529 936 2595 Nasianz.,
973 2528 1190 2600 Apolog.
1220 2528 1243 2581 l
1271 2526 1332 2580 de
1370 2524 1522 2596 Fuga
1547 2524 1679 2597 sua).
1738 2522 1831 2577 His
1859 2530 1916 2578 tu

320 2625 612 2684 luminibus
633 2624 865 2681 celestis
893 2621 1124 2677 civitatis
1153 2620 1446 2685 oblatrans,
1483 2635 1502 2672 ι
1536 2616 1745 2686 Corpus
1766 2630 1912 2670 mor-

321 2721 429 2786 tis,
469 2739 491 2774 ι
524 2719 719 2790 inquis,
746 2735 765 2770 ι
802 2723 1019 2786 peccata
1061 2713 1197 2769 dixit
1241 2727 1394 2779 esse,
1447 2726 1553 2765 non
1585 2724 1801 2764 carnem
1836 2726 1849 2762 :
1889 2727 1911 2761 s

317 2828 525 2885 negans
548 2810 860 2882 Apostolum
890 2808 992 2862 hoc
1011 2806 1079 2861 ad
1117 2805 1493 2860 mortalitatem
1523 2803 1691 2857 nostri
1716 2815 1914 2871 corpo-

320 2906 400 2962 ris
426 2903 707 2969 retulisse;
735 2920 757 2954 ι
791 2915 949 2972 quam
980 2912 1126 2964 caro,
1164 2914 1183 2947 ι
1216 2895 1426 2965 inquis,
1460 2912 1478 2946 ι
1512 2892 1818 2947 animalium
1850 2890 1918 2945 de

321 3008 528 3054 naturae
552 2995 884 3052 institutione
910 2990 1163 3061 suscepit.
1206 3008 1225 3041 ι
1260 2988 1373 3043 lloc
1403 2986 1543 3042 enim
1573 2985 1742 3055 sapis,
1772 2982 1916 3054 quod

321 3089 569 3161 Pelagius
598 3089 650 3143 in
675 3086 879 3159 judicio
920 3083 1205 3139 Palmstino
1245 3080 1367 3135 ﬁcto
1396 3077 1560 3134 corde
1606 3075 1915 3143 damnavit,

319 3182 491 3238 Adam
518 3180 723 3237 scilicet
748 3177 1029 3232 mortalem
1066 3173 1284 3238 factum,
1312 3172 1383 3226 ita
1413 3178 1467 3224 ut
1497 3170 1610 3224 sive
1639 3173 1912 3238 peccaret,

320 3274 436 3331 sive
461 3288 564 3329 non
585 3277 855 3343 peccaret,
897 3267 1187 3322 moriturus
1217 3272 1360 3320 esset
1399 3262 1496 3334 (a).
1548 3263 1628 3316 Ac
1661 3261 1739 3315 sic
1783 3259 1919 3315 resi-

322 3374 473 3422 stens
498 3364 583 3420 his
608 3363 739 3419 viris
762 3404 778 3427 ,
810 3368 863 3417 et
885 3358 1003 3415 aliis
1032 3373 1218 3413 eormn
1268 3355 1432 3410 sociis
1477 3352 1602 3408 ﬁdei
1642 3367 1808 3420 sanae,
1840 3358 1920 3406 tot

327 3457 598 3526 tantisque
638 3452 949 3509 doctoribus
972 3490 988 3517 ,
1043 3448 1251 3520 cogeris
1306 3445 1529 3516 implere
1572 3444 1878 3516 paradisum
1900 3484 1916 3510 ,

328 3550 540 3607 etiamsi
571 3558 727 3604 neruo
748 3552 1040 3619 peccasset,
1070 3543 1258 3598 dolore
1289 3538 1724 3611 parturientium,
1767 3536 1920 3592 labo-

327 3659 391 3700 re
430 3641 793 3705 nascentium,
854 3637 1139 3710 gemitibus
1189 3633 1586 3705 languentium,
1647 3629 1923 3686 funeribus

326 3736 691 3801 morientium,
720 3747 950 3790 mmrore
974 3729 1290 3800 lugentium.
1322 3725 1461 3794 Quid
1493 3725 1652 3796 igitur
1683 3724 1879 3778 mirum
1904 3764 1920 3788 ,

324 3829 374 3884 si
398 3836 455 3884 et
477 3826 545 3883 de
574 3827 676 3882 isto
704 3822 972 3896 paradiso,
996 3819 1140 3893 quod
1176 3826 1260 3874 est
1286 3817 1547 3882 Ecclesia,
1581 3814 1727 3869 foras
1763 3813 1920 3878 istis;

323 3921 415 3992 qui
440 3919 745 3991 paradisum
778 3918 950 3983 illum,
983 3915 1052 3970 de
1079 3927 1187 3984 quo
1210 3911 1353 3967 foras
1383 3910 1600 3973 ierunt,
1622 3908 1713 3980 qui
1745 3922 1845 3962 nos
1869 3906 1924 3961 in

324 4014 457 4071 istas
484 4014 727 4069 miserias
750 4009 1024 4083 peccando
1053 4008 1333 4073 miserunt,
1368 4004 1526 4060 talem
1562 4002 1759 4069 facitis,
1788 4017 1924 4072 qua-

325 4107 431 4163 lem
463 4122 569 4161 non
621 4105 743 4161 dico
784 4102 1213 4158 Christianorum
1248 4098 1442 4164 nullus,
1473 4095 1570 4152 sed
1617 4111 1716 4152 nec
1744 4094 1922 4149 homi-

329 4216 457 4256 num
483 4199 761 4269 quisquam
792 4194 1051 4266 suspicari
1079 4192 1302 4258 audet’,
1333 4191 1376 4244 si
1397 4204 1502 4244 non
1532 4189 1595 4243 sit
1626 4187 1885 4242 insanus?

405 4288 634 4346 LXVIII.
676 4288 793 4345 ιω..
830 4288 887 4343 In
919 4286 1092 4357 primo
1119 4284 1261 4340 enim
1289 4297 1454 4351 opere
1480 4282 1635 4336 latius
1660 4280 1928 4350 disputata

334 4396 484 4441 sunt.
512 4381 764 4450 Quamvis
783 4396 881 4436 nec
905 4389 959 4435 tu
983 4375 1216 4434 dilucide
1236 4375 1502 4446 loquaris,
1523 4389 1681 4445 quam
1698 4380 1929 4428 mortem

335 4477 562 4547 intelligi
605 4474 774 4541 velis,
820 4473 968 4544 cujus
1009 4484 1206 4542 corpus
1250 4467 1385 4523 dicis
1432 4467 1485 4521 in
1535 4465 1778 4536 paradiso
1822 4479 1930 4519 non

334 4567 509 4624 fuisse
532 4576 658 4624 ante
683 4573 955 4636 peccatum
984 4581 998 4617 :
1025 4564 1145 4634 quia
1176 4561 1229 4616 in
1257 4559 1406 4615 libris
1425 4598 1438 4623 ,
1468 4573 1601 4629 quos
1625 4556 1691 4611 ad
1713 4556 1935 4610 Marcel-

332 4659 430 4715 lini
481 4673 677 4714 nomen
722 4655 968 4723 edidisti,
1010 4654 1288 4709 mortalem
1331 4649 1501 4707 Adam
1540 4648 1732 4705 factum
1767 4646 1933 4705 fuisse

331 4750 612 4822 professus
636 4765 697 4806 es
723 4747 824 4822 (De
850 4746 1179 4803 Peccatorum
1206 4743 1421 4808 Meritis,
1455 4740 1542 4795 lib.
1576 4742 1627 4808 l,
1648 4758 1798 4813 capp.
1827 4740 1861 4796 ’5
1886 4748 1933 4795 et

329 4845 410 4916 4).
440 4843 598 4913 Quod
619 4858 746 4899 vero
765 4841 1010 4913 adjungis
1028 4838 1272 4895 morbum
1293 4851 1411 4892 esse
1432 4835 1706 4905 negotium
1728 4835 1932 4905 nuptia-

331 4953 453 4994 rum
472 4977 490 5004 ,
531 4936 725 4992 leniter
757 4933 929 4989 audiri
961 4932 1171 5002 potest’,
1203 4929 1248 4983 si
1279 4928 1381 4983 hoc
1406 4926 1580 4982 solum
1607 4926 1674 4981 de
1705 4916 1807 4980 tuis
1836 4940 1931 4996 pa-

337 5031 578 5089 rentibus
603 5031 769 5087 dicas.
796 5028 1057 5084 Conscius
1084 5024 1226 5081 enim
1257 5021 1395 5077 forte
1423 5036 1542 5076 esse
1572 5029 1721 5090 potes
1748 5019 1933 5076 matris

340 5133 448 5180 tua:
471 5123 643 5179 morbi
667 5121 892 5192 alicujus
910 5117 1105 5175 occulti
1130 5159 1145 5181 ,
1176 5130 1336 5187 quam
1362 5114 1413 5168 in
1447 5112 1593 5167 libris
1621 5110 1931 5166 Confessio-

339 5217 464 5285 nis,
503 5224 561 5270 ut
600 5216 716 5287 ipso
752 5214 916 5271 verbo
961 5220 1116 5277 utar,
1154 5205 1522 5265 meribibulam
1549 5213 1788 5260 vocatam
1812 5217 1935 5260 esse

339 5306 562 5378 signasti
606 5304 1011 5377 (Confessionum
1048 5301 1176 5357 libro
1215 5299 1283 5365 9,
1319 5314 1435 5369 cap.
1481 5294 1559 5369 8).
1589 5296 1848 5351 Caeterum
1876 5295 1933 5351 in

338 5409 648 5457 sanctorum
673 5398 938 5455 connubio
957 5438 972 5461 ,
1000 5406 1054 5451 et
1084 5396 1135 5449 in
1162 5393 1398 5450 omnium
1419 5390 1785 5453 honestorum,
1811 5390 1930 5444 nul-

335 5492 427 5549 lus
454 5491 672 5548 omnino
699 5490 918 5546 morbus
946 5495 1049 5545 est.
1080 5485 1216 5555 Quia
1246 5498 1345 5539 nec
1374 5482 1662 5553 Apostolus
1686 5481 1932 5537 morbum

334 5599 436 5657 pro
472 5582 709 5641 remedio
736 5581 1039 5649 concessit,
1069 5593 1190 5635 cum
1219 5590 1317 5648 per
1339 5575 1692 5631 reverentiam
1719 5574 1931 5645 nuptia-

402 5781 421 5814 ι
446 5781 520 5831 sic
535 5785 642 5832 uss.
664 5777 806 5840 Editi,
827 5775 882 5828 in

400 5842 515 5900 #sic
536 5848 644 5894 ωδε.
670 5837 808 5900 Editi,
839 5837 1060 5890 auderet.

399 5890 896 5969 minimae
916 5893 1291 5958 Gestispehgii,
1310 5904 1400 5956 cap
1443 5891 1498 5945 il
1527 5897 1577 5943 et
1597 5890 1660 5939 as

1684 373 1889 430 LIBER
1925 371 2199 432 PRIMUS.

2014 503 2131 542 rum
2149 501 2182 543 a
2208 487 2396 543 morbo
2420 488 2816 564 fornicationis,
2842 493 3099 554 Ecclesia
3124 494 3371 555 homines
3388 502 3600 558 munie-

2013 579 2101 633 bat
2145 597 2161 634 :
2203 581 2292 649 qui
2317 598 2508 640 sensus
2530 586 2797 657 quomodo
2821 597 2876 644 et
2898 587 3129 646 frontem
3159 600 3304 649 tuam
3328 604 3384 650 et
3408 593 3601 666 dogma

2011 670 2224 742 penitus
2268 676 2492 730 eraserit
2514 718 2530 741 ,
2578 677 2733 746 primi
2768 679 3055 737 voluminis
3095 684 3201 738 mei
3231 699 3396 755 prope
3420 685 3603 741 ultima

2015 772 2165 832 parte
2192 774 2516 820 monstratur
2547 783 2561 821 :
2591 768 2734 838 quod
2756 779 2810 825 et
2838 771 2893 826 in
2915 780 3026 828 toto
3050 774 3217 844 ipsius
3239 778 3605 847 responsionis

2013 869 2275 925 corpore,
2322 866 2481 927 prout
2522 858 2761 917 locorum
2801 866 3170 935 opportunitas
3195 867 3404 935 attulit,
3432 870 3605 940 expli-

2013 956 2191 1003 catum
2211 957 2311 1003 est.

2085 1038 2219 1096 Anc.
2266 1038 2534 1111 Nusquam
2593 1044 2672 1099 sic
2720 1046 2962 1115 apparuit
3007 1046 3159 1103 dolus
3201 1058 3359 1117 tuus,
3412 1060 3465 1109 et
3508 1066 3605 1123 per

2014 1130 2289 1187 scientiam
2317 1132 2563 1189 damnata
2592 1138 2936 1194 conscientia.
2967 1141 3084 1196 Scis
3106 1144 3246 1197 enim
3265 1184 3282 1211 ,
3306 1145 3413 1201 scis
3432 1147 3606 1202 omni-

2016 1236 2086 1276 no
2117 1239 2131 1276 :
2165 1231 2269 1278 tam
2292 1223 2491 1294 quippe
2515 1236 2755 1295 apertum
2781 1238 2900 1298 est,
2931 1241 2987 1285 ut
3014 1232 3104 1302 qui
3131 1233 3293 1291 libros
3313 1237 3434 1292 illos
3456 1237 3603 1308 legit,

2022 1313 2123 1369 hoc
2148 1317 2357 1371 nescire
2377 1331 2483 1371 non
2509 1321 2680 1387 possit
2710 1336 2724 1373 :
2756 1321 2860 1377 scis
2884 1362 2900 1389 ,
2928 1323 3142 1395 inquam
3167 1367 3183 1391 ,
3214 1326 3265 1380 in
3294 1327 3446 1383 libris
3473 1343 3607 1399 quos

2015 1408 2082 1462 ad
2127 1409 2491 1466 Marcellinum
2532 1412 2672 1467 edidi
2696 1453 2712 1479 ,
2740 1430 2827 1470 me
2854 1416 3199 1474 vehementer
3221 1421 3394 1489 egisse
3422 1430 3606 1476 contra

2016 1501 2355 1570 incipientem
2402 1519 2624 1575 surgere
2663 1509 2772 1574 jam
2813 1515 2937 1563 tunc
2962 1509 3207 1565 haeresim
3238 1521 3467 1566 vestram
3493 1553 3508 1580 ,
3541 1528 3609 1569 ne

2016 1593 2332 1649 crederetur
2366 1595 2534 1651 Adam
2554 1638 2569 1662 ,
2598 1598 2807 1654 etiamsi
2836 1616 2941 1656 non
2970 1612 3277 1671 peccasset,
3305 1603 3471 1661 fuisse
3496 1620 3611 1661 mo-

2016 1685 2235 1742 riturus.
2266 1687 2373 1742 Sed
2397 1690 2646 1759 quoniam
2676 1692 2693 1722 ³
2720 1694 3001 1749 mortalem
3027 1694 3283 1751 hactenus
3308 1696 3458 1764 dixi,
3485 1698 3608 1769 quia

2018 1787 2226 1848 poterat
2255 1781 2389 1836 mori
2414 1797 2429 1847 ;
2460 1790 2669 1852 poterat
2689 1799 2920 1856 namque
2943 1802 3164 1857 peccare
3196 1807 3211 1844 :
3240 1798 3295 1848 tu
3321 1790 3400 1846 eis
3425 1792 3515 1862 qui
3540 1791 3610 1846 li-

2018 1871 2144 1928 bros
2188 1874 2308 1930 illos
2350 1892 2456 1930 non
2500 1877 2778 1947 legerunt,
2820 1896 2919 1936 nec
2959 1882 3184 1939 fortasse
3227 1885 3414 1941 lecturi
3444 1894 3608 1956 sunt,

2017 1963 2139 2021 fuco
2163 1967 2439 2035 insidioso,
2466 1971 2510 2026 si
2535 1970 2649 2027 hzec
2670 1981 2755 2027 tua
2778 1974 3033 2045 legerent,
3056 1975 3332 2049 swripere
3352 1980 3566 2035 voluisti
3591 1995 3607 2046 ;

2018 2059 2171 2127 quasi
2211 2074 2310 2129 ego
2355 2060 2425 2114 ita
2470 2061 2693 2118 dixerim
2714 2105 2729 2129 ,
2778 2065 2946 2121 Adam
2977 2070 3255 2125 mortalem
3288 2069 3518 2137 factum,
3551 2080 3611 2128 ut

2018 2150 2137 2205 sive
2175 2162 2450 2220 peccaret,
2491 2154 2605 2209 sive
2641 2171 2749 2210 non
2788 2169 3069 2228 peccaret,
3114 2163 3402 2217 moriturus
3441 2173 3605 2220 esset.

2019 2240 2132 2297 Hoc
2168 2244 2309 2298 enim
2353 2245 2625 2301 vobiscum
2652 2249 2827 2318 agitur
2850 2252 2871 2282 ³
2896 2293 2911 2317 ,
2943 2250 3068 2307 hinc
3089 2261 3195 2307 tota
3223 2253 3290 2309 de
3315 2255 3415 2311 hac
3438 2271 3498 2310 re
3524 2256 3607 2310 in-

2023 2343 2104 2391 ter
2143 2351 2241 2392 nos
2276 2346 2329 2393 et
2360 2353 2457 2394 vos
2490 2341 2715 2396 vertitur
2753 2345 3010 2413 quaestio,
3048 2345 3189 2415 quod
3224 2361 3322 2401 nos
3348 2347 3607 2415 dicimus,

2020 2427 2190 2482 Adam
2234 2429 2279 2482 si
2316 2444 2423 2485 non
2464 2442 2766 2500 peccasset,
2800 2449 2898 2490 nec
2927 2438 3167 2505 corporis
3195 2446 3419 2494 mortem
3447 2438 3613 2497 fuisse

2023 2532 2300 2587 passurum
2326 2537 2340 2586 ;
2368 2536 2464 2577 vos
2490 2532 2668 2579 autem
2688 2565 2703 2591 ,
2731 2525 2849 2580 sive
2877 2536 3181 2597 peccasset,
3212 2529 3327 2585 sive
3354 2546 3457 2586 non
3486 2546 3613 2601 pec-

2022 2619 2199 2666 casset
2219 2652 2237 2679 ,
2264 2626 2492 2682 corpore
2510 2613 2675 2671 fuisse
2697 2618 3036 2673 moriturum.
3059 2620 3197 2688 Quid
3218 2630 3303 2676 est
3321 2637 3449 2694 ergo
3466 2624 3609 2694 quod

2022 2699 2271 2772 ignorare
2297 2711 2347 2758 te
2378 2704 2560 2775 lingis,
2583 2722 2741 2777 quam
2763 2719 2991 2765 mortem
3012 2711 3234 2783 intelligi
3256 2714 3434 2782 velim,
3460 2715 3613 2785 cujus

2022 2805 2217 2862 corpus
2260 2793 2382 2850 dico
2422 2796 2474 2850 in
2522 2798 2769 2866 paradiso
2814 2816 2921 2857 non
2956 2801 3121 2859 fuisse
3145 2812 3269 2860 ante
3298 2815 3611 2876 peccatum;

2022 2898 2145 2939 cum
2171 2886 2308 2942 scias
2326 2929 2342 2955 ,
2372 2888 2424 2942 in
2453 2888 2601 2945 libris
2628 2889 2732 2946 illis
2752 2892 2879 2962 quid
2900 2894 3122 2964 egerim,
3144 2904 3409 2967 quamque
3429 2909 3615 2967 aperte

2022 2975 2358 3048 dilucideque
2381 2980 2579 3050 egerim
2601 3022 2617 3047 ,
2648 2997 2753 3037 non
2775 2982 2940 3041 fuisse
2964 2985 3128 3043 Deum
3155 2988 3424 3057 puniendo
3442 2990 3615 3047 dictu-

2022 3085 2141 3125 rum
2186 3074 2488 3142 peccatori,
2534 3073 2690 3130 Terra
2728 3093 2814 3144 es,
2856 3079 2980 3133 etin
3005 3088 3190 3135 terram
3217 3082 3310 3139 ibis
3342 3082 3494 3155 (Gen.
3522 3101 3610 3153 Ill,

2024 3161 2118 3232 I9)
2139 3203 2154 3228 ,
2183 3161 2363 3233 (quod
2387 3164 2456 3219 de
2478 3175 2653 3222 morte
2677 3170 2917 3239 corporis
2942 3170 3142 3227 dictum
3172 3174 3292 3243 quis
3321 3189 3428 3231 non
3458 3177 3617 3233 intel-

2025 3251 2225 3325 ligit?)
2259 3253 2306 3309 si
2345 3254 2512 3310 Adam
2538 3257 2697 3312 etiam
2727 3259 2872 3316 nulla
2896 3261 3174 3333 iniquitate
3197 3268 3483 3323 commissa
3509 3269 3614 3324 itu-

2024 3359 2121 3400 rus
2157 3355 2299 3401 esset
2338 3346 2390 3401 in
2435 3355 2664 3414 terram,
2702 3350 2755 3405 id
2782 3361 2902 3418 est,
2933 3353 3015 3409 vel
3040 3369 3266 3427 corpore
3287 3360 3618 3416 moriturus?

2025 3435 2181 3503 Quod
2200 3445 2378 3493 autem
2403 3439 2565 3495 etiam
2593 3451 2817 3499 matrem
2841 3460 3014 3501 meam
3033 3486 3049 3512 ,
3075 3463 3195 3517 quae
3217 3458 3269 3505 te
3289 3449 3421 3505 nihil
3444 3450 3580 3506 lassit
3597 3493 3613 3519 ,

2026 3543 2129 3585 nec
2167 3539 2353 3585 contra
2394 3540 2445 3587 te
2481 3533 2679 3604 aliquid
2713 3535 3038 3606 disputavit,
3078 3540 3320 3596 convicio
3367 3541 3615 3598 laceran-

2028 3618 2151 3674 dam
2188 3621 2384 3690 putasti
2410 3662 2426 3687 ,
2471 3624 2640 3679 victus
2675 3640 2734 3680 es
2760 3626 3113 3684 maledicendi
3143 3629 3389 3699 libidine,
3420 3647 3525 3689 non
3551 3634 3618 3689 ti-

2029 3726 2184 3768 mens
2216 3713 2361 3783 quod
2389 3715 2642 3784 scriptum
2674 3724 2757 3771 est
2774 3758 2789 3783 ,
2818 3716 3001 3789 Neque
3027 3722 3259 3776 maledici
3283 3739 3493 3794 regnum
3520 3722 3621 3780 Dei

2031 3804 2353 3877 possidebunt
2382 3805 2425 3878 (ι
2449 3805 2566 3862 Cor.
2597 3823 2650 3863 vt
2669 3849 2686 3875 ,
2718 3808 2830 3880 I0).
2859 3810 2965 3866 Sed
2990 3812 3116 3882 quid
3143 3814 3336 3870 mirum
3365 3825 3446 3871 est
3474 3817 3616 3888 quod

2032 3903 2086 3952 te
2123 3897 2394 3952 inimicum
2433 3899 2594 3954 etiam
2635 3898 2751 3970 ejus
2792 3903 3030 3958 ostendis
3055 3946 3071 3972 ,
3111 3920 3231 3961 cum
3271 3906 3345 3963 sis
3372 3908 3619 3965 inimicus

2030 3991 2216 4061 gratiae
2250 3990 2380 4059 Dei,
2402 4006 2505 4062 qua
2533 4007 2651 4049 eam
2678 3993 2789 4049 dixi
2811 3995 2880 4050 ab
2908 3996 2997 4051 illo
3023 3999 3246 4068 puellari
3268 4000 3396 4056 vitio
3423 4001 3618 4059 libera-

2034 4090 2141 4139 tam
2161 4081 2187 4137 ?
2205 4082 2318 4154 Ego
2340 4097 2468 4138 vero
2490 4093 2737 4155 parentes
2757 4095 2876 4142 tuos
2897 4096 3146 4160 tanquam
3164 4092 3456 4150 catholicos
3474 4095 3619 4151 chri-

2033 4175 2236 4230 stianos
2261 4175 2601 4233 honorabiles
2629 4178 2798 4234 habeo
2820 4219 2837 4247 ,
2859 4180 3043 4251 eisque
3067 4185 3302 4253 gratulor
3326 4186 3469 4258 quod
3497 4196 3620 4244 ante

2033 4266 2270 4323 defuncti
2299 4278 2455 4335 sunt,
2485 4284 2646 4341 quam
2672 4269 2981 4328 haereticum
3015 4282 3066 4330 te
3090 4276 3350 4333 viderent.
3381 4278 3498 4335 Non
3523 4295 3621 4335 an-

2034 4365 2144 4415 tem
2189 4359 2417 4421 dicimus
2438 4403 2454 4427 ,
2496 4362 2740 4418 morbum
2782 4380 2902 4420 esse
2935 4368 3205 4438 negotium
3238 4371 3538 4441 nuptiarum
3562 4370 3583 4403 ³
3604 4412 3620 4439 ,

2035 4452 2178 4522 quod
2220 4462 2302 4509 est
2339 4453 2626 4509 liberorum
2670 4458 3123 4528 procreandorum
3163 4476 3322 4517 causa
3362 4477 3619 4518 concum-

2035 4544 2165 4601 bere
2187 4586 2202 4612 ,
2242 4561 2348 4601 non
2386 4547 2641 4604 sanandae
2668 4548 2953 4616 libidinis;
3001 4568 3157 4622 quam
3204 4563 3257 4608 tu
3286 4570 3448 4627 negas
3474 4576 3627 4615 mor-

2036 4637 2197 4704 bum,
2245 4652 2367 4692 cum
2418 4637 2634 4695 fatearis
2683 4639 2937 4696 adversus
2979 4657 3097 4698 eam
3144 4645 3415 4715 provisum
3462 4650 3626 4711 fuisse

2037 4730 2320 4801 conjugale
2360 4731 2673 4788 remedium.
2718 4732 2852 4789 Nam
2896 4735 3078 4807 utique
3103 4752 3172 4793 ne
3198 4736 3478 4797 fornicatio
3504 4760 3626 4815 per.

2037 4830 2278 4892 petretur
2300 4865 2316 4892 ,
2344 4823 2547 4879 libidini
2565 4866 2580 4891 ,
2610 4839 2769 4895 quam
2800 4826 2983 4881 laudas
3000 4867 3017 4894 ,
3045 4830 3447 4902 contradicitur,
3475 4836 3626 4892 obsi-

2038 4915 2225 4979 stitur,
2273 4923 2615 4987 repugnatur.
2659 4914 2727 4971 Ut
2754 4916 2798 4970 si
2826 4930 2979 4984 eum,
3009 4917 3101 4988 qui
3129 4922 3475 4989 procreandis
3500 4924 3628 4985 filiis

2037 5010 2360 5066 constitutus
2383 5016 2501 5075 est,
2534 5010 2920 5081 transgreditur
2947 5012 3168 5069 limitem
3193 5030 3210 5081 ;
3242 5017 3428 5073 saltem
3458 5020 3550 5091 qui
3576 5020 3627 5080 ei

2037 5105 2210 5173 cedit,
2249 5106 2302 5161 in
2351 5105 2577 5177 conjuge
2601 5106 2878 5163 venialiter
2897 5118 3083 5178 peccet
3110 5126 3123 5164 :
3148 5109 3461 5182 conjugibus
3481 5114 3626 5170 enim

2039 5195 2352 5268 loquebatur
2380 5197 2667 5268 Apostolus
2688 5239 2703 5264 ,
2732 5196 2823 5253 ubi
2848 5213 2969 5254 cum
2997 5200 3249 5267 dixisset,
3279 5201 3458 5258 Nolite
3478 5204 3626 5273 frau-

2038 5289 2161 5345 dare
2194 5289 2435 5356 invicem,
2477 5290 2576 5344 nisi
2612 5305 2675 5344 ea:
2712 5306 2959 5345 consensu
2997 5292 3067 5345 ad
3101 5301 3297 5363 tempus
3316 5333 3332 5360 ,
3362 5303 3418 5348 ut
3445 5296 3627 5353 vacetis

2037 5384 2255 5441 orationi
2278 5400 2300 5452 ς
2337 5392 2383 5439 et
2410 5384 2594 5440 iterum
2621 5384 2689 5455 ad
2718 5384 2887 5456 ipsum
2913 5392 3070 5441 estote
3089 5425 3107 5454 ,
3136 5401 3199 5442 ne
3221 5400 3309 5442 vos
3333 5394 3487 5442 tentet
3513 5385 3620 5444 Sa-

2100 5633 2119 5672 ί
2137 5644 2237 5701 nuc
2253 5646 2541 5688 revocamus
2554 5669 2570 5695 ,
2602 5634 2845 5701 quoniam,
2878 5645 2943 5701 ex_
2964 5635 3317 5696 manuscnptts.

2099 5701 2121 5733 ²
2141 5700 2302 5750 οοᾱθι
2322 5707 2450 5750 Maia:
2479 5694 2578 5750 Hoc
2600 5694 2728 5749 enim
2746 5694 2837 5747 ubi
2857 5695 3037 5760 agitur.
3208 5694 3222 5696 “

2099 5763 2121 5796 ι
2162 5760 2369 5796 ποιωνδὶ
2412 5761 2561 5796 Milia
2588 5774 2599 5785 -
2643 5770 2769 5796 mum
2813 5763 2973 5796 [tum
3009 5752 3217 5796 dicisan
3256 5756 3428 5796 mmini

2099 5763 2121 5796 ³
2162 5760 2371 5812 Menardi
2412 5761 2599 5811 editio:
2636 5770 2769 5812 Nunc
2813 5754 2974 5809 autem
3009 5754 3217 5808 diutinus
3256 5756 3477 5811 morbum
3528 5776 3633 5818 esse

2033 5825 2310 5897 ηυρεξατιαη
2328 5834 2506 5897 aerari
2527 5821 2881 5897 unanimo,
2892 5819 3045 5897 132$}:
3079 5820 3627 5897 εξξιέβφνὲεὲίεοίθηαε

2040 5884 2110 5942 ei
2123 5884 2499 5940 ctaravallénsis
2517 5887 2695 5938 codicis
2712 5884 2828 5947 ﬁde,
2845 5884 2923 5935 cui
2942 5889 3070 5935 Part.
3091 5888 3143 5933 et
3156 5889 3268 5936 iter.
3286 5884 3628 5947 “litigatur.
