4068 6482
516 525 667 571 issu
689 514 709 553 ⁸
735 518 936 585 propter
958 504 1393 575 intemperantiam
1416 509 1630 556 miram
1651 511 1672 554 :
1696 497 1952 565 continuo
1971 493 2097 551 sub-

510 608 678 677 jecit,
718 612 880 674 atque
914 600 1020 661 ait,
1063 596 1178 651 Hoc
1215 606 1380 649 autem
1420 594 1534 648 dico
1560 591 1834 648 sectmdum
1862 590 2058 645 veniam
2081 629 2096 655 ,

516 715 620 753 nos
643 695 915 753 “tandem
940 689 1207 758 imperium
1233 686 1275 757 (1
1298 685 1417 741 Cor.
1457 699 1528 741 vu
1552 727 1567 751 ,
1594 684 1649 750 5,
1678 681 1757 753 6).
1791 681 1900 736 Hoc
1925 680 2102 750 itaque

515 788 661 845 male
697 784 811 839 sola
850 782 987 836 bene
1020 780 1183 836 utitur
1220 777 1513 832 intentione
1551 771 1905 845 propaganda:
1938 770 2101 841 prolis

517 879 767 953 pudicitia
801 870 1134 944 coniugalis:
1168 871 1293 926 huic
1320 869 1463 924 male
1486 867 1766 953 venialiter
1795 866 1849 920 in
1877 863 2102 953 conjuge

516 948 723 1028 ceditur
742 1008 760 1036 ,
807 981 910 1021 non
940 978 1095 1019 causa
1127 961 1289 1032 prolis
1308 1001 1324 1027 ,
1356 958 1448 1014 sed
1479 948 1708 1014 carnalis
1734 952 2102 1012 tantummodo

515 1058 802 1130 voluptatis
825 1072 843 1122 ;
874 1056 999 1110 huic
1024 1054 1167 1109 malo
1186 1051 1452 1107 resistitur
1469 1091 1482 1115 ,
1506 1064 1575 1105 ne
1597 1049 1863 1119 appetitus
1882 1046 2103 1102 damna-

513 1150 641 1207 bilis
671 1147 957 1215 voluptatis
982 1144 1282 1213 expleatur.
1312 1139 1426 1195 Hoc
1446 1140 1644 1194 malum
1673 1137 1876 1192 habitat
1903 1137 1957 1191 in
1982 1148 2105 1190 cor-

517 1256 651 1315 pore
669 1240 857 1297 mortis
877 1237 1037 1307 hujus
1059 1253 1072 1289 :
1099 1246 1316 1305 propter
1327 1233 1481 1304 cuius
1505 1241 1727 1296 motum,
1745 1231 1906 1285 etiam
1924 1234 2104 1283 mente

514 1349 624 1393 non
644 1331 1014 1388 consentiente
1037 1329 1398 1396 importunum
1418 1366 1433 1390 ,
1456 1323 1655 1378 dicitur
1673 1362 1688 1386 ,
1719 1322 1840 1377 Scio
1862 1320 1982 1392 quia
2002 1334 2105 1374 non

516 1426 709 1483 habitat
731 1423 785 1477 in
811 1438 919 1488 me,
948 1419 1042 1475 hoc
1067 1427 1142 1473 est
1168 1418 1222 1470 in
1245 1430 1400 1470 conte
1422 1430 1535 1468 mea
1553 1454 1567 1478 ,
1599 1414 1783 1467 bonum
1809 1410 1985 1482 (Rom.
2009 1423 2102 1475 vit,

518 1516 634 1586 18),
678 1514 790 1569 Hoc
830 1511 1026 1569 malum
1059 1522 1165 1564 non
1193 1517 1307 1562 erat
1337 1508 1389 1561 in
1413 1517 1637 1574 corpore
1662 1504 1784 1558 vita:
1815 1504 1989 1568 illius,
2016 1501 2105 1557 ubi

516 1614 613 1665 aut
654 1604 907 1663 voluntati
946 1603 967 1639 ³
1006 1598 1361 1657 servientibus
1402 1596 1561 1651 etiam
1588 1594 1907 1665 genitalibus
1934 1606 2106 1647 mem-

517 1697 665 1762 bris,
694 1695 854 1751 libido
874 1693 1015 1751 nulla
1042 1699 1183 1756 erat,
1213 1698 1303 1743 aut
1331 1688 1549 1742 omnino
1576 1700 1636 1740 se
1665 1698 1899 1754 unquam
1920 1690 2108 1738 contra

520 1787 808 1853 voluntatis
826 1784 1101 1839 arbitrium
1126 1796 1233 1841 two
1257 1778 1526 1835 movebat.
1553 1776 1721 1848 Hujus
1741 1777 1864 1831 mali
1888 1782 2110 1845 repente

520 1880 693 1951 exorti
724 1877 908 1949 puduit
931 1875 953 1907 ³
975 1892 1068 1931 eos
1097 1872 1251 1944 (Gen.
1280 1887 1335 1928 Ill
1357 1913 1371 1936 ,
1403 1871 1495 1941 7),
1526 1871 1615 1940 qui
1649 1870 1950 1939 priusquam
1982 1881 2109 1937 pec-

519 1979 735 2043 carent,
780 1968 904 2025 nudi
937 1978 1088 2027 erant
1107 2008 1122 2033 ,
1151 1974 1205 2025 et
1232 1979 1337 2021 non
1367 1962 1601 2035 pudebat
1627 1978 1723 2017 eos
1752 1960 1863 2035 (Id.
1893 1976 1927 2015 ιι
1952 2000 1966 2025 ,
1993 1959 2108 2034 28).

519 2064 686 2132 Hujus
712 2059 837 2121 mali
860 2056 1425 2137 laudes’lnimpudenter
1444 2052 1685 2123 sparsisti
1708 2051 1865 2106 etiam
1886 2061 2117 2122 quatuor

520 2156 627 2213 illis
667 2152 817 2209 libris
863 2151 966 2207 tuis
989 2188 1007 2216 ,
1046 2148 1239 2219 quibus
1275 2155 1492 2201 emotus
1516 2159 1633 2199 sum
1664 2144 1994 2215 respondere
2019 2158 2113 2199 sex

519 2268 674 2311 meis.

590 2341 777 2399 LXIX.
807 2340 927 2397 Jun.
960 2337 1030 2397 Ut
1055 2334 1267 2399 autem'
1286 2333 1355 2390 ad
1376 2334 1529 2388 istam
1549 2330 2115 2387 commemorationem

523 2435 769 2497 humana:
798 2432 1028 2489 miseria
1055 2437 1112 2485 et
1134 2428 1328 2483 divinae
1351 2427 1538 2497 gratis)
1567 2424 1773 2479 veniret
1795 2423 2081 2493 Apostolus
2098 2464 2115 2490 ,

522 2543 680 2599 supra
726 2526 933 2583 dixerat
977 2540 993 2578 :
1049 2519 1213 2576 Video
1241 2520 1399 2573 etiam
1429 2518 1586 2589 legem
1610 2515 1664 2569 in
1690 2515 1925 2569 membris
1952 2515 2076 2569 meis
2098 2554 2114 2580 ,

523 2627 884 2691 repugnantem
904 2614 1004 2685 tegi
1031 2612 1210 2669 meritis
1237 2626 1361 2665 mets
1379 2649 1394 2674 ,
1416 2617 1463 2663 et
1487 2608 1819 2678 captivantem
1841 2622 1919 2660 me
1937 2607 1992 2661 in
2012 2605 2123 2677 tege

526 2714 715 2786 peccati
745 2728 763 2765 :
794 2718 913 2781 post
952 2707 1070 2765 haec
1094 2704 1255 2763 verba
1283 2703 1635 2765 exclamavit,
1670 2699 1796 2766 Quis
1825 2714 1904 2753 me
1932 2699 2119 2753 libera-

524 2809 595 2863 bit
640 2807 704 2863 de
746 2819 956 2876 corpm
997 2800 1172 2857 ntortis
1211 2797 1411 2869 hujus?
1452 2794 1632 2851 Gratia
1671 2793 1765 2847 Dei
1812 2806 1901 2863 per
1945 2790 2123 2847 Iesum

529 2898 785 2965 Christum
821 2895 1100 2953 Domitium
1129 2900 1358 2945 nostrum
1387 2889 1563 2959 (Rom.
1596 2901 1665 2941 vu
1686 2926 1703 2953 ,
1729 2883 1947 2957 35-35).
1976 2883 2119 2939 Cou-

527 3001 634 3047 stat
670 2989 886 3060 quidem
931 2982 1220 3053 praemissis
1250 2981 1356 3035 illis
1378 2994 1499 3050 qua:
1529 2976 1784 3048 posuisti,
1819 2973 2124 3030 subdidisse

528 3082 840 3151 Apostolum
858 3117 872 3141 ,
907 3075 1065 3133 Miser
1090 3088 1182 3144 ego
1211 3072 1391 3135 (tanta,
1419 3070 1533 3140 quis
1561 3082 1639 3122 nte
1668 3066 1897 3121 liberabit
1920 3065 1982 3119 de
2006 3078 2124 3118 eor»

531 3189 651 3243 pore
699 3170 871 3231 mortis
918 3165 1113 3235 hujus?
1163 3160 1342 3216 Gratis
1384 3159 1479 3214 Dei
1525 3173 1615 3229 per
1648 3157 1830 3211 losum
1868 3155 2124 3210 Christum

530 3261 805 3323 Dominum
846 3266 1091 3321 nostratis.
1132 3251 1240 3308 Sed
1284 3266 1390 3306 non
1422 3250 1711 3319 quau-linus
1738 3247 2127 3320 impmsentis-

530 3371 649 3415 rum
674 3391 689 3419 ,
721 3362 897 3405 utrum
929 3347 1031 3401 inte
1060 3342 1348 3415 Apostolus
1372 3338 1568 3395 dixerit
1593 3357 1608 3393 :
1645 3352 1828 3393 verum
1857 3352 1959 3409 qua
1985 3339 2123 3406 iide,

532 3461 638 3519 quo
674 3457 834 3507 sensu
857 3478 872 3506 ,
916 3454 1018 3508 qua
1057 3436 1267 3495 ratione
1300 3432 1497 3488 dixerit
1519 3432 1825 3502 quxrimns.
1859 3432 1954 3487 Ille
1981 3432 2125 3486 enim

533 3537 587 3592 in
631 3532 885 3591 membris
924 3531 1092 3599 legem
1123 3539 1218 3598 per
1245 3526 1563 3596 ﬂagitiorum
1590 3539 1742 3579 usum
1767 3525 1968 3580 sanctis
1990 3538 2125 3580 coir-

535 3627 670 3693 siliis
713 3625 849 3681 inter
890 3621 1149 3693 principia
1192 3627 1373 3675 tamen
1410 3617 1796 3673 emendationis
1831 3615 2082 3674 rebellem
2107 3657 2124 3684 ,

535 3715 973 3775 consuetudinem
1022 3712 1217 3769 malem
1246 3710 1269 3745 ⁸
1312 3710 1571 3775 vocabat,
1622 3723 1742 3778 qua:
1789 3708 1856 3765 ab
1903 3709 2129 3765 eruditis

535 3811 696 3877 etiam
734 3807 918 3864 smculi
960 3806 1063 3863 dici
1103 3805 1243 3871 solet
1278 3802 1511 3860 sectuida
1550 3810 1756 3856 natura.
1791 3803 1928 3857 Ante
1960 3815 2129 3872 pauca

537 3905 679 3961 enim
703 3916 827 3963 eos,
856 3900 922 3957 ad
952 3914 1085 3968 quos
1110 3896 1380 3968 loquitur,
1412 3909 1533 3957 eum
1562 3894 1971 3964 exprobratione
1993 3906 2129 3949 con-

536 3996 757 4053 veniens
800 3992 1007 4051 dixerat
1054 4009 1070 4045 ι
1120 3988 1421 4044 [leniamus
1457 3996 1531 4041 est
1573 3985 1710 4057 quod
1744 3987 1890 4049 dice,
1926 3994 2135 4058 propter

537 4086 885 4155 inﬁrmitatem
911 4082 1080 4143 carnis
1103 4090 1280 4141 uestra
1306 4095 1325 4135 ἕ
1347 4078 1477 4132 sicut
1503 4078 1631 4131 enim
1651 4077 1948 4134 ea'liibnistis
1964 4090 2126 4131 ntem-

538 4177 627 4233 bra
671 4184 834 4239 vestra
871 4173 1052 4231 servire
1087 4169 1421 4227 immunditiis
1448 4178 1494 4223 et
1523 4169 1774 4240 iniquitati
1801 4168 1871 4220 ad
1892 4169 2131 4237 iniquius.

540 4282 639 4325 tem
662 4284 679 4332 ;
707 4270 779 4329 ita
804 4282 937 4329 nunc
962 4262 1186 4319 exhibete
1209 4261 1432 4316 membro
1460 4270 1619 4315 uestra
1642 4262 1825 4316 servire
1843 4263 2061 4331 justitiw
2078 4262 2130 4317 in

540 4356 988 4428 sanctiﬁcatiouem
1015 4351 1127 4425 (Id.
1160 4368 1211 4407 vr
1233 4389 1249 4415 ,
1298 4348 1408 4422 i9).
1437 4350 1611 4420 thue
1657 4351 1968 4408 oetenderet
2010 4353 2132 4423 quia

540 4464 790 4515 carnem,
839 4459 945 4511 non
988 4443 1089 4499 hoc
1130 4457 1327 4511 corpus
1364 4440 1509 4511 quod
1548 4456 1735 4496 causas
1762 4442 1813 4495 in
1840 4441 2133 4499 seminibus

544 4540 703 4597 habet
728 4580 739 4597 ,
764 4535 859 4593 sed
885 4535 1009 4590 vitia
1031 4533 1250 4599 abusive
1275 4541 1528 4598 vocaret;
1558 4539 1680 4602 post
1704 4531 1809 4587 duo
1835 4533 2004 4602 capita
2028 4533 2135 4588 for-

544 4641 683 4685 taSse
711 4627 979 4698 subiungit
1008 4647 1022 4689 ς
1048 4624 1176 4687 Cum
1205 4641 1425 4681 essemus
1448 4624 1501 4680 in
1531 4640 1711 4688 carne,
1734 4626 1993 4697 passiam
2013 4638 2132 4698 pee-

542 4733 769 4777 calorum
811 4734 926 4788 quo:
968 4734 1057 4789 per
1098 4717 1256 4788 legem
1303 4717 1666 4785 ostenduntur,
1714 4720 2053 4787 sperabantur
2079 4721 2134 4774 in

544 4811 776 4865 membris
824 4808 1041 4874 nostris,
1086 4815 1141 4861 ut
1186 4807 1553 4878 fructiﬁcath
1596 4808 1747 4864 morti
1780 4808 1893 4879 (Id.
1918 4824 1989 4864 vn
2013 4853 2025 4875 ,
2054 4811 2130 4883 ὅ).

546 4906 634 4965 sic
677 4903 847 4965 dixit,
895 4899 1020 4959 Cum
1062 4915 1280 4963 essemus
1324 4899 1376 4953 in
1409 4916 1591 4968 eam,
1622 4902 1772 4972 quasi
1802 4918 1868 4957 eo
1894 4911 2137 4973 tempore

544 5012 665 5051 cum
696 4994 1021 5062 disputaret,
1051 4992 1101 5057 in
1126 5007 1286 5059 carne
1310 5008 1416 5049 non
1444 5004 1581 5053 esset
1615 5010 1629 5048 :
1656 4995 1751 5050 scd
1775 4996 1866 5064 qui
1887 4996 2131 5065 Scriptuo

549 5103 637 5143 ras
679 5087 855 5151 novit,
901 5099 1067 5156 genus
1110 5084 1211 5143 hoc
1244 5085 1561 5147 elocutionis
1590 5087 1609 5120 ⁷
1635 5089 1895 5157 agnoscit.
1926 5088 1990 5142 Et
2016 5088 2134 5144 ideo

548 5180 635 5235 ubi
671 5178 953 5239 verborum
979 5177 1334 5245 communitas
1358 5178 1552 5249 ingerit
1580 5179 1950 5249 quasstionem,
1978 5180 2134 5237 adhi-

548 5272 738 5328 beatur
778 5272 961 5343 regula
1005 5272 1259 5339 rationis,
1300 5271 1368 5331 ad
1408 5271 1560 5340 cuius
1598 5272 1985 5341 mqualitatem,
2014 5290 2135 5347 quin

612 5402 1491 5479 ηιξιιᾳιιῃεειιιςῃωωιρυω.
1524 5396 2137 5465 ειαωαηυωωηιειεα-

546 5474 702 5521 lanas.
720 5474 984 5532 castigatur
1010 5481 1074 5532 ex
1096 5474 1204 5518 uss.

615 5532 638 5563 ι
660 5540 733 5581 Sic
776 5528 879 5581 Mss.
906 5530 1021 5580 aliti
1044 5542 1179 5589 vero,
1208 5528 1334 5581 ubia
1350 5541 1603 5587 oottmtate.

615 5594 637 5627 a
658 5595 729 5627 ςιο
753 5600 843 5627 Μαι
884 5591 1002 5627 ΙτΛίΙί
1051 5589 1279 5627 νρηηήηὶι

614 5591 1466 5727 ἷῗῗῇξλξξίὲἒυᾶιὲῗωπῗὰᾏφω
1499 5652 1684 5713 laudes.
1731 5658 1893 5719 abest.
1924 5673 2083 5727 eum
2103 5675 2135 5713 ι

547 5717 987 5839 and“?
1009 5782 1136 5838 isse,
1150 5770 1278 5839 ian.

615 5834 1018 5960 mare“.
1034 5834 1334 5954 32833.5”
1360 5840 1516 5908 απαξ
1542 5844 1705 5903 am

1195 387 1443 448 OPERIS
1480 380 1893 442 IMPERFECTI
1929 368 2119 437 CONT]

2244 370 2601 445 IULIANUM,
2645 377 2707 435 8.
2746 372 3115 435 AUGUSTINI

3645 372 3776 435 £092

2210 492 2532 563 putabantur
2551 490 2832 550 deﬂexisse
2858 493 2879 528 ¹
2898 535 2914 559 ,
2947 493 3245 549 tendantur.
3270 492 3531 549 Caeterum
3561 489 3779 551 Faustus

2207 583 2618 641 Manichaeorum
2665 587 2977 656 episcopus,
3029 592 3323 656 praeceptor
3368 591 3521 648 tuus,
3574 581 3673 640 hoc
3706 584 3777 645 vel

2208 678 2439 734 maxime
2477 678 2717 748 Apostoli
2758 675 3062 733 testimonio
3106 686 3288 732 contra
3324 692 3423 733 nos
3452 676 3672 744 nititur,
3704 677 3778 734 di-

2207 785 2336 825 cens
2361 769 2429 824 ab
2458 784 2524 824 co
2554 766 2686 824 nihil
2711 770 2851 824 aliud
2885 768 2967 824 his
2993 769 3358 835 sermonibus,
3392 768 3521 840 legis
3550 766 3783 827 videlicet

2208 878 2327 934 qua:
2365 876 2665 931 repugnans
2703 861 2927 917 consilio
2962 862 3013 916 in
3044 858 3300 917 membris
3330 859 3531 925 habitet
3553 862 3575 893 ⁸
3596 903 3610 929 ,
3637 878 3781 934 quam

2211 963 2451 1011 naturam
2482 955 2673 1010 malam
2702 954 3050 1025 signiﬁcatam
3076 953 3262 1010 fuisse.
3292 954 3442 1011 Unde
3466 952 3599 1009 nihil
3624 956 3783 1011 minus

2210 1058 2240 1102 a
2284 1055 2337 1103 te
2380 1045 2494 1103 fieri
2537 1045 2755 1114 debuit,
2804 1060 2960 1118 quam
2988 1044 3075 1102 hic
3098 1047 3246 1102 locus
3268 1047 3346 1102 uie
3374 1046 3637 1119 intelligi,
3666 1063 3787 1119 quo-

2211 1139 2373 1196 modo
2400 1139 2468 1195 ab
2495 1138 2599 1194 illis
2624 1138 2934 1210 exponitur,
2966 1154 3034 1195 ne
3058 1183 3073 1207 ,
3103 1155 3222 1195 cum
3255 1152 3350 1210 per
3371 1138 3587 1195 easdem
3611 1140 3785 1212 lineas,

2212 1246 2345 1305 quas
2380 1230 2607 1287 Faustus
2634 1233 2785 1287 torsit
2808 1273 2823 1297 ,
2852 1230 3175 1302 ingrederis,
3206 1246 3311 1287 non
3339 1232 3643 1304 disputasse
3662 1275 3677 1303 ,
3704 1232 3786 1288 sed

2216 1325 2478 1397 prasterita
2506 1322 2802 1380 reddidisse
2826 1321 3076 1378 videaris.

2285 1419 2422 1475 Aue.
2451 1413 2794 1493 Respondeat
2813 1415 2834 1448 ⁸
2859 1414 2976 1484 tibi,
3020 1429 3126 1472 non
3161 1413 3388 1471 Faustus
3432 1412 3753 1489 Manicha‘us
3777 1459 3789 1482 ,

2215 1510 2309 1566 sed
2358 1509 2653 1566 catholicus
2703 1509 2891 1564 doctus
2937 1506 3232 1579 doctorque
3275 1504 3297 1538 "
3349 1505 3645 1578 Gregorius
3676 1508 3792 1581 :qui

2215 1618 2321 1660 non
2345 1622 2364 1656 ι
2402 1604 2538 1659 inter
2565 1598 2848 1675 principia,
2884 1620 2902 1653 ι
2937 1607 2994 1654 ιιι
3023 1598 3192 1666 dicis,
3230 1617 3250 1651 ι
3280 1596 3680 1654 emendationis
3703 1640 3716 1661 ,
3743 1597 3787 1652 in

2216 1697 2472 1753 membris
2492 1696 2661 1765 legem
2691 1708 2786 1764 per
2812 1691 3132 1761 ﬂagitiorum
3155 1704 3308 1745 usum
3337 1690 3534 1746 sanctis
3573 1688 3795 1744 consiliis

2218 1789 2470 1845 rebellem
2491 1829 2507 1855 ,
2548 1774 2992 1842 Consuetudinem
3048 1780 3244 1837 malam
3274 1780 3500 1837 vocabat
3528 1822 3544 1848 ,
3600 1797 3717 1852 quae
3741 1780 3798 1835 ab

2218 1881 2446 1938 eruditis
2491 1883 2651 1937 etiam
2683 1879 2786 1935 dici
2829 1878 2967 1932 solet
3015 1874 3248 1931 secunda
3276 1882 3467 1929 natura
3500 1892 3514 1929 :
3558 1892 3581 1926 ι
3613 1871 3709 1929 sed
3736 1872 3800 1928 lc-

2218 1992 2338 2049 gem
2366 1974 2565 2047 peccati
2596 1990 2713 2044 qua:
2734 1982 2815 2027 est
2860 1971 2913 2025 in
2944 1967 3203 2024 membris
3256 1966 3457 2021 nostris
3504 1979 3803 2043 repugnans

2222 2069 2324 2141 legi
2352 2068 2567 2133 mentis,
2596 2061 2811 2121 mortali
2860 2060 2984 2117 huic
3011 2068 3333 2141 terrenoque
3373 2058 3589 2126 corpori
3633 2062 3804 2114 nostro

2137 2190 2149 2207 -
2220 2161 2380 2235 plane
2422 2167 2716 2231 aperteque
2760 2154 3027 2211 tribuebat
3071 2152 3278 2218 dicens,
3312 2168 3332 2203 ι
3379 2146 3579 2219 Legem
3616 2147 3805 2219 peccati

2222 2270 2341 2326 qua:
2367 2261 2449 2309 est
2478 2252 2529 2307 in
2550 2249 2805 2305 membris
2847 2245 3066 2309 nostris,
3095 2244 3196 2315 legi
3227 2243 3445 2314 spiritus
3472 2254 3769 2313 repugnare
3790 2280 3804 2305 ,

2223 2347 2350 2402 dum
2374 2342 2655 2413 imaginem
2686 2337 2886 2410 regiam
2914 2336 2938 2370 '
2958 2351 3079 2408 qua:
3100 2336 3237 2390 intra
3283 2347 3383 2389 nos
3412 2339 3512 2397 est,
3545 2331 3806 2413 captivam

2224 2434 2422 2492 ducere
2444 2432 2651 2500 studet,
2687 2444 2746 2487 ut
2776 2428 2960 2502 spoliis
3003 2425 3121 2498 ejus
3151 2425 3325 2491 cedat,
3381 2421 3643 2495 quidquid
3690 2418 3808 2485 illud

2225 2537 2308 2585 est
2341 2526 2483 2599 quod
2507 2524 2561 2580 in
2588 2536 2689 2579 nos
2709 2519 2969 2577 beneﬂcio
2999 2518 3194 2574 divinzc
3219 2530 3283 2572 ac
3307 2516 3497 2586 prima:
3516 2515 3661 2583 illius
3688 2528 3812 2569 con-

2226 2620 2447 2677 ditionis
2478 2618 2707 2673 influxit.
2734 2600 2888 2672 Unde
2908 2612 2998 2668 vix
3026 2610 3238 2682 aliquis,
3270 2628 3289 2662 ι
3326 2607 3515 2679 inquit,
3540 2625 3561 2661 ι
3594 2604 3813 2664 fortasse

2227 2711 2386 2783 longa
2429 2711 2453 2742 ⁸
2479 2724 2537 2765 se
2566 2716 2619 2764 et
2659 2705 2895 2761 districta
2929 2718 3122 2774 regens
3169 2698 3544 2772 philosophia,
3597 2705 3653 2754 et
3692 2711 3813 2768 pau-

2229 2806 2378 2861 latim
2426 2803 2621 2857 animze
2650 2813 2763 2855 sure
2807 2797 3138 2853 nobilitatem
3166 2792 3433 2861 recolens,
3461 2801 3708 2847 naturam
3735 2789 3815 2845 lu-

2229 2898 2329 2964 cis,
2368 2909 2487 2966 qua:
2505 2893 2558 2948 in
2590 2906 2649 2947 se
2672 2900 2774 2959 est,
2795 2890 2981 2944 humili
3011 2889 3134 2942 huic
3150 2897 3204 2942 et
3231 2885 3519 2942 tenebroso
3543 2886 3659 2940 luto
3694 2897 3818 2939 con-

2225 2990 2430 3067 juncta,
2460 2994 2679 3042 revocet
2699 2996 2762 3039 ac
2782 2982 3023 3039 reﬂectat
3047 2980 3114 3036 ad
3137 2980 3325 3035 Deum.
3354 2976 3449 3033 Vel
3479 2980 3521 3034 si
3535 2987 3687 3035 certe
3704 2992 3825 3063 pro-

2231 3080 2363 3153 pitio
2392 3078 2502 3134 Deo
2524 3087 2676 3148 agat,
2704 3086 2988 3145 utrumque
3032 3073 3228 3144 pariter
3266 3070 3612 3141 revocabit";
3661 3069 3710 3127 si
3751 3080 3827 3137 ta-

2232 3187 2357 3229 men
2382 3171 2539 3242 longa
2565 3176 2620 3225 et
2655 3165 2870 3223 assidua
2922 3164 3269 3222 meditatione
3308 3164 3575 3220 insuescat
3610 3179 3829 3221 sursum

2234 3278 2451 3334 semper
2477 3260 2742 3333 aspicere,
2775 3266 2829 3314 et
2850 3257 3099 3314 deorsum
3131 3255 3270 3311 male
3318 3252 3616 3310 trahentem
3646 3271 3715 3309 ac
3730 3255 3833 3309 de-

2232 3363 2541 3428 gravantem
2570 3349 2848 3407 materiam
2872 3348 3087 3404 sibimet
3127 3347 3398 3402 astrictam
3428 3345 3594 3401 frenis
3628 3343 3833 3401 arctio-

2232 3448 2383 3506 ribus
2408 3445 2687 3502 sublevare
2714 3460 2733 3496 i
2762 3438 3074 3514 (Gregorius
3116 3438 3400 3503 Nazianz.,
3422 3437 3641 3509 Apolog.
3697 3436 3722 3490 1
3770 3436 3830 3489 de

2236 3538 2389 3612 Fuga
2419 3537 2557 3611 sua).
2613 3533 2741 3593 [hec
2780 3530 2992 3588 dicebat
3026 3531 3212 3587 beatus
3251 3526 3563 3601 Gregorius,
3608 3543 3720 3583 non
3750 3527 3827 3583 in-

2238 3639 2323 3686 ter
2354 3627 2615 3701 principia
2643 3622 3031 3680 emendationis
3060 3635 3171 3677 suae
3189 3663 3203 3685 ,
3235 3620 3329 3676 sed
3364 3620 3473 3690 jam
3501 3617 3786 3689 episcopus
3806 3659 3822 3685 ,

2236 3720 2425 3778 volens
2444 3732 2733 3790 exponere,
2768 3711 2853 3770 vei
2880 3714 3057 3787 potius
3099 3726 3218 3783 qua:
3256 3718 3379 3767 nota
3403 3720 3547 3779 sunt,
3571 3710 3823 3765 admone-

2237 3828 2315 3878 re,
2343 3811 2396 3867 in
2423 3808 2564 3883 quali
2591 3815 2901 3880 quantoque
2929 3805 3224 3861 certamine
3249 3818 3370 3858 cum
3417 3801 3559 3858 vitiis
3606 3799 3824 3859 interio-

2236 3902 2406 3967 ribus,
2450 3912 2669 3971 propter
2706 3912 2899 3968 corpns
2944 3892 3086 3967 quod
3125 3903 3378 3967 aggravet
3406 3894 3661 3960 animam,
3692 3907 3820 3949 cen-

2239 3994 2410 4050 stltuti
2429 3994 2534 4049 sint
2559 3992 2754 4048 sancti.
2784 3989 2940 4057 Quod
2963 3997 3237 4044 certamen
3278 3988 3462 4059 utique
3507 4002 3613 4042 non
3642 3985 3825 4041 fuisset

2239 4087 2401 4142 inille
2432 4085 2601 4140 beam
2635 4084 2778 4155 pacis
2806 4083 2944 4149 loco,
2971 4080 3019 4135 id
3063 4088 3167 4148 est,
3215 4081 3463 4152 paradiso
3510 4079 3821 4136 deliciarum

2240 4184 2567 4241 sanctarum,
2591 4175 2636 4230 si
2666 4188 2823 4230 nemo
2844 4181 3139 4244 peccasset.
3161 4168 3277 4228 Non
3307 4172 3448 4228 enim
3474 4185 3670 4244 corpus
3684 4182 3821 4227 mor-

2239 4268 2310 4322 tis
2337 4268 2494 4337 hujus
2525 4266 2595 4321 ibi
2625 4270 2790 4331 esset,
2820 4264 2971 4334 cujus
2996 4262 3447 4334 corruptibilitatc
3488 4261 3669 4317 anima
3710 4273 3825 4333 gra-
3868 4302 3875 4353 ι

2240 4368 2495 4415 veretur:
2518 4358 2613 4413 sed
2642 4368 2841 4428 corpus
2871 4354 2994 4410 viae
3018 4355 3183 4420 illius,
3215 4352 3302 4410 ubi
3348 4367 3453 4409 non
3488 4368 3616 4409 caro
3639 4367 3825 4410 concu-

2241 4453 2471 4525 pisceret
2492 4451 2752 4507 adversus
2782 4448 3055 4520 spiritum,
3098 4450 3157 4503 ut
3193 4460 3415 4503 necesse
3442 4455 3584 4502 esset
3620 4443 3824 4516 spiritui
3899 4478 3905 4485 -

2241 4544 2620 4614 concupiscere
2640 4540 2897 4597 adversus
2921 4552 3137 4595 carnem
3169 4536 3363 4611 (Gaiat.
3386 4552 3441 4606 ν,
3476 4537 3608 4610 l7):
3629 4534 3730 4594 sed
3753 4534 3826 4591 fe-

2242 4637 2331 4693 lici
2359 4637 2634 4707 utriusque
2660 4634 2942 4690 concordia
2978 4640 3165 4687 natura
3192 4631 3468 4687 hetaretur
3497 4631 3751 4687 humana.
3772 4627 3821 4684 Si

2241 4728 2720 4801 ergolllanichzeos
2757 4725 3154 4780 introdueentes
3203 4723 3363 4778 aliam
3412 4732 3650 4778 naturam
3705 4716 3822 4778 mali

2242 4829 2402 4890 atque
2426 4818 2777 4873 substantiam
2818 4808 3126 4886 expugnare
3150 4813 3315 4870 velles
3340 4857 3354 4881 ,
3387 4829 3495 4869 non
3525 4812 3820 4885 adjuvare;

2245 4910 2482 4981 proiecto
2504 4910 2633 4963 istas
2662 4907 2909 4962 omnibus
2937 4914 3150 4976 apertas
3193 4920 3222 4959 a
3256 4903 3487 4975 parvulis
3513 4902 3821 4975 incipientes

2244 5002 2490 5056 humanae
2514 5001 2639 5052 vita
2664 4997 2908 5053 miserias
2927 5012 3048 5051 cum
3073 4997 3178 5051 tuis
3203 4995 3584 5065 deceptoribos
3607 5009 3712 5049 non
3735 5008 3821 5050 ne-

2240 5104 2419 5165 gares;
2440 5092 2536 5147 sed
2565 5091 2705 5145 unde
2724 5090 2775 5144 in
2797 5102 2891 5144 eas
2912 5089 3145 5158 collapsa
3163 5088 3234 5142 sit
3253 5097 3437 5143 nostra
3476 5099 3690 5155 natura,
3708 5100 3820 5157 qum

2244 5186 2400 5241 beata
2428 5192 2512 5239 est
2537 5184 2786 5255 primitus
2813 5181 3074 5247 instituta,
3096 5192 3219 5234 cum
3246 5179 3526 5237 catholicis
3572 5174 3813 5235 ﬁdelibus

2242 5286 2299 5332 et
2324 5274 2744 5347 praeclarissimis
2771 5266 3078 5327 doctoribus
3100 5270 3331 5326 diceres.

2312 5364 2479 5424 LXX.
2502 5368 2623 5423 ius.
2673 5365 2741 5422 Ut
2779 5360 2938 5434 igitur
2961 5363 3105 5435 quod
3137 5363 3348 5434 egimus
3388 5363 3698 5435 colligatur,
3728 5372 3821 5417 nec

2306 5474 2505 5545 ιοράει
2527 5480 2671 5545 me
2682 5469 2964 5545 9W-

2307 5538 2717 5597 'SiclssJidibi.

2307 5602 2330 5635 ⁸
2356 5602 2601 5661 Verbum,
2645 5594 2957 5664 respondeat,
3004 5594 3100 5647 huc
3142 5605 3399 5649 revocatur
3445 5610 3511 5649 ex
3563 5607 3818 5649 manuscri-

2243 5664 2358 5729 ptis.

2312 5724 2337 5756 δ
2354 5731 2459 5773 Mss.
2483 5722 2733 5783 omittunt,
2760 5720 3037 5785 doctorque.

2331 5785 2483 5860 trs-9
