4068 6490
286 343 444 423 1093

296 485 399 542 ego
423 469 583 539 dictis
605 468 709 529 tuis
738 466 981 531 fraudein
1013 463 1189 535 intuit,
1213 477 1314 521 nec
1336 471 1391 520 tu
1413 464 1637 521 attulisti
1660 463 1875 534 aliquid,

300 562 447 634 quod
472 563 555 627 vel
583 560 831 629 diiutiore
853 560 871 591 ί
900 557 1110 628 pietatis
1136 557 1317 613 colore
1365 555 1714 627 perfunderes
1738 595 1756 627 ,
1787 570 1881 615 ne-

298 652 429 709 dum
457 650 746 723 Scripturis
773 650 994 705 testibus
1022 647 1365 719 approbares.
1389 647 1497 703 Nec
1526 647 1626 711 hoc
1651 644 1790 717 quod
1828 654 1884 700 tu

300 756 477 812 putas,
514 742 782 813 intellexit
806 740 1095 811 Apostolus
1122 755 1253 794 :nec
1280 739 1383 803 alia
1413 753 1630 823 prorsus
1655 738 1705 791 in
1730 752 1856 807 para
1880 776 1883 777 ν

293 834 413 905 diso
434 834 528 891 fuit
548 831 784 903 conditio
810 830 1227 897 commixtionis,
1256 847 1413 904 quam
1443 830 1616 901 qualis
1664 844 1804 884 nunc
1829 845 1880 883 tn

293 925 554 998 coniugiis
580 926 790 998 agitur,
835 940 995 1001 quam
1039 940 1068 979 a
1108 938 1168 979 se
1216 919 1545 978 institutam'
1578 919 1738 993 Deus,
1770 930 1880 975 tam

298 1017 535 1091 ipsorum
557 1015 865 1079 conditione
886 1029 1111 1085 sexuum
1142 1023 1196 1069 et
1215 1012 1470 1093 qualitate
1492 1013 1878 1079 membrorum,

300 1126 458 1183 quam
472 1107 808 1191 frequentata
832 1106 1200 1164 benedictione
1229 1101 1527 1175 perdocuit.
1567 1099 1772 1173 Quibus
1797 1101 1882 1156 ab-

301 1198 490 1259 solutis
515 1200 702 1267 claret,
731 1208 953 1255 cunctos
979 1197 1071 1269 qui
1111 1213 1141 1252 a
1173 1201 1228 1253 ie
1248 1195 1602 1266 decipiuntur,
1648 1195 1724 1249 ira
1760 1208 1882 1249 esse

303 1308 465 1367 quam
495 1288 856 1346 misericordia
901 1288 1192 1359 digniores,
1227 1286 1476 1357 quoniam
1507 1285 1559 1339 in
1590 1284 1882 1349 excusatio-

299 1398 423 1455 nem
439 1380 718 1438 criminum
747 1394 990 1446 suorum,
1017 1394 1137 1450 qua:
1172 1377 1308 1431 mala
1334 1376 1606 1433 voluntate
1635 1372 1881 1431 commit-

298 1482 439 1549 tum,
467 1480 519 1529 te
545 1482 763 1543 auctore
788 1470 1045 1527 infamant
1090 1470 1455 1537 nativitatem,
1498 1485 1568 1525 ne
1611 1469 1881 1543 corrigant

293 1566 582 1624 actionem.

364 1661 503 1717 Anc.
533 1658 687 1714 Actio
711 1658 796 1730 pia
821 1665 906 1713 est
933 1656 990 1711 in
1015 1655 1119 1712 hac
1140 1654 1249 1710 vita
1274 1652 1445 1711 Deum
1465 1654 1660 1720 colere,
1685 1663 1739 1709 et
1765 1651 1880 1725 ejus

291 1751 465 1823 gratia
489 1759 678 1805 contra
704 1746 833 1803 vitia
855 1746 1063 1803 interna
1086 1760 1323 1819 pugnare
1341 1788 1355 1811 ,
1379 1744 1562 1817 eisque
1610 1744 1675 1801 ad
1700 1743 1880 1801 illicita

294 1840 674 1913 instigantibus
692 1838 1075 1910 cogentibusve
1104 1856 1205 1893 non
1226 1838 1451 1905 cedere;
1496 1846 1551 1893 et
1601 1836 1690 1892 ubi
1734 1835 1878 1892 cedi-

297 1942 386 1990 tur
406 1932 811 2005 indulgentiam,
832 1941 991 2003 atque
1004 1942 1060 1987 ut
1075 1947 1178 1987 non
1194 1931 1414 1986 cedatur
1430 1930 1757 1999 adiutorium
1783 1929 1878 1985 Dei

300 2025 502 2083 affectu
524 2016 803 2097 religiosie'
826 2024 1038 2096 pietatis
1072 2037 1381 2095 exposcere.
1407 2024 1463 2078 In
1491 2023 1738 2094 paradiso
1784 2037 1880 2077 au-

297 2125 429 2182 tem,
450 2116 496 2172 si
528 2131 684 2173 nemo
709 2123 1018 2187 peccasset,
1072 2131 1177 2172 non
1213 2123 1359 2171 esset
1394 2114 1534 2169 actio
1570 2112 1779 2183 pietatis
1796 2128 1882 2168 ex-

294 2223 536 2282 pugnare
585 2209 741 2275 vitia;
799 2208 1051 2281 quoniam
1100 2208 1407 2279 permansio
1444 2208 1708 2264 felicitatis
1738 2216 1882 2263 esset

293 2302 424 2359 vitia
452 2317 559 2357 non
589 2299 808 2356 habere.
851 2299 959 2356 Sed
1011 2316 1115 2355 non
1158 2310 1241 2356 est
1276 2299 1530 2355 indicium
1554 2297 1575 2331 ³
1601 2296 1877 2354 hominum

290 2407 481 2455 centra
500 2397 626 2452 vitia
657 2396 919 2452 veraciter
938 2394 1302 2451 dimicantium
1327 2436 1342 2463 ,
1371 2408 1433 2449 ea
1462 2410 1579 2464 quae
1610 2390 1881 2463 impuden-

291 2498 377 2546 ter
406 2486 776 2559 frequentatur
794 2502 824 2541 a
854 2487 1005 2541 vobis
1033 2486 1269 2541 laudatio
1305 2485 1579 2539 vitiorum.
1613 2484 1761 2539 Itane
1789 2496 1882 2539 ve-

291 2598 379 2652 ro,
404 2583 629 2649 Juliane,
654 2578 869 2651 quando
891 2579 1103 2635 dicebat
1134 2578 1468 2639 Ambrosius,
1506 2594 1524 2628 c
1551 2574 1751 2631 Omnes
1791 2574 1885 2631 ho-

292 2675 467 2730 mines
497 2672 595 2729 sub
636 2681 855 2742 peccato
882 2673 1174 2737 nascimur,
1203 2684 1428 2740 quorum
1482 2666 1596 2739 ipse
1648 2676 1796 2722 ortus
1825 2666 1903 2739 in.

289 2768 424 2826 vitio
444 2776 524 2823 est
555 2785 573 2821 δ
612 2764 727 2840 (De
754 2763 1080 2830 Paenitentia,
1106 2764 1193 2818 tib.
1230 2763 1252 2818 1
1284 2804 1297 2828 ,
1344 2780 1459 2833 cap.
1485 2761 1525 2817 2
1546 2762 1622 2816 vel
1649 2761 1721 2831 5)
1746 2777 1762 2828 ;
1791 2769 1882 2817 aut

288 2873 379 2916 me
404 2856 615 2913 dicebat
641 2866 881 2919 auctore,
931 2863 1022 2909 aut
1070 2851 1363 2908 infamabat
1418 2852 1781 2917 nativitatem,
1812 2864 1881 2908 ne

287 2952 585 3024 corrigeret
621 2948 926 3006 actionem?
960 2948 1103 3003 Itane
1148 2962 1276 3002 vero
1323 2944 1633 3016 Gregorius,
1666 2942 1880 3016 quando

289 3044 506 3102 diccbat
536 3086 553 3110 ,
610 3060 629 3096 ‹
683 3040 953 3097 Venerare
991 3041 1336 3102 nativitatem.
1363 3054 1456 3108 per
1475 3054 1630 3110 quam
1656 3047 1880 3095 terrenae

290 3135 589 3203 nativitatis
613 3134 843 3190 vinculis
877 3133 1130 3189 liberatus
1184 3148 1243 3187 es
1281 3148 1300 3185 ι
1329 3129 1499 3203 (Orat.
1538 3129 1591 3187 in
1639 3130 1880 3185 Natalem

287 3226 566 3300 Domini);
621 3233 713 3282 aut
751 3223 966 3295 quando
1008 3222 1220 3279 dicebat
1250 3223 1316 3278 de
1354 3221 1569 3278 Christo
1612 3219 1876 3293 loquens,

288 3320 379 3378 vel
406 3319 473 3375 de
499 3317 700 3390 Spiritu
728 3325 936 3381 sancto,
972 3333 992 3368 ε
1024 3312 1127 3369 Per
1174 3314 1315 3368 hunc
1364 3311 1550 3383 prima!
1589 3313 1880 3368 nativitatis

284 3411 516 3472 macula:
535 3419 847 3483 purgantur,
873 3421 967 3477 per
1005 3420 1138 3477 quas
1166 3404 1218 3460 in
1246 3405 1612 3477 iniquitatibus
1652 3404 1883 3475 concipi-

286 3518 440 3571 mur,
469 3510 522 3558 et
564 3502 619 3558 in
648 3497 856 3556 delictis
881 3505 1182 3569 genuerunt
1211 3511 1310 3551 nos
1339 3506 1534 3549 matres
1563 3504 1758 3549 nostra
1773 3494 1816 3561 δς
1855 3506 1876 3548 t

294 3588 491 3675 (Orat.
544 3596 599 3649 in
650 3589 1035 3661 Pentecostem)
1090 3597 1180 3642 aut
1236 3586 1447 3658 quando
1493 3585 1703 3641 dicebat
1743 3585 1880 3640 Hila-

286 3690 407 3747 rius
430 3687 497 3744 de
515 3701 637 3758 rege
658 3683 844 3749 David,
870 3700 890 3736 ι
927 3682 1039 3738 Scit
1058 3681 1159 3735 sub
1181 3679 1382 3749 peccati
1427 3678 1651 3748 origine,
1698 3686 1752 3732 et
1778 3677 1880 3732 sub

287 3782 412 3855 lege
445 3779 643 3852 peccati
669 3792 789 3834 esse
815 3790 875 3833 se
905 3784 1083 3830 natum
1121 3786 1141 3825 ι
1166 3773 1184 3843 (
1205 3770 1271 3824 1η
1308 3769 1450 3824 Ρωι.
1480 3782 1673 3836 cxvnt,
1704 3768 1876 3840 175):

287 3876 616 3932 infamabant
647 3873 732 3927 isti
752 3871 855 3925 viri
886 3868 1237 3931 nativitatem,
1265 3880 1332 3919 ne
1359 3865 1688 3933 corrigercnt
1713 3862 1882 3917 actio~

286 3966 451 4025 nem?
478 3965 785 4023 Audebisne
810 3958 1132 4035 persuadere
1155 3956 1302 4013 cordi
1335 3964 1445 4020 tuo,
1474 3954 1613 4025 quod
1645 3955 1882 4024 Pelagia-

281 4074 478 4118 norum
518 4056 658 4113 actio
707 4054 903 4110 actioni
950 4050 1264 4122 prreferatnr
1302 4047 1566 4103 istorum?
1617 4047 1748 4101 Date
1786 4058 1880 4102 ve.

282 4150 454 4217 niam,
483 4160 757 4216 nunquam
791 4157 888 4197 vos
912 4142 1074 4197 vitam
1102 4140 1297 4195 melius
1327 4138 1429 4192 illis
1450 4151 1609 4207 agere
1627 4135 1881 4191 credere-

284 4257 434 4306 mus,
464 4252 567 4294 nec
605 4237 649 4291 si
704 4248 808 4290 non
838 4235 916 4290 sic
945 4234 1197 4288 amaretis
1248 4229 1739 4299 concupiscentiam
1767 4242 1882 4284 oath

295 4334 406 4397 nis,
424 4340 487 4385 ut
511 4340 651 4394 eam,
674 4328 847 4399 qualis
871 4342 1009 4382 nunc
1038 4335 1119 4382 est
1164 4334 1350 4380 contra
1401 4326 1647 4395 spiritum
1682 4338 1879 4378 concu.

297 4422 540 4494 piscens,
568 4418 800 4473 etiamin
833 4415 1079 4485 paradiso
1123 4425 1248 4470 ante
1294 4422 1565 4483 peccatum
1618 4415 1881 4469 collocare

292 4514 527 4569 velletis.
548 4509 678 4565 Nam
705 4509 768 4573 si,
803 4516 859 4561 ut
879 4507 1013 4561 dicis
1029 4507 1074 4569 ⁸,
1102 4522 1122 4555 ι
1153 4519 1257 4559 non
1299 4504 1399 4557 alia
1428 4503 1596 4557 fuitin
1635 4502 1881 4571 paradiso

291 4602 536 4660 conditio
556 4596 969 4661 commixtionis,
1004 4611 1161 4667 quam
1185 4593 1354 4663 qualis
1376 4607 1516 4647 nunc
1545 4592 1599 4646 in
1622 4592 1882 4661 coniugiis

290 4693 504 4765 agitur:
535 4706 555 4742 ι
586 4696 703 4744 erat
723 4688 791 4743 ibi
824 4693 881 4742 et
910 4696 1034 4741 ante
1088 4690 1361 4755 peccatum
1414 4682 1581 4736 libido
1616 4682 1879 4749 carnalis,

291 4787 417 4844 sine
441 4795 544 4855 qua
568 4794 674 4839 non
700 4788 875 4852 potest
903 4793 1045 4833 nunc
1069 4777 1092 4811 ⁸
1119 4790 1280 4835 sexus
1320 4784 1544 4845 uterque
1569 4774 1801 4829 misceri.
1824 4774 1881 4831 Si

292 4892 428 4949 ergo
444 4890 549 4931 non
576 4874 756 4941 vultis,
791 4873 841 4927 in
877 4870 964 4926 illa
992 4868 1322 4926 beatitudine
1367 4867 1603 4922 membra
1630 4866 1882 4937 genitalia

296 4969 541 5028 nondum
569 4964 922 5040 pudenda,ad
971 4980 1106 5036 opus
1134 4977 1286 5017 suum
1343 4961 1698 5031 peragendum
1728 5002 1743 5025 ,
1776 4976 1884 5030 quo

292 5064 482 5137 proles
500 5062 875 5121 seminaretur,
900 5054 1160 5110 voluntati
1201 5053 1477 5107 hominum
1522 5053 1636 5107 sine
1663 5051 1884 5107 libidine

292 5154 537 5228 potuisse
585 5151 829 5215 servire;
862 5149 1037 5203 adhuc
1090 5160 1274 5217 quairo
1313 5143 1556 5200 eamdem
1604 5142 1880 5201 libidinem

285 5246 509 5319 qualem
539 5251 663 5297 tunc
691 5240 855 5295 fuisse
874 5239 1125 5294 credatis.
1154 5236 1493 5291 Voluntatem
1536 5243 1682 5290 certe
1718 5249 1884 5304 quan-

286 5339 368 5395 do
395 5344 540 5393 esset
564 5333 901 5399 necessaria,
945 5331 1307 5401 sequebatur;
1346 5344 1415 5384 an
1470 5327 1629 5383 etiam
1667 5324 1883 5397 quando

358 5504 859 5604 :.'E§.i'“.2.t::“.‘..£‘°:.‘
876 5496 1540 5604 cremasse
1566 5496 1883 5565 αααείαίονεκ

361 5573 380 5604 ¹
395 5558 501 5621 uss.
514 5558 648 5619 Eolb.
671 5572 784 5617 Mar.
805 5573 857 5616 et
876 5558 1019 5625 Clam,
1045 5558 1152 5627 quin
1168 5576 1199 5612 a
1220 5575 1271 5613 se
1285 5558 1524 5612 'bistiluta.
1608 5558 1613 5561 “
1734 5558 1771 5565 ’⁷’
1844 5558 1849 5561 ’

361 5633 384 5666 ³
398 5631 666 5677 Menardus.
689 5641 781 5677 non
803 5633 923 5677 esset
1170 5624 1462 5677 vianierius,
1484 5634 1579 5672 non
1613 5628 1733 5675 esset
1744 5620 1885 5677 judi-

361 5633 384 5666 ²
398 5631 666 5687 Menardus,
689 5641 781 5678 non
803 5631 1143 5678 esset
1170 5631 1462 5688 Vignierius,
1484 5634 1579 5672 non
1613 5631 1733 5675 esset
1744 5635 1772 5685 ι

284 5692 787 5760 cium._ttmendantur_
804 5701 867 5738 ex
893 5696 1034 5760 ωδεχ
1085 5757 1116 5760 Α
1224 5751 1240 5760 _
1353 5756 1362 5760 _
1385 5758 1394 5760 _
1446 5744 1523 5760 γ’--
1539 5759 1550 5760 ᾧ

350 5744 385 5789 ί
393 5744 542 5816 aditi,
561 5758 789 5817 generant
804 5763 890 5801 nos
909 5747 1119 5811 majores
1135 5751 1305 5807 nostri,
1323 5744 1575 5796 mendose.

350 5817 376 5850 ³
400 5817 541 5868 Editt.
769 5820 896 5868 ωδε..

360 5845 384 5911 3
402 5845 754 5941 Em
770 5845 1365 5937 mfe'ﬂhamtpm
1375 5868 1649 5922 restimqu

1692 346 1892 405 LIBER
1931 344 2204 417 PRIMUS.

3439 358 3574 441 4094

1994 501 2100 549 non
2126 498 2243 545 erat
2264 498 2481 563 propter
2521 494 2896 566 propagandos
2940 495 3081 559 filios
3128 503 3460 573 necessaria,
3488 507 3557 560 sti

1990 578 2228 635 mutabat
2257 591 2434 643 tamen
2455 585 2715 653 animum,
2737 596 2795 644 ct
2821 590 3150 661 proponebat
3175 593 3228 648 in
3259 596 3573 663 concubitus

1990 670 2074 727 vel
2099 686 2339 745 quosque
2361 675 2711 746 damnabiles,
2758 680 2843 735 vel
2872 696 2994 737 cum
3025 683 3250 757 conjuge
3298 687 3573 744 veniales'.’

1990 761 2046 818 Si
2060 765 2203 819 enim
2235 766 2353 820 talis
2369 776 2518 834 erat,
2542 769 2714 838 qualis
2743 787 2882 835 nunc
2916 783 3032 845 est;
3075 775 3176 841 hoc
3204 777 3321 837 sine
3368 777 3571 845 dubita.

1992 863 2133 923 noue
2157 855 2420 927 faciebat,
2461 858 2574 927 sive
2627 860 2702 925 iiii
2744 864 3083 927 resisteretur
3125 881 3220 936 per
3269 877 3572 940 temperans

1990 944 2135 1011 tiam,
2177 947 2288 1005 sive
2335 963 2430 1019 per
2485 950 2948 1023 intemperantiam
2990 955 3290 1025 cederetur.
3340 958 3422 1017 Ae
3469 960 3570 1031 sic,

1988 1034 2149 1099 homo
2199 1037 2406 1106 libidini
2449 1051 2538 1107 aut
2590 1044 2862 1112 peccando
2890 1047 3094 1115 servire
3142 1059 3444 1121 cogeretur,
3478 1061 3572 1117 aut

1988 1126 2127 1191 bello
2178 1129 2365 1189 intimo
2415 1147 2717 1203 repugnare
2758 1152 2771 1187 :
2812 1152 3043 1209 quorum
3100 1140 3325 1211 alterum
3405 1141 3572 1211 hone-

1986 1220 2130 1289 stati,
2163 1221 2389 1278 alterum
2418 1225 2534 1296 paci
2572 1224 2837 1293 felicitatis
2868 1228 3032 1297 illius,
3060 1231 3104 1287 si
3132 1230 3419 1299 humanus.
3447 1249 3572 1292 sen-

1986 1325 2102 1371 sum
2126 1312 2360 1381 habetis,
2389 1332 2493 1372 non
2523 1320 2814 1385 conivenire
2843 1322 3076 1389 sentitis.
3107 1324 3372 1383 Remanet
3386 1328 3568 1399 igitur,

1978 1413 2044 1459 ut
2072 1404 2117 1460 si
2146 1406 2307 1460 libido
2333 1407 2405 1462 ibi
2432 1418 2591 1476 esset,
2619 1410 2688 1473 ita
2710 1421 2853 1469 esset
2871 1414 3086 1475 subdita
3101 1417 3381 1482 voluntati,
3412 1427 3469 1474 ut
3488 1435 3571 1485 re-

1985 1505 2125 1552 ctam
2151 1499 2488 1571 quietamque
2514 1512 2773 1573 meutem,
2805 1519 2904 1571 nec
2922 1505 2994 1561 ad
3015 1505 3265 1573 deiictum
3295 1509 3531 1573 traheret
3549 1549 3570 1580 ,

1985 1602 2084 1657 nec
2125 1587 2192 1647 ad
2225 1590 2468 1661 prarlium
2501 1605 2844 1665 provocaret;
2876 1606 2929 1653 et
2957 1597 3200 1669 spiritum
3238 1599 3571 1667 obedientem

1988 1679 2117 1745 Deo,
2145 1696 2209 1735 ac
2234 1680 2496 1737 fruentem
2524 1685 2652 1752 Deo,
2680 1701 2778 1741 nec
2808 1703 3030 1756 peccare
3061 1705 3159 1746 nec
3179 1706 3413 1762 pugnare
3433 1707 3571 1763 come

1988 1770 2224 1840 pelleret.
2262 1773 2391 1841 Quas
2407 1777 2659 1847 quoniam
2686 1794 2828 1835 nunc
2859 1780 2980 1835 talis
3031 1796 3136 1847 non
3182 1792 3283 1853 est,
3333 1784 3427 1839 sed
3458 1785 3571 1854 ipsa

1988 1862 2131 1918 licita
2158 1865 2447 1935 inhiauler,
2481 1884 2586 1925 non
2625 1870 3061 1941 obtemperanter
3108 1876 3353 1947 appetit;
3380 1877 3434 1935 iu
3464 1877 3571 1939 ὶιιίτ

1986 1956 2105 2012 citis
2134 1967 2312 2013 autem
2355 1969 2446 2019 aut
2492 1962 2739 2031 spiritum
2766 1963 2970 2033 dejicit,
2999 1976 3090 2027 aut
3113 1976 3295 2027 cotitra
3324 1968 3571 2037 spiritum

1986 2051 2341 2127 concupiscit;
2370 2054 2642 2123 agnoscite
2673 2056 2868 2113 malum
2888 2058 3070 2121 vitiata
3096 2068 3299 2119 natura:
3345 2059 3571 2130 integris

1989 2149 2094 2196 tate
2116 2152 2448 2199 contractum
2477 2160 2620 2216 :quo
2659 2148 2799 2201 malo
2851 2148 2990 2207 bene
3035 2150 3198 2205 utitur
3247 2148 3573 2225 propagandi

1987 2234 2165 2288 ofﬁcio
2194 2237 2412 2299 castitas
2434 2237 2739 2312 coniugum,
2770 2239 2907 2303 etde
2940 2255 3046 2309 quo
3082 2241 3221 2307 malo
3250 2241 3460 2297 ducitur
3488 2257 3574 2320 ge—

1989 2325 2278 2380 nerationis
2315 2327 2558 2385 obnoxia:
2591 2328 2881 2396 vinculum,
2913 2332 3320 2401 regeneratione
3369 2331 3575 2399 suivem

1987 2417 2111 2474 dum
2138 2419 2178 2470 ¹.

2059 2509 2244 2571 LXXI.
2264 2510 2384 2571 .luL.
2414 2511 2520 2567 Sed
2549 2511 2616 2577 de
2636 2511 2740 2568 hoc
2769 2513 2897 2570 satis
2926 2513 3016 2582 sit,
3041 2527 3181 2579 nunc
3195 2529 3316 2585 qua:
3336 2529 3571 2589 sequuti-.-

1990 2611 2072 2659 tur
2097 2603 2369 2671 arripiam.
2405 2622 2423 2656 ι
2454 2604 2509 2663 ln
2532 2619 2759 2674 corpore
2789 2604 2947 2675 igitur
2992 2604 3180 2669 mortis
3211 2604 3394 2675 hujus,
3412 2606 3571 2675 quale

1988 2694 2043 2749 in
2075 2693 2323 2764 paradiso
2368 2704 2494 2751 ante
2543 2704 2844 2767 peccatum,
2872 2695 3113 2766 profecto
3157 2711 3262 2752 non
3284 2704 3401 2760 erat
3421 2736 3438 2765 ,
3469 2695 3576 2759 alia

1986 2787 2073 2851 lex
2100 2788 2152 2843 in
2184 2788 2439 2847 membris
2464 2790 2662 2845 nostris
2712 2790 3013 2863 repugnat’
3046 2788 3149 2860 tegi
3177 2789 3376 2855 mentis
3407 2807 3421 2843 :
3453 2789 3575 2860 quia

1988 2888 2043 2941 et
2066 2879 2279 2950 quando
2307 2880 2581 2945 nolumus.
2609 2888 2663 2936 et
2691 2880 2905 2951 quando
2934 2896 3040 2947 non.
3061 2880 3450 2947 musentimus,
3478 2894 3577 2945 nec

1988 2973 2038 3028 ei
2068 2972 2311 3037 membra
2336 2982 2517 3035 nostra
2536 2972 2829 3042 utimpleat
2852 2972 2994 3043 quod
3019 2973 3222 3049 appetit
3238 2973 3574 3041 exitibmnus;

1988 3062 2193 3131 habitat
2224 3073 2408 3131 tam“!
2431 3064 2485 3120 in
2514 3063 2615 3130 eis,
2653 3074 2708 3119 et
2760 3073 2994 3129 mentem
3044 3063 3384 3133 resistentem
3422 3078 3576 3133 repu-

1986 3163 2346 3227 gnantemque
2375 3154 2650 3221 sollicitat;
2683 3162 2740 3213 ut
2763 3154 2880 3225 ipse
2906 3153 3187 3215 conflictus
3232 3154 3446 3219 etiamsi
3470 3168 3578 3223 non

1987 3246 2420 3313 sitdamnabilis,
2453 3248 2578 3318 quia
2609 3262 2716 3315 non
2749 3246 2958 3322 perﬁcit
3011 3247 3376 3319 iniquitatem;
3400 3247 3473 3311 sit
3497 3255 3580 3313 ta-

1989 3353 2111 3403 men
2176 3336 2495 3407 miserabilis
2527 3380 2543 3405 ,
2594 3340 2718 3413 quia
2767 3354 2874 3395 non
2920 3339 3082 3396 habet
3129 3355 3315 3411 pacem
3364 3357 3385 3392 ι
3438 3340 3460 3411 (
3501 3338 3575 3399 De

1992 3428 2203 3500 Nuptiis
2251 3438 2296 3484 et
2351 3428 2802 3502 Concupiscentia,
2833 3430 2920 3497 lib.
2969 3430 3048 3499 2,
3103 3448 3157 3486 τι.
3207 3431 3305 3501 6).
3352 3428 3580 3497 Nature-.-

1993 3521 2099 3581 lem
2139 3534 2257 3575 esse
2279 3521 2518 3579 omnium
2564 3536 2819 3583 sensuum
2870 3521 3197 3591 voluptatem
3224 3562 3240 3588 ,
3271 3520 3579 3587 testimonio

1991 3613 2353 3671 universitatis
2375 3612 2630 3677 docemus
2650 3611 2693 3663 ³.
2728 3613 2875 3675 lianc
2930 3619 3107 3666 autem
3152 3610 3481 3683 voluptatem
3525 3617 3580 3665 et

1989 3703 2473 3773 concupiscentiam
2506 3701 2527 3729 ‘
2556 3709 2680 3765 ante
2711 3709 2996 3781 peccatum
3038 3701 3090 3756 in
3118 3699 3366 3772 paradiso
3388 3698 3575 3766 fuisse,

1989 3810 2075 3850 res
2104 3794 2191 3849 illa
2222 3794 2477 3857 declarat,
2509 3793 2632 3864 quia
2658 3790 2726 3857 ad
2747 3792 3005 3859 delictum
3055 3792 3139 3855 via
3182 3807 3275 3864 per
3320 3791 3579 3861 concupi-

1989 3887 2248 3953 scentiam
2278 3886 2397 3955 fuit,
2421 3901 2539 3957 quae
2564 3900 2686 3945 cum
2715 3883 2863 3956 pomi
2883 3883 3081 3938 decore
3126 3881 3313 3955 oculos
3358 3882 3578 3938 incitas-

1990 3990 2094 4049 set,
2134 3996 2286 4052 Spem
2315 3980 2475 4036 etiam
2510 3977 2733 4053 iucundi
2762 3976 2989 4041 irritavit
3018 3975 3247 4048 saporis.
3279 3974 3396 4045 Non
3442 3988 3571 4046 ergo

1990 4071 2160 4143 potuit
2186 4070 2303 4129 haec
2326 4070 2779 4141 concupiscentia,
2810 4083 2928 4145 qua:
2945 4083 3066 4123 cum
3096 4067 3313 4137 modum
3346 4082 3452 4122 non
3482 4073 3568 4123 te,

1990 4172 2101 4229 net,
2136 4169 2352 4233 peccat;
2397 4176 2520 4216 cum
2565 4175 2694 4215 vero
2741 4159 2877 4217 intra
2927 4159 3151 4217 limitem
3201 4172 3581 4221 consessorum

1991 4264 2225 4323 tenetur,
2257 4253 2467 4310 aii‘cctio
2490 4251 2750 4313 naturalis
2792 4259 2847 4307 et
2886 4251 3149 4311 innocens
3172 4260 3254 4306 est
3287 4268 3300 4304 :
3331 4267 3457 4316 non,
3492 4250 3577 4305 in-

1988 4362 2170 4427 quam,
2203 4348 2376 4417 potuit
2396 4343 2598 4413 fructus
2624 4358 2744 4401 esse
2775 4343 2981 4423 peccati
3007 4382 3021 4408 ,
3051 4358 3170 4414 quae
3196 4341 3441 4408 docetur,
3471 4357 3580 4397 nou

1988 4452 2087 4493 suo
2118 4437 2336 4508 quidem
2359 4436 2510 4501 vitio,
2540 4434 2635 4490 sed
2665 4434 2977 4502 voluntatis,
3005 4430 3217 4490 occasio
3247 4431 3418 4490 fuisse
3448 4447 3575 4503 pec-

1989 4530 2114 4582 cati.
2143 4527 2286 4600 Lege
2313 4535 2368 4583 et
2395 4527 2462 4583 de
2479 4527 2585 4585 hoc
2614 4527 2905 4597 secundum
2936 4527 3132 4585 librum
3177 4540 3360 4583 meum
3386 4544 3399 4579 :
3425 4526 3581 4583 inve:

1991 4622 2107 4676 nies
2133 4623 2234 4677 hoc
2258 4620 2401 4695 quod
2431 4620 2660 4681 dicimus
2688 4619 2849 4675 etiam
2876 4627 2967 4672 tuo
3011 4631 3170 4693 posse
3216 4618 3396 4685 animo
3453 4632 3574 4689 per-

1992 4714 2222 4771 suaderi.
2251 4713 2404 4782 Quod
2435 4727 2563 4769 vero
2593 4712 2744 4781 quasi
2784 4710 2997 4769 acutule
3018 4711 3039 4743 '
3083 4711 3304 4781 posuisti
3331 4754 3348 4781 ,
3396 4712 3572 4782 legem

1991 4805 2206 4878 quidem
2234 4807 2434 4878 peccati
2465 4820 2586 4861 esse
2626 4805 2679 4860 in
2725 4805 2977 4863 membris
3033 4804 3266 4872 nostris;
3305 4805 3397 4873 sed
3453 4815 3580 4879 tunc

1992 4897 2189 4953 habere
2217 4904 2512 4967 peccatum,
2550 4895 2764 4967 quando
2811 4895 3210 4955 consentimus:
3264 4905 3389 4953 tunc
3438 4911 3572 4963 vero

1991 4987 2162 5043 solum
2192 4986 2434 5059 praelium
2462 4987 2739 5053 suscitare,
2764 4984 2979 5059 quando
3006 5002 3112 5055 non
3153 4984 3525 5049 consentimus
3552 5028 3571 5058 ,

2056 5182 2073 5213 ι
2094 5180 2233 5240 mliti,
2256 5174 2561 5229 saluandam.

2054 5244 2075 5275 ³
2097 5234 2239 5315 aliti];
2250 5252 2539 5315 repagulum.
2558 5238 2673 5288 Vide
2695 5250 2858 5301 supra,
2880 5236 2946 5288 de
2966 5238 3147 5301 Nuptiis
3162 5242 3215 5287 et
3235 5234 3571 5301 Concupiscet»

1989 5305 2076 5441 ἦ
2098 5302 2256 5441 $533
3184 5360 3467 5441 4m:
3489 5369 3581 5441 te

1988 5428 2123 5500 rius,
2171 5420 2283 5476 nam
2313 5424 2375 5475 ad
2411 5425 2505 5476 hoc
2544 5424 2813 5487 respondet
2845 5424 3171 5487 Augustinus,
3213 5423 3387 5473 docere
3420 5425 3467 5470 te
3498 5420 3581 5485 tti-

1990 5501 2078 5621 θέε
2097 5547 2459 5621 Sicyonem.
2482 5548 2762 5621 Vigulerius
2793 5547 3276 5621 vero}.

1989 5616 2060 5666 sis
2103 5613 2259 5663 codex
2305 5611 2481 5660 omissa
2524 5603 2699 5660 e'adem
2744 5603 2977 5671 particula
3017 5603 3241 5667 praefert,
3287 5603 3577 5671 ostentatum

2182 5671 2436 5735 iscentiam.
2476 5673 2708 5735 inertique
2744 5667 2901 5719 codex
2924 5734 2929 5735 ν
2949 5672 3194 5735 Portarum
3232 5667 3492 5735 omittens,
3529 5673 3575 5716 et

1991 5724 2449 5801 cantabam,
2472 5724 2663 5783 habet':
2691 5740 2828 5782 Hanc
2849 5734 3010 5781 autaut
3031 5724 3320 5790 ωιαριαιαη
3340 5732 3449 5778 ωηο
3468 5724 3571 5793 με.

2060 5830 2221 5913 Tuis.
2244 5867 2356 5912 lar.
2381 5864 2436 5910 et
2453 5857 2598 5919 Clar.,
2620 5854 2752 5907 utile.
