4068 6486
583 391 723 450 1095

582 517 638 566 ει
663 507 898 563 indicere
921 501 1192 558 miseriam
1216 513 1349 570 pace
1373 497 1604 558 turbata;
1635 493 1756 565 quis
1797 507 1904 546 non
1937 488 2171 560 prudens

589 613 826 670 pugnare
847 593 1160 668 perspiciat?
1185 592 1320 646 Nam
1345 589 1388 644 si
1413 590 1499 644 lex
1533 587 1758 658 peccati,
1789 585 1842 638 id
1861 593 1964 650 est,
1997 595 2176 651 pecca-

586 701 720 755 tum,
751 699 805 746 et
825 688 1118 744 necessitas
1147 684 1352 756 peccati
1391 681 1648 738 membris
1679 687 1764 736 est
1791 679 1990 732 inserta
2021 683 2176 730 natu-

585 781 790 847 raliter;
821 778 947 850 quid
987 777 1206 850 prodest
1251 791 1358 832 non
1389 775 1438 832 ei
1471 775 1488 807 ¹
1522 774 1766 846 praebere
1796 783 2118 826 consensum
2157 810 2173 837 ,

583 887 704 930 cum
731 883 948 942 propter
970 871 1074 926 hoc
1097 870 1270 941 ipsum
1305 868 1448 939 quod
1475 877 1559 923 est
1582 909 1597 934 ,
1632 880 1856 921 necesse
1891 865 1962 920 sit
1991 862 2173 919 subire

585 963 929 1034 supplicium?
957 963 1064 1017 Aut
1090 963 1134 1016 si
1164 971 1248 1017 est
1273 961 1362 1016 lex
1383 957 1597 1028 quidem
1625 957 1848 1028 peccati,
1879 955 1972 1010 sed
2003 969 2178 1024 quan-

583 1055 654 1112 do
679 1056 727 1110 ei
757 1070 865 1113 non
888 1054 1169 1110 consentio
1195 1068 1300 1108 non
1332 1061 1520 1123 peccat
1539 1053 1561 1084 '
1592 1069 1606 1118 ;
1639 1049 2030 1105 inaestimabilis
2073 1063 2174 1119 po-

589 1149 753 1203 tentia
775 1146 1064 1202 voluntatis
1091 1147 1338 1200 humanaa
1365 1187 1378 1210 ,
1411 1159 1529 1214 quze
1562 1143 1628 1212 (si
1651 1142 1756 1197 dici
1783 1141 2060 1212 permittat
2085 1139 2178 1194 ab-

589 1238 842 1313 surditas)
860 1239 1001 1309 cogit
1017 1238 1188 1308 ipsum
1205 1252 1309 1291 non
1325 1251 1548 1306 peccare
1563 1243 1866 1306 peccatum.
1881 1232 1987 1288 Sed
2001 1247 2180 1287 rever-

592 1331 720 1386 titur
741 1346 830 1398 eo,
861 1339 920 1385 ut
947 1328 1087 1399 quod
1107 1327 1243 1382 dicis
1263 1335 1541 1398 asystaton
1567 1327 1636 1380 sit
1660 1343 1674 1379 :
1707 1339 1832 1379 nam
1858 1324 1903 1378 si
1923 1337 2026 1378 non
2055 1339 2179 1394 pec-

588 1431 696 1486 cat,
720 1435 819 1477 nec
844 1421 930 1477 lex
979 1419 1182 1490 peccati
1213 1427 1334 1484 est;
1363 1419 1406 1472 si
1439 1419 1528 1473 lex
1575 1417 1780 1487 peccati
1811 1425 1913 1483 est,
1947 1423 2134 1485 peccat
2159 1431 2171 1468 :

585 1516 630 1571 si
655 1530 782 1571 vero
803 1523 1008 1586 peccat,
1031 1513 1206 1570 solum
1227 1512 1349 1583 quia
1377 1521 1481 1578 est,
1504 1509 1774 1581 quomodo
1791 1510 1838 1564 ei
1868 1509 2060 1564 obsisti
2085 1523 2179 1579 po-

586 1615 691 1662 test
719 1613 902 1661 utnon
931 1612 1204 1677 peccetur,
1227 1619 1347 1674 quae
1371 1601 1562 1673 repelli
1584 1615 1690 1656 non
1710 1607 1889 1671 potest
1917 1607 1980 1654 ut;
1998 1613 2028 1654 a
2053 1613 2178 1669 pec-

586 1698 692 1753 cati
721 1713 884 1769 opere
907 1697 1202 1753 desinatur.

659 1793 793 1849 Anc.
833 1790 1079 1846 Secundo
1111 1790 1246 1845 libro
1278 1799 1367 1844 tuo
1389 1789 1498 1859 jam
1527 1787 1780 1857 respondi
1807 1794 1998 1857 quarto
2027 1801 2170 1852 meo,

587 1891 746 1952 teque
775 1883 953 1937 inania
978 1880 1180 1936 dixisse
1203 1880 1410 1936 convici
1449 1898 1462 1934 :
1492 1879 1584 1934 sed
1615 1878 1828 1934 videant
1854 1877 1940 1948 qui
1973 1879 2171 1949 legunt,

586 1983 766 2028 utrum
797 1971 1229 2042 respondendum
1258 1973 1326 2026 sit
1358 1971 1583 2036 homini,
1614 1971 1704 2041 qui
1731 1970 1784 2024 in
1819 1978 2017 2024 tantam
2051 1983 2176 2039 pro-

582 2065 823 2138 greditur
859 2065 1120 2120 insaniam
1145 2105 1161 2132 ,
1203 2072 1270 2118 ut;
1303 2079 1424 2119 cum
1451 2061 1700 2134 fateatur
1743 2062 1763 2094 ³
1813 2062 2009 2116 malum
2055 2075 2177 2116 esse

583 2165 882 2228 peccatum,
911 2157 1106 2212 bonam
1135 2155 1158 2188 ⁸
1187 2171 1305 2210 esse
1332 2156 1475 2210 dicat
1517 2155 2006 2224 concupiscentiam
2051 2169 2176 2224 pec-

585 2257 847 2306 catorum.
885 2249 954 2304 Et
981 2259 1160 2304 tamen
1191 2249 1518 2318 respondere
1547 2247 1937 2315 compellimur,
1987 2247 2176 2302 nolen-

583 2347 665 2395 tes
689 2339 940 2397 deserere
967 2341 1240 2396 hominum
1269 2339 1478 2410 ingenia
1512 2338 1766 2406 tardiora,
1793 2338 1860 2392 ad
1895 2353 2028 2408 quos
2062 2340 2177 2394 istm

586 2431 778 2488 littera:
809 2435 1078 2503 potuerint
1117 2433 1416 2502 pervenire.
1454 2431 1590 2498 Quid
1637 2441 1720 2485 εει
1748 2445 1877 2500 ergo
1906 2430 2046 2500 quod
2091 2431 2175 2486 lo-

583 2525 784 2596 queris,
816 2525 1064 2580 nesciens
1093 2523 1218 2595 quid
1259 2522 1527 2594 loquaris?
1569 2523 1781 2592 Ergone
1823 2531 1879 2577 et
1922 2523 1976 2577 in
2021 2539 2176 2593 para-

582 2617 702 2673 diso
731 2629 854 2673 ante
885 2616 1182 2672 malesuadi
1207 2616 1229 2649 ⁵
1264 2629 1469 2672 venena
1505 2615 1773 2687 serpentis
1793 2656 1806 2679 ,
1839 2625 1966 2668 ante
1994 2628 2182 2668 corru-

583 2719 730 2779 ptam
757 2724 1007 2766 sermone
1033 2709 1294 2778 sacrilego
1313 2709 1661 2770 voluntatem,
1689 2707 1855 2761 illiciti
1879 2706 1984 2760 cibi
2013 2705 2177 2760 libido

581 2801 690 2872 jam
719 2801 855 2857 fuit?
885 2811 967 2868 et,
997 2803 1139 2874 quod
1171 2802 1562 2857 intolerabilius
1609 2799 1821 2868 dicitur,
1867 2800 1932 2854 ad
1978 2801 2175 2854 malum

579 2890 946 2963 provocabat,
989 2899 1045 2946 et
1073 2893 1212 2946 mala
1240 2905 1347 2947 non
1379 2891 1510 2946 fuit?
1535 2897 1589 2945 et
1615 2889 1864 2945 videbant
1889 2887 1966 2942 illi
2002 2887 2178 2943 homi-

579 2994 682 3036 nes
711 2975 942 3034 fructum
989 2979 1115 3049 ligni
1147 2979 1436 3049 prohibiti,
1469 2985 1525 3032 et
1552 2977 1964 3048 concupiscebat
1989 2975 2031 3042 ⁸,
2076 2976 2174 3032 sed

581 3077 641 3124 ut
685 3084 790 3125 non
821 3069 1239 3135 manducarent,
1270 3069 1702 3138 concupiscentia
1733 3066 1951 3136 spiritus
1997 3066 2176 3120 carnis

581 3161 1029 3231 concupiscentiae
1043 3159 1392 3230 repugnabat;
1407 3157 1721 3213 etvivebant
1737 3158 1788 3211 in
1807 3157 1924 3210 loco
1947 3157 2036 3210 illo
2053 3165 2173 3210 tan-

583 3260 652 3306 tae
671 3251 1016 3305 beatitudinis
1041 3267 1145 3304 non
1174 3250 1432 3305 habentes
1455 3248 1506 3302 in
1531 3263 1592 3304 se
1614 3248 1745 3318 ipsis
1766 3261 1951 3318 pacem
1980 3247 2174 3303 mentis

581 3348 637 3396 et
663 3341 940 3410 corporis?
972 3339 1088 3396 Non
1121 3356 1288 3410 usque
1314 3340 1448 3396 adeo
1481 3339 1764 3395 dementes
1805 3340 1957 3406 estis,
1989 3352 2044 3395 ut
2071 3341 2172 3395 ista

581 3433 846 3500 credatis;
891 3449 996 3488 non
1028 3449 1197 3504 usque
1225 3433 1361 3489 adeo
1391 3431 1746 3502 impudentes,
1777 3441 1834 3487 ut
1879 3433 1979 3488 ista
2023 3433 2172 3489 dica-

583 3525 674 3582 tis.
725 3525 866 3596 Ergo
909 3525 1209 3597 intelligite,
1262 3525 1347 3580 vel
1393 3523 1813 3595 intelligentibus
1856 3526 2171 3596 obstrepere

585 3633 724 3673 vana
749 3619 1068 3689 loquacitate
1092 3620 1274 3674 nolite.
1303 3619 1582 3674 Praecessit
1610 3619 1746 3672 mala
1775 3621 2044 3686 voluntas,
2070 3634 2172 3690 qua

583 3711 818 3781 serpenti
844 3709 1070 3766 subdolo
1100 3711 1441 3777 crederetur;
1470 3719 1525 3766 et
1549 3720 1731 3767 secuta
1761 3719 1844 3766 est
1874 3713 2009 3765 mala
2041 3727 2171 3766 con-

583 3802 933 3872 cupiscentia,
961 3817 1062 3872 qua
1093 3801 1214 3856 cibo
1250 3801 1546 3856 inhiaretur
1584 3802 1790 3857 illicito.
1831 3801 1946 3858 Non
1993 3803 2172 3873 itaque

581 3893 653 3949 ibi
681 3895 1085 3966 qualiscumque
1111 3893 1375 3964 cupiditas
1401 3895 1774 3966 qualicumque
1803 3896 2059 3952 reluctata
2085 3905 2170 3952 est

579 3986 874 4053 voluntati;
912 3986 1008 4042 scd
1038 3987 1088 4042 ei
1133 3989 1309 4057 potius
1347 3987 1651 4056 depravatae
1681 3989 1701 4020 ⁷
1741 3987 2026 4058 depravata
2053 4004 2172 4045 ser-

580 4080 728 4134 vivit.
761 4081 836 4135 Ac
859 4095 956 4151 per
981 4080 1086 4136 hoc
1111 4081 1355 4151 quamvis
1377 4081 1490 4150 jam
1537 4089 1761 4150 utraque
1805 4083 1942 4136 mala
1986 4093 2163 4149 esset,

581 4181 760 4230 tamen
787 4175 1034 4229 voluntas
1058 4175 1426 4243 cupiditatem,
1465 4188 1569 4228 non
1609 4175 1934 4229 voluntatem
1965 4175 2170 4244 cupidi-

587 4275 668 4318 tas
691 4265 880 4320 duxit:
915 4282 1018 4319 non
1055 4267 1324 4335 prmeessit
1352 4265 1697 4331 voluntatem,
1729 4281 1827 4320 nec
1849 4265 2046 4321 restitit
2071 4281 2170 4322 vo-

581 4357 792 4412 luntati.
823 4358 1081 4428 Denique,
1109 4357 1152 4411 si
1178 4367 1301 4411 ante
1325 4357 1532 4428 peccati
1557 4360 2070 4414 consummationem
2101 4359 2169 4413 ab

573 4465 744 4521 opere
785 4449 972 4506 illicito
1012 4459 1346 4506 averteretur
1372 4449 1638 4514 voluntas,
1671 4451 1787 4506 sine
1835 4451 2017 4507 labore
2060 4451 2168 4506 ullo

575 4543 844 4613 cupiditas
888 4542 1070 4598 illicita
1127 4541 1427 4599 sedaretur.
1481 4543 1662 4598 Hinc‘I
1708 4545 1932 4615 loquens
1977 4546 2168 4602 beatus

579 4635 931 4693 Ambrosius:
971 4655 990 4689 ‹
1027 4636 1184 4704 Caro,
1224 4655 1243 4689 ›
1277 4637 1465 4707 inquit,
1506 4655 1525 4688 ι
1559 4636 1611 4691 in
1645 4647 1887 4691 naturam
1922 4653 2166 4708 regressa

581 4732 776 4802 vigoris
809 4731 910 4794 sui,
941 4733 1180 4801 agnoscit
1221 4731 1493 4796 altricem;
1541 4741 1699 4802 atque
1747 4747 1876 4785 ausu
1921 4733 2166 4802 deposito

577 4823 952 4888 contumaciae,
993 4822 1415 4876 moderationis9
1456 4822 1646 4876 animm
1684 4823 2000 4893 conjugatnr
2023 4825 2165 4880 arbi-

577 4915 719 4970 trio:
752 4915 926 4986 qualis
953 4917 1076 4978 t’uit,
1124 4929 1244 4968 cum
1291 4914 1631 4968 inhabitanda
1683 4915 1911 4985 paradisi
1956 4926 2161 4974 secreta

580 5007 837 5076 suscepit,
878 5015 1160 5075 antequam
1189 5021 1396 5060 veneno
1439 5005 1673 5076 pestiferi
1722 5009 1984 5076 serpentis
2023 5009 2158 5066 infe-

573 5109 657 5156 cta
687 5099 998 5169 sacrilegam
1042 5097 1236 5154 famem
1274 5099 1468 5158 sciret.
1499 5097 1908 5171 divinorumque
1952 5117 2158 5159 memo-

638 5210 654 5241 ¹
672 5210 808 5269 Editi,
832 5209 1050 5268 eis.Mss.,
1067 5223 1130 5260 et.

635 5273 654 5304 ¹
680 5279 792 5322 Mar.
809 5279 912 5332 Ms,
927 5283 1021 5321 non
1035 5284 1197 5332 pecco.

637 5335 659 5399 ἓ
688 5335 827 5399 Editi,
844 5341 896 5386 tu
920 5335 1219 5399 conﬁteatur.
1267 5341 1394 5396 Mss,
1421 5340 1476 5385 ut
1507 5349 1617 5386 cum
1648 5337 1872 5399 fateatur.

631 5395 655 5428 δ
677 5397 838 5448 Codex
863 5395 1017 5450 νει-ιη’
1034 5396 1222 5448 bonum

632 5459 654 5522 ξ
679 5468 783 5522 Mss.
809 5466 921 5510 Mar.
949 5466 1002 5509 et
1030 5458 1178 5522 iclar.,
1210 5457 1505 5511 malesuada.
1538 5468 1683 5522 Port.,
1719 5459 2003 5522 mlesuasa.

567 5520 1250 5634 "bgdtilfcllgtgrmupiscebant.
1275 5531 1332 5574 At
1359 5530 1490 5585 Mss“
1513 5520 1887 5586 mariscam.
1915 5521 2056 5574 Refer
2091 5523 2154 5574 Id

637 5597 834 5634 ιαιηεω.

633 5645 654 5712 Ῐ
673 5653 728 5712 tn_
736 5647 888 5712 editis
908 5647 1143 5712 omissum
1155 5646 1332 5708 fuerat,
1354 5648 1642 5712 depravatae.

630 5706 806 5770 EEditi,
829 5707 916 5759 sic.
941 5716 1068 5768 Mss,
1091 5707 1222 5760 hinc.

633 5769 665 5838 ’_
678 5769 806 5838 apud
831 5771 1142 5838 ambrosiam,
1158 5784 1346 5823 necnon
1361 5785 1524 5836 supra,
1546 5771 1632 5823 lib.
1657 5770 1690 5821 2
1709 5778 1874 5824 contra
1894 5772 2154 5838 lulianum,

567 5839 618 5878 ιι.
647 5831 725 5892 to,
747 5831 1054 5884 moderantis.

1253 377 1500 438 OPERIS
1537 369 1954 432 IMPERFECTI
1993 368 2269 426 CONTRA
2309 365 2670 434 JULIANUM,
2713 367 2774 424 S.
2813 365 3183 426 AUGUSTINI

3718 373 3834 431 ιοθε

2287 485 2421 539 riam
2455 493 2836 555 praeceptorum
2869 487 3060 540 animre
3085 482 3330 540 sensibus
3359 481 3700 542 inhaerentem
3727 487 3835 544 eda-

2287 577 2466 632 citatis
2513 577 2688 632 studio
2733 578 3048 648 praeteriret.
3100 577 3237 632 Hinc
3292 585 3566 648 peceatum
3619 594 3830 638 manasse

2289 669 2530 738 proditur
2551 671 2588 734 ³,
2623 679 2870 741 tanquam
2911 685 3136 740 corpore
3174 671 3456 740 animaque
3494 671 3830 740 genitoribus:

2286 761 2412 817 dum
2439 765 2682 834 corporis
2709 776 2893 821 natura
2923 775 3176 834 tentatur,
3203 768 3376 821 anima
3404 767 3542 823 male
3567 782 3689 824 sana
3711 785 3836 828 com-

2289 859 2520 929 patitur;
2549 875 2670 930 qua:
2697 862 2740 915 si
2769 863 3132 931 appetentiam
3161 863 3403 933 corporis
3441 861 3767 932 reirenasset,
3793 863 3834 921 in

2289 951 2404 1022 ipso
2429 959 2550 1006 ortu
2577 961 2720 1008 esset
2745 954 3002 1008 exstincta
3031 955 3179 1024 origo
3215 953 3422 1026 peccati
3469 972 3488 1006 ι
3520 953 3666 1024 (Lib.
3705 955 3766 1018 7,
3799 955 3840 1010 in

2287 1041 2412 1098 Luc.
2440 1060 2536 1111 xu,
2565 1043 2680 1114 52).
2711 1044 2941 1101 Videsne
2965 1047 3413 1116 quemadmodum
3440 1045 3629 1101 doctor
3651 1047 3838 1102 cathdli-

2287 1149 2400 1204 cus,
2432 1144 2486 1190 et
2509 1135 2798 1191 christiana
2829 1137 3085 1206 sapientia
3115 1138 3369 1208 praeditus
3391 1179 3403 1202 ,
3441 1137 3611 1206 ipsam
3641 1136 3735 1192 cibi
3763 1138 3841 1192 illi-

2287 1227 2378 1280 citi
2407 1228 2914 1297 concupiscentiam,
2957 1245 3114 1301 quam
3162 1240 3214 1285 tu
3241 1272 3256 1298 ,
3302 1230 3346 1286 si
3391 1245 3498 1286 non
3539 1231 3842 1300 permittatur

2287 1318 2510 1388 implere
2547 1319 2688 1390 quod
2731 1322 2969 1392 appetit,
3014 1322 3211 1376 asseris
3241 1321 3588 1376 innocentem
3612 1361 3628 1386 ,
3665 1321 3764 1390 jam
3789 1323 3844 1378 la-

2287 1427 2428 1466 mem
2457 1412 2770 1484 sacrilegam
2800 1413 3157 1484 nuncupavit?
3185 1413 3252 1468 Et
3293 1423 3472 1468 tamen
3500 1413 3546 1466 si
3577 1413 3746 1468 anima
3765 1415 3844 1470 uti-

2287 1518 2392 1573 que
2431 1504 2706 1560 voluntate
2733 1519 2999 1572 correcta,
3053 1507 3190 1561 banc
3225 1504 3592 1576 appetentiam
3641 1505 3844 1576 corporis

2287 1595 2627 1662 refrenasset,
2677 1597 2729 1652 in
2773 1598 2926 1669 ipso,
2958 1607 3015 1652 ut
3053 1599 3164 1664 ait,
3195 1607 3386 1654 exortu
3429 1599 3694 1653 exstincta
3734 1607 3846 1652 esset

2285 1693 2437 1763 origo
2457 1694 2658 1763 peccati
2685 1712 2700 1748 :
2727 1694 2823 1750 sed
2837 1698 3088 1765 quoniam
3116 1710 3221 1752 non
3251 1697 3532 1766 represso’
3551 1697 3777 1766 appetitu
3800 1695 3846 1750 il-

2287 1786 2414 1840 liciti
2454 1787 2598 1853 cibi,
2643 1787 2710 1841 ad
2752 1788 2954 1858 peccati
3005 1789 3520 1844 consummationem
3565 1797 3845 1857 perventum

2285 1891 2395 1948 est;
2425 1897 2532 1936 non
2561 1881 2818 1936 exstincta
2846 1889 2928 1936 est
2955 1882 3107 1952 origo
3137 1881 3360 1952 peccati,
3387 1879 3483 1936 sed
3510 1881 3674 1935 etiam
3702 1895 3844 1934 unaua-

2285 1977 2362 2031 vit
2385 1977 2438 2030 in
2465 1985 2742 2044 posteros:
2771 1983 2826 2030 et
2853 1984 2993 2030 tanta
3026 1983 3107 2030 est
3129 1975 3308 2030 carnis
3331 1982 3386 2029 et
3421 1974 3651 2044 spiritus
3675 1973 3848 2028 dissen-

2265 2070 2366 2124 sio
2391 2069 2692 2132 subsecuta,
2721 2076 2780 2122 ut
2808 2067 2860 2122 in
2907 2077 3174 2130 naturam,
3222 2067 3360 2124 sicut
3386 2066 3526 2122 idem
3559 2067 3747 2122 (luctor
3767 2067 3848 2120 alio

2285 2162 2404 2218 loco
2425 2161 2574 2228 dicit,
2605 2177 2700 2230 per
2733 2161 3224 2231 praevaricationem
3255 2160 3414 2230 primi
3443 2159 3682 2214 hominis
3704 2169 3851 2214 verte-

2284 2264 2431 2309 retur
2461 2253 2645 2326 (lbid.,
2677 2272 2727 2308 η.
2761 2255 2908 2324 Ml).
2941 2252 3046 2308 Sed
3075 2263 3130 2308 tu
3158 2254 3416 2308 adversus
3441 2253 3574 2319 htec,
3617 2271 3636 2308 ‹
3671 2262 3852 2308 natura-

2287 2347 2394 2402 lem
2434 2362 2553 2401 esse
2599 2347 2836 2400 omnium
2883 2361 3136 2402 sensuum
3184 2347 3512 2417 voluptatem
3579 2346 3853 2402 :estimonio

2285 2441 2648 2496 universitatis
2678 2439 2871 2495 docere
2900 2449 2950 2494 te
2988 2439 3174 2494 rdicis
3207 2457 3220 2492 :
3267 2439 3418 2510 quasi
3449 2453 3556 2494 non
3605 2447 3776 2510 posset
3811 2437 3851 2490 in

2285 2550 2532 2605 corpore,
2573 2549 2680 2588 non
2731 2535 2918 2588 mortis
2949 2533 3106 2602 hujus
3126 2573 3142 2599 ,
3175 2532 3272 2588 sed
3301 2533 3422 2586 vita:
3449 2532 3613 2599 illius,
3659 2533 3728 2588 ita
3757 2543 3854 2586 esse

2285 2630 2523 2682 omnium
2579 2643 2834 2684 sensuum
2880 2627 3122 2696 voluptas
3189 2635 3393 2680 natura:
3455 2626 3766 2690 sufﬁciens,
3810 2631 3853 2678 ut

2253 2713 2493 2776 'sutmna
2521 2721 2572 2774 in
2601 2721 2720 2790 jura
2752 2721 2772 2751 ³
2805 2721 3013 2775 virtutis
3043 2720 3206 2773 animi
3237 2719 3520 2788 carnisque
3559 2715 3852 2782 concordia,

2283 2814 2428 2868 nulla
2469 2814 2976 2882 concupiscerentur
3005 2813 3208 2866 illicita.
3241 2810 3286 2866 Ο
3331 2827 3488 2880 quam
3517 2812 3744 2866 multum
3784 2823 3856 2862 er-

2284 2921 2394 2974 ras,
2422 2906 2512 2976 qui
2542 2921 2608 2962 ex
2637 2907 2756 2972 ista,
2785 2920 2904 2975 quae
2931 2919 3074 2958 nunc
3099 2911 3203 2968 est,
3239 2903 3686 2970 corruptibilitate
3722 2910 3860 2970 atque

2283 2993 2595 3048 inﬁrmitate
2617 3002 2826 3048 naturae
2848 3002 3060 3046 sanctas
3080 2991 3310 3061 paradisi
3321 2991 3543 3048 delicias
3557 3001 3720 3062 atque
3737 2990 3861 3046 illam

2285 3084 2667 3139 beatitudinem
2694 3083 2948 3152 conjicisl
2973 3083 3090 3137 Alia
3116 3090 3233 3138 erat
3257 3084 3344 3138 illa
3371 3083 3771 3149 immortalitas,
3793 3079 3865 3136 ubi

2285 3178 2448 3233 homo
2477 3187 2682 3247 poterat
2708 3193 2814 3232 non
2841 3177 2978 3232 mori
3004 3195 3019 3232 :
3045 3177 3146 3232 alia
3200 3183 3286 3232 εει
3311 3177 3411 3230 ista
3439 3178 3766 3245 mortalitas,
3794 3173 3868 3230 ubi

2286 3271 2447 3324 homo
2477 3285 2585 3324 non
2612 3279 2788 3340 potest
2816 3269 2920 3324 nisi
2947 3270 3080 3324 mori
3108 3287 3123 3320 ε
3152 3269 3252 3324 alia
3281 3269 3384 3324 erit
3409 3284 3614 3323 summa
3663 3270 3870 3326 immor-

2285 3362 2484 3424 talitas,
2520 3362 2608 3416 ubi
2639 3362 2800 3416 homo
2831 3377 2934 3416 non
2965 3361 3161 3432 poterit
3201 3361 3360 3416 mori.
3405 3361 3540 3430 Quid
3589 3360 3776 3431 litigas
3817 3359 3868 3417 de

2283 3454 2716 3524 concupiscentia
2741 3453 3002 3524 litigante,
3033 3454 3134 3508 hoc
3159 3463 3258 3518 est,
3289 3453 3358 3508 de
3387 3454 3503 3522 lege
3529 3452 3580 3506 in
3623 3453 3865 3509 membris

2283 3559 2615 3618 repugnante
2659 3547 2762 3617 legi
2813 3547 3043 3600 mentis?
3085 3545 3194 3600 Lex
3239 3548 3442 3615 peccati
3495 3543 3712 3610 dicitur,
3759 3545 3861 3615 quia

2283 3641 2472 3694 suadet
2501 3647 2713 3709 peccata
2753 3649 2932 3708 atque,
2965 3647 3024 3692 ut
3061 3637 3132 3692 ita
3158 3636 3406 3702 dixerim,
3448 3636 3632 3705 jubet;
3671 3647 3728 3692 et
3757 3636 3800 3690 si
3822 3635 3858 3689 ei

2283 3740 2462 3786 mente
2493 3733 2775 3796 serviatur,
2821 3731 2938 3785 sine
2981 3729 3326 3784 excusatione
3371 3737 3636 3798 peccatur.
3683 3727 3858 3783 Pecca-

2284 3833 2395 3879 tum
2419 3824 2639 3890 dicitur,
2668 3828 2790 3894 quia
2823 3832 3044 3893 peccato
3085 3821 3219 3876 facta
3257 3829 3360 3888 est,
3403 3822 3712 3892 appetitque
3750 3833 3832 3890 pec

2280 3935 2424 3974 care.
2465 3919 2666 3973 Beatus
2695 3917 2811 3987 ejus
2839 3917 3242 3987 regeneratione
3285 3917 3492 3970 solutus
3537 3924 3641 3981 est,
3683 3911 3854 3968 conﬁe

2277 4023 2394 4068 ctus
2423 4011 2539 4081 ejus
2567 4011 2632 4065 ad
2661 4025 2884 4080 agonem
2915 4009 3132 4064 relictus
3155 4019 3259 4064 est.
3289 4009 3482 4064 Malum
3525 4017 3626 4072 est,
3671 4009 3852 4064 clarum

2278 4114 2377 4160 est.
2409 4103 2526 4159 Non
2546 4104 2748 4158 viribus
2779 4113 2974 4156 nostrae
2992 4101 3308 4169 voluntatis,
3339 4113 3398 4157 ut
3423 4113 3598 4172 putas,
3627 4103 3748 4157 huic
3773 4101 3850 4155 ob-

2277 4200 2536 4262 sistimus,
2560 4199 2660 4253 nisi
2689 4198 2940 4252 divinitus
2969 4197 3308 4265 adjuvemur.
3347 4196 3730 4252 Debellaudum
3768 4195 3851 4248 hoc

2277 4295 2474 4350 malum
2513 4303 2618 4360 est,
2660 4309 2766 4347 non
2795 4291 3093 4362 negandum
3125 4308 3136 4342 :
3168 4291 3488 4346 vincendum
3517 4298 3624 4357 est,
3653 4305 3756 4345 non
3774 4289 3849 4344 de-

2279 4386 2622 4442 fendendum.
2657 4385 2954 4451 Postremo,
2983 4384 3026 4438 si
3055 4384 3106 4438 ei
3133 4383 3439 4448 censentis,
3473 4383 3673 4438 malum
3701 4397 3846 4452 agno-

2276 4496 2366 4536 sce
2411 4479 2683 4552 peccando
2718 4497 2732 4534 :
2773 4479 2820 4535 si
2869 4479 2920 4534 ei
2973 4477 3207 4540 resistis.
3250 4477 3448 4532 malum
3489 4491 3724 4548 agnosce
3767 4489 3846 4546 pu-

2273 4575 2505 4645 gnando.

2346 4666 2556 4722 LXXII.
2597 4666 2717 4722 Jun.
2757 4663 2855 4720 Vel
2895 4663 3022 4734 quid
3053 4661 3270 4732 prodest
3297 4661 3411 4730 ejus
3451 4661 3533 4716 rei
3562 4661 3837 4724 modestia,

2272 4761 2425 4832 cujus
2447 4767 2664 4814 accusat
2687 4773 2750 4813 se
2788 4757 2902 4827 ipsa
2945 4754 3265 4824 praesentia?
3299 4753 3426 4808 Vide
3452 4769 3582 4826 ergo
3623 4771 3729 4826 quo
3769 4763 3839 4806 tua

2270 4854 2516 4910 acumina
2547 4851 2924 4923 provehantur.
2949 4848 3152 4914 Primo,
3177 4848 3297 4918 quia
3320 4858 3504 4918 peccat
3531 4861 3718 4903 natura
3742 4847 3840 4902 sine

2270 4949 2541 5002 volimtate
2568 4965 2580 4998 :
2609 4942 2749 5014 quod
2796 4957 2899 4996 non
2931 4950 3124 5010 potest.
3161 4939 3428 5002 Secundo,
3463 4941 3584 5010 quia
3617 4949 3700 4996 est
3736 4953 3839 5009 pec-

2267 5053 2468 5104 catum,
2496 5047 2551 5094 et
2579 5053 2684 5092 non
2711 5043 2916 5106 peccat,
2949 5034 3000 5088 id
3029 5043 3132 5098 est,
3161 5049 3264 5088 una
3289 5049 3376 5088 res
3402 5043 3506 5098 est,
3536 5045 3592 5090 et
3623 5039 3836 5089 nonest.

2267 5132 2494 5197 Deinde,
2523 5128 2734 5202 quando
2763 5127 2938 5181 turbat
2969 5141 3154 5196 pacem
3177 5165 3194 5193 ,
3243 5127 3564 5182 miserabilis
3603 5135 3704 5194 est,
3751 5135 3836 5179 nec

2267 5241 2364 5297 pro
2393 5233 2539 5278 tanto
2565 5221 2790 5277 crimine
2815 5219 3065 5291 plectitur
3085 5218 3356 5289 dissipatae
3375 5221 3570 5291 quietis
3595 5240 3610 5278 :
3636 5217 3832 5292 quando

2263 5328 2440 5376 autem
2471 5316 2680 5388 perﬁcit
2710 5313 3076 5384 iniquitatem,
3107 5312 3424 5370 damnabilis
3467 5323 3570 5372 est.
3615 5314 3716 5372 Sed
3757 5313 3832 5366 lex

2261 5411 2463 5483 peccati
2489 5409 2628 5464 sicut
2647 5416 2884 5463 meretur
2903 5406 3015 5476 ipsa
3038 5415 3385 5472 tormentum,
3411 5407 3482 5463 ita
3510 5413 3728 5464 excusat
3749 5405 3831 5459 ho-

2263 5503 2424 5560 minis
2449 5502 2794 5558 voluntatem.
2827 5499 2960 5569 Quia
2997 5501 3082 5557 lex
3111 5511 3164 5558 et
3197 5517 3430 5574 cogens,
3458 5511 3514 5558 et
3556 5497 3827 5565 naturalis.

2325 5711 2343 5744 ι
2368 5709 2440 5760 sic
2461 5714 2567 5759 Mss.
2595 5707 2714 5758 Editi
2729 5718 2872 5768 vero,
2890 5702 3194 5768 pradicﬂur.
