4102 6486
320 319 460 376 1097

314 446 369 490 et
396 445 667 501 nunquam
708 427 999 492 recedens,
1039 427 1276 496 superari
1325 426 1504 496 utique
1549 441 1578 479 a
1623 426 1896 480 voluntate

314 540 421 580 non
453 532 662 592 potest:
691 529 745 574 et
771 534 929 574 nemo
959 528 1175 588 propter
1215 519 1316 572 hoc
1355 533 1478 571 reus
1503 527 1605 583 est,
1638 515 1776 585 quod
1816 514 1900 567 vi-

315 629 430 673 tare
459 632 564 670 non
594 615 783 686 potuit.
815 613 918 667 Sed
949 627 1046 666 nec
1075 612 1184 681 ipsa
1217 611 1302 666 lex
1349 619 1568 679 peccat:
1599 609 1722 678 quia
1752 606 1894 661 aliud

315 708 490 763 facere
529 721 636 760 non
683 704 872 774 potuit.
919 703 1060 757 Deus
1105 711 1282 757 autem
1328 699 1650 756 inevitabilia
1680 701 1695 730 ⁸
1729 698 1897 754 reatui

313 797 604 861 adscribit;
630 811 730 851 nec
757 805 813 850 ut
842 795 943 848 hoc
971 804 1173 848 tantum
1202 793 1325 848 mali
1354 793 1528 853 faciat,
1559 791 1627 845 ab
1656 790 1765 844 ullo
1807 803 1898 844 co-

313 892 494 961 gitur:
524 888 775 944 omnibus
805 887 962 955 igitur
988 886 1267 951 absolutis,
1301 885 1385 939 hic
1412 883 1555 938 solus
1583 881 1635 936 in
1675 881 1897 938 crimine

315 982 604 1051 reperitur,
633 982 720 1049 qui
753 981 884 1033 mira
917 979 1088 1032 fronte
1118 979 1339 1048 imputat
1361 978 1477 1031 aliis
1502 976 1896 1041 necessitatem,

315 1089 438 1128 cum
472 1073 586 1143 ipse
629 1071 746 1126 sine
791 1071 1111 1125 necessitate
1157 1069 1448 1139 delinquat.
1497 1067 1664 1122 Macte
1707 1068 1900 1123 virtute

322 1164 642 1235 prudentize,
669 1161 996 1216 nobilissime
1024 1161 1340 1229 disputator,
1380 1159 1468 1230 qui
1508 1159 1758 1230 gradibus
1794 1157 1900 1212 Pu-

319 1259 461 1313 nica
485 1256 772 1319 dialexeos,
807 1262 862 1308 ut
889 1253 1289 1308 commendares
1313 1251 1474 1318 dona,
1503 1251 1746 1329 evertisti
1759 1249 1902 1320 judi-

323 1348 444 1412 cia;
477 1355 532 1402 ut
569 1347 846 1400 simulares
891 1346 1152 1415 gratiam,
1199 1343 1452 1398 subruisti
1496 1343 1792 1412 justitiam;
1845 1351 1902 1398 ut

319 1439 609 1494 infamares
631 1447 903 1500 naturam,
923 1438 1234 1491 criminatus
1258 1451 1316 1490 es
1347 1434 1620 1489 hominum
1650 1433 1902 1489 Condito-

315 1544 471 1593 rem;
499 1538 555 1582 et
583 1527 655 1581 ita
684 1527 995 1581 criminatus
1023 1541 1082 1580 es
1101 1567 1116 1590 ,
1146 1535 1202 1580 ut
1231 1541 1335 1579 non
1367 1525 1537 1579 solum
1568 1524 1745 1593 aliquo
1773 1539 1901 1594 pec-

315 1620 621 1683 catore,sed
646 1619 755 1688 ipsa
777 1619 892 1688 lege
914 1618 1138 1688 peccati,
1155 1618 1295 1672 Deus
1319 1627 1437 1670 tuus
1461 1618 1733 1671 nocentior
1749 1631 1904 1688 appa-

314 1723 482 1768 reret.
501 1712 567 1766 Et
584 1720 702 1781 post
724 1711 836 1766 haec
858 1710 1226 1780 profanissime
1241 1709 1515 1764 catholicis
1540 1709 1904 1766 sacerdotibus

313 1807 617 1860 convicium
651 1804 800 1870 facis,
830 1814 887 1858 ut
915 1804 1060 1858 dicas
1087 1817 1180 1858 eos
1209 1818 1401 1872 negare
1427 1802 1647 1871 gratiam
1680 1802 1898 1869 Christi,

313 1896 468 1966 cujus
507 1895 811 1966 aequitatem
837 1903 1084 1949 tuentur:
1111 1909 1230 1948 cum
1261 1909 1358 1947 nos
1388 1892 1663 1948 laudemus
1687 1892 1901 1962 quidem

316 1990 655 2045 clementiam
684 1988 1062 2050 remediorum,
1086 1986 1178 2041 sed
1203 1986 1376 2055 legum
1399 1994 1648 2041 manente
1672 1985 1897 2054 justitia.

389 2083 525 2138 Anc.
590 2082 800 2138 Utinam
845 2081 1137 2136 catholicos
1184 2096 1504 2150 agnosceres
1561 2081 1898 2147 sacerdotes,

315 2173 408 2243 qui
439 2173 596 2242 longe
641 2174 948 2244 priusquam
977 2187 1098 2228 esse
1129 2171 1387 2242 coepistis,
1417 2172 1666 2227 dixerunt
1707 2188 1904 2228 concu-

317 2263 634 2333 piscentiam
677 2263 873 2326 carnis,
914 2278 1034 2333 qua:
1075 2263 1404 2332 concupiscit
1445 2263 1700 2319 adversus
1743 2265 1901 2332 spiri-

319 2365 456 2422 tum,
488 2355 731 2424 quamvis
759 2354 1018 2408 adversus
1046 2370 1163 2409 eam
1197 2356 1354 2410 etiam
1385 2355 1602 2424 Spiritus
1645 2358 1900 2425 concupi-

315 2459 452 2514 seat,
480 2465 599 2520 qua:
625 2449 710 2504 lex
747 2448 1061 2518 intelligitur
1084 2464 1203 2503 esse
1246 2450 1471 2518 peccati,
1505 2450 1758 2504 resistens
1801 2450 1902 2520 legi

318 2544 516 2600 mentis
541 2551 659 2612 post
685 2550 961 2612 peccatum
991 2542 1132 2612 quod
1172 2542 1223 2596 in
1264 2542 1511 2611 paradiso
1543 2551 1900 2612 perpetratum

320 2645 429 2700 est,
459 2635 738 2689 humanam
764 2619 978 2688 vitiasse
1006 2644 1247 2688 naturam
1275 2652 1287 2686 :
1317 2633 1460 2688 unde
1485 2633 1599 2688 sine
1623 2634 1712 2688 illa
1742 2633 1903 2689 modo

323 2728 566 2781 nascitur
593 2742 780 2792 nemo;
813 2726 968 2796 eique
995 2727 1214 2795 spiritus
1242 2725 1559 2780 adversatur
1589 2727 1643 2780 in
1672 2727 1899 2794 sanctis,

321 2827 383 2873 ut
401 2819 546 2887 juste
567 2818 762 2884 vivant,
790 2817 1072 2888 pugnando
1100 2827 1282 2872 contra
1315 2817 1479 2881 illam,
1506 2817 1680 2872 donec
1715 2815 1901 2887 perfe-

313 2922 401 2967 cta
433 2911 666 2966 hominis
695 2911 889 2977 salute,
931 2920 985 2966 et
1013 2925 1174 2966 carne
1203 2925 1324 2964 cum
1365 2910 1552 2981 spiritu
1596 2909 1903 2980 plenissime

314 3005 676 3061 concordante
723 3004 832 3072 jam
885 3019 990 3057 non
1044 3003 1134 3056 sit.
1201 3001 1337 3057 Dicit
1388 3002 1701 3056 Ambrosius
1729 3041 1745 3066 ,
1806 3017 1903 3070 per

310 3095 808 3167 praevaricationem
862 3094 1017 3164 primi
1065 3093 1300 3148 hominis
1353 3092 1405 3146 in
1473 3100 1713 3146 naturam
1774 3107 1901 3148 ver-

311 3187 444 3242 tisse
488 3186 877 3241 dissensionem
928 3185 1104 3249 carnjs
1139 3194 1194 3240 et
1235 3184 1490 3254 spiritus;
1539 3199 1762 3255 eamque
1786 3183 1897 3240 dis-

311 3277 619 3332 sensionem
650 3276 730 3331 sic
753 3277 775 3308 '
801 3274 1091 3346 Cyprianus
1117 3273 1369 3338 ostendit,
1399 3273 1449 3327 in
1477 3288 1582 3343 quo
1610 3275 1776 3329 Pteuo
1797 3274 1899 3328 Pu-

313 3369 492 3424 nicam
545 3368 818 3429 dialexitn,
851 3377 908 3421 ut
951 3376 1098 3437 puto,
1142 3367 1365 3422 irridere
1408 3382 1512 3421 non
1541 3366 1728 3428 audes.
1756 3366 1899 3435 quod

315 3457 498 3512 facere
523 3461 576 3512 in
605 3473 690 3512 me
712 3473 874 3512 ausus
901 3473 961 3512 es
987 3475 1000 3510 :
1031 3475 1051 3508 ι
1091 3457 1219 3521 Est,
1256 3475 1274 3508 ι
1318 3457 1523 3525 inquit,
1557 3475 1576 3508 s
1614 3459 1753 3512 inter
1777 3472 1898 3512 car-

318 3563 445 3604 nem
476 3557 529 3604 et
557 3549 798 3618 spiritum
827 3549 1153 3612 colluctatio,
1175 3559 1230 3603 et
1254 3548 1684 3603 discordantibus
1711 3549 1901 3604 adver-

318 3655 439 3694 sum
469 3655 526 3694 se
557 3641 775 3695 invicem
815 3641 1118 3710 quotidiana
1163 3641 1494 3708 congressio,
1543 3650 1600 3694 ut
1645 3657 1749 3695 non
1777 3657 1897 3711 qua:

318 3734 570 3788 volumus
599 3733 708 3801 ipsa
739 3732 1016 3799 faciamus,
1062 3733 1188 3787 dum
1215 3733 1435 3802 spiritus
1462 3733 1697 3787 cmlestia
1725 3743 1778 3787 ct
1819 3733 1901 3787 di-

315 3825 440 3879 vina
466 3825 675 3895 qumrit,
699 3840 825 3879 caro
856 3835 1064 3880 terrena
1089 3834 1141 3877 et
1167 3824 1441 3878 sa‘cularia
1469 3824 1795 3892 concupiscit
1815 3842 1827 3877 :
1847 3834 1902 3879 et

315 3915 439 3970 ideo
468 3917 692 3984 petimus
719 3917 858 3969 inter
881 3915 988 3968 duo
1017 3915 1136 3978 ista,
1168 3929 1270 3982 cpe
1299 3924 1354 3969 et
1395 3913 1594 3968 auxilio
1635 3915 1724 3970 Dei
1767 3929 1898 3969 con-

313 4007 553 4062 cordiam
585 4007 721 4071 fieri,
748 4016 807 4060 ut
830 4005 955 4060 dum
982 4015 1036 4060 et
1063 4006 1114 4059 in
1142 4006 1329 4074 spiritu
1357 4012 1412 4058 et
1438 4005 1488 4058 in
1521 4020 1680 4060 carne
1705 4006 1895 4059 volun-

314 4108 398 4154 tas
426 4099 518 4153 Dei
545 4099 767 4167 geritur,
791 4113 910 4168 qua:
937 4113 1034 4166 per
1060 4111 1178 4150 cum
1210 4105 1388 4150 renata
1415 4106 1496 4151 est
1522 4097 1694 4150 anitna
1721 4112 1900 4152 serve-

315 4203 426 4247 tur.
453 4192 604 4258 Quod
631 4201 814 4261 aperte
839 4201 998 4261 atque
1026 4189 1304 4244 manifeste
1332 4190 1619 4258 Apostolus
1648 4204 1742 4242 sua
1770 4204 1901 4243 voce

319 4285 596 4340 declarat:
629 4285 779 4348 Caro,
811 4286 997 4353 inquit,
1024 4283 1328 4352 concupiscit
1358 4281 1595 4335 adversus
1623 4282 1858 4351 spiritum
1881 4322 1895 4345 ,

324 4385 374 4431 et
412 4377 618 4445 spiritus
658 4375 894 4430 adversus
922 4391 1122 4429 carnem
1145 4389 1162 4427 :
1191 4377 1297 4427 Ιιωε
1325 4374 1457 4428 enim
1485 4375 1693 4427 invicem
1721 4373 1900 4426 adven-

322 4478 505 4524 santur
525 4467 650 4533 sibi;
687 4477 740 4522 ut
770 4485 868 4522 non
905 4484 961 4522 ea
979 4483 1090 4538 qua:
1125 4465 1296 4530 vultis,
1338 4466 1450 4536 ipsa
1497 4466 1695 4535 faciatis
1724 4483 1742 4518 ι
1773 4464 1891 4538 (De

326 4560 574 4615 Oratione
617 4559 927 4628 Dominica).
981 4559 1127 4612 lianc
1163 4567 1216 4610 tu
1263 4555 1602 4610 concordiam
1633 4557 1807 4609 carnis
1835 4564 1891 4610 et

241 4705 251 4712 _
318 4653 543 4721 spiritus
568 4692 584 4716 ,
631 4665 787 4720 quam
832 4664 928 4704 nos
956 4659 1155 4718 optare,
1189 4656 1244 4703 et
1280 4662 1311 4701 a
1339 4645 1564 4701 Domino
1589 4645 1716 4700 dicit
1743 4662 1898 4701 orare

315 4742 642 4814 Cyprianus,
667 4741 847 4796 nec-in
872 4741 1116 4810 paradiso
1140 4748 1264 4792 ante
1289 4747 1563 4808 peccatum
1589 4737 1750 4793 fuisse
1773 4753 1901 4793 con-

315 4833 468 4890 cedis
495 4850 508 4888 :
549 4841 640 4887 aut
669 4833 713 4886 si
743 4833 858 4893 fuit,
885 4847 980 4886 cur
1008 4845 1113 4885 non
1157 4829 1339 4884 fateris
1375 4844 1491 4883 eam
1522 4843 1616 4898 per
1647 4828 1902 4897 praevari-

315 4926 586 4980 cationem
615 4924 770 4994 primi
799 4923 1028 4977 hominis
1049 4923 1228 4976 vitiata
1257 4921 1476 4990 periisse
1500 4927 1686 4974 natura
1711 4919 1754 4985 ³,
1787 4920 1903 4974 bea-

319 5023 493 5086 tchue
533 5017 649 5085 paci
693 5016 886 5069 anima:
914 5024 968 5069 et
1009 5014 1251 5084 corporis
1290 5015 1540 5068 miseram
1581 5012 1903 5067 successisse

321 5106 684 5160 discordiam?
710 5107 773 5160 Et
802 5106 1092 5176 indignaris
1122 5105 1294 5169 nobis,
1333 5104 1474 5173 quod
1505 5103 1648 5158 velut
1677 5102 1904 5157 catholi-

323 5198 402 5251 cis
445 5197 838 5262 sacerdotibus,
869 5197 918 5251 id
950 5206 1034 5250 est
1058 5195 1229 5259 vobis,
1268 5195 1523 5249 faciamus
1562 5203 1747 5248 nostro
1785 5208 1902 5248 ser-

321 5301 486 5342 mone
523 5288 812 5341 convicium
835 5327 850 5354 ,
891 5289 1012 5358 quia
1049 5286 1276 5342 dicimus
1315 5299 1408 5339 vos
1445 5300 1644 5356 negare
1679 5285 1902 5356 gratiam

387 5419 404 5449 ¹
432 5418 567 5476 mut,
603 5416 876 5470 inevitabili.
912 5419 1082 5470 Melius
1125 5427 1230 5468 Mss.
1273 5427 1381 5468 Mar.
1428 5426 1480 5469 et
1521 5417 1673 5476 Colb.,
1710 5416 1905 5470 inevita-

315 5478 452 5529 bilia.
480 5489 657 5543 Nempe
678 5482 890 5532 Julianus
911 5483 1159 5544 contendit
1183 5483 1430 5544 Augustini
1451 5483 1722 5532 sententias
1740 5495 1801 5532 eo
1817 5485 1904 5531 du-

314 5555 456 5601 cere,
478 5549 530 5592 ut
552 5542 678 5591 Deus
700 5542 995 5592 inevitabilia
1018 5545 1175 5592 reatui
1193 5542 1467 5592 adscribere
1487 5578 1500 5602 ,
1526 5550 1578 5593 et
1600 5544 1793 5594 cmteris
1815 5547 1903 5593 ab-

314 5603 491 5653 solutis
514 5605 618 5665 ipse
642 5607 690 5652 in
714 5607 917 5654 crimine
940 5602 1074 5654 solus
1102 5617 1212 5654 esse
1238 5605 1559 5655 existimetur.

381 5667 400 5695 ί
429 5673 530 5715 uss.
558 5672 690 5722 Man,
713 5665 853 5715 sicut.
1798 5717 1804 5723 .

380 5728 401 5757 ³
425 5727 560 5798 aditi,
595 5726 816 5798 vitiatam
850 5724 1050 5791 periisse
1080 5733 1319 5778 naturam.
1344 5730 1640 5794 Castigantur
1684 5727 1899 5780 subsidio

315 5797 766 5851 manuscrtptorum.
1241 5813 1244 5816 -

643 5872 848 5934 Ssscr
904 5873 1176 5933 Avccsr.
1215 5873 1296 5934 Χ.

1664 309 1866 365 LIBER
1904 306 2189 364 PRIMUS.

3437 319 3576 374 1098

2000 421 2193 476 Christi
2237 438 2251 474 :
2299 435 2422 477 cum
2463 439 2560 479 vos
2605 425 2720 480 istis
2746 441 2870 482 vere
2899 426 3178 483 catholicis
3217 431 3584 488 saceidotilms

2002 511 2459 580 impudentissime
2483 529 2546 569 ac
2573 517 2950 584 profanissime
2975 519 3346 574 conviciemini
3371 521 3451 574 his
3472 539 3587 578 vcr-

2002 604 2104 669 bis,
2131 619 2250 673 qua:
2278 605 2328 659 in
2358 622 2469 665 me.
2495 608 2582 676 qui
2612 623 2796 662 eorum
2826 609 2984 664 ﬁdem
3012 627 3207 680 sequor
3229 621 3284 666 et
3309 623 3479 680 tueor,
3508 615 3588 667 in-

2001 691 2206 762 digesto
2233 693 2411 750 furore
2453 696 2694 750 ructatis.
2727 700 3012 767 Apostolus
3045 702 3210 767 dicit,
3244 701 3440 770 Spiritu
3469 720 3584 756 am-

2003 782 2190 848 bulate,
2219 794 2265 838 et
2290 787 2718 854 concupiscentias
2747 789 2914 843 carnis
2941 806 3001 843 ne
3045 793 3350 861 perfeceritis
3384 793 3582 864 (Galat.

2002 892 2058 944 ν,
2074 877 2160 942 17,
2177 876 2285 947 16).
2303 878 2474 948 Rogo,
2490 893 2584 933 cur
2603 894 2694 935 eas
2710 883 2960 951 appellat,
2975 884 3020 937 si
3039 886 3194 938 nullae
3217 888 3364 940 sunt?
3379 903 3476 942 cur
3493 903 3586 943 eas

2005 967 2186 1037 perlici
2213 978 2377 1032 vetat,
2406 970 2450 1024 si
2483 969 2636 1025 bona:
2673 981 2814 1028 sunt.
2853 973 2959 1028 Sed
2989 974 3162 1030 adhuc
3195 977 3381 1046 quales
3411 980 3519 1033 sint
3543 982 3583 1040 ¹.

2004 1061 2256 1125 ostendit,
2284 1070 2339 1116 et
2365 1061 2494 1115 dicit
2521 1080 2534 1117 :
2567 1061 2700 1117 Caro
2727 1065 2859 1117 enim
2885 1067 3194 1135 concupiscit
3222 1069 3461 1124 adversus
3484 1072 3590 1142 spi-

2001 1151 2179 1216 ritum,
2209 1161 2254 1205 et
2283 1153 2489 1222 spiritus
2527 1154 2769 1208 adversus
2798 1171 3037 1209 carnem:
3067 1157 3174 1210 lucc
3211 1160 3342 1212 enim
3379 1161 3590 1216 invicem

2008 1242 2372 1310 adversantur;
2396 1254 2450 1298 ut
2480 1261 2581 1298 non
2610 1262 2668 1298 ea
2695 1262 2806 1314 qua:
2832 1247 2980 1301 vultis
3008 1249 3228 1317 faciatis.
3273 1253 3477 1318 Quibus
3501 1255 3588 1308 tli-

2003 1335 2176 1399 cebat,
2210 1334 2278 1389 Ut
2304 1352 2405 1390 non
2431 1352 2491 1388 ea
2513 1353 2625 1407 quia
2648 1335 2801 1391 vultis
2827 1340 3064 1408 faciatis?
3084 1341 3338 1411 numquid
3363 1343 3586 1408 Judanis,

2005 1425 2300 1479 secundum
2349 1426 2649 1482 mirabilem
2693 1437 2926 1483 vestram
2969 1430 3405 1500 intelligentiam,
3451 1450 3588 1486 non-

2003 1513 2132 1595 dum
2164 1515 2263 1570 sub
2292 1515 2488 1571 Christi
2516 1518 2682 1586 gratia
2711 1519 3050 1583 constitutis;
3082 1529 3137 1574 et
3166 1536 3270 1576 non
3297 1522 3376 1577 eis
3400 1524 3590 1593 quibus

2003 1604 2237 1669 dixerat,
2267 1605 2350 1659 Ea:
2378 1609 2612 1677 operibus
2641 1609 2765 1679 legis
2797 1609 3048 1678 Spin'tum
3091 1613 3384 1680 accepistis,
3425 1629 3492 1666 an
3529 1631 3591 1668 ea:

2002 1699 2180 1752 auditu
2209 1699 2330 1769 ﬁdei
2358 1700 2375 1768 (
2398 1699 2485 1753 Id.
2524 1717 2601 1766 ιιι,
2633 1701 2748 1771 2)?
2776 1701 2988 1758 Fideles
3017 1705 3194 1774 itaque
3221 1704 3540 1762 christianos
3565 1709 3586 1738 ¹

2003 1789 2220 1845 dicebat
2243 1807 2348 1845 non
2374 1806 2436 1846 ea
2463 1807 2583 1861 qua:
2608 1793 2804 1848 vellent
2834 1792 3029 1861 facere,
3058 1796 3470 1862 concupiscente
3495 1797 3590 1850 ad-

2001 1896 2190 1936 versus
2231 1882 2474 1950 spiritum
2507 1897 2687 1938 carne.
2719 1883 2854 1950 Quid
2888 1885 2957 1940 ita
2983 1926 3000 1948 ,
3049 1885 3149 1940 nisi
3191 1886 3312 1956 quia
3342 1887 3591 1942 volebant

2004 1971 2311 2028 inferiorem
2339 1982 2542 2042 partem
2575 1989 2724 2029 suam
2758 1975 3060 2030 consentire
3089 1977 3373 2047 superiori,
3403 1978 3455 2033 id
3473 1989 3586 2049 est,

2003 2078 2221 2118 carnem
2262 2064 2491 2134 spiritui,
2533 2081 2631 2120 nec
2671 2066 2918 2121 valebant
2957 2067 3212 2136 perficere
3253 2069 3396 2138 quod
3444 2072 3592 2126 vole-

2003 2154 2168 2220 bant;
2207 2155 2391 2226 eisque
2429 2158 2662 2211 restabat
2699 2173 2806 2212 non
2846 2160 3149 2214 consentire
3187 2159 3264 2214 illi
3295 2161 3451 2228 vitio,
3491 2163 3586 2220 sed

2005 2245 2288 2301 adversum
2317 2263 2532 2303 carnem
2562 2249 2768 2317 spiritui
2794 2250 3210 2319 concupiscere?
3238 2251 3430 2307 Verum
3462 2263 3513 2310 et
3543 2255 3588 2308 si

2004 2334 2108 2390 hoc
2140 2338 2192 2389 in
2222 2337 2300 2391 eis
2326 2346 2460 2403 erat,
2491 2337 2629 2406 quod
2660 2355 2754 2393 vos
2783 2339 3001 2408 putatis,
3035 2350 3090 2393 ut
3117 2351 3334 2411 propter
3359 2359 3588 2399 consuc-

2004 2425 2243 2480 tudinem
2274 2427 2467 2481 malam
2495 2429 2656 2482 etiam
2697 2430 2938 2484 nolentes
2977 2431 3114 2485 male
3142 2431 3420 2499 viverent;
3461 2435 3587 2504 quid
3657 2489 3662 2494 .

2002 2527 2084 2572 est
2113 2533 2240 2588 ergo
2266 2519 2404 2588 quod
2434 2519 2587 2584 dicis,
2629 2529 2877 2575 naturam
2908 2521 3024 2576 sine
3060 2523 3333 2579 voluntate
3369 2541 3589 2595 peccare

2002 2625 2108 2663 non
2139 2625 2315 2679 posse,
2353 2626 2472 2664 cum
2503 2611 2634 2668 istos
2668 2627 2773 2666 non
2809 2613 3052 2668 volentes
3089 2629 3310 2688 peccare
3340 2615 3588 2672 fatearis?

1999 2699 2109 2756 Cur
2131 2711 2306 2756 autem
2339 2702 2480 2756 dicta
2512 2703 2581 2756 sit
2609 2704 3036 2772 conetipiscentia
3067 2707 3242 2760 carnis
3275 2718 3584 2776 peccatum,

2002 2791 2153 2863 lesve
2172 2793 2393 2861 peccati,
2407 2793 2516 2862 jam
2543 2809 2699 2862 supra
2725 2794 2955 2849 diximus
2977 2794 3129 2867 (Cap.
3157 2795 3248 2869 7l)
3275 2816 3288 2854 :
3315 2800 3398 2853 cui
3423 2801 3465 2855 si
3493 2800 3588 2855 bo-

2003 2900 2128 2939 num
2158 2897 2241 2940 est
2271 2902 2377 2941 non
2407 2888 2710 2944 consentire
2736 2889 2800 2944 ad
2831 2891 3030 2958 illicita,
3057 2891 3297 2962 profecto
3325 2894 3438 2965 ipsa
3467 2912 3579 2952 ma-

2001 2973 2110 3029 lum
2137 2983 2240 3041 est,
2265 2992 2367 3046 qua
2397 2979 2844 3055 concupiscuntur
2873 2980 3076 3048 illicita,
3103 2983 3202 3037 etsi
3233 2984 3375 3039 nulla
3403 2985 3424 3017 ³
3452 3001 3603 3052 cons

2003 3066 2277 3135 sensione,
2323 3068 2578 3138 nulloque
2620 3084 2785 3138 opere
2827 3082 3218 3141 perpetrantur.
3251 3075 3453 3130 Judicia
3494 3077 3586 3132 Dei

2003 3171 2164 3226 porro
2191 3174 2286 3212 vos
2318 3159 2582 3224 evertilis,
2613 3161 2702 3229 qui
2747 3161 2958 3230 generis
2985 3161 3201 3218 humani
3232 3167 3475 3221 miserias
3502 3168 3586 3221 in-

1999 3247 2259 3318 cipientes
2283 3263 2313 3302 a
2341 3251 2594 3317 parvulis,
2623 3251 2738 3305 sine
2765 3251 2871 3307 ullo
2896 3255 3100 3322 peccati
3129 3256 3320 3310 merito
3361 3257 3472 3312 fieri
3505 3260 3590 3313 di-

2000 3340 2153 3404 citis;
2185 3353 2284 3393 nec
2306 3338 2505 3392 donum
2535 3338 2626 3394 Dei
2654 3341 2892 3409 poscitis,
2923 3358 2989 3398 ne
3016 3343 3224 3399 intretis
3251 3346 3301 3401 in
3331 3349 3577 3418 tentatio-

2001 3447 2123 3486 ncm
2154 3433 2172 3501 (
2199 3430 2387 3484 Matth.
2413 3448 2557 3495 xxvr,
2586 3433 2646 3487 41
2676 3431 2721 3502 ),
2754 3431 2856 3489 hoc
2887 3446 2989 3502 cst,
3022 3450 3089 3490 ne
3114 3440 3378 3508 peccetis:
3409 3442 3460 3494 in
3487 3458 3580 3495 vc-

2000 3535 2108 3582 stra
2134 3526 2277 3579 enim
2306 3525 2505 3580 virtute
2533 3526 2823 3594 conﬁditis,
2846 3536 2903 3582 et
2931 3543 3024 3583 vos
3051 3528 3101 3582 in
3130 3531 3336 3598 psalmo
3360 3542 3542 3598 sancto
3567 3535 3590 3566 ⁸

2001 3626 2211 3670 notatos
2235 3631 2355 3672 esse
2380 3627 2538 3686 atque
2565 3617 2844 3672 damnatos
2867 3618 3038 3689 (Psal.
3057 3637 3239 3689 sum,
3262 3623 3340 3695 7),
3367 3625 3451 3679 vel
3479 3642 3584 3681 non

2001 3708 2193 3763 videtis
2221 3707 2370 3766 carci.
2403 3709 2483 3762 vel
2515 3709 2693 3763 stolidi
2721 3725 2825 3765 non
2856 3711 3067 3768 doletis.

2071 3801 2303 3856 LXXIII.
2326 3801 2447 3857 Jun.
2468 3801 2662 3857 Verum
2681 3806 2788 3871 jam
2811 3819 3092 3875 pergamus
3113 3817 3166 3862 et
3183 3807 3247 3862 ad
3270 3809 3427 3864 verba
3449 3825 3586 3878 mea,

2000 3910 2118 3964 qua:
2147 3894 2214 3948 de
2239 3894 2547 3962 prmfatione
2585 3895 2787 3949 sublata
2813 3937 2828 3960 ,
2876 3897 2976 3952 sibi
3009 3898 3362 3968 impugnanda
3393 3917 3590 3971 propo-

2000 3989 2105 4042 suit
2153 4006 2166 4042 :
2220 4007 2239 4040 ι
2275 3987 2414 4043 Satis
2453 3989 2610 4058 igitur
2654 3989 3050 4055 admonuerim,
3097 3993 3174 4047 sic
3217 3994 3375 4049 istum
3429 3995 3587 4052 verba

2005 4097 2025 4131 ι
2064 4095 2182 4133 mea
2223 4081 2370 4149 quasi
2416 4081 2704 4136 refellenda
2749 4083 2846 4137 sibi
2897 4099 3196 4153 proponere
3224 4086 3488 4148 voluisse,
3531 4095 3590 4142 ut

2007 4188 2025 4221 ι
2063 4170 2188 4225 alibi
2231 4171 2421 4225 mediis
2463 4172 2746 4239 detractis,
2792 4175 3085 4230 sententias
3146 4177 3584 4247 interrumperet;

2006 4281 2025 4313 ι
2064 4263 2187 4316 alibi
2231 4262 2486 4318 extremis
2527 4279 2631 4317 non
2677 4264 2872 4319 additis
2913 4264 3216 4321 tlecurtaret
3245 4285 3258 4322 ι
3285 4276 3341 4321 et
3362 4281 3458 4327 cur
3487 4266 3589 4322 hoc

2007 4372 2030 4407 σ
2068 4354 2289 4421 fecerit,
2341 4355 2666 4412 sufficienter
2711 4357 3058 4413 ostenderim.
3088 4359 3239 4414 Nunc
3283 4359 3348 4414 ad
3378 4375 3438 4414 ea
3467 4375 3588 4429 qua:

2007 4465 2027 4500 ι
2064 4449 2203 4503 sicut
2232 4449 2431 4514 voluit,
2463 4457 2643 4503 nostra
2690 4451 2996 4519 proposuit,
3043 4467 3160 4520 quae
3187 4465 3281 4507 sua
3329 4452 3587 4520 posuerit,

2009 4557 2028 4592 ι
2063 4539 2358 4595 videamus.
2387 4539 2694 4608 Sequuntur
2718 4541 2859 4594 enim
2881 4540 2991 4608 jam
3015 4541 3173 4596 verba
3195 4541 3310 4609 ejus
3330 4583 3342 4603 ,
3374 4550 3429 4595 et
3453 4541 3592 4596 sicut

2015 4649 2036 4684 ι
2074 4632 2174 4686 iste
2204 4632 2521 4697 insinuavit,
2553 4633 2642 4702 qui
2677 4633 2768 4686 tibi
2795 4632 3085 4688 chartulam
3116 4635 3295 4699 misit,
3329 4635 3477 4704 prius
3501 4635 3592 4689 ali-

2009 4741 2030 4776 t
2067 4723 2192 4793 quid
2236 4722 2304 4778 de
2356 4723 2668 4792 prchatione
2710 4725 3058 4793 conscripsit,
3091 4727 3276 4795 procul
3328 4727 3488 4780 duhio
3517 4726 3590 4780 li-

2009 4833 2030 4866 s
2067 4816 2282 4868 brorum
2312 4829 2495 4870 eorum
2514 4855 2530 4880 ,
2558 4815 2626 4868 de
2665 4816 2861 4884 quibus
2892 4830 3059 4884 pauca
3088 4817 3376 4886 decerpsit.
3405 4816 3458 4871 Id
3489 4834 3589 4870 au-

2009 4923 2028 4958 t
2067 4913 2175 4960 tem
2228 4907 2302 4960 ita
2357 4919 2476 4960 sese
2527 4905 2686 4961 habet
2739 4923 2754 4959 :
2813 4907 3098 4972 Doctores,
3149 4907 3349 4977 inquit,
3421 4911 3591 4968 nostri

2009 5013 2032 5048 ι
2067 4997 2351 5066 temporis,
2379 4995 2542 5049 frater
2560 4995 2896 5062 beatissime,
2925 5005 2980 5050 et
3003 4996 3250 5064 nefariae,
3276 5013 3395 5071 quae
3416 5002 3592 5060 adhuc

2010 5105 2030 5140 ‹
2067 5087 2263 5152 fervet,
2311 5086 2586 5140 seditionis
2612 5097 2887 5152 auctores,
2932 5087 2998 5141 ad
3029 5086 3330 5154 hominum,
3363 5108 3588 5162 quorum

2009 5194 2029 5230 ι
2062 5177 2262 5234 sanctis
2306 5176 2496 5232 studiis
2539 5185 2784 5241 uruntur,
2844 5179 3261 5249 contumelias,~~
3279 5194 3334 5237 et
3371 5184 3588 5239 exitium

2011 5287 2031 5321 ι
2065 5267 2416 5323 decreverunt
2443 5282 2537 5338 per
2565 5268 2773 5324 ruinam
2805 5269 2968 5324 totius
2997 5271 3251 5328 Ecclesia:
3277 5278 3587 5342 pervenire;

2071 5419 2087 5450 ί
2111 5427 2289 5467 omnes
2311 5424 2438 5480 Mss,
2462 5418 2622 5469 adhuc
2649 5419 2788 5480 quale
2812 5429 2889 5472 sn.

2046 5478 2531 5590 sFidelibus
2552 5478 2713 5545 itaque
2736 5481 3028 5535 christianis.
3055 5492 3157 5534 uss.
3178 5496 3191 5531 :
3215 5481 3405 5534 Fideles
3426 5482 3586 5546 itaque

2017 5555 2322 5592 cnnsuanos.
3405 5599 3408 5604 ι

2067 5605 2087 5668 f
2112 5608 2345 5668 Mssttar.
2373 5609 2496 5668 Fort.
2523 5611 2574 5655 et
2595 5603 2714 5657 Clar.
2737 5612 3053 5668 praetereunt,
3079 5605 3167 5656 etsi
3189 5603 3336 5668 nulla.
3485 5603 3488 5606 ’

2067 5663 2090 5696 ⁸
2115 5665 2250 5726 titllti,
2290 5678 2352 5726 in,
2379 5665 2568 5719 Psalmo
2606 5663 2832 5719 secundo.
2876 5676 2930 5716 Αι
2951 5663 3080 5726 5155.,
3113 5668 3164 5717 in
3195 5666 3385 5718 Psalmo
3405 5677 3586 5720 sancto.

2002 5724 2230 5838 Adaillétlté
2260 5725 2426 5778 Psalmi
2474 5743 2612 5781 smn
2652 5731 2850 5793 reSpicit
2870 5761 2884 5776 .
2916 5728 3004 5790 Qui
3046 5724 3290 5792 conﬁdunt
3335 5743 3383 5781 ut
3421 5729 3592 5784 virtuts

2005 5802 2062 5840 su
2110 5823 2124 5840 .
2238 5827 2245 5837 .

2110 5823 2124 5849 ’
2153 5823 2245 5837 νυνι

2773 5861 3267 5954 ΪΤνεηίο-σίηᾳ.)
