4102 6504
559 355 694 412 1099

563 470 581 500 ε
618 462 724 506 non
754 444 1106 516 intelligentes
1133 448 1385 510 quantum
1416 438 1500 492 his
1526 435 1846 490 contulerint
1873 434 2088 489 honoris
2107 476 2121 500 ,

564 559 582 592 ι
615 551 841 611 quorum
865 531 1214 589 ostenderunt
1236 528 1458 599 gloriam
1481 526 1582 581 nisi
1608 540 1730 580 cum
1754 523 2010 579 catholica
2039 538 2128 578 re-

558 653 575 684 ι
615 629 810 700 ligione
834 639 940 680 non
978 621 1214 692 potuisse
1252 617 1499 675 convelli.
1540 616 1673 671 Nam
1699 617 1743 670 si
1785 615 1904 685 quis
1931 625 2021 669 aut
2062 613 2129 668 li-

558 739 574 771 ι
610 720 794 773 borum
839 713 892 769 in
949 710 1254 767 hominibus
1299 707 1615 770 arbitrium,
1658 712 1752 760 aut
1803 706 1967 760 Deum
2012 717 2132 758 esse

551 831 569 863 ι
607 805 936 863 nascentium
964 802 1295 858 conditorem
1320 800 1550 866 dixerit,
1581 799 1936 856 Caelestianus
1962 807 2016 853 et
2043 797 2136 852 Pe-

549 920 565 952 ι
607 899 848 969 lagianus
872 901 1111 949 vocatur.
1137 891 1216 947 Ne
1236 891 1395 962 igitur
1414 898 1672 945 vocentur
1694 889 1929 944 haeretici
1953 929 1970 954 ,
2003 887 2131 942 fiunt

547 1014 581 1044 «ε
611 987 921 1050 llanicluei;
949 994 1005 1042 et
1030 986 1156 1042 dum
1182 984 1368 1040 falsam
1393 990 1646 1039 verentur
1670 981 1943 1038 infamiam
1975 982 2016 1048 ⁸,
2045 997 2135 1036 νει

546 1102 560 1133 ι
607 1079 950 1138 rum-crimen
973 1079 1281 1135 incurrunt:
1305 1077 1472 1132 instar
1487 1073 1747 1141 ferarum,
1770 1090 1891 1144 quze
1909 1075 2136 1128 circum-

545 1196 559 1223 ι
607 1173 804 1229 dantur
833 1171 1046 1242 pinnis,
1079 1179 1137 1226 ut
1178 1178 1437 1241 cogantur
1461 1168 1514 1223 in
1553 1168 1721 1232 retia;
1768 1166 1961 1236 quibus
1998 1181 2134 1235 quo-

547 1284 561 1312 ι
613 1265 753 1319 niam
779 1262 930 1318 deest
955 1262 1092 1316 ratio
1113 1301 1128 1325 ,
1151 1260 1204 1315 in
1230 1275 1414 1316 verum
1440 1258 1663 1315 exitium
1687 1272 1820 1312 vana
1851 1256 2136 1312 formidine

547 1375 562 1402 σ
605 1353 1022 1411 contrudunturs
1055 1351 1156 1426 (De
1181 1350 1390 1422 Nuptiis
1414 1359 1460 1404 et
1481 1348 1927 1420 Concupiscentia,
1966 1348 2052 1402 lib.
2078 1347 2134 1412 2,

552 1463 640 1502 nn.
672 1447 726 1511 6,
755 1445 836 1518 7.)
855 1445 1134 1517 Cognosce
1155 1444 1294 1500 dicta
1314 1457 1453 1505 mea,
1483 1441 1578 1497 sed
1605 1457 1710 1495 non
1732 1455 1760 1494 a
1791 1449 1843 1494 te
1862 1454 1981 1494 cum
2001 1440 2137 1495 inte-

551 1539 742 1609 gritate
765 1537 968 1608 prolata
990 1554 1006 1592 :
1033 1545 1088 1592 et
1114 1535 1235 1592 licet
1259 1549 1363 1591 non
1391 1533 1443 1588 in
1463 1532 1547 1587 his
1567 1531 1872 1588 certaminis
1887 1531 1910 1564 ⁸
1931 1545 2136 1585 summa

553 1631 850 1697 consistat,
897 1629 1020 1702 quia
1063 1629 1131 1685 de
1159 1628 1466 1700 prmfatione
1485 1634 1638 1691 sunt;
1669 1634 1842 1680 tamen
1871 1632 1927 1678 ut
1953 1624 2139 1678 levitas

553 1731 642 1778 tua
690 1721 920 1792 liqueat,
967 1719 1131 1775 frater
1171 1717 1508 1781 beatissime,
1555 1715 1609 1771 in
1643 1731 1708 1770 eo
1749 1716 1869 1770 loco
1911 1713 2139 1785 positum

555 1828 665 1868 non
694 1821 776 1867 est
796 1851 811 1876 ,
838 1810 934 1868 sed
961 1811 1014 1866 iu
1058 1811 1230 1881 primo
1257 1811 1433 1864 statim
1459 1823 1616 1863 versu
1648 1807 1790 1862 libri.
1819 1806 1947 1861 Item
1977 1807 1998 1838 ³
2018 1821 2139 1860 cum

551 1906 845 1973 dixissem,
905 1921 926 1957 ι
984 1902 1052 1959 ad
1111 1902 1384 1958 hominum
1433 1916 1656 1972 quorum
1705 1900 1900 1954 sanctis
1953 1898 2141 1954 studiis

559 2013 580 2047 α
619 2004 864 2060 uruntur,
891 1993 1242 2050 contumelias
1273 2003 1326 2048 et
1371 1992 1630 2056 exitium;
1667 2009 1686 2043 ι
1716 1991 1924 2056 addidi,
1958 2007 1976 2042 t
2003 2006 2140 2060 quu-

563 2106 582 2140 σ
621 2088 763 2142 uiam
793 2084 896 2140 iter
927 2083 1071 2140 aliud
1099 2099 1208 2139 non
1248 2082 1501 2154 patebat,
1526 2081 1879 2137 decreverunt
1908 2096 2002 2151 per
2030 2081 2140 2134 rui-

559 2195 579 2231 ε
619 2193 740 2234 nam
781 2177 946 2234 totius
973 2175 1227 2232 Ecclesia:
1267 2175 1570 2246 pervenire.
1611 2192 1630 2225 ›
1664 2174 1790 2229 Post
1815 2173 1956 2244 quod
1981 2174 2138 2228 etiam

553 2269 698 2338 dixi,
728 2287 748 2324 ι
780 2269 904 2341 quia
926 2267 1077 2324 liberi
1103 2265 1380 2322 confessor
1401 2265 1602 2322 arbitrii
1628 2273 1683 2320 et
1704 2264 1794 2320 Dei
1822 2263 2136 2328 conditoris,

557 2379 578 2413 ‹
610 2361 964 2418 CteleStianus
991 2369 1047 2415 et
1072 2358 1392 2429 Pelagianus
1421 2366 1658 2419 vocatur,
1683 2371 1790 2427 quo
1814 2355 2135 2425 simplices,»

557 2454 770 2524 inquio,
803 2470 824 2505 ι
859 2466 1110 2508 sermone
1141 2449 1164 2483 ⁵
1194 2449 1484 2520 perterriti,
1511 2459 1568 2504 ut
1596 2449 1664 2504 ab
1691 2448 1883 2504 invidia
1913 2447 2142 2502 nominis

558 2564 581 2598 ‹
618 2527 903 2610 exuuntur,
948 2542 1108 2598 etiam
1137 2557 1325 2596 sanam
1368 2540 1525 2596 fidem
1567 2539 1852 2604 deserunt;
1887 2539 2141 2595 credituri

556 2656 579 2690 ι
616 2634 798 2708 procul
833 2632 1032 2699 dubio,
1059 2647 1160 2687 nec
1185 2631 1412 2686 liberum
1439 2645 1560 2686 esse
1588 2630 1640 2684 iu
1667 2629 1975 2685 hominibus
1999 2631 2140 2685 arbi-

558 2746 580 2780 ι
621 2726 814 2791 trium,
841 2737 941 2781 nec
968 2723 1134 2778 Deum
1165 2722 1496 2776 nascentium
1530 2720 1861 2776 conditorem
1884 2763 1898 2786 ,
1927 2721 2142 2790 quando

559 2837 582 2871 ι
620 2816 747 2873 illud
773 2813 916 2887 quod
941 2813 1090 2884 prius
1115 2811 1514 2867 afflrmaverant
1532 2853 1546 2876 ,
1576 2821 1858 2882 utrumque
1886 2811 2142 2866 deserue-

561 2930 582 2966 ι
617 2911 744 2967 rint.
781 2924 802 2962 ι
849 2906 965 2963 Hoc
1009 2914 1188 2961 autem
1219 2913 1388 2960 totum
1432 2919 1462 2959 a
1510 2913 1563 2960 te
1591 2903 2008 2975 praetermissum
2037 2913 2138 2958 est.

554 3005 684 3060 Post
708 3001 848 3073 quod
874 3009 1002 3054 sunt
1026 2999 1116 3053 illa
1146 3013 1265 3068 quze
1292 2997 1541 3067 posuisti,
1570 3011 1728 3066 quam
1757 3011 1886 3051 sane
1911 3011 2056 3063 vera,
2088 3004 2143 3052 et

555 3108 718 3164 quam
749 3088 1171 3160 inexpugnabilia
1193 3128 1209 3153 ,
1240 3087 1383 3141 haud
1418 3087 1646 3141 difficilis
1681 3086 1782 3141 erit
1805 3101 1965 3156 opera
1995 3101 2144 3141 com-

557 3186 787 3256 probare
807 3183 850 3236 ³.
889 3181 1000 3236 Nec
1026 3194 1124 3251 ego
1154 3179 1313 3249 igitur
1338 3179 1626 3249 quidquam
1647 3178 1715 3232 de
1741 3179 1845 3233 tuis
1873 3178 2029 3235 dictis
2051 3179 2147 3233 mi.

558 3291 692 3343 nus,
715 3289 815 3330 nec
837 3281 894 3328 tu
917 3271 1001 3326 vel
1025 3270 1254 3342 primum
1274 3276 1434 3339 caput
1453 3310 1469 3335 ,
1497 3269 1568 3322 ita
1600 3277 1658 3323 ut
1681 3285 1709 3322 a
1737 3285 1822 3324 me
1843 3269 2141 3324 ordinatum

558 3369 762 3432 fuerat,
789 3363 1035 3420 retulisti.
1060 3360 1216 3428 Quod
1245 3361 1366 3417 ideo
1390 3360 1597 3416 inculco
1617 3401 1632 3427 ,
1663 3371 1715 3415 ut
1741 3359 1972 3432 gravitas
1993 3360 2142 3417 Puni

557 3456 834 3527 scriptoris
851 3454 1102 3511 emineat.

631 3549 768 3604 Ave.
797 3546 895 3614 Qui
927 3545 996 3601 de
1018 3543 1168 3600 libris
1194 3543 1328 3604 tuis.
1360 3556 1481 3612 quae
1525 3541 1692 3596 voluit
1729 3541 1978 3613 decerpta
2000 3584 2014 3608 ,
2057 3543 2142 3598 cui

560 3641 732 3694 voluit
756 3636 979 3709 legenda
1009 3634 1322 3699 transmisit,
1356 3634 1468 3702 ipse
1491 3632 1634 3702 quod
1667 3632 1792 3687 mihi
1820 3633 2046 3702 imputas
2069 3632 2146 3687 fe-

559 3733 634 3786 cit
659 3748 674 3784 :
702 3744 801 3786 nec
821 3727 962 3784 aliud
987 3727 1148 3783 etiam
1173 3735 1224 3780 te
1246 3725 1415 3795 ipsum
1437 3723 1682 3778 existimo
1702 3722 1941 3778 credere.
1963 3723 2146 3793 Neque

559 3823 706 3878 enim
734 3821 788 3876 in
813 3819 1003 3875 eodem
1031 3818 1165 3872 libro
1193 3830 1314 3870 meo
1340 3855 1356 3881 ,
1388 3824 1572 3870 contra
1595 3829 1752 3884 quem
1779 3813 1800 3846 ⁸
1827 3815 2008 3877 latras,
2040 3830 2142 3868 non

565 3927 682 3967 sum
727 3909 1071 3981 praelocutus,
1118 3906 1205 3961 cui
1233 3906 1334 3960 sim
1361 3904 1618 3960 chartula:
1650 3903 1972 3973 respondere
1999 3919 2146 3959 cont-

570 4002 753 4072 pulsus
787 4016 800 4053 :
828 3997 922 4054 sed
944 3996 1141 4068 qumris
1164 3993 1515 4051 conviciando
1553 3992 1678 4064 quid
1708 3993 1878 4059 dicas,
1908 3994 2144 4049 sentiens

569 4101 620 4148 te
645 4091 773 4146 nihil
803 4089 1035 4144 validum
1063 4087 1246 4142 dicere
1277 4085 1613 4155 disputando.
1655 4084 1966 4154 Quanquam
1991 4093 2046 4139 et
2093 4087 2144 4139 in

572 4183 657 4240 liis
687 4183 822 4236 meis
849 4179 1028 4236 verbis
1047 4217 1062 4245 ,
1093 4193 1213 4247 quas
1233 4192 1356 4230 mox
1390 4177 1480 4231 tibi
1510 4177 1660 4246 quasi
1691 4175 1977 4231 refellenda
2022 4191 2145 4246 pro-

567 4274 741 4345 ponis,
767 4272 821 4327 id
843 4269 985 4341 quod
1011 4269 1133 4324 dico
1159 4267 1438 4322 advertere
1468 4267 1684 4336 potuisti
1711 4284 1723 4319 :
1759 4283 1863 4321 non
1893 4268 2035 4321 enim
2062 4267 2149 4322 di-

564 4379 770 4428 cerem,
807 4379 826 4414 ι
855 4361 972 4417 Νοιι
1006 4368 1090 4415 est
1127 4359 1197 4414 ita
1241 4367 1298 4412 ut
1323 4356 1578 4428 loqueris,
1606 4357 1924 4428 quicumque
1950 4359 2048 4413 ista
2067 4358 2149 4412 di-

573 4477 593 4510 ι
633 4456 788 4521 sisti;
822 4473 842 4508 ι
873 4453 918 4508 si
945 4461 1125 4508 certus
1144 4463 1318 4505 essent
1350 4458 1402 4504 te
1427 4447 1514 4502 illa
1535 4447 1752 4513 dixisse,
1783 4463 1893 4502 non
1913 4463 2032 4502 eum
2056 4449 2146 4520 qui

567 4547 778 4618 qualem
804 4544 987 4611 voluit,
1010 4552 1066 4600 et
1109 4540 1194 4596 cui
1219 4539 1386 4594 voluit
1428 4539 1743 4610 scripturam
1784 4540 1948 4606 misit,
1989 4557 2147 4611 quam

569 4637 701 4694 mihi
740 4635 958 4692 missam
981 4631 1214 4689 refutare
1237 4644 1594 4700 susceperam.
1644 4627 1750 4685 Sed
1795 4629 1903 4685 Deo
1928 4633 2146 4701 gratias,

569 4727 713 4801 quod
739 4727 990 4782 universo
1012 4724 1111 4792 ipsi
1140 4722 1291 4792 operi
1337 4731 1450 4783 tuo,
1477 4721 1620 4775 unde
1660 4736 1778 4792 qua:
1799 4721 1987 4786 voluit,
2014 4724 2151 4778 sicut

591 4818 629 4876 ,ὁ
655 4815 874 4887 placuit,
903 4813 1004 4868 iste
1027 4810 1317 4881 decerpsit,
1367 4810 1439 4864 ita
1471 4810 1700 4866 Domino
1723 4811 2007 4882 adiuvante
2033 4829 2150 4868 res-

584 4907 760 4973 andi,
783 4914 840 4960 ut
857 4903 1033 4960 omnia
1055 4910 1165 4965 tua,
1187 4916 1306 4971 qua:
1325 4908 1510 4956 contra
1529 4901 1948 4972 antiquissimam
1967 4903 2154 4959 catho-

578 5011 732 5055 neam
758 4994 916 5051 ﬁdem
936 5006 1109 5048 novus
1127 4991 1410 5048 bareticus
1429 5007 1698 5061 erexeras,
1724 4993 2148 5052 machinamenta

574 5090 958 5146 subverterent.

648 5178 884 5239 LXXIV.
921 5177 1043 5235 Jun.
1081 5175 1278 5233 Contra
1324 5173 1440 5231 hate
1463 5189 1592 5246 ergo
1634 5174 1795 5231 verba
1842 5191 1990 5243 mea,
2033 5193 2153 5250 quas

641 5337 658 5400 ι
683 5335 756 5400 sic
773 5338 880 5383 Mss.
905 5331 1042 5400 editi,
1063 5334 1109 5382 et
1132 5328 1250 5381 dum
1269 5328 1442 5400 [uisant
1462 5327 1716 5400 inimicm
1736 5327 1900 5381 titant.

639 5399 662 5430 ⁸
676 5398 748 5446 sic
790 5402 898 5444 Mss.
921 5394 1039 5442 Editi
1062 5405 1200 5450 vero,
1223 5391 1578 5443 certaminibus.

641 5459 662 5491 ³
686 5457 822 5517 Editi,
839 5456 1018 5520 imque.
1042 5453 1214 5504 Helius
1233 5461 1362 5520 Mss,
1382 5451 1510 5520 item.

639 5519 662 5552 ι
681 5527 785 5570 uss.
809 5510 932 5568 itar.’
948 5523 1071 5566 Port.
1092 5549 1108 5575 ,
1141 5527 1234 5578 quo
1254 5510 1494 5578 simplices
1529 5510 1693 5578 iniquo
1714 5526 1947 5578 sermone.

642 5583 664 5616 ³
690 5581 976 5644 \‘ignierius
1004 5586 1058 5627 et
1093 5573 1236 5644 vetus
1277 5573 1432 5626 codex
1461 5573 1622 5644 _ttar.,'
1640 5573 1801 5644 Augurii
1831 5573 2025 5644 difﬁcile
2064 5591 2107 5628 εν
2119 5577 2157 5628 it

580 5635 1091 5752 mgggggrobare.
1136 5643 1276 5688 Forte
1315 5650 1430 5700 pro,
1453 5635 1585 5688 haud
1616 5635 1827 5703 difﬁcilis
1870 5635 1960 5690 erit
1997 5651 2156 5703 operat

582 5717 908 5767 comprecare.

648 5767 668 5796 ⁸
688 5766 978 5827 “anterius,
1010 5773 1137 5828 quan
1158 5767 1287 5826 the,
1315 5771 1474 5825 quem.

1263 347 1506 403 OPERIS
1546 343 1954 400 IMPERFECTI
1993 343 2266 399 CONTRA
2305 344 2666 413 JULIANUM,
2709 347 2768 403 S.
2812 347 3175 405 AUGUSTINI

3683 354 3821 410 “00

2239 436 2579 506 rescripseris
2603 437 2878 493 audiamus
2904 456 2917 493 :
2943 457 2962 490 ι
2996 439 3111 494 Νοιι
3139 448 3220 496 est
3239 440 3311 495 ita
3339 449 3394 495 ut
3419 440 3673 512 loqueris,
3700 445 3817 514 qui-

2241 543 2262 576 ι
2299 539 2524 596 cumque
2547 527 2641 580 ista
2659 528 2864 594 dixisti;
2893 546 2994 584 non
3019 541 3099 586 est
3123 531 3193 586 ita
3215 549 3230 586 :
3251 533 3476 588 multum
3500 533 3719 601 falleris,
3739 537 3820 592 vel

2245 633 2263 668 ι
2298 616 2480 672 fallere
2509 618 2778 674 meditaris
2803 638 2816 674 :
2845 636 2948 674 non
2976 621 3197 678 liberum
3228 639 3481 693 negamus
3502 625 3819 691 arbitrium;

2245 725 2265 760 ι
2296 707 2388 762 sed
2407 750 2422 774 ,
2455 708 2515 764 Si
2534 725 2620 764 eos
2648 710 2812 766 Filius
2837 712 3151 782 liberaverit,
3183 716 3257 769 ait
3281 713 3491 771 Veritas
3511 759 3527 783 ,
3559 729 3678 772 tunc
3715 734 3824 774 sere

2245 814 2264 850 t
2300 799 2444 852 liberi
2461 801 2598 855 eritis
2624 819 2644 852 ι
2680 800 2964 872 (Joan.vut
2987 805 3119 874 ,36).
3157 824 3177 858 ι
3214 806 3366 860 llunc
3383 807 3822 864 vosinvidetisli-

2241 907 2265 941 ι
2304 889 2622 957 beratorem,
2647 894 2838 962 quibus
2864 896 3086 965 captivis
3106 911 3296 951 vanam
3319 897 3581 954 tribuistis
3609 899 3823 954 liberta-

2250 996 2270 1030 ι
2309 988 2433 1034 tem.
2462 980 2504 1033 Α
2543 997 2641 1050 quo
2665 983 2798 1037 enim
2829 985 2938 1054 quis
2964 985 3182 1041 devictus
3199 997 3301 1055 est,
3341 989 3479 1042 sicut
3529 988 3658 1044 dicit
3682 988 3823 1045 Scri-

2245 1086 2265 1123 t
2304 1079 2482 1142 plura,
2515 1074 2631 1127 huic
2658 1084 2706 1129 et
2733 1093 2904 1132 servus
2925 1078 3158 1133 addictus
3179 1090 3252 1134 est
3288 1098 3308 1134 ι
3345 1081 3409 1152 (ll
3442 1081 3582 1136 Petr.
3616 1097 3675 1150 tt,
3705 1083 3820 1152 I9);

2245 1179 2266 1214 ι
2301 1177 2401 1218 nec
2418 1164 2694 1234 quisquam
2734 1167 2833 1221 nisi
2871 1183 2969 1238 per
2989 1173 3209 1238 gratiam
3237 1171 3563 1229 Liberatoris
3589 1174 3695 1229 isto
3718 1177 3824 1230 sol-

2245 1271 2266 1306 s
2303 1255 2441 1310 vitur
2463 1256 2677 1312 vinculo
2703 1257 3008 1324 servitutis,
3044 1276 3074 1315 a
3106 1277 3213 1331 quo
3236 1273 3319 1318 est
3345 1263 3624 1320 hominum
3652 1267 3824 1322 nullus

2246 1361 2267 1396 ι
2304 1344 2571 1400 immunis.
2607 1345 2710 1401 Per
2743 1364 2900 1402 unum
2937 1351 3133 1421 quippe
3160 1352 3410 1407 hominem
3442 1366 3707 1424 peccatum
3747 1358 3826 1409 in-

2243 1453 2266 1487 ς
2304 1437 2451 1489 trusit
2473 1436 2527 1489 in
2569 1439 2840 1504 mundum,
2872 1449 2919 1492 et
2965 1457 3052 1510 per
3097 1453 3350 1512 peccatum
3391 1460 3564 1510 mors;
3602 1454 3652 1498 et
3681 1445 3756 1498 ita
3779 1447 3826 1499 in

2247 1544 2267 1578 ι
2300 1543 2470 1582 omnes
2494 1527 2716 1584 homines
2741 1533 3048 1600 pertransiit,
3071 1533 3124 1586 in
3143 1549 3240 1602 quo
3265 1549 3435 1588 omnes
3463 1547 3821 1605 peccaverant.

2241 1619 2360 1688 (De
2387 1619 2594 1691 Nuptiis
2621 1631 2670 1676 et
2707 1620 3139 1692 Concupiscentia,
3173 1625 3333 1689 lib.2,
3372 1643 3424 1680 ιι.
3455 1627 3537 1696 8).
3591 1628 3821 1697 Amplis-

2241 1710 2430 1764 simam
2473 1725 2592 1765 esse
2619 1713 2784 1767 nostri
2813 1715 3008 1782 negotii
3049 1714 3392 1787 dignitatem,
3420 1727 3479 1771 ut
3508 1717 3620 1788 ipsa
3654 1735 3826 1774 rerum

2243 1801 2602 1856 consideratio
2645 1815 2699 1858 et
2735 1806 2991 1874 appensio
3030 1805 3255 1873 indicat,
3308 1823 3440 1878 quas
3480 1818 3716 1874 tuemur,
3763 1813 3827 1867 ita

2242 1893 2400 1947 etiam
2423 1904 2598 1948 vester
2618 1910 2814 1964 pavor;
2843 1897 2932 1966 qui
2959 1907 3144 1952 contra
3167 1907 3468 1954 nostrorum
3490 1903 3825 1972 sanguinem,

2245 1986 2590 2054 pecuniarum
2620 1988 2908 2054 effusione,
2955 1989 3325 2046 bmrcditatum
3356 1993 3632 2065 largitate,
3667 2011 3830 2068 equo-

2244 2092 2360 2132 rum
2390 2079 2789 2134 transmissione
2812 2121 2827 2147 ,
2857 2083 3171 2151 populorum
3197 2083 3479 2150 seditione,
3509 2097 3831 2156 potestatum

2241 2171 2586 2240 corruptione
2615 2184 2928 2242 pugnantes,
2956 2183 3009 2229 et
3036 2174 3194 2230 fidem
3221 2185 3449 2232 vestram
3474 2193 3598 2248 quae
3616 2194 3649 2233 a
3678 2181 3831 2236 nobis

2245 2260 2600 2329 impugnatur,
2641 2263 2953 2318 erubescitis
2977 2265 3253 2336 profiteri,
3279 2275 3335 2321 et
3361 2267 3427 2322 ad
3466 2280 3668 2326 nostra:
3698 2285 3822 2327 seu-

2245 2352 2444 2417 tenliu',
2475 2367 2502 2404 a
2534 2369 2634 2421 qua
2662 2353 2915 2409 deviastis
2947 2357 2986 2421 ⁸,
3013 2357 3174 2411 verba
3204 2357 3507 2428 confugitis.

2316 2444 2448 2499 Avo.
2481 2445 2585 2498 Aut
2615 2447 2790 2500 sciens
2834 2447 3210 2515 calumniaris,
3242 2449 3287 2504 si
3329 2459 3385 2504 tu
3423 2451 3521 2506 ista
3552 2453 3830 2519 mentiris;

2242 2544 2334 2590 alit
2353 2536 2617 2591 neseiens'
2644 2538 2770 2607 quid
2792 2538 3044 2608 loquaris,
3066 2555 3188 2594 cum
3209 2542 3590 2598 mentientibus
3609 2545 3792 2600 credis
3817 2564 3831 2600 :

2241 2627 2336 2683 sed
2358 2627 2467 2698 jam
2499 2629 2631 2684 satis
2656 2631 2726 2684 sit
2751 2631 2892 2700 quod
2919 2633 3166 2702 superius
3187 2642 3290 2688 tua:
3311 2635 3550 2696 vanitati.
3567 2638 3653 2692 vel
3673 2639 3835 2696 etiam

2242 2718 2558 2788 malignitati
2587 2721 2652 2774 ad
2676 2721 2774 2776 ista
2804 2724 3054 2791 respondi
3087 2723 3311 2797 (Supra,
3339 2743 3456 2795 cap.
3483 2726 3601 2798 62).

2312 2808 2526 2864 LXXV.
2573 2811 2692 2866 Jun.
2741 2813 2870 2866 Tam
2895 2815 3038 2868 enim
3069 2817 3353 2870 scelestum
3383 2827 3496 2885 est,
3527 2819 3674 2888 quod
3713 2836 3834 2876 sus-

2241 2899 2387 2968 cepit
2417 2903 2782 2970 prmvaricatio
2812 2903 3054 2972 pudenda
3083 2904 3368 2976 Babylonis
3388 2949 3404 2972 ,
3435 2919 3493 2963 ut
3521 2924 3644 2964 cum
3670 2926 3703 2964 a
3730 2927 3830 2967 no.

2244 2988 2329 3046 bis
2357 2990 2625 3060 objicitur,
2669 3007 2699 3045 a
2727 2993 2877 3048 vobis
2913 3003 3171 3064 negetur:
3199 3006 3256 3051 et
3297 3005 3403 3052 tam
3440 3011 3689 3056 sanctum
3717 3012 3833 3070 est,

2246 3083 2390 3152 quod
2419 3098 2449 3136 a
2478 3084 2634 3138 nobis
2654 3085 2908 3148 creditur,
2933 3096 2991 3141 ut
3009 3086 3110 3141 sub
3135 3087 3319 3142 umbra
3342 3088 3458 3158 ejus
3475 3089 3830 3161 delitescere,

2245 3173 2366 3228 licet
2389 3172 2691 3228 adversaria
2722 3184 2902 3236 mente
2922 3216 2936 3242 ,
2961 3177 3207 3247 cupiatis.
3235 3178 3369 3234 Nam
3406 3195 3527 3236 cum
3553 3197 3658 3254 ego
3677 3185 3834 3254 quid-

2244 3264 2371 3334 quid
2397 3264 2770 3335 disputationis
2794 3276 2985 3322 vestrae
3010 3270 3236 3338 sparsim
3265 3272 3520 3327 membris
3551 3275 3835 3331 tenebatur

2244 3357 2630 3428 exprimerem,
2675 3367 2730 3412 et
2767 3373 3028 3414 summam
3069 3363 3375 3430 quaestionis
3420 3364 3471 3419 in
3520 3365 3831 3423 brevitatem

2245 3461 2487 3518 cogerem
2505 3489 2522 3516 ,
2553 3461 2607 3504 ut
2638 3451 3014 3506 ecclesiastica:
3043 3453 3388 3510 dissensionis
3416 3472 3577 3513 causa
3600 3500 3616 3523 ,
3641 3472 3831 3531 quanta

2247 3547 2301 3592 et
2329 3541 2500 3609 qualis
2551 3551 2729 3608 esset,
2761 3542 2877 3596 sine
2930 3544 3074 3597 fumo
3126 3555 3180 3598 et
3233 3546 3444 3602 nebulis
3495 3550 3832 3617 proderetur,

2245 3630 2362 3684 dixi
2392 3631 2614 3686 liberum
2645 3647 2674 3685 a
2706 3633 2859 3688 vobis
2883 3633 3158 3690 arbitrium
3188 3639 3404 3707 negari,
3438 3649 3493 3696 et
3521 3643 3689 3698 Deum
3717 3659 3835 3700 nas-

2246 3722 2479 3776 centium
2509 3721 2872 3789 conditorem;
2919 3740 3078 3794 porro
3105 3743 3134 3780 ιι
3165 3729 3318 3783 nobis
3345 3730 3395 3784 id
3423 3742 3710 3805 utrumque
3736 3737 3832 3792 de-

2246 3813 2420 3879 fendi,
2450 3822 2505 3869 et
2528 3814 2598 3868 ob
2627 3816 2727 3870 hoc
2754 3831 2850 3871 vos
2876 3817 3136 3887 imperitis
3176 3821 3391 3876 auribus
3422 3823 3489 3879 de
3533 3828 3834 3885 nominibus

2245 3903 2626 3958 catholicorum
2647 3902 2880 3960 virorum
2900 3946 2915 3968 ,
2945 3907 3033 3976 qui
3062 3920 3282 3979 propter
3311 3912 3468 3968 fidem
3487 3919 3831 3985 apostolicam

2245 4010 2404 4065 quam
2437 4003 2666 4063 tuentur,
2685 3995 2958 4052 nobiscum
2977 3997 2998 4028 ³
3022 3998 3295 4068 laborant,
3320 4003 3462 4060 ciere
3491 4007 3704 4063 inanem
3734 4009 3835 4064 fra-

2245 4101 2459 4156 gorem,
2504 4087 2678 4156 utqui
2722 4087 3020 4144 timuissent
3061 4088 3366 4148 leestiani
3418 4110 3448 4148 a
3497 4097 3652 4154 vobis
3697 4099 3830 4167 diei,

2247 4177 2555 4232 amitterent
2579 4178 2816 4232 caelestis
2847 4177 2968 4234 fidei
3005 4179 3350 4250 dignitatem;
3379 4195 3433 4240 et
3465 4187 3556 4256 qui
3585 4191 3834 4259 expavis-

2248 4275 2369 4322 sent
2390 4282 2455 4322 ne
2482 4283 2510 4320 a
2532 4267 2682 4324 vobis
2702 4268 2966 4339 Pelagiani
2991 4270 3314 4340 dicerentur,
3343 4276 3392 4330 in
3421 4277 3831 4336 Manichazorum

2251 4357 2468 4427 pelagus
2516 4359 3005 4429 pratcipimrcntur;
3058 4372 3409 4435 putarentque
3474 4384 3537 4424 se
3603 4371 3833 4439 imperiti

2248 4449 2446 4518 quique
2474 4464 2581 4502 non
2630 4465 2786 4518 posse
2809 4450 3138 4509 Christianos
3167 4457 3421 4526 appellari
3442 4499 3458 4522 ,
3487 4461 3532 4514 si
3577 4475 3675 4517 eos
3699 4462 3832 4518 Tra-

2253 4540 2463 4596 duciani
2511 4540 2822 4611 Pelagianos
2868 4555 3152 4601 vocassent
3183 4563 3343 4602 zeum
3373 4563 3404 4604 e
3445 4550 3664 4620 regione
3707 4569 3834 4624 pru-

2257 4632 2447 4688 dentes
2475 4641 2804 4702 statuerent,
2833 4636 3076 4704 quamvis
3118 4638 3391 4694 nominum
3437 4641 3695 4700 invidiam
3736 4645 3835 4700 sibi

2253 4733 2308 4780 et
2322 4722 2566 4794 injuriam
2583 4724 2944 4780 sustinendam
2962 4728 3130 4797 magis
3143 4767 3161 4792 ,
3173 4744 3331 4799 quam
3349 4730 3502 4786 fidem
3519 4733 3834 4791 catholicam

2252 4813 2676 4884 relinquendam.
2703 4811 2806 4870 Sed
2832 4830 2900 4870 ne
2923 4816 3005 4871 vel
3050 4817 3152 4873 hoc
3207 4821 3375 4889 ipsutn
3421 4825 3644 4880 convicii
3670 4841 3839 4896 genus

2253 4913 2431 4960 vestro
2448 4905 2712 4960 inventum
2731 4907 2943 4978 ingenio
2968 4909 3226 4978 glorieris;
3249 4914 3621 4985 recordamini,
3637 4919 3708 4974 ab
3725 4935 3838 4975 om-

2255 4996 2411 5052 nibus
2433 4996 2645 5067 quidem
2663 4995 2925 5054 bmreticis
2949 5000 3157 5057 diversa
3201 5020 3298 5059 nos
3323 5003 3345 5036 ⁸
3371 5008 3628 5065 vocabula
3663 5011 3839 5068 solere

2255 5087 2525 5158 suscipere
2545 5107 2556 5142 :
2575 5087 2670 5144 sed
2690 5090 2743 5144 in
2759 5091 2964 5162 synodo
2991 5094 3310 5152 Ariminensi
3337 5099 3706 5157 vehementius
3727 5103 3840 5157 cla.

2257 5180 2460 5246 ruisse,
2504 5181 2631 5250 quid
2673 5183 2810 5251 apud
2850 5183 3128 5254 plumbeos
3155 5189 3373 5245 animos
3403 5191 3489 5246 vel
3523 5193 3841 5264 ambiguitas

2257 5269 2439 5335 verbi,
2473 5271 2556 5324 vel
2584 5273 2928 5330 comminatio
2956 5276 3078 5331 novi
3123 5280 3366 5335 vocabuli
3405 5283 3575 5352 possit
3619 5287 3841 5340 sceleris

2258 5361 2519 5418 obtinere.
2546 5362 2679 5419 Nam
2705 5379 2826 5420 cum
2855 5367 2954 5422 sub
2980 5369 3178 5426 Ariano
3206 5371 3443 5445 principe
3465 5415 3480 5443 ,
3527 5376 3608 5430 vir
3634 5392 3840 5448 magna:

2325 5519 2342 5552 ι
2367 5520 2440 5569 Sic
2459 5525 2566 5568 uss.
2589 5520 2724 5581 Editi,
2743 5520 2961 5574 deviatis.

2323 5582 2343 5612 ²
2369 5587 2493 5639 Mss,
2519 5581 2691 5632 nescis.

2325 5640 2346 5714 ξ
2497 5649 2607 5714 star.
2635 5650 2685 5692 et
2707 5651 2853 5700 Port.,
2875 5643 3127 5714 t‘ofgt'scwn.

2324 5701 2729 5780 :Eiti,‘.ditjersu
2746 5706 2988 5780 iuoeabula
3015 5709 3168 5762 solere
3189 5712 3466 5777 suscipere;
3483 5717 3690 5780 omisso,
3735 5730 3839 5768 nos.

2267 5762 2394 5824 Quod
2413 5765 2684 5816 restituitur
2709 5779 2772 5816 ex
2798 5774 2902 5818 Mss.
