4102 6490
318 369 450 424 1101
1293 411 1296 414 .

312 458 654 524 constantiae,
683 456 803 512 ﬁdei
829 454 1144 520 sanissimte,
1167 451 1490 509 Athanasius
1510 450 1903 507 Alexandrinus

311 554 634 624 episcopus,
681 549 886 619 dilapso
929 563 961 604 a
1003 546 1108 602 ﬁde
1147 544 1521 617 Apostolorum
1565 539 1709 597 omni
1771 555 1906 610 pene

313 644 556 712 mundo,
585 653 640 698 et
669 641 900 711 impiatis
939 639 1274 710 temporibus
1313 639 1329 670 ¹
1372 637 1700 700 obstitisset,
1745 642 1905 702 atque

311 736 386 791 ob
412 734 516 790 hoc
543 733 596 788 in
624 730 812 787 exsilia
841 738 1060 784 coactus
1087 735 1259 794 esset;
1291 725 1360 782 de
1379 725 1643 782 sexcentis
1671 732 1726 778 et
1750 723 1906 792 quin-

311 827 604 898 quaginta,
651 831 710 879 ut
745 823 930 888 fertur,
977 820 1281 891 episcopis,
1325 819 1412 874 vix
1453 825 1656 888 septem
1701 815 1902 871 inventi

312 926 464 984 sunt,
485 916 678 987 quibus
697 914 942 969 chariora
959 921 1143 968 essent
1167 912 1258 966 Dei
1282 917 1544 982 prmcepta
1560 922 1717 978 quam
1740 907 1899 977 regis;

313 1008 566 1063 videlicet
590 1013 649 1060 ut
675 1019 778 1060 nec
818 1005 874 1058 in
902 1001 1182 1058 Athanasii
1220 999 1616 1056 damnationem
1646 995 1901 1051 conveni-

314 1105 441 1153 rent
460 1138 476 1164 ,
505 1111 604 1151 nec
627 1093 902 1150 Trinitatis
925 1091 1316 1149 confessionem
1347 1095 1621 1161 negarent.
1651 1087 1746 1143 Illa
1773 1102 1902 1142 vero

315 1189 497 1244 omnis
514 1185 838 1258 dejectorum
859 1193 1134 1256 pectorum
1163 1180 1446 1238 multitudo
1463 1221 1480 1248 ,
1509 1188 1657 1235 extra
1685 1177 1902 1248 injuria-

319 1297 443 1336 rum
469 1289 662 1336 metum
683 1314 701 1344 ,
733 1276 834 1332 hac
861 1283 947 1332 est
990 1276 1322 1347 potissimum
1350 1275 1435 1329 vel
1486 1272 1717 1328 nominis
1755 1286 1903 1326 com-

321 1374 609 1428 minatione
627 1411 643 1436 ,
669 1385 738 1426 ne
763 1367 1127 1425 Athanasiana
1155 1377 1436 1424 vocantur
1453 1406 1468 1432 ,
1500 1365 1586 1422 vel
1613 1365 1905 1435 interroga-

317 1464 478 1520 tionis
505 1461 794 1517 calliditate
822 1460 1065 1528 decepta.

385 1555 523 1610 Aac.
551 1551 939 1607 Athanasianos
959 1549 1042 1605 vel
1073 1547 1463 1604 Homousianos
1493 1546 1674 1602 Ariani
1691 1543 1892 1600 Catho-

311 1645 451 1700 licos
470 1653 692 1710 vocant,
723 1659 826 1698 non
852 1653 906 1698 et
931 1642 1023 1697 alii
1052 1641 1308 1698 haeretici.
1333 1640 1441 1696 Vos
1466 1651 1646 1695 autem
1670 1655 1774 1692 non
1802 1652 1894 1691 so-

310 1737 423 1792 lum
443 1752 473 1790 a
493 1715 800 1802 Catholicis,
827 1733 922 1789 sed
943 1733 1101 1789 etiam
1133 1733 1201 1788 ab
1221 1732 1509 1798 haereticis,
1531 1732 1681 1787 vobis
1709 1730 1900 1787 simili-

316 1829 420 1885 bus
442 1837 499 1884 et
523 1843 552 1881 a
577 1827 732 1883 vobis
770 1825 1236 1893 dissentientibus,
1280 1824 1550 1894 Pelagiani
1585 1825 1850 1880 vocamini
1882 1844 1896 1880 :

309 1917 763 1990 quemadmodum
805 1931 908 1972 non
953 1924 1157 1973 tantum
1182 1931 1213 1970 a
1239 1915 1540 1981 Catholica,
1569 1915 1664 1971 sed
1691 1916 1758 1971 ab
1790 1917 1900 1972 ha:-

310 2010 522 2066 resibus
551 2008 712 2066 etiam
741 2017 996 2064 vocantur
1017 2008 1221 2064 Ariani.
1249 2006 1359 2065 Vos
1385 2023 1511 2064 vero
1545 2007 1651 2064 soli
1676 2022 1774 2063 nos
1801 2023 1896 2078 ap-
1920 2002 1946 2079 \

313 2101 524 2170 pellatis
559 2098 955 2166 Traducianos,
999 2099 1137 2154 sicut
1163 2099 1239 2153 illi
1285 2098 1706 2166 Ilomousianos,
1759 2100 1900 2156 sicut

312 2193 602 2247 Donatista:
640 2191 1000 2257 Macarianos,
1030 2191 1169 2246 sicut
1191 2190 1466 2247 Manichazi
1490 2192 1787 2248 Pharisazos
1803 2233 1820 2259 ,
1843 2201 1898 2249 et

307 2284 489 2340 cmteri
513 2281 763 2338 haeretici
778 2281 1002 2337 diversis
1023 2282 1349 2341 nominibus.

385 2373 620 2429 LXXVI.
667 2372 784 2429 Jun.
833 2372 965 2427 Nam
991 2386 1112 2427 cum
1157 2380 1515 2444 proponerent
1554 2373 1774 2441 Ariani,
1805 2375 1896 2446 qui

310 2481 493 2521 rerum
526 2479 590 2522 ea
631 2471 950 2535 tempestate
981 2462 1320 2534 potiebantur
1341 2504 1356 2530 ,
1385 2464 1711 2521 Homousion
1745 2466 1897 2537 sequi

313 2558 506 2625 vultis,
545 2565 634 2613 aut
661 2556 971 2612 Christum?
996 2556 1410 2628 Responderunt
1435 2559 1687 2614 continuo
1706 2601 1720 2626 ,
1745 2559 1898 2631 quasi

316 2650 372 2705 iu
399 2666 592 2706 nomen
613 2650 867 2722 religiosi,
888 2649 1158 2706 Christum
1181 2665 1241 2706 se
1266 2652 1450 2724 sequi;
1475 2652 1793 2708 homousion
1813 2668 1898 2710 re-

316 2743 610 2812 pudiavere
637 2744 694 2796 ':
732 2752 893 2812 atque
928 2743 1001 2798 ita
1039 2751 1240 2800 exeunt
1275 2747 1566 2815 gestientes
1587 2787 1602 2811 ,
1627 2747 1774 2802 velut
1803 2745 1896 2817 qui

310 2835 527 2890 Christo
554 2833 852 2902 crederent,
867 2849 1024 2905 quem
1043 2834 1154 2904 jam
1183 2845 1524 2906 negaverant,
1551 2835 1891 2905 homousion,

309 2923 363 2980 id
406 2933 490 2980 est
537 2924 694 2979 unius
732 2939 853 2978 cum
893 2921 1052 2980 Patre
1079 2924 1410 2993 substantiae,
1447 2925 1780 2997 deneganda.
1820 2927 1894 2982 Ita

307 3031 440 3088 ergo
465 3024 522 3072 et
549 3031 692 3072 nunc
715 3031 810 3072 vos
841 3015 1189 3072 fabricatores
1207 3016 1339 3086 doli,
1367 3017 1643 3089 imperitas
1679 3019 1895 3075 terretis

305 3122 486 3172 aures,
515 3115 572 3162 ut
596 3107 643 3163 si
672 3108 863 3164 nolunt
891 3108 1243 3164 laborantium
1275 3123 1373 3180 pro
1405 3109 1510 3166 ﬁde
1531 3110 1763 3165 virorum
1803 3127 1898 3182 ap-

306 3200 593 3270 pellatione
625 3200 862 3270 reSpergi
887 3235 904 3266 ,
933 3208 988 3256 et
1013 3199 1237 3256 liberum
1264 3199 1544 3255 arbitrium
1585 3210 1811 3272 negent,
1841 3212 1898 3258 et

308 3292 478 3348 Deum
499 3292 773 3347 hominum
785 3291 1139 3349 conditorem.
1160 3293 1272 3348 i-loe
1289 3293 1486 3364 igitura
1501 3309 1584 3349 me
1597 3295 1648 3349 in
1669 3295 1758 3349 illo
1774 3296 1896 3352 loco

307 3392 521 3438 constat
545 3383 851 3453 objectum;
879 3393 934 3438 et
959 3399 1120 3454 quam
1146 3399 1252 3439 non
1271 3385 1424 3452 falso,
1457 3401 1691 3454 praesens
1711 3387 1898 3457 dismi-

312 3473 448 3528 tatio
472 3473 643 3544 palam
660 3473 840 3530 faciet.
863 3474 1206 3544 Respondisti
1232 3489 1361 3545 ergo
1387 3475 1490 3530 hoc
1513 3475 1672 3530 modo
1697 3494 1708 3529 :
1735 3496 1754 3529 ι
1779 3477 1894 3533 Non

312 3551 570 3636 negamus
605 3565 829 3622 liberum
873 3567 1151 3622 arbitrium
1192 3585 1205 3620 :
1240 3586 1260 3620 ο
1294 3577 1348 3622 et
1395 3567 1528 3623 nihil
1567 3569 1709 3624 aliud
1760 3571 1890 3626 sub-

313 3657 534 3730 iunxisti
553 3657 619 3714 de
641 3669 750 3714 tuo.
770 3657 1114 3730 Consequens
1137 3660 1279 3714 enim
1301 3658 1474 3714 fuerat
1497 3702 1512 3725 ,
1543 3669 1601 3714 ut
1645 3662 1897 3731 impleres

312 3749 431 3804 sine
473 3749 905 3820 tergiversatione
948 3750 1308 3816 sententiam;
1349 3765 1576 3820 cumque
1604 3751 1896 3820 praemisis-

309 3856 400 3898 ses
428 3856 539 3897 nou
580 3851 631 3898 te
658 3857 853 3913 negare
890 3843 1096 3897 arbitrii
1123 3842 1420 3898 libertatem
1447 3884 1464 3908 ,
1494 3843 1720 3899 adderes
1741 3882 1758 3911 ,
1789 3844 1894 3900 Sed

307 3931 631 3989 conﬁtemur
654 3933 833 3989 datam
863 3949 893 3987 a
924 3934 1036 3990 Deo
1063 3935 1366 3990 libertatem
1393 3934 1601 3990 arbitrii
1636 3936 1688 3991 in
1714 3935 1892 3992 homi-

306 4038 436 4080 num
457 4039 770 4095 permanere
796 4033 1008 4081 natura.

379 4116 516 4172 Auc.
543 4115 825 4185 Quomodo
853 4125 1034 4172 manet
1070 4115 1290 4174 libertas
1319 4117 1372 4173 in
1413 4119 1491 4174 eis
1514 4157 1530 4186 ,
1556 4119 1644 4189 qui
1676 4128 1734 4174 ut
1758 4120 1896 4175 libe-

307 4215 497 4262 rentur
521 4222 552 4260 a
585 4207 874 4276 servitute,
899 4223 1004 4279 qua
1025 4208 1213 4263 victori
1258 4218 1478 4278 peccato
1500 4210 1698 4265 addicti
1736 4219 1892 4277 sunt,

312 4296 495 4353 divina
517 4298 760 4370 indigent
773 4301 965 4371 gratia,
984 4299 1087 4356 nisi
1107 4301 1232 4372 quia
1249 4301 1400 4356 liberi
1423 4311 1547 4356 sunt
1571 4311 1627 4358 et
1651 4302 1776 4372 ipsi,
1798 4303 1893 4358 sed

313 4387 576 4460 iustitiae?
613 4390 752 4446 unde
774 4391 901 4446 dicit
919 4391 1207 4464 Apostolus
1226 4433 1242 4458 ,
1273 4391 1398 4446 Cum
1423 4394 1594 4448 essetis
1621 4396 1748 4450 servi
1772 4411 1894 4467 pec-

315 4479 441 4546 cati,
465 4478 606 4534 liberi
628 4480 795 4549 fuistis
809 4482 1021 4553 justitia:
1043 4483 1223 4554 (Rom.
1247 4499 1319 4551 vt,
1337 4484 1454 4555 20.)

391 4570 653 4626 LXXVII.
683 4571 803 4629 lus.
841 4573 1156 4656 lmpleveras
1189 4578 1333 4631 enim
1371 4576 1474 4631 hoc
1514 4591 1766 4633 sermone
1789 4579 1894 4634 ali-

311 4663 464 4735 quid,
497 4675 683 4720 contra
709 4665 848 4736 quod
882 4667 924 4721 si
953 4667 1140 4724 fuisses
1167 4669 1374 4725 locutus
1396 4670 1635 4736 ulterius,
1666 4672 1888 4728 nimium

310 4754 626 4825 impudens;
655 4756 737 4811 sin
766 4765 942 4813 autem
969 4760 1146 4814 omnia
1176 4761 1524 4816 concinenter
1549 4762 1602 4828 ³,
1632 4764 1716 4817 vel
1744 4764 1894 4820 tarde

307 4861 499 4915 posses
527 4861 786 4916 apparere
818 4851 1128 4904 correctior.
1171 4849 1319 4906 Nunc
1360 4867 1489 4907 vero
1517 4867 1604 4909 me
1631 4854 1763 4910 dicis
1789 4854 1892 4910 fal-

310 4937 443 4999 lere,
469 4937 562 5007 qui
589 4937 733 5008 quod
760 4939 953 5008 objeci,
988 4957 1082 5012 per
1118 4953 1169 4996 te
1205 4944 1405 5012 probo;
1437 4954 1492 4999 et
1531 4953 1587 5000 tu
1613 4946 1811 5013 statim,
1837 4947 1891 5002 in

311 5042 377 5081 eo
401 5027 541 5096 quod
567 5037 620 5083 te
646 5039 800 5100 putas
824 5041 1215 5103 consequenter
1239 5034 1554 5091 instruxisse
1577 5076 1594 5103 ,
1629 5037 1890 5093 mentiris.

314 5119 412 5171 Ais
446 5120 662 5189 quippe,
705 5121 826 5176 Non
853 5122 1062 5177 liberum
1093 5141 1334 5196 negamus
1362 5125 1655 5192 arbitrium;
1682 5137 1737 5184 et
1764 5128 1893 5182 sub-

311 5211 491 5282 jungis
517 5215 876 5272 testimonium
905 5217 1203 5288 Evangelii,
1238 5219 1347 5288 sed,
1381 5238 1399 5272 r
1435 5218 1497 5274 Si
1521 5236 1606 5276 vos
1631 5219 1798 5275 Filius
1824 5221 1892 5276 li-

381 5385 398 5417 ⁸
426 5384 678 5456 uentu-dus
706 5394 768 5456 _et
799 5389 1074 5456 yignierius
1092 5420 1107 5448 ,
1158 5387 1396 5456 impietati
1428 5389 1740 5456 temporibus.
1761 5397 1892 5456 llas.

454 5454 508 5524 et
540 5445 682 5524 giae,
699 5445 952 5524 impietatis
974 5445 1278 5524 temporibus.
1298 5460 1355 5524 tn
1381 5445 1595 5524 editio'ne
1617 5455 1728 5524 anni
1754 5453 1892 5524 £635,

312 5521 378 5556 ex
404 5512 512 5576 ipso
541 5521 687 5571 quem
710 5513 962 5560 Meuardus
987 5512 1126 5576 legit,
1153 5516 1310 5576 veteri
1333 5515 1498 5576 codice
1520 5516 1749 5565 secundis
1767 5512 1898 5565 curis

308 5571 560 5638 recensita
575 5581 846 5638 correctum
865 5581 959 5632 est,
984 5571 1195 5638 im'piatis
1211 5575 1496 5638 temporibus
1514 5589 1532 5637 ,'
1551 5577 1599 5626 id
1621 5584 1716 5636 est,
1733 5576 1896 5627 scele-

307 5632 444 5701 ratis.
486 5635 739 5701 Consentia
773 5641 863 5701 Its.
891 5642 1016 5684 t‘ort.
1053 5632 1444 5701 terte_.lul'iauus
1481 5632 1631 5701 infra,
1665 5632 1770 5700 cap.
1794 5638 1856 5688 92
1878 5673 1894 5701 ,

309 5694 462 5764 verbo
486 5695 668 5764 eodem
687 5695 775 5764 _i_ll_o
797 5698 978 5764 utitur_,_
1004 5696 1176 5748 Desine
1196 5698 1374 5762 itaque,
1399 5701 1484 5762 ait,
1507 5694 1711 5764 impiare
1725 5694 1796 5752 'te.

373 5755 394 5820 ξ
416 5755 489 5820 sic
510 5760 619 5804 Mss.
639 5756 776 5820 miti,
801 5757 1081 5820 repudiare.

374 5815 394 5846 ι
417 5818 490 5865 sic
515 5824 617 5866 stas.
646 5817 763 5868 Editi
785 5815 904 5869 vero
921 5854 936 5881 ,
958 5821 1265 5872 continenter.

1652 359 1851 415 LIBER
1890 357 2158 414 PRIMUS.

3457 366 3594 423 nos
3653 354 3663 376 ‘

2011 448 2273 515 beraverit,
2307 465 2325 500 ι
2359 450 2431 503 ait
2461 447 2673 513 Veritas,
2708 470 2727 504 ι
2765 459 2884 506 tunc
2900 467 3011 506 vere
3031 451 3172 507 liberi
3187 453 3324 508 eritis
3359 472 3377 506 ι
3410 455 3590 528 (locu.

2010 554 2120 605 vui,
2149 539 2262 609 56).
2288 538 2422 594 Cum
2447 539 2548 595 hoc
2576 541 2626 595 in
2659 543 2748 596 illo
2775 542 2891 598 loco
2917 558 2946 596 a
2978 543 3206 600 Domino
3237 554 3419 600 nostro
3458 545 3587 602 Jesu

2007 637 2219 684 constet
2255 629 2307 683 in
2339 630 2562 686 liberum
2599 632 2876 688 arbitrium
2917 649 3021 689 non
3063 635 3226 693 fuisse
3271 638 3533 708 prolatum
3564 681 3582 706 ,

2007 719 2159 790 cujus
2187 723 2578 790 expositionem
2621 723 2900 780 sententia:
2925 726 3193 795 paululum
3229 727 3536 784 diﬁ‘ereutes
3566 772 3581 792 ,

2008 810 2402 868 definitionibus
2429 822 2484 869 et
2509 813 2877 882 divisionibus,
2909 816 3035 888 quid
3063 829 3301 875 nostrum
3329 821 3586 877 alteruter

2006 903 2222 970 sentiat,
2240 905 2586 975 explicemus.
2607 905 2774 962 Debet
2788 908 3004 978 quippe,
3033 909 3322 965 secundum
3345 912 3582 967 omnium

2005 993 2288 1050 doctorum
2312 995 2667 1068 disciplinam,
2709 998 2978 1055 inchoatio
3002 999 3376 1070 disputationis
3401 1017 3430 1056 a
3453 1001 3586 1059 deﬁ-

2006 1086 2207 1142 nitione
2233 1091 2392 1143 sumi.

2077 1179 2213 1235 Auc.
2242 1177 2480 1250 Apostoli
2511 1194 2656 1250 ergo,
2685 1179 2774 1251 qui
2804 1178 3216 1253 disputationum
3251 1201 3468 1242 suarum
3498 1189 3582 1243 in-

2005 1269 2318 1326 choationes
2352 1287 2457 1327 non
2487 1286 2516 1325 a
2543 1271 2854 1328 deﬁnitione
2879 1285 3255 1346 sumpserunt,
3296 1293 3401 1332 non
3431 1289 3587 1334 erant

2005 1359 2188 1416 docti?
2219 1363 2283 1418 Et
2311 1371 2487 1419 tamen
2517 1371 2670 1419 erant
2696 1361 2946 1421 doctores
2968 1367 3230 1437 gentium,
3266 1376 3323 1422 et
3346 1377 3585 1425 contem-

2003 1461 2187 1522 ptores
2207 1453 2488 1509 doetorum
2517 1455 2721 1522 talium,
2746 1454 2812 1510 de
2833 1456 3024 1528 quibus
3051 1464 3104 1512 te
3130 1457 3358 1513 delectat
3387 1458 3581 1514 inﬂari.

2003 1542 2156 1612 Quod
2183 1553 2362 1599 autem
2387 1545 2460 1599 ait
2489 1545 2779 1612 Dominus,
2817 1546 2879 1602 Si
2913 1562 3003 1602 vos
3053 1547 3223 1603 Filius
3269 1549 3586 1618 liberaverit,

2003 1645 2121 1689 tunc
2145 1651 2256 1690 vere
2276 1634 2419 1690 liberi
2446 1637 2588 1692 eritis
2610 1678 2626 1701 ,
2672 1638 2954 1694 conaberis
2991 1639 3205 1711 quidem
3236 1640 3291 1696 in
3322 1650 3464 1696 tuam
3493 1642 3587 1698 de-

2003 1734 2255 1798 torquere
2300 1729 2620 1783 sententiam
2654 1745 2668 1783 :
2701 1730 2797 1785 sed
2840 1745 3000 1801 quam
3047 1740 3101 1787 te
3139 1746 3246 1788 non
3295 1740 3587 1804 sequatur,

2003 1833 2125 1874 cum
2151 1819 2332 1873 conari
2363 1821 2612 1890 coeperis,
2643 1822 2938 1891 apparebit.

2074 1909 2353 1966 LXXVIII.
2384 1911 2505 1966 Jun.
2533 1911 2721 1968 Omnis
2744 1914 2961 1984 quippe,
3003 1922 3062 1971 ut
3093 1915 3169 1971 ait
3205 1915 3314 1981 ille,
3347 1931 3466 1988 qum
3494 1932 3588 1972 ra-

2002 2002 2150 2058 tione
2179 2003 2469 2073 suscipitur
2493 2003 2562 2060 de
2589 2004 2764 2082 aliqua
2793 2021 2852 2061 re
2877 2005 3186 2077 disputatio,
3215 2007 3375 2064 debet
3399 2023 3432 2064 ι
3457 2009 3593 2065 deﬁ-

2001 2092 2203 2148 nitione
2230 2095 2514 2164 prolicisci,
2542 2103 2602 2149 ut
2640 2096 2967 2167 intelligatur
3005 2097 3130 2168 quid
3172 2098 3242 2153 sit
3285 2098 3336 2154 id
3382 2099 3452 2156 de
3479 2115 3589 2172 quo

2001 2184 2302 2256 disputatur
2327 2185 2547 2256 (Cicero,
2578 2187 2642 2241 de
2672 2187 2882 2258 Oﬁciis,
2909 2189 2999 2244 lib.
3028 2188 3106 2260 1).
3128 2189 3202 2244 Ita
3231 2205 3361 2262 ergo
3385 2201 3440 2247 et
3460 2207 3580 2259 nos,

1998 2277 2134 2331 sicut
2162 2291 2322 2347 supra
2352 2277 2418 2332 de
2438 2277 2660 2348 justitim
2685 2288 2739 2333 ct
2767 2279 2971 2348 peccati
2993 2279 3299 2337 deﬁnitione
3318 2281 3581 2338 disserui-

2000 2382 2141 2431 mus,
2164 2383 2306 2424 nunc
2331 2383 2540 2439 quoque
2566 2368 2838 2424 videamus
2859 2385 2978 2440 quae
3003 2371 3232 2426 libertati
3253 2373 3459 2429 arbitrii
3488 2373 3585 2428 de-

2001 2459 2171 2515 ﬁnitio
2193 2469 2462 2531 competat
2495 2469 2552 2515 ut
2579 2460 2792 2531 planum
2821 2463 2911 2528 sit,
2929 2462 3046 2532 quis
3070 2463 3152 2530 ei,
3175 2472 3416 2519 nostrum
3449 2479 3584 2520 con-

1999 2552 2198 2608 sentiat
2226 2553 2242 2584 ⁸
2263 2590 2278 2619 ,
2306 2552 2426 2623 quis
2450 2563 2726 2624 repugnet.
2760 2551 3006 2608 Libertas
3029 2553 3250 2619 arbitrii,
3282 2569 3386 2625 qua
3414 2569 3442 2609 a
3475 2554 3586 2610 Deo

1999 2643 2366 2713 emancipatus
2389 2642 2550 2697 homo
2566 2652 2665 2710 est,
2693 2644 2744 2697 in
2767 2642 3076 2698 admittendi
3109 2646 3312 2714 peccati
3339 2655 3394 2703 et
3419 2645 3590 2702 absti-

1999 2735 2159 2791 nendi
2187 2751 2218 2788 a
2250 2745 2468 2806 peccato
2501 2736 2847 2806 possibilitate
2872 2735 3135 2791 consistit.

2073 2827 2212 2882 Auc.
2268 2826 2670 2896 Emancipatum
2710 2826 2980 2882 hominem
3023 2827 3160 2884 dicis
3193 2843 3224 2884 a
3265 2827 3376 2884 Deo
3421 2845 3434 2883 :
3486 2845 3587 2886 nec

1999 2917 2230 2971 attendis
2253 2915 2356 2971 hoc
2382 2930 2503 2971 cum
2526 2917 2860 2988 emancipato
2887 2917 2993 2990 agi,
3027 2925 3085 2974 ut
3112 2917 3166 2974 in
3193 2917 3390 2974 familia
3417 2920 3584 2992 patris

1999 3021 2104 3061 non
2134 3005 2225 3061 sit.

2070 3094 2310 3154 LXXIX.
2341 3094 2464 3152 Jun.
2511 3095 2731 3152 Factum
2761 3107 2843 3152 est
2870 3099 3012 3154 enim
3047 3098 3242 3154 animal
3270 3099 3534 3157 rationale
3564 3143 3582 3170 ,

1997 3186 2244 3252 mortale,
2275 3201 2442 3256 capax
2471 3187 2683 3242 virtutis
2707 3196 2764 3243 et
2792 3187 2926 3254 vitii,
2957 3189 3096 3260 quod
3131 3199 3310 3260 posset
3343 3207 3409 3246 ex
3447 3205 3581 3248 con-

1997 3290 2149 3331 cessa
2187 3276 2289 3333 sibi
2327 3278 2679 3348 possibilitate
2707 3279 2788 3333 vel
2820 3294 3036 3335 servare
3077 3280 3170 3336 Dei
3201 3281 3470 3350 mandata,
3499 3283 3584 3338 vel

1997 3366 2324 3437 transgredi,
2371 3367 2456 3422 vel
2497 3368 2806 3440 magisterio
2857 3370 3087 3424 naturali
3136 3385 3457 3428 conservare
3493 3372 3586 3443 jus

1998 3459 2245 3514 humanae
2298 3460 2589 3525 societatis,
2638 3461 2972 3529 liberumque
3015 3462 3236 3518 haberet
3270 3464 3580 3518 alterutram

1996 3549 2134 3605 velle
2159 3560 2384 3622 partem,
2413 3551 2598 3622 inquo
2627 3553 2829 3623 peccati
2871 3562 2926 3608 et
2963 3553 3183 3624 justitiaa
3225 3570 3430 3609 summa
3478 3564 3582 3611 est.

1996 3641 2132 3698 Nam
2180 3658 2300 3697 cum
2345 3643 2541 3713 aliquid
2587 3643 2878 3698 secundum
2905 3646 3154 3699 virtutem
3186 3643 3582 3717 indigentibus,

1996 3744 2087 3790 aut
2111 3734 2178 3790 de
2202 3734 2579 3790 misericordia:
2609 3734 2861 3802 fontibus,
2893 3744 2985 3789 aut
3011 3734 3079 3790 de
3098 3735 3320 3806 justitiaa
3361 3737 3583 3791 immul-

1996 3835 2086 3897 get
2113 3827 2134 3858 '
2165 3825 2454 3892 uberibus;
2505 3826 2606 3882 hoc
2633 3836 2886 3897 operatur
2914 3827 3045 3882 foris
3068 3827 3178 3898 jam
3207 3828 3318 3899 ipsa
3341 3828 3581 3900 justitia,

1997 3932 2156 3988 quam
2187 3917 2330 3972 intus
2361 3918 2606 3974 voluntas
2636 3926 2817 3972 sancta
2848 3918 3095 3988 concepit
3121 3927 3177 3974 et
3205 3919 3436 3990 peperit.

2068 4012 2205 4066 Auc.
2241 4009 2428 4066 Utrum
2454 4008 2523 4065 de
2551 4023 2650 4065 suo
2672 4008 2931 4080 justitiam
2954 4010 3263 4081 conceperit
3286 4010 3328 4079 ³,
3361 4010 3463 4067 hoc
3483 4025 3582 4067 vo-

1997 4100 2203 4157 biscum
2241 4101 2437 4172 agitur,
2465 4100 2552 4171 qui
2576 4101 2881 4169 ignorantes
2913 4100 3004 4156 Dei
3035 4101 3322 4171 justitiam,
3350 4110 3582 4157 vestram

1999 4193 2159 4248 vultis
2182 4193 2510 4250 constituere
2545 4192 2726 4264 (Rom.
2759 4209 2809 4260 κ,
2843 4192 2900 4268 5)
2926 4212 2939 4249 :
2964 4210 3085 4250 cum
3120 4195 3370 4251 voluntas
3397 4205 3584 4253 saneta

1998 4285 2183 4354 utique
2221 4285 2479 4355 justitiam
2516 4294 2699 4340 sancta
2727 4285 3050 4356 cogitatione
3077 4286 3360 4358 concipiat,
3386 4287 3454 4344 de
3478 4301 3583 4360 qua

1997 4375 2251 4446 scriptum
2274 4381 2376 4441 est,
2402 4373 2650 4446 Cogitatio
2676 4384 2854 4429 sancta
2878 4375 3091 4430 servabit
3111 4384 3159 4430 te
3185 4375 3365 4448 (Prov.
3395 4392 3455 4445 tt,
3488 4377 3580 4442 11.

1997 4480 2097 4519 sec.
2129 4462 2327 4536 LXX);
2357 4464 2488 4520 dicit
2513 4473 2692 4519 autem
2730 4466 3018 4536 Apostolus
3043 4504 3058 4534 ,
3100 4465 3224 4522 Non
3250 4469 3369 4538 quia
3413 4467 3584 4523 idonei

1995 4571 2169 4610 sumus
2193 4557 2417 4626 cogitare
2437 4555 2632 4627 aliquid
2655 4557 2800 4626 quasi
2829 4572 2894 4611 ea:
2918 4557 3312 4629 nobismetipsis,
3338 4559 3430 4613 sed
3463 4563 3583 4631 sitf-

1999 4647 2218 4718 [icientia
2251 4655 2426 4702 nostra
2471 4662 2536 4701 ea:
2581 4645 2691 4700 Deo
2730 4655 2805 4702 est
2853 4646 2931 4719 (11
2977 4647 3097 4704 Cor.
3152 4664 3230 4716 III,
3275 4647 3352 4722 5).
3395 4650 3507 4706 Iloc
3535 4649 3582 4705 si

1998 4737 2346 4807 intelligatis,
2403 4751 2511 4792 non
2570 4736 2713 4792 aliud
2765 4737 3074 4808 intelligetis
3125 4753 3247 4795 esse
3296 4740 3580 4798 arbitrium

2001 4827 2332 4883 laudabiliter
2371 4826 2616 4903 liberum,
2645 4827 2751 4883 nisi
2776 4827 2918 4898 quod
2947 4827 3110 4887 fuerit
3135 4829 3226 4886 Dei
3246 4830 3414 4902 gratia
3437 4831 3580 4888 libe-

1996 4926 2191 4973 ratum.

2069 5006 2282 5064 LXXX.
2340 5007 2461 5064 Jun.
2502 5007 2590 5064 Sic
2630 5015 2685 5064 et
2710 5022 2831 5063 cum
2858 5023 2890 5066 e
2915 5007 3126 5066 diverso
3151 5017 3390 5066 statuens
3419 5026 3582 5082 prave

1998 5116 2156 5170 agere
2188 5102 2240 5155 in
2267 5100 2494 5155 aliorum
2522 5099 2770 5170 injuriam
2796 5139 2813 5169 ,
2861 5102 2947 5156 vel
2986 5102 3200 5173 iniquus
3237 5103 3355 5174 quis
3381 5103 3540 5160 fuerit
3562 5140 3578 5166 .

1997 5193 2080 5248 vel
2110 5192 2376 5258 crudelis;
2405 5194 2647 5264 operatio
2675 5209 2778 5264 qua
2817 5204 2975 5251 nocet
3003 5195 3144 5262 aliis,
3171 5211 3202 5250 a
3230 5198 3465 5268 nequitia
3494 5197 3582 5251 Γο-

1998 5299 2088 5340 ras
2114 5282 2488 5355 proﬁciscitur,
2519 5299 2677 5354 quam
2707 5284 2850 5341 intus
2871 5286 3010 5341 mala
3031 5288 3278 5342 voluntas
3297 5289 3578 5342 seminavit

1999 5385 2056 5433 et
2105 5376 2290 5447 genuit
2338 5395 2352 5432 :
2400 5391 2521 5432 cum
2570 5392 2699 5432 vero
2747 5377 2900 5434 deest
2928 5378 3180 5445 facultas,
3211 5392 3306 5448 per
3331 5393 3488 5448 quam
3526 5379 3578 5434 in

2002 5467 2278 5538 proximos
2324 5467 2403 5521 vis
2444 5476 2666 5523 secretae
2718 5467 3008 5523 voluntatis
3045 5476 3308 5537 erumpat,
3359 5468 3414 5522 in
3466 5469 3579 5538 ipsa

2065 5579 2247 5653 tramitti,
2267 5577 2372 5643 quis
2389 5584 2605 5630 nostrum
2632 5577 2914 5642 consentiat;
2931 5579 3126 5640 omisso,
3145 5577 3210 5640 ei,
3231 5577 3360 5642 quod
3387 5588 3451 5630 ex
3472 5585 3580 5630 Mss.

1999 5649 2273 5693 restituitur
2281 5677 2292 5688 .

2065 5705 2084 5769 ξ
2106 5703 2418 5769 Codex_tiar.,
2433 5700 2666 5769 indulget.

2004 5834 2035 5864 η
2037 5762 2444 5872 uiis:intii.ﬁ,1'tt.stitia
2479 5762 2784 5830 conceperit;
2807 5763 2952 5829 male,
2978 5778 3033 5818 ac
3053 5764 3456 5818 dissentientibus
3481 5773 3582 5814 mea
