4102 6496
373 310 515 366 “05

369 433 577 477 natura:
599 420 696 476 'Dei
720 419 799 474 sui
830 418 1019 474 miscet
1043 416 1259 472 insanus
1280 455 1295 481 ,
1323 424 1378 471 ct
1414 413 1657 470 eamdem
1702 425 1946 471 naturam

368 514 466 569 Dei
502 513 678 581 potius
714 508 1110 579 corruptibilem
1137 507 1294 574 facit,
1325 517 1381 563 et
1420 508 1521 562 sub
1548 508 1721 564 aliena
1763 515 1949 561 natura

364 604 480 657 vult
508 616 631 658 esse
666 602 926 671 captivam
957 619 970 655 :
1006 599 1136 655 fides
1162 609 1337 655 autem
1381 598 1639 655 catholica
1659 637 1674 660 .
1718 598 1909 652 bonam
1931 637 1947 661 ,

363 692 462 748 sed
493 703 671 747 tamen
713 689 1019 745 mutabilem
1039 729 1054 754 ,
1095 698 1391 744 creaturam
1423 688 1475 743 in
1503 687 1736 742 deterius
1759 687 1949 741 volun-

362 794 474 840 tate
504 792 795 847 mutatam;
824 796 887 836 ac
926 797 1020 849 per
1057 780 1189 844 hoc,
1220 780 1510 850 depravata
1544 792 1639 832 sua
1663 777 1948 847 vitiataque

362 886 552 931 natura
573 915 590 941 ,
622 890 729 931 non
754 874 856 928 sub
877 874 894 905 ί
918 873 1089 928 aliena
1115 872 1405 927 substantia
1426 912 1442 938 ,
1481 868 1575 925 sed
1602 869 1719 924 sub-
1730 880 1947 939 peccato

361 982 464 1024 suo
487 984 634 1024 ream
665 967 791 1022 dicit
817 966 1082 1021 serviliter
1117 964 1367 1021 detineri.
1397 964 1476 1018 Ac
1504 978 1600 1032 per
1632 961 1734 1017 hoc
1753 1001 1769 1027 ,
1796 970 1851 1017 et
1877 961 1946 1018 de

362 1062 482 1132 ipso
510 1060 796 1115 liberatore
821 1059 1044 1114 multum
1070 1057 1138 1112 ab
1161 1072 1226 1111 eo
1244 1066 1423 1112 nostra
1444 1054 1656 1110 diversa
1683 1053 1945 1110 sententia

292 1212 297 1219 ,
362 1161 470 1209 est.
499 1151 820 1207 Manic‘lueus
846 1151 988 1206 enim
1015 1149 1143 1204 dicit
1178 1163 1312 1217 opus
1338 1163 1460 1203 esse
1484 1147 1768 1203 liberatore
1787 1185 1802 1211 ,
1832 1155 1943 1203 uta

363 1244 523 1299 nobis
562 1253 799 1297 naturam
843 1249 1055 1312 separet
1094 1239 1317 1296 alienam
1347 1254 1488 1296 :nos
1511 1249 1685 1293 autem
1706 1279 1721 1303 ,
1757 1245 1823 1295 ut
1850 1252 1949 1293 suo.

365 1343 461 1388 net
502 1342 557 1389 et
598 1332 826 1387 vivilieet
875 1340 1128 1386 nostram.
1155 1330 1232 1384 Tu
1260 1343 1389 1398 ergo
1429 1328 1727 1397 adiutorem
1777 1327 1942 1383 Mani-

363 1423 498 1479 eluei
524 1433 577 1479 te
599 1439 702 1479 non
723 1438 843 1478 esse
866 1421 1088 1478 ostende
1107 1463 1124 1489 ,
1154 1422 1199 1477 si
1236 1430 1419 1491 potes,
1446 1421 1534 1491 qui
1574 1420 1813 1475 miserias
1841 1419 1944 1475 ho~

354 1514 564 1568 ‘minum
589 1555 605 1578 ,
633 1528 753 1568 cum
791 1513 983 1583 quibus
1010 1527 1104 1567 eos
1131 1511 1310 1576 nasci,
1351 1511 1597 1581 quoniam
1629 1511 1744 1565 sine
1778 1509 1941 1565 dubio

286 1661 290 1664 .
359 1605 559 1669 sentit,
596 1605 712 1659 sine
750 1604 911 1659 dubio
951 1603 1215 1659 consentit
1245 1602 1267 1635 ³
1293 1616 1459 1672 genus
1494 1600 1779 1657 humanum
1801 1641 1821 1666 ,
1846 1615 1945 1655 no-

360 1695 482 1752 lens
525 1698 757 1752 tribuere
794 1703 1010 1766 peccato
1033 1695 1230 1749 vitiata:
1271 1702 1475 1748 naturre
1510 1701 1735 1759 nostra,
1768 1691 1894 1746 facis
1918 1690 1940 1723 ³

361 1797 421 1843 ιιι
455 1802 549 1843 eas
595 1787 688 1842 ille
729 1786 1005 1856 permixtae
1049 1784 1203 1840 nobis
1245 1791 1446 1838 natura:
1494 1782 1689 1836 tribuat
1729 1781 1937 1837 alienae.

430 1877 712 1935 LXXXVI.
744 1877 862 1933 loc.
904 1877 1164 1932 Cmterum
1209 1874 1316 1929 duo
1353 1873 1453 1928 ista
1497 1888 1614 1945 qua:
1645 1872 1843 1943 jungis,
1874 1872 1939 1926 Ii-

356 1970 545 2025 berum
569 1978 625 2024 et
648 1983 753 2023 nou
786 1968 1032 2035 liberum,
1067 1966 1119 2021 id
1167 1974 1249 2022 cst
1286 1966 1511 2022 liberum
1551 1973 1607 2020 et
1649 1964 1933 2034 captivum,

357 2058 436 2114 illi
458 2058 672 2129 quidem
698 2058 858 2114 reide
887 2072 989 2128 qua
1012 2056 1202 2127 agitur,
1222 2055 1511 2111 convenire
1539 2070 1644 2109 non
1669 2062 1888 2125 possunt
1918 2070 1933 2108 :

358 2151 452 2206 tibi
483 2166 612 2206 vero
639 2150 913 2206 stultitiam
940 2150 1279 2219 singularem,
1309 2145 1688 2218 impudentiam
1716 2160 1933 2214 novam,

354 2243 680 2315 impietatem
703 2251 937 2297 veterem
967 2241 1140 2296 inesse
1166 2247 1441 2296 testantur.

427 2335 563 2391 Ave.
601 2333 823 2388 Liberos
882 2331 1107 2387 dicimus
1143 2330 1208 2386 ad
1235 2330 1472 2386 facienda
1515 2343 1675 2397 opera
1724 2327 1934 2398 pietatis

356 2436 473 2490 eos,
500 2422 693 2492 quibus
744 2421 871 2477 dicit
917 2421 1241 2490 Apostolus,
1269 2418 1424 2474 Nunc
1465 2429 1634 2475 autem
1682 2418 1933 2473 liberalia

360 2523 583 2583 peccato,
604 2514 732 2569 servi
754 2522 921 2567 ciuem
941 2512 1063 2585 {acti
1090 2509 1220 2578 Deo,
1240 2511 1429 2566 habetis
1471 2511 1689 2582 fructum
1716 2518 1931 2564 vestrum

360 2604 417 2663 in
453 2604 916 2673 sanctiﬁcationcm,
943 2603 1097 2673 linem
1124 2617 1238 2656 vero
1264 2602 1419 2655 vitam
1461 2611 1701 2655 wternam
1725 2600 1744 2670 (
1772 2597 1923 2652 Rom.

361 2710 439 2763 vr,
468 2695 540 2750 22
566 2695 605 2768 ).
634 2696 779 2751 llunc
810 2696 862 2751 in
903 2693 1315 2751 sanctiﬁcatione
1341 2691 1591 2755 fructum,
1614 2690 1929 2762 quifructus

356 2786 728 2855 proculdubio
773 2785 1004 2842 cbaritas
1028 2794 1128 2851 est,
1186 2792 1344 2854 atque
1395 2798 1554 2853 opera
1593 2785 1730 2851 ejus,
1779 2782 1927 2838 nullo

353 2876 517 2932 modo
541 2875 734 2934 habere
772 2890 1053 2949 possumus
1079 2875 1152 2931 ‘a
1195 2875 1503 2942 nobis;scd
1555 2875 1808 2930 habemus
1837 2890 1931 2944 per

353 2964 608 3034 Spiritum
636 2976 899 3034 sanctum,
940 2967 1029 3038 qui
1050 2966 1203 3023 datus
1232 2973 1315 3021 est
1339 2966 1510 3021 nobis.
1539 2966 1614 3021 De
1638 2966 1752 3035 ipso
1780 2966 1932 3036 quip-

350 3056 611 3126 pefructu
640 3058 953 3128 loquebatur
996 3058 1248 3128 magister
1297 3058 1456 3124 Deus,
1503 3056 1714 3127 quando
1742 3057 1931 3126 palmi-

352 3149 494 3206 tibus
511 3150 561 3204 in
589 3151 1003 3206 semanentibus
1031 3151 1259 3213 dicebat,
1286 3150 1409 3204 Sine
1452 3166 1529 3203 me
1571 3150 1698 3203 nihil
1727 3150 1930 3218 potestis

350 3245 519 3312 facere
543 3243 560 3312 (
594 3241 751 3297 Joan.
780 3258 870 3310 xv,
890 3245 924 3297 5
950 3241 990 3314 ).
1018 3242 1122 3299 Sed
1149 3242 1427 3297 stultitiam
1464 3242 1784 3312 singularem
1828 3258 1928 3297 no-

351 3334 436 3388 bis
478 3335 653 3389 inesse
677 3334 1011 3399 eonviciaris,
1041 3335 1160 3405 quia
1185 3334 1329 3389 Deus
1358 3332 1510 3388 nobis
1528 3334 1696 3389 virtus
1714 3342 1813 3397 est,
1831 3347 1930 3391 nec

352 3426 409 3479 in
458 3435 635 3481 nostra
685 3428 877 3483 virtute
914 3426 1228 3483 conﬁdimus
1261 3444 1274 3481 :
1303 3433 1359 3481 et
1407 3425 1783 3494 impudentiam
1829 3439 1930 3479 no-

354 3530 499 3583 vam,
527 3516 1133 3589 quiaconcupisccntiam
1176 3517 1374 3582 carnis,
1419 3531 1520 3586 qua
1545 3531 1671 3572 caro
1717 3530 1918 3571 concu-

355 3610 513 3678 piscit
540 3609 796 3665 adversus
831 3611 1093 3679 spiritum,
1132 3624 1238 3663 non
1266 3619 1352 3663 tua
1381 3608 1555 3664 fronte
1608 3606 1883 3662 laudamus
1914 3624 1928 3662 :

354 3710 411 3754 et
464 3701 785 3769 impietatem
839 3709 1094 3765 veterem,
1142 3699 1392 3769 quoniam
1439 3699 1686 3768 dogmata
1714 3698 1930 3769 antiqua

351 3790 635 3857 catholica,
658 3806 773 3861 qua:
796 3790 1089 3855 docuerunt
1132 3789 1219 3858 qui
1250 3788 1543 3844 Ecclesiam
1579 3788 1776 3843 Chriin
1806 3796 1931 3845 ante

349 3884 522 3938 nausia
544 3884 843 3954 ejusgratia
882 3899 1007 3938 vera
1054 3883 1249 3953 pietate
1282 3890 1552 3945 rexerant,
1583 3890 1768 3938 contra
1806 3897 1932 3952 per-

346 3976 652 4032 versitatem
672 3986 901 4030 vestram
946 3974 1193 4029 novitiam
1228 3973 1709 4043 quantulocumque
1747 3973 1931 4027 labore

344 4067 705 4123 defendimus.
742 4065 800 4123 In
855 4075 907 4122 te
954 4065 1111 4135 igitur
1162 4077 1390 4134 agnosce
1440 4063 1738 4129 stultitiam,
1771 4063 1826 4116 in
1877 4069 1929 4118 te

346 4159 751 4227 impudentiam,
777 4159 841 4215 in.
871 4167 923 4215 te
953 4157 1298 4229 impietatem,
1346 4169 1457 4213 non
1473 4163 1706 4214 veterem
1733 4169 1863 4215 sane
1880 4155 1926 4221 ⁸,

350 4251 444 4305 sed
474 4265 684 4305 novam.
1052 4266 1055 4271 ί

426 4340 731 4395 LXXXVII.
758 4341 877 4397 Jut.
923 4341 1159 4411 Sed-jam
1188 4350 1393 4412 tempus
1420 4349 1519 4407 est,
1563 4349 1628 4397 ut
1661 4341 1730 4397 de
1757 4342 1934 4396 Evan-

354 4435 478 4499 gelii
500 4434 758 4488 sententia
784 4434 1088 4489 disseratur.
1119 4433 1347 4500 Dicebat,
1398 4433 1566 4504 inquit
1609 4434 1930 4505 evangelista

355 4526 611 4590 Joannes,
651 4524 803 4579 Jesus
827 4525 892 4579 ad
915 4524 1121 4581 ludam
1170 4542 1256 4580 eos
1281 4526 1368 4595 qui
1413 4526 1727 4580 crediderant
1763 4527 1809 4581 ei
1825 4543 1844 4581 :
1869 4526 1930 4582 Si

357 4631 443 4669 vos
475 4614 760 4672 mameritis
783 4615 837 4669 in
857 4632 1079 4689 sermone
1126 4631 1395 4682 ineamus
1421 4616 1661 4685 discipuli
1710 4618 1807 4671 mei
1827 4618 1930 4672 eri-

351 4707 415 4759 lis
436 4721 458 4770 ;
483 4714 532 4759 et
555 4707 864 4778 cognoscetis
899 4708 1170 4772 veritatem,
1222 4716 1271 4762 et
1317 4709 1498 4763 veritas
1543 4707 1770 4763 liberabit
1821 4725 1926 4764 vos.

353 4798 406 4852 ΙιΙ
437 4798 571 4862 est“,
606 4797 861 4853 Dominus
904 4810 1087 4867 noster
1115 4799 1270 4855 Iesus
1323 4798 1642 4869 loquebatur
1685 4799 1752 4855 ad
1807 4815 1909 4856 ere

349 4891 674 4958 dentessibi,
701 4899 756 4946 ut
775 4892 841 4947 de
886 4892 1031 4947 nulla
1075 4891 1254 4948 smeuli
1302 4892 1576 4947 nobilitate
1610 4892 1925 4962 gaudentes,

352 4996 451 5037 nec
478 4980 547 5037 de
571 4980 800 5037 Abrahae
823 4982 922 5038 sibi
941 4981 1146 5038 semine
1173 4982 1393 5052 gloriam
1410 4982 1758 5047 vindicantes,
1785 4983 1924 5038 nite-

353 5079 539 5130 rentur
564 5080 621 5129 et
637 5070 915 5129 studerent
948 5074 1252 5141 virtutibus,
1277 5081 1344 5129 et-
1360 5072 1517 5129 nullis
1563 5081 1683 5144 post
1708 5073 1933 5144 agnitio—

423 5229 439 5255 ι
466 5230 570 5273 uss.
594 5232 702 5274 star.
730 5232 781 5277 et
802 5224 947 5277 ctar..
971 5225 1051 5276 ab.

420 5262 1051 5396 gsﬁtﬂgﬁécj'siiié‘iuiié
1070 5285 1316 5349 consentit,
1353 5287 1676 5337 restituuntur
1717 5298 1786 5336 ex-
1806 5287 1932 5337 anti-

780 5412 1068 5478 Auctoritate
1091 5411 1518 5474 manuscriptorum
1539 5409 1838 5472 corrigimus,
1859 5408 1934 5470 fa-

352 5470 461 5526 cis;
485 5477 539 5518 ut
560 5470 619 5518 ad
640 5470 872 5521 Julianum
893 5474 1157 5521 referatur.

418 5532 441 5595 ξ
468 5540 547 5580 tis.
577 5540 706 5590 man,
732 5546 992 5595 possemus.

411 5593 439 5667 ξ
470 5594 609 5650 runt,
632 5592 1266 5667 non'veteretn-sed-novmn;
1288 5607 1481 5656 omnsso,
1497 5606 1626 5656 sane,
1639 5592 1764 5658 quod
1790 5593 1935 5643 resti-

350 5658 591 5717 tuiturrex
628 5658 983 5717 manuscriptis.

415 5718 437 5748 ‘
463 5716 607 5777 Editi,
629 5716 773 5779 idem,
802 5716 1055 5769 mendose.

1779 301 1984 360 LIBER
2008 301 2288 364 PRIMUS.

3495 323 3631 378 ηοσ

2061 433 2183 473 nem
2214 412 2408 477 Christi
2459 421 2658 478 servire
2683 425 2698 456 ³
2731 426 2984 496 peccatis,
3026 436 3082 483 ut
3109 438 3290 485 Veram
3334 431 3629 487 libertatem

2053 509 2375 565 conscientia
2426 512 2689 582 gaudente
2728 516 3036 585 retinerent,
3063 529 3116 573 et
3144 533 3239 591 spe
3265 530 3550 585 certorum,
3574 521 3628 577 id

2053 609 2135 656 cst
2177 610 2538 672 aeternorum,
2578 605 2971 664 vindicarentur
2996 625 3027 664 a
3066 611 3370 681 cupiditate
3401 611 3630 667 aliorum

2052 693 2309 756 omnium,
2337 711 2455 765 quae
2477 706 2694 766 pr0pter
2725 698 3057 769 fragilitatem
3085 703 3186 761 sui.
3218 718 3363 758 vana
3376 703 3635 773 frequen-5

2050 789 2133 837 ter
2152 792 2206 838 et
2252 783 2385 839 falsa
2433 784 2700 843 dicuntur.
2746 789 2896 846 Tunc
2943 793 3332 862 responderunt
3356 795 3405 851 ei
3431 794 3632 863 Judaei,

2049 887 2153 927 non
2177 874 2529 945 intelligentes
2554 876 2620 933 de
2648 894 2749 949 qua
2777 880 2931 938 Jesus
2958 884 3202 940 libertate
3219 884 3441 941 dixisset
3472 903 3486 940 :
3527 885 3629 940 Se-

2047 976 2161 1015 men
2182 961 2404 1019 Altraha:
2421 981 2613 1035 sumus,
2639 978 2687 1023 et
2709 972 2895 1024 nemini
2919 972 3207 1027 seruiuimus
3233 990 3486 1045 unquam:
3510 991 3630 1046 quo-

2047 1050 2197 1105 modo
2217 1061 2269 1106 tu
2283 1053 2431 1118 dicis,
2460 1054 2777 1113 Liberi‘eritis
2795 1061 2823 1114 .9
2847 1060 3026 1115 Multis
3044 1061 3186 1116 enim
3211 1063 3383 1120 modis
3406 1065 3630 1120 libertati

2046 1142 2298 1212 appellari
2319 1146 2458 1201 solet
2488 1163 2502 1201 :
2534 1148 2658 1202 utin
2698 1148 2799 1203 hoc
2830 1148 2950 1205 loco
2983 1152 3235 1209 sanctitas
3262 1169 3278 1219 ;
3311 1163 3367 1210 ut
3383 1171 3629 1213 resurre-

2045 1235 2213 1289 ctioin
2236 1236 2512 1305 Apostolo,
2538 1237 2623 1292 ubi
2648 1237 2780 1293 dicit
2804 1250 3102 1296 creaturam
3149 1243 3363 1299 liberari
3388 1260 3420 1300 a
3446 1248 3635 1305 θοι-νίς.

2047 1332 2159 1381 tute
2202 1327 2557 1397 corruptionis
2593 1328 2645 1384 in
2692 1328 2993 1386 libertatem
3021 1332 3207 1403 gloria:
3253 1333 3482 1390 ﬁliorum
3532 1336 3624 1394 Dei

2045 1416 2222 1485 (Rom.
2251 1434 2363 1485 vni,
2391 1418 2455 1475 21
2481 1421 2500 1491 )
2525 1436 2542 1485 ;
2573 1429 2630 1476 ut
2654 1421 2872 1477 libertas
2912 1438 3034 1494 quae
3059 1424 3235 1479 notior
3286 1434 3388 1491 est,
3420 1426 3486 1480 ad
3513 1426 3626 1482 dis-

2043 1510 2353 1567 tinctionem
2389 1510 2581 1566 dicitur
2626 1512 2914 1569 servitutis.
2959 1512 3039 1567 Eo
3076 1522 3254 1569 autem
3307 1514 3523 1571 nomine
3572 1528 3638 1579 et.

2043 1597 2265 1655 libertas
2300 1610 2634 1672 nuncupatur
2678 1601 2903 1657 arbitrii.
2934 1603 3243 1661 Dividantnr
3272 1619 3400 1674 ergo
3425 1619 3637 1671 causae”

2043 1706 2111 1747 ne
2135 1706 2220 1746 res
2250 1692 2473 1747 multum
2519 1692 2775 1749 distantes
2802 1693 3447 1751 confundanturnominis
3471 1710 3631 1759 eorm

2043 1782 2314 1839 munione.
2352 1782 2448 1837 Hic
2462 1798 2589 1854 ergo
2626 1798 2733 1839 non
2770 1783 2977 1840 arbitrii
3027 1785 3326 1843 libertatem
3363 1787 3637 1847 Dominus,

2041 1870 2169 1928 dicit
2196 1888 2316 1929 esse
2360 1873 2687 1930 liberandam
2712 1891 2725 1927 :
2750 1875 2846 1930 sed
2889 1876 2989 1935 illa
3005 1877 3207 1947 integra
3250 1886 3636 1946 permanente"

2041 1964 2287 2021 convenit
2303 1963 2517 2023 ludzeos
2535 2006 2551 2029 ,
2578 1965 2977 2036 utaecipientes
2996 1966 3374 2037 indulgentiam
3402 1968 3631 2031 liberem.

2040 2063 2128 2111 tur
2149 2070 2179 2110 a
2210 2057 2463 2122 rentibus,
2491 2064 2545 2110 ct
2570 2071 2689 2110 eam
2732 2072 2851 2126 quae
2883 2056 3024 2126 apud
3055 2057 3219 2112 Deum
3245 2058 3474 2117 maxima
3516 2067 3640 2127 est”

2038 2146 2332 2204 libertatem
2356 2156 2638 2219 occupent,
2670 2158 2727 2203 ut
2770 2148 3022 2217 incipiant
3062 2148 3192 2203 nihil
3230 2149 3636 2211 deberecrirni-,

1981 2275 1984 2277 λ
2037 2238 2212 2292 nibus.
2252 2236 2487 2308 Denique
2541 2238 2780 2308 sequitur
2826 2237 3200 2308 Evangelista:
3241 2236 3524 2309 Respondit
3550 2239 3638 2305 eis,

2034 2325 2204 2394 Iesus,
2231 2327 2409 2393 Amen,
2433 2344 2577 2382 amen
2598 2329 2709 2382 dico
2735 2328 2888 2394 vobis,
2936 2329 3174 2396 quoniam
3198 2330 3359 2384 omnis
3383 2331 3465 2401 qui
3495 2331 3634 2403 facit.

2034 2430 2308 2491 peccatum,
2345 2436 2513 2473 servus
2539 2429 2610 2473 est
2654 2420 2862 2491 peccati.
2909 2419 3095 2474 Servus
3122 2428 3289 2473 autent
3323 2437 3425 2474 non
3447 2431 3636 2481 manci.

2032 2511 2085 2564 in
2114 2510 2263 2564 donw
2308 2510 2361 2567 in
2389 2518 2664 2574 aeternum;
2693 2509 2829 2578 [ilius
2874 2518 3041 2567 autem
3066 2518 3231 2564 manet
3260 2510 3313 2563 in
3350 2519 3615 2564 wternum.

2034 2600 2096 2657 Si
2145 2616 2264 2672 ergo
2304 2598 2471 2654 Filius
2519 2616 2606 2655 vos
2646 2599 2947 2666 liberaverit,
3000 2609 3119 2657 tunc
3147 2616 3257 2654 vere
3301 2600 3444 2656 liberi
3475 2602 3633 2661 eritis.

2031 2694 2220 2766 (loan.
2240 2708 2351 2762 vui,
2380 2693 2606 2764 51-56).
3592 2764 3595 2767 ἢ

2101 2787 2237 2843 Ave.
2278 2784 2509 2842 Attende
2550 2783 2693 2855 quod
2738 2783 2938 2840 dictum
2971 2791 3079 2852 est,
3130 2781 3333 2842 Omnis.
3360 2783 3461 2855 qui.
3492 2783 3643 2854 facit

2033 2886 2307 2949 peccatum.
2336 2875 2449 2931 Non
2475 2877 2615 2932 enim
2641 2875 2735 2942 ait,
2761 2874 2861 2944 Qui
2910 2874 3034 2932 fecit
3060 2891 3076 2940 ;
3107 2873 3223 2940 sed,
3252 2874 3336 2947 qui
3383 2874 3525 2946 facit.
3550 2877 3621 2930 Et

2032 2984 2138 3026 non
2165 2968 2244 3023 vis
2262 2982 2382 3023 eum
2421 2966 2488 3022 ab
2513 2965 2616 3021 hoc
2638 2965 2780 3020 malo
2808 2965 3032 3020 liberare
3063 2964 3305 3021 homines
3339 2981 3353 3018 :
3383 2979 3490 3020 non
3535 2964 3615 3020 vis

2029 3077 2153 3118 eum
2184 3062 2285 3117 hoc
2331 3060 2451 3115 loco
2478 3059 2639 3123 talem,
2686 3058 2994 3127 promittere
3022 3056 3341 3122 libertatem,
3368 3071 3469 3125 qua
3492 3070 3617 3124 pec-

2031 3161 2208 3211 catum
2258 3165 2365 3205 non
2391 3148 2675 3215 faciamus;
2706 3146 2801 3203 sed
2827 3144 2946 3201 ideo
2984 3144 3348 3201 tantummodo
3371 3144 3615 3207 liberare,

2031 3243 2155 3320 quia
2183 3241 2428 3298 fecimus.
2458 3240 2461 3241 ⁷
3010 3302 3021 3309 ἢ

2103 3351 2434 3410 LXXXVIII.
2474 3349 2593 3408 IUL.
2634 3348 2876 3420 Aperuit,
2903 3347 2973 3405 de
2998 3362 3102 3419 qua
3132 3346 3218 3402 hic
3243 3345 3498 3402 servitute
3528 3345 3612 3400 lo-

2034 3453 2308 3517 queretur.
2362 3441 2562 3506 Omnis,
2608 3441 2799 3511 inquit,
2849 3440 2937 3510 qui
2980 3438 3102 3510 facit
3127 3447 3401 3507 peccatum,
3451 3453 3620 3492 servus

2034 3546 2109 3593 est
2148 3535 2358 3606 peccati.
2404 3533 2518 3589 Hoc
2555 3542 2735 3588 autem
2790 3532 2963 3601 ipsum
3010 3545 3169 3600 quam
3225 3529 3510 3585 vehemens
3534 3539 3618 3584 est

2036 3634 2221 3681 contra
2246 3639 2482 3683 errorem
2507 3631 2765 3687 vestrum,
2791 3621 2915 3691 quia
2944 3619 3092 3685 dicit,
3114 3634 3326 3674 servum
3367 3633 3472 3672 non
3498 3632 3627 3673 esse.

2037 3718 2260 3789 peccati,
2315 3716 2418 3771 nisi
2464 3730 2585 3772 eum
2638 3713 2729 3784 qui
2776 3712 2962 3768 fecerit
3008 3713 3122 3781 ipse
3163 3720 3440 3782 peccatum
3473 3726 3488 3775 ;
3516 3725 3615 3767 nec

2036 3821 2195 3879 posse
2218 3807 2461 3877 cuiquam
2500 3805 2773 3860 adhaerere
2814 3802 3273 3874 peccatum,quud
3327 3817 3434 3856 non
3476 3801 3524 3856 is
3549 3801 3616 3858 de

2036 3912 2143 3969 quo
2175 3898 2366 3968 agitur,
2397 3912 2494 3967 per
2514 3910 2592 3961 se,
2623 3902 2715 3950 aut
2740 3894 2969 3962 actione,
2986 3901 3078 3948 aut
3102 3894 3183 3949 vel
3212 3892 3328 3948 sola
3351 3893 3373 3926 ¹
3398 3894 3619 3950 commi-

2036 3989 2168 4046 serit
2192 3987 2505 4045 voluntate?
2534 3987 2701 4056 Quam
2730 3986 2889 4041 etiam
2938 3985 3172 4041 ostendit
3208 3984 3633 4047 universitatem.

2035 4080 2251 4136 humani
2295 4081 2506 4150 generis
2529 4093 2635 4135 non
2666 4093 2821 4148 posse
2844 4078 2952 4148 jam
2999 4093 3029 4132 a
3054 4076 3262 4132 diabolo
3290 4076 3549 4148 possideri
3573 4078 3616 4140 ’.

2035 4186 2155 4229 cum
2185 4172 2575 4228 distinctionem
2598 4170 2725 4225 facit
2748 4171 2884 4224 inter
2912 4183 2987 4225 sci
3000 4185 3119 4224 vum
3149 4179 3200 4224 et
3224 4167 3409 4233 ﬁlium,
3442 4167 3494 4223 id
3510 4176 3624 4230 est.

2030 4264 2232 4335 justum
2274 4273 2329 4320 et
2377 4263 2671 4335 injustam?
2702 4261 2800 4317 llic
2832 4261 2995 4327 enim,
3033 4270 3093 4316 ut
3135 4275 3194 4317 se
3235 4260 3497 4327 Christus,
3546 4260 3616 4315 ita

2035 4356 2193 4411 etiam
2223 4368 2648 4425 unumquemque
2697 4361 2997 4409 sanctorum
3042 4368 3073 4407 a
3112 4366 3384 4411 servorum
3435 4350 3620 4407 condi—

2037 4450 2181 4505 tione
2226 4447 2547 4517 separabat:
2587 4446 2720 4500 sicut
2762 4444 2974 4503 fuerunt
3000 4452 3055 4499 et
3094 4451 3218 4503 ante
3256 4442 3442 4507 Vetus,
3475 4449 3531 4497 et
3561 4441 3612 4497 in

2036 4540 2234 4597 Vetere
2258 4540 2618 4605 Testamento,
2639 4552 2770 4608 quos
2791 4536 2842 4598 in
2883 4536 3045 4597 domo
3067 4535 3242 4597 Patris
3264 4534 3343 4588 sui
3375 4524 3619 4601 manere,

2036 4631 2163 4687 etin
2207 4645 2391 4687 mensa
2434 4629 2547 4699 eius
2573 4627 2848 4683 denuntiat
2878 4623 3197 4696 jucundari(
3230 4623 3352 4677 Luc.
3383 4639 3498 4689 xm,
3524 4623 3616 4691 28,

2035 4722 2106 4778 29
2208 4722 2396 4777 Totum
2449 4720 2551 4776 hoc
2585 4728 2760 4774 autem
2804 4716 3190 4774 exhortationis
3231 4731 3399 4788 genus
3442 4715 3619 4786 inepte

2037 4814 2297 4885 prolatum
2317 4821 2481 4878 esset,
2503 4812 2547 4869 si
2598 4826 2703 4871 non
2754 4810 2905 4872 liberi
2960 4809 3164 4867 arbitrii
3208 4809 3450 4873 homines
3486 4824 3615 4867 cen-

2036 4905 2260 4962 veniret.
3284 4890 3285 4893 “

2108 4998 2240 5055 Anc.
2264 4993 2523 5056 Convenit
2547 4992 2701 5063 plane
2738 4992 2859 5049 ideo
2893 4989 3147 5053 facientes
3174 4988 3613 5060 peccatumtqum

2038 5092 2175 5148 servi
2204 5097 2330 5148 sunt
2354 5089 2589 5159 peccati,
2605 5096 2661 5143 ut
2684 5094 2897 5156 accepta
2927 5085 3167 5142 libertate
3194 5099 3350 5157 quam
3396 5083 3613 5154 promit-

2040 5182 2125 5248 tit,
2167 5181 2410 5237 desinant
2438 5178 2608 5233 faccre
2633 5183 2926 5247 peccatum.
2956 5173 3228 5245 Regnabat
3249 5188 3474 5242 namque
3494 5185 3612 5239 pec-

2039 5281 2216 5329 catum
2267 5271 2321 5328 in
2375 5284 2560 5326 eorum
2600 5268 2811 5325 mortali
2839 5281 3084 5338 corpore,
3130 5266 3199 5320 ita
3226 5274 3286 5320 ut
3331 5263 3613 5318 obedirert

2104 5470 2235 5531 [Sic
2280 5477 2384 5518 Mss.
2432 5474 2516 5531 At,
2541 5468 2850 5531 viguierius,
2896 5463 3145 5531 servirent.
3188 5471 3348 5514 uenat
3396 5463 3518 5519 dus.
3573 5470 3617 5512 ct

2040 5528 2203 5593 nullus
2252 5535 2356 5593 post
2735 5525 2914 5593 Christi
2958 5524 3172 5593 serviret.

2104 5586 2282 5655 fEditi,
2309 5596 2391 5655 ait:
2420 5586 2537 5655 sola.
2564 5599 2689 5649 MSS»,
2712 5596 2794 5639 aut
2823 5586 2895 5639 uel
2915 5586 3033 5638 sola.

2050 5654 2137 5765 de;
2150 5655 2224 5702 sic
2256 5646 2357 5704 sise.
2390 5653 2506 5702 Fditi
2538 5646 2697 5713 vero,
2739 5661 2832 5700 non
2863 5661 2995 5715 posse
3033 5660 3141 5703 eam
3174 5660 3206 5703 α
3249 5646 3437 5700 diabolo
3470 5660 3612 5712 ροδδιο

2138 5727 2182 5765 e.
