4102 6496
549 311 683 370 “01

545 425 991 497 concupiscentiis
1029 426 1164 495 ejus,
1220 434 1274 478 et
1324 424 1636 478 exhiberem
1680 421 1918 477 membra
1972 434 2122 475 arma

545 516 837 587 iniquitatis
861 525 1073 586 peccato
1111 515 1130 584 (
1156 513 1306 567 Rom.
1341 531 1390 567 vn
1411 554 1426 580 ,
1458 515 1523 568 12
1551 523 1597 566 et
1623 515 1690 568 15
1717 512 1758 584 ).
1791 514 1986 567 Contra
2017 512 2120 566 hoc

545 623 674 676 ergo
699 608 915 672 malum,
937 620 1042 678 quo
1066 615 1337 674 peceatum
1391 604 1674 672 faciebant,
1705 605 1948 659 libertate
1977 603 2118 658 indi-

543 699 754 767 gebant,
777 711 932 764 quam
980 696 1318 766 promittebat
1343 715 1356 752 :
1379 697 1555 751 Omnis
1596 698 1762 764 enim,
1792 696 1981 766 inquit,
2011 708 2120 750 non

481 803 489 808 ‘
540 787 629 855 qui
656 786 796 848 fecit,
823 785 916 840 sed
939 787 1158 857 quifacit
1178 798 1456 857 peccatum,
1475 805 1646 843 servus
1662 798 1736 843 est
1753 788 1957 858 peccati.
1983 787 2120 855 Quid

538 876 704 930 verba
762 875 936 932 lucida
981 877 1283 948 ealiginosis
1338 877 1782 948 disputationibus
1831 878 2120 933 obscurare

538 969 1111 1040 conarisYErumpunt
1163 970 1414 1038 omnino,
1460 980 1514 1026 ct
1543 982 1592 1027 te
1634 972 1760 1028 licet
1804 972 2113 1036 obsistente,

537 1058 744 1128 fulgore
781 1075 880 1114 suo
919 1062 1137 1117 vincunt
1181 1063 1428 1117 tenebras
1470 1071 1604 1116 tuas.
1653 1061 1848 1126 Omnis,
1889 1062 1983 1127 ait,
2031 1062 2120 1132 qui

537 1153 659 1220 facit
704 1162 985 1221 peccatum,
1012 1170 1183 1208 servas
1210 1164 1280 1208 est
1309 1155 1518 1224 peccati.
1570 1154 1756 1218 Audis,
1784 1156 1870 1223 qui
1893 1155 2045 1225 facit:
2064 1163 2120 1210 et

534 1251 593 1300 tu
618 1259 724 1299 non
752 1259 1041 1316 exponere,
1074 1247 1168 1302 sed
1215 1263 1512 1318 supponere
1563 1247 1659 1312 vis,
1691 1247 1789 1314 Qui
1819 1247 1958 1302 fecit.
2003 1248 2116 1302 Au-

532 1333 681 1390 diant
708 1350 856 1407 ergo,
887 1337 1082 1408 quibus
1105 1338 1218 1407 ipse
1264 1340 1433 1407 aperit
1458 1353 1688 1401 setisum,
1723 1347 1782 1392 ut
1823 1338 2120 1410 intelligant

532 1427 880 1498 Scripturas:
922 1429 1157 1495 audiant,
1192 1429 1370 1484 Omnis
1408 1432 1494 1497 qui
1538 1431 1661 1501 facit
1707 1441 1980 1502 peccatum,
2007 1447 2115 1485 ser-

531 1535 627 1575 vus
656 1530 730 1574 est
748 1522 956 1592 peccati.
987 1523 1051 1577 Et
1066 1533 1304 1594 quaerant
1323 1523 1565 1598 accipere
1589 1523 1906 1588 libertatem,
1932 1531 1989 1576 ut
2009 1537 2114 1578 non

531 1611 730 1666 Iaeiant
779 1622 1075 1682 peccatum,
1125 1613 1415 1668 clamantes
1455 1612 1521 1667 ad
1573 1629 1717 1675 eum.
1767 1614 1850 1668 cui
1898 1613 2111 1679 dicitur,

531 1701 730 1759 Itinera
748 1721 858 1759 mea
880 1706 1042 1776 dirige
1059 1707 1331 1760 secundum
1368 1705 1567 1760 verbum
1602 1715 1758 1770 tuum,
1778 1713 1826 1759 et
1856 1721 1918 1759 ne
1953 1705 2117 1760 domi-

533 1806 682 1852 netur
720 1799 845 1852 mihi
899 1799 1063 1854 omnia
1111 1799 1384 1869 iniquitas(
1415 1796 1557 1852 Paul.
1609 1797 1976 1868 cntutu-135).
2008 1797 2118 1852 Cur

531 1895 708 1942 autem
737 1887 912 1943 illudis
950 1888 1195 1944 sensibus
1247 1888 1430 1952 tardis,
1478 1897 1532 1943 et
1573 1888 1645 1942 ita
1689 1887 1922 1942 insinuas
1956 1887 2113 1943 verba

530 1976 764 2043 Domini,
790 1979 938 2048 quasi
968 1979 1160 2033 dixerit
1204 1994 1416 2034 servum
1443 1993 1549 2032 nou
1590 1994 1707 2034 esse
1751 1980 1973 2048 peccati,
2012 1979 2114 2034 nisi

529 2085 651 2124 eum
677 2069 766 2140 qui
785 2069 970 2125 fecerit
994 2071 1106 2140 ipse
1129 2079 1400 2140 peccatum
1428 2071 1451 2124 ?
1481 2070 1686 2125 Fraude
1715 2073 1846 2140 agis,
1879 2086 1982 2124 non
2012 2070 2114 2126 hoc

528 2161 700 2218 dixit:
731 2177 834 2217 non
875 2163 1017 2216 enim
1046 2162 1140 2229 ait,
1184 2161 1352 2216 Nemo
1396 2171 1476 2216 est
1519 2177 1706 2217 servus
1755 2163 1978 2232 peccati,
2009 2161 2114 2219 nisi

527 2253 618 2323 qui
645 2253 767 2309 facit
794 2267 1067 2325 peccatum
1098 2270 1113 2319 ;
1143 2255 1236 2309 sed
1264 2255 1354 2318 ait,
1378 2253 1555 2308 (initiis
1580 2255 1667 2326 qui
1682 2254 1804 2323 facit
1824 2264 2107 2325 peccatum,

529 2361 701 2400 servus
724 2353 794 2399 est
821 2345 1026 2416 peccati.
1057 2345 1194 2400 Sunt
1235 2347 1375 2402 enim
1421 2348 1557 2401 servi
1589 2346 1788 2417 peccati
1813 2346 2106 2417 originalis,

528 2435 618 2506 qui
643 2445 909 2506 peccatum
932 2436 1028 2507 ipsi
1061 2436 1293 2492 nondum
1311 2436 1512 2492 faciunt
1539 2440 1555 2470 ¹
1583 2455 1598 2504 ;
1627 2448 1681 2494 et
1711 2443 1776 2493 ab
1803 2437 1904 2494 hoc
1927 2437 2111 2492 vincu-

526 2524 581 2579 Io
601 2527 870 2582 servitutis
893 2527 1295 2598 regenerationc
1317 2528 1612 2583 solvuntur.
1662 2529 1774 2584 Non
1820 2529 1977 2600 igitur
1992 2545 2108 2584 etn-

528 2617 614 2673 nis
636 2619 724 2689 qui
749 2633 937 2674 servus
962 2629 1044 2698 est
1073 2622 1294 2690 peccati,
1325 2618 1448 2674 facit
1479 2631 1747 2690 peccatum
1773 2639 1786 2687 ;
1812 2621 1904 2677 sed
1935 2621 2110 2676 omnis

526 2711 617 2781 qui
646 2712 766 2766 facit
786 2721 1078 2782 peccatum,
1098 2727 1283 2767 servus
1305 2721 1386 2767 est
1412 2715 1610 2782 peccati
1629 2733 1642 2766 :
1661 2714 1794 2768 sicut
1825 2730 1928 2768 non
1951 2729 2110 2770 omne

527 2804 724 2860 animal
743 2819 912 2875 equus
940 2813 1022 2860 est
1043 2820 1059 2871 ;
1083 2803 1178 2859 sed
1198 2815 1371 2860 tamen
1397 2805 1571 2860 omnis
1590 2821 1756 2876 equus
1780 2805 1975 2860 animal
2003 2815 2104 2860 est.

528 2894 628 2951 Ubi
654 2903 737 2950 est
761 2895 1034 2952 dialectica
1061 2904 1168 2960 tua,
1208 2911 1310 2966 qua
1342 2904 1391 2952 te
1425 2897 1608 2953 inﬂare
1635 2898 1901 2953 consuesti
1925 2897 1950 2952 τ
1977 2897 2107 2952 Tam

526 2985 740 3041 doctum
771 2995 824 3041 et
864 2995 1075 3041 acutum
1103 3002 1268 3056 quare
1311 2996 1363 3042 te
1414 2989 1510 3042 ista
1539 2988 1743 3058 fugiunt
1771 2989 1796 3043 ‘t
1829 3000 1918 3043 aut
1942 3005 2108 3059 quare

528 3074 795 3130 insidiaris
847 3074 1075 3131 indoctis
1102 3085 1157 3131 et
1194 3075 1378 3143 tardis,
1421 3077 1464 3131 si
1498 3087 1549 3132 te
1579 3079 1678 3132 ista
1708 3094 1812 3132 non
1858 3077 2110 3150 fugiunt?

527 3164 660 3231 Quis
675 3173 849 3222 autem
879 3175 1120 3222 nostrum
1161 3167 1308 3234 dicit,
1339 3168 1735 3224 universitatem
1777 3169 2048 3225 hominum
2077 3189 2108 3228 a

528 3256 744 3314 diabolo
788 3257 1082 3329 possideri;
1111 3274 1232 3315 cum
1266 3269 1571 3317 sanctorum
1620 3271 1760 3317 tanta
1787 3263 1893 3318 sint
1921 3265 2105 3334 millia,

528 3363 650 3420 qua:
689 3362 796 3405 non
851 3349 1190 3419 possidentur
1215 3365 1247 3406 a
1289 3351 1550 3407 diabolo?
1579 3353 1682 3409 Sed
1722 3354 1965 3419 dicimus,
2016 3372 2110 3411 eos

528 3437 677 3494 solos
721 3454 752 3494 a
794 3439 1007 3496 diabolo
1058 3455 1164 3497 non
1207 3442 1488 3512 possideri,
1516 3459 1651 3514 quos
1678 3444 1871 3501 Christi
1920 3447 2112 3504 liberat

528 3530 695 3602 gratia
720 3530 908 3602 ;cujus
959 3531 1142 3603 gratia:
1169 3547 1267 3588 vos
1291 3534 1418 3589 estis
1452 3535 1666 3590 inimici.
1703 3535 1758 3590 Si
1805 3537 1944 3592 enim
1972 3537 2112 3594 hanc

528 3621 752 3693 gratiam
781 3637 888 3678 non
915 3625 1313 3695 oppugnaretis,
1357 3625 1450 3680 sed
1495 3626 1895 3697 intelligeretis;
1928 3629 2109 3698 procul

532 3713 694 3770 dubio
718 3714 880 3771 etiam
931 3723 1056 3771 ante
1098 3714 1264 3771 Vetus
1313 3715 1744 3783 Testamentum,
1788 3727 1843 3772 ct
1870 3727 2110 3789 tempore

532 3805 744 3864 Veteris
768 3805 1090 3864 Testamenti
1106 3848 1122 3874 ,
1149 3822 1338 3864 omnes
1364 3819 1595 3873 sanctos,
1623 3825 1654 3864 a
1681 3825 1955 3867 servorum
1981 3828 2112 3868 con-

529 3895 732 3954 ditione
763 3908 1054 3970 separatos,
1091 3899 1278 3954 eadem
1321 3899 1572 3956 liberatos
1598 3901 1796 3957 Christi
1831 3904 1999 3974 gratia
2027 3904 2108 3958 vi-

529 3986 748 4043 daretis.

600 4097 888 4157 LXXXIX.
915 4098 1032 4156 Jun.
1063 4100 1301 4171 Denique
1327 4110 1384 4156 ut
1411 4102 1691 4176 intelligas,
1723 4120 1830 4159 non
1855 4121 1978 4160 eum
2008 4121 2103 4160 na-

529 4201 664 4248 tura:
689 4206 874 4247 eorum
901 4194 1243 4264 exprobrare,
1266 4194 1360 4248 sed
1382 4195 1538 4262 vitae;
1561 4198 1818 4268 sequitur,
1849 4197 1970 4254 Scio
1989 4200 2110 4268 quia

530 4283 627 4352 filii
651 4281 867 4338 Abrahae
889 4284 1026 4339 estis.
1054 4273 1192 4340 Ecce
1218 4283 1286 4339 dc
1315 4301 1416 4355 qua
1439 4287 1513 4340 illi
1552 4301 1611 4342 se
1652 4286 1847 4344 liberos
1866 4289 2111 4346 dixerant

530 4374 752 4445 originis
775 4373 1064 4446 dignitate:
1090 4391 1232 4430 nunc
1253 4376 1334 4430 cui
1370 4377 1608 4432 servituti
1635 4378 1844 4434 obnoxii
1876 4379 1982 4435 sint
2009 4381 2107 4437 de-

532 4473 813 4535 monstrat,
849 4464 1032 4522 dicens
1055 4467 1098 4534 ¹,
1131 4466 1368 4534 Quwritis
1394 4485 1473 4522 me
1498 4470 1793 4540 interﬁcere,
1815 4473 1931 4538 quia
1949 4490 2110 4528 sermo

534 4575 673 4614 meus
700 4575 800 4614 non
819 4559 952 4631 capit
969 4560 1023 4614 in
1044 4558 1200 4615 vobis.
1234 4559 1343 4632 Ego
1370 4561 1504 4631 quod
1524 4563 1693 4618 audivi
1732 4566 1870 4636 apud
1903 4565 2109 4621 Patrem

535 4667 714 4717 nicum,
741 4651 950 4721 loquor;
974 4660 1020 4706 et
1038 4667 1124 4707 vos
1143 4668 1256 4722 qua:
1268 4653 1459 4727 vidistis
1479 4655 1620 4725 apud
1641 4667 1834 4728 patrem
1862 4669 2101 4730 vestrum,

539 4742 722 4796 facitis.

604 4832 739 4890 Atta.
761 4831 897 4901 Quid
921 4840 1023 4898 est,
1066 4833 1246 4890 Sermo
1282 4853 1422 4894 meus
1467 4855 1568 4895 non
1617 4842 1753 4912 capit
1773 4841 1826 4897 in
1854 4844 1989 4899 vobis
2015 4862 2034 4911 ;
2063 4845 2108 4900 si

531 4933 722 4981 natura
741 4925 902 4982 etiam
927 4926 1065 4996 talis,
1095 4928 1264 4998 qualis
1294 4945 1434 4986 nunc
1465 4931 1663 5005 indiget
1693 4935 1968 5005 liberante,
1993 4939 2105 5008 jam

534 5029 702 5086 capax
716 5024 800 5072 est
825 5018 1086 5074 sermonis
1104 5018 1239 5090 ejus,
1267 5021 1472 5078 etiamsi
1519 5039 1736 5081 sensum
1777 5042 1882 5081 non
1904 5030 2107 5098 aperiat

533 5108 698 5178 gratia
746 5109 881 5179 ejus,
909 5111 1046 5168 sicut
1089 5115 1295 5185 aperuit
1339 5115 1605 5185 Apostolis
1648 5129 1707 5174 ut
1760 5121 2111 5193 intelligerent

535 5201 835 5273 scripturas
863 5201 1036 5276 (Luc.
1085 5221 1208 5261 xxw
1235 5247 1251 5272 ,
1298 5207 1612 5279 45);sicut
1655 5209 1728 5265 illi
1783 5217 2106 5284 purpurarize

537 5291 1001 5367 'I'hyatirenorum,
1031 5305 1088 5355 ut
1110 5297 1414 5354 intenderet
1457 5299 1512 5356 in
1540 5315 1604 5356 ea
1632 5317 1750 5373 qua:
1777 5317 1807 5358 a
1836 5304 2002 5362 Paulo
2023 5307 2107 5362 di-

598 5493 948 5568 Ἷξϐιιῖετίιιεν
983 5491 1145 5560 5P3“m
1187 5507 1281 5546 ποτε
1314 5495 1516 5560 fama“.
1553 5499 1838 5555 Emendatur
1877 5515 1905 5554 a
1940 5517 2109 5555 manu-

534 5563 1084 5695 Ἥξείειπίρεενψ
1267 5616 1342 5695 ita
1369 5634 1422 5673 se
1452 5620 1642 5695 ιειυινοε.
1659 5622 1884 5695 ἀίων-σπι
1913 5627 2111 5695 ρνίθεπὶε

537 5676 956 5750 ᾳίςιιὶεηιεηῃιιηε
985 5678 1065 5750 cui
1087 5676 1348 5750 servitutis
1398 5697 1568 5737 nomen
1623 5676 1860 5750 imputet,
1907 5676 2107 5743 ortae};

537 5739 625 5785 sed
664 5739 882 5793 eieceritis
915 5753 992 5791 me
1026 5741 1324 5807 interﬁcere,
1355 5753 1450 5796 etc.

1195 306 1437 363 OPERIS
1473 303 1875 362 IMPERFECTI
1915 298 2187 358 CONTRA
2225 298 2584 368 IULIANUM,
2627 302 2684 360 S.
2725 299 3090 362 AUGUSTI)"

2228 419 2485 475 oebantur
2511 423 2530 493 (
2553 423 2664 478 Act.
2693 439 2804 490 xvt,
2843 425 2910 480 ﬂ
2938 425 2959 497 )
2984 425 3010 480 7

2297 509 2406 566 XC.
2429 511 2548 567 Jun.
2577 512 2708 570 Vide
2731 530 2888 584 quam
2909 515 3115 571 diversa
3137 515 3206 571 sit
3229 526 3434 573 natura:
3466 517 3605 574 ratio
3633 529 3687 575 et
3709 536 3804 573 vo-

2225 599 2462 656 luntatis.
2491 603 2606 658 Non
2633 605 2842 676 negavit
2864 607 3039 672 Iesus,
3079 622 3296 664 carnem
3323 624 3510 665 eorum
3538 611 3808 681 pertinere

2226 691 2297 746 ad
2325 707 2507 749 semen
2537 695 2766 752 Abrahte
2799 714 2814 752 :
2843 697 2936 753 sed
2965 698 3194 754 inculcat
3215 699 3314 764 eis.
3342 701 3483 770 quod
3519 699 3586 756 ad
3617 701 3809 756 diabo-

2224 781 2332 837 lum
2359 795 2562 854 patrem
2591 787 2875 842 voluntatis
2890 788 3163 858 iniquitate
3178 789 3556 861 migraverint;
3578 792 3809 863 quiideo

2221 875 2428 943 genitor
2437 891 2624 932 eorum
2637 877 2990 949 dicitur,quod
3005 880 3287 936 criminum
3299 882 3537 952 arguitur
3547 883 3808 938 eruditos.

2222 963 2630 1036 Responderunt,
2655 969 2842 1040 inquit,
2861 979 2908 1025 et
2922 970 3158 1027 dixerunt
3176 972 3220 1026 ei
3242 971 3416 1028 Iudici
3429 988 3450 1028 :
3471 972 3630 1028 Pater
3641 984 3813 1029 noster

2220 1055 2476 1112 Abraham
2493 1067 2582 1113 est.
2601 1058 2734 1115 Dicit
2751 1060 2822 1115 eis
2833 1058 2981 1116 Iesus
2993 1077 3012 1116 :
3025 1060 3088 1117 Si
3096 1062 3192 1132 lilii
3202 1063 3420 1118 Abram!
3435 1065 3634 1129 essetis,
3653 1081 3811 1135 opera

2219 1147 2437 1204 Abralue
2461 1149 2689 1220 faceretis
2713 1165 2734 1205 :
2779 1166 2914 1206 nunc
2937 1161 3107 1206 autem
3147 1153 3371 1224 quaeritis
3394 1171 3476 1209 nte
3492 1153 3801 1224 interﬁcere,

2219 1239 2469 1294 hominem
2486 1241 2573 1312 qui
2590 1242 2846 1298 ueritatem
2881 1243 3078 1297 locutas
3118 1259 3231 1299 sum
3276 1245 3435 1312 vobis,
3455 1261 3610 1316 quam
3636 1246 3813 1300 audiri

2217 1346 2250 1384 a
2269 1329 2418 1395 Deo;
2442 1331 2537 1385 hoc
2554 1331 2810 1388 Abraham
2829 1350 2930 1388 non
2956 1333 3072 1404 fecit
3097 1349 3118 1389 :
3142 1350 3227 1389 vos
3261 1345 3428 1390 autem
3450 1337 3626 1406 facitis
3652 1353 3812 1406 opera

2219 1423 2378 1492 patris
2414 1423 2566 1477 vestri
2597 1421 2794 1496 (Joan.
2822 1439 2937 1490 vni,
2985 1425 3148 1480 ινιτ-ιι
3177 1425 3220 1496 ).
3245 1425 3524 1495 Aspicisne
3564 1441 3700 1497 quas
3729 1425 3811 1479 fa-

2217 1511 2322 1567 ciat
2341 1512 2620 1568 verborum
2649 1512 2969 1570 divisiones‘
3002 1515 3306 1586 Sapientia?
3327 1514 3494 1588 Negat
3509 1531 3605 1572 eos
3631 1517 3810 1571 Abra-

2219 1601 2302 1657 ha:
2327 1603 2464 1660 filios
2493 1619 2636 1670 esse,
2673 1620 2808 1675 quos
2833 1619 2992 1675 supra
3012 1605 3219 1660 dixerat
3237 1620 3357 1661 esse
3387 1605 3524 1660 ﬁlios
3539 1605 3807 1661 Abrahae:

2217 1694 2311 1748 sed
2350 1696 2599 1764 quoniam
2640 1697 2884 1752 diversus
2936 1707 3020 1752 est
3067 1697 3134 1752 de
3182 1708 3371 1753 natura
3418 1714 3482 1754 ac
3533 1700 3811 1756 voluntate

2219 1794 2510 1854 tractatus,
2557 1787 2791 1842 ostendit
2841 1788 3070 1842 alterum
3119 1803 3239 1844 esse
3269 1798 3597 1862 prosatorcm
3631 1795 3813 1847 carnis

2217 1876 2480 1945 innocuae,
2499 1880 2721 1934 alterum
2750 1880 3087 1936 seductorem
3117 1882 3326 1937 misera:
3355 1883 3666 1938 voluntatis.

2287 1971 2424 2025 Auc.
2457 1969 2648 2025 Verum
2677 1969 2812 2026 dicis
2855 1971 3115 2027 incautus.
3160 1972 3217 2027 In
3248 1973 3493 2042 paradiso
3512 1975 3661 2030 enim
3694 1975 3810 2029 dia-

2215 2059 2368 2116 bolus
2384 2061 2635 2118 seductor
2649 2063 2815 2118 beata:
2840 2065 3125 2120 voluntatis
3153 2066 3268 2130 fuit,
3291 2082 3448 2135 quam
3477 2067 3796 2123 seducendo

2216 2153 2462 2208 miseram
2508 2153 2633 2209 fecit
2660 2173 2672 2208 :
2701 2170 2843 2210 nunc
2887 2167 3087 2220 autem,
3133 2158 3270 2212 sicut
3311 2158 3513 2226 fateris,
3555 2159 3814 2216 seductor

2215 2254 2298 2300 est
2337 2246 2543 2301 miserat
2577 2247 2880 2303 voluntatis.
2903 2250 2985 2305 Ab
3028 2249 3128 2304 hac
3166 2266 3294 2322 ergo
3336 2249 3593 2322 miseria(
3619 2267 3691 2307 ne
3712 2269 3812 2323 per

2215 2334 2355 2390 illam
2374 2348 2516 2392 nunc
2529 2338 2755 2406 facilius,
2787 2355 2946 2411 quam
2972 2349 3097 2396 tunc
3134 2341 3202 2396 ad
3233 2343 3374 2397 illam
3397 2345 3418 2374 ’
3445 2343 3669 2399 seducta
3699 2353 3805 2408 est,
3860 2416 3863 2420 ‘

2213 2427 2387 2482 adhuc
2435 2427 2722 2485 seducatur
2767 2445 2796 2484 a
2847 2431 3058 2487 diabolo
3088 2432 3234 2497 )non
3279 2449 3395 2488 eam
3436 2434 3652 2499 liberat,
3699 2436 3804 2492 nisi
3853 2423 3860 2428 ’

2215 2518 2301 2574 ille
2325 2519 2390 2572 ad
2433 2536 2590 2589 quem
2634 2522 2870 2592 quotidie
2917 2532 3026 2579 tota
3055 2525 3249 2580 clamat
3296 2525 3558 2592 Ecclesia,
3599 2527 3688 2582 Ne
3711 2546 3806 2584 nos

2212 2609 2399 2681 inferas
2438 2611 2491 2665 in
2517 2613 2834 2668 tentationem
2856 2633 2874 2680 ;
2902 2615 2991 2670 sed
3015 2615 3171 2670 libera
3210 2633 3302 2671 nos
3328 2634 3362 2670 a
3403 2620 3538 2672 male
3562 2617 3586 2692 (
3611 2618 3802 2676 Matth.

2215 2716 2289 2765 Vl,
2319 2703 2384 2757 15
2417 2702 2457 2775 ).

2282 2791 2418 2848 XCI.
2449 2793 2566 2849 Jun.
2597 2793 2692 2849 llic
2712 2809 2840 2866 ergo
2865 2795 2954 2851 ubi
2982 2795 3114 2851 dixit
3134 2797 3409 2864 Dominus,
3437 2797 3500 2856 Si
3523 2815 3609 2857 vos
3633 2799 3804 2858 Filias

2213 2883 2515 2951 liberaverit,
2561 2902 2675 2939 vere
2716 2886 2859 2942 liberi
2900 2889 3078 2952 eritis;
3108 2890 3351 2959 promisit
3406 2890 3794 2964 indulgentiam

2211 2976 2340 3038 reis,
2369 2976 2458 3045 qui
2497 2987 2779 3045 peccantes
2807 2995 2910 3032 non
2955 2978 3157 3034 arbitrii
3190 2981 3510 3048 libertatem,
3543 2983 3638 3038 sed
3669 2999 3800 3039 con-

2211 3065 2486 3120 scientiam
2511 3066 2728 3136 iustitia:
2758 3068 3122 3137 perdiderunt.
3167 3069 3414 3126 Liberum
3459 3081 3637 3128 autem
3659 3074 3804 3129 arbi~

2213 3157 2370 3210 trium
2401 3166 2454 3211 et
2481 3166 2599 3226 post
2626 3167 2836 3227 peccata
2866 3167 2970 3213 tam
2990 3160 3203 3228 plenum
3231 3170 3333 3226 est,
3357 3177 3516 3232 quam
3550 3163 3648 3218 fuit
3675 3174 3800 3220 ante

2214 3257 2466 3319 peccata:
2499 3248 2758 3319 siquidem
2780 3250 2948 3320 ipsius
2966 3267 3127 3320 opera
3144 3252 3232 3307 [iat
3257 3262 3313 3308 ut
3341 3254 3594 3310 abdiceut
3634 3256 3796 3327 pleri-

2212 3356 2317 3414 que
2365 3342 2571 3397 occnlta
2615 3341 2892 3398 dedecoris
2913 3343 2933 3410 (
2952 3343 2992 3398 II
3013 3344 3132 3399 Cor.
3161 3344 3288 3412 tv,2
3309 3356 3351 3417 ),
3381 3355 3434 3402 et
3468 3347 3791 3418 ﬂagitiorum

2212 3432 2430 3504 abiectis
2445 3433 2712 3499 sordibus,
2736 3434 2988 3489 virtutum
3017 3445 3295 3491 comautur
3326 3437 3646 3508 insignibus.

2282 3526 2420 3581 Λυσι.
2441 3525 2516 3580 Te
2539 3525 2662 3580 audi
2705 3526 2919 3594 saltem,
2972 3528 3063 3583 ubi
3103 3527 3236 3584 dicis
3261 3529 3280 3600 (
3308 3528 3500 3602 Supra,
3532 3548 3648 3602 cap.
3679 3532 3795 3604 69)

2215 3624 2431 3686 pr0pter
2471 3616 2906 3671 consuetudinem
2955 3628 3290 3687 peccatorum
3338 3622 3594 3692 scriptum
3631 3639 3794 3690 esse,

2217 3703 2336 3759 Non
2368 3706 2502 3775 quod
2545 3707 2692 3773 volo,
2716 3722 2857 3777 ago;
2885 3707 2973 3762 sed
3011 3709 3144 3778 quod
3187 3710 3294 3773 odi,
3325 3711 3419 3765 hoc
3464 3713 3620 3782 facio.
3646 3714 3793 3781 Quo-

2215 3796 2374 3852 modo
2424 3812 2552 3868 ergo
2591 3806 2710 3868 post
2753 3809 2968 3868 peccata
2997 3800 3236 3856 liberum
3264 3812 3365 3870 est,
3427 3820 3657 3875 quorum
3687 3809 3788 3863 etsi

2214 3877 2319 3943 non
2341 3889 2645 3959 propagine,
2669 3890 2791 3959 quia
2821 3906 2925 3944 non
2949 3892 3124 3957 vultis,
3153 3904 3298 3950 certe
3349 3904 3525 3951 tamen
3564 3911 3792 3953 consue-

2216 3979 2418 4042 tudine,
2446 3993 2602 4048 quam
2627 3980 2797 4034 solam
2850 3979 2974 4036 huic
3013 3985 3311 4038 necessitati
3351 3986 3476 4040 victi
3524 3989 3791 4043 contorti-

2214 4085 2317 4142 que
2350 4071 2659 4138 conceditis,
2701 4073 2779 4127 sic
2827 4073 3056 4143 perdidit
3105 4075 3424 4142 libertatem,
3457 4087 3516 4133 ut
3563 4080 3794 4149 gemitus

2213 4165 2334 4235 ejus.
2371 4165 2528 4219 feriat
2567 4179 2723 4220 aures
2763 4174 2990 4232 vestras,
3029 4167 3360 4240 frontemque
3397 4171 3792 4240 collidat;cum

2213 4255 2424 4319 auditis,
2451 4252 2569 4308 Non
2589 4254 2724 4325 quod
2743 4256 2875 4323 volo,
2915 4273 3013 4328 ago
3035 4272 3055 4318 ;
3075 4269 3146 4318 et.
3183 4257 3306 4314 Non
3343 4261 3476 4330 quod
3493 4262 3629 4329 solo,
3660 4266 3796 4334 facio

2214 4348 2429 4411 bonum;
2457 4346 2547 4400 sed
2585 4346 2720 4416 quod
2769 4349 2886 4402 nolo
2934 4349 3146 4416 malum,
3181 4351 3275 4405 hoc
3322 4367 3418 4423 ago
3446 4351 3465 4425 (
3493 4352 3647 4408 Rom.
3694 4371 3789 4424 vn,

2214 4438 2490 4510 15.19)?

2286 4529 2440 4588 XCII.
2471 4529 2590 4585 Jun.
2612 4529 2806 4586 Desine
2829 4531 3006 4603 itaque
3026 4531 3244 4603 impiare
3265 4541 3317 4590 te
3339 4534 3406 4604 (si
3429 4544 3606 4593 tamen
3627 4538 3791 4596 ullum

2215 4621 2307 4678 tibi
2335 4623 2412 4678 fas
2434 4633 2526 4678 aut
2551 4624 2698 4680 nefas
2727 4627 2926 4702 restat)
2950 4667 2965 4692 ,
2994 4624 3192 4682 Christi
3217 4629 3377 4684 verba
3406 4630 3484 4685 sic
3511 4647 3791 4702 exponen-

2213 4715 2283 4769 do
2300 4755 2316 4782 ,
2343 4722 2401 4768 ut
2425 4714 2514 4768 ille
2539 4701 2818 4770 arbitrium
2856 4729 3080 4786 negasse
3123 4717 3350 4774 liberum
3377 4701 3644 4790 videatur,
3674 4723 3792 4777 sine

2213 4804 2364 4874 Cujus
2390 4804 2690 4873 integritate
2717 4805 2942 4876 aquilas
2979 4806 3030 4862 ei
3074 4808 3274 4879 preprii
3311 4824 3416 4866 non
3457 4819 3635 4882 potest
3660 4830 3795 4870 con-

2213 4904 2354 4951 stare
2382 4895 2587 4966 judicii.

2284 4989 2418 5042 Auc.
2451 4988 2577 5051 Imo,
2605 4987 2725 5044 ideo
2745 5003 2904 5058 grave
2927 4988 3110 5060 iugum
3133 5000 3219 5046 est
3246 5006 3411 5062 super
3436 4993 3571 5051 filios
3593 4996 3787 5063 Adam,

2213 5093 2242 5132 a
2281 5078 2368 5134 die
2400 5080 2572 5134 exitus
2600 5079 2668 5135 de
2692 5090 2881 5136 ventre
2909 5083 3093 5137 matris
3121 5097 3307 5138 eorum
3338 5083 3544 5156 (Eccli.
3574 5103 3643 5142 xi.
3662 5129 3679 5155 ,
3712 5089 3792 5161 Ι),

2214 5171 2335 5240 quia
2360 5170 2409 5225 ei
2440 5179 2650 5226 constat
2674 5173 2893 5241 mquitas
2913 5173 3096 5242 judicii
3119 5191 3133 5229 :
3153 5175 3292 5246 quod
3313 5179 3533 5232 omnino
3555 5180 3796 5250 iniquum

2213 5269 2382 5326 esset,
2407 5262 2450 5315 si
2485 5278 2589 5316 non
2621 5263 2894 5318 traherent
2921 5265 3175 5335 originale
3205 5276 3502 5336 peccatum,
3526 5285 3622 5340 per
3646 5273 3792 5343 quod

2216 5350 2376 5405 homo
2401 5351 2617 5405 vanitati
2646 5352 2833 5406 similis
2861 5352 3030 5409 factus
3055 5364 3138 5410 est
3169 5355 3338 5428 (Psal.
3369 5373 3550 5426 chtn,
3580 5361 3665 5432 4).

2288 5439 2464 5496 XCIII.
2493 5439 2612 5496 Jun.
2647 5442 2782 5498 Audi
2809 5442 2830 5475 ³
2855 5458 2984 5499 sane
3011 5444 3098 5502 ubi
3127 5447 3231 5502 vim
3256 5447 3500 5504 humana:
3527 5449 3793 5508 libertatis

2217 5647 2249 5682 η
2268 5570 2728 5695 ιέεεᾲἓέρδάὶινὲεἱαιεε
2745 5573 2994 5627 verborum
3007 5589 3221 5631 suorttm.
3239 5582 3401 5645 Abest,
3417 5595 3632 5646 suorum,
3651 5596 3678 5633 a
3695 5598 3793 5635 ma-

2251 5648 2265 5680 I
2335 5648 2374 5681 ῐῚ
2433 5649 2444 5682 l
2478 5668 2491 5681 .

2251 5648 2374 5682 IISCI'I
2381 5648 2491 5682 DlIS.

2281 5697 2303 5762 ξ
2320 5702 2381 5743 tta
2401 5701 2506 5744 uss.
2535 5695 2648 5746 Editi
2671 5705 2850 5762 autem,
2874 5698 2936 5750 ab
2955 5697 3058 5751 illa.

2285 5757 2306 5788 ι
2332 5764 2408 5807 us.
2437 5765 2565 5818 nam,
2585 5757 2744 5809 audis.
