  <div class='ocr_page' id='page_1' title='image "/cluster/home/n/w/nwhite01/storage/ocr_20150623/44-45/uva.x000217727/561.png"; bbox 0 0 4062 6526; ppageno 0'>
   <div class='ocr_carea' id='block_1_1' title="bbox 484 376 616 430">
    <p class='ocr_par' dir='ltr' id='par_1_1' title="bbox 484 376 616 430">
     <span class='ocr_line' id='line_1_1' title="bbox 484 376 616 430; baseline 0 0"><span class='ocrx_word' id='word_1_1' title='bbox 484 376 616 430; x_wconf 71' lang='lat' dir='ltr'><strong>illi</strong></span> 
     </span>
    </p>
   </div>
   <div class='ocr_carea' id='block_1_2' title="bbox 485 471 2053 550">
    <p class='ocr_par' dir='ltr' id='par_1_2' title="bbox 485 471 2053 550">
     <span class='ocr_line' id='line_1_2' title="bbox 485 471 2053 550; baseline -0.012 -9"><span class='ocrx_word' id='word_1_2' title='bbox 485 483 735 541; x_wconf 79' lang='lat' dir='ltr'><strong>omnibus</strong></span> <span class='ocrx_word' id='word_1_3' title='bbox 757 483 937 539; x_wconf 82' lang='lat' dir='ltr'><strong>verbis</strong></span> <span class='ocrx_word' id='word_1_4' title='bbox 964 481 1087 545; x_wconf 90' lang='lat' dir='ltr'><strong>tuis,</strong></span> <span class='ocrx_word' id='word_1_5' title='bbox 1113 495 1231 550; x_wconf 83' lang='lat' dir='ltr'><strong>quae</strong></span> <span class='ocrx_word' id='word_1_6' title='bbox 1260 477 1434 548; x_wconf 84' lang='lat' dir='ltr'><strong>posui,</strong></span> <span class='ocrx_word' id='word_1_7' title='bbox 1467 479 1537 531; x_wconf 91' lang='lat' dir='ltr'><strong>ita</strong></span> <span class='ocrx_word' id='word_1_8' title='bbox 1565 475 1719 530; x_wconf 90' lang='lat' dir='ltr'><strong>video</strong></span> <span class='ocrx_word' id='word_1_9' title='bbox 1749 471 1928 544; x_wconf 77' lang='lat' dir='ltr'><strong>gratia:</strong></span> <span class='ocrx_word' id='word_1_10' title='bbox 1953 481 2053 523; x_wconf 87' lang='lat' dir='ltr'><strong>no-</strong></span> 
     </span>
    </p>
   </div>
   <div class='ocr_carea' id='block_1_3' title="bbox 486 568 2059 637">
    <p class='ocr_par' dir='ltr' id='par_1_3' title="bbox 486 568 2059 637">
     <span class='ocr_line' id='line_1_3' title="bbox 486 568 2059 637; baseline -0.012 -7"><span class='ocrx_word' id='word_1_11' title='bbox 486 592 611 630; x_wconf 88' lang='lat' dir='ltr'><strong>men</strong></span> <span class='ocrx_word' id='word_1_12' title='bbox 637 588 757 628; x_wconf 92' lang='lat' dir='ltr'><strong>cum</strong></span> <span class='ocrx_word' id='word_1_13' title='bbox 780 571 933 626; x_wconf 81' lang='lat' dir='ltr'><strong>liberi</strong></span> <span class='ocrx_word' id='word_1_14' title='bbox 960 569 1164 624; x_wconf 84' lang='lat' dir='ltr'><strong>arbitrii</strong></span> <span class='ocrx_word' id='word_1_15' title='bbox 1198 578 1476 637; x_wconf 75' lang='lat' dir='ltr'><strong>negatione</strong></span> <span class='ocrx_word' id='word_1_16' title='bbox 1500 574 1804 620; x_wconf 89' lang='lat' dir='ltr'><strong>consertum</strong></span> <span class='ocrx_word' id='word_1_17' title='bbox 1827 604 1839 627; x_wconf 87' lang='lat'><strong>,</strong></span> <span class='ocrx_word' id='word_1_18' title='bbox 1866 568 1925 616; x_wconf 92' lang='lat' dir='ltr'><strong>ut</strong></span> <span class='ocrx_word' id='word_1_19' title='bbox 1954 573 2059 612; x_wconf 90' lang='lat' dir='ltr'><strong>non</strong></span> 
     </span>
    </p>
   </div>
   <div class='ocr_carea' id='block_1_4' title="bbox 488 648 2063 731">
    <p class='ocr_par' dir='ltr' id='par_1_4' title="bbox 488 648 2063 731">
     <span class='ocr_line' id='line_1_4' title="bbox 488 648 2063 731; baseline -0.011 -10"><span class='ocrx_word' id='word_1_20' title='bbox 488 656 596 722; x_wconf 76' lang='grc' dir='ltr'>ιιιιιι</span> <span class='ocrx_word' id='word_1_21' title='bbox 630 655 763 720; x_wconf 77' lang='lat' dir='ltr'><strong>mala</strong></span> <span class='ocrx_word' id='word_1_22' title='bbox 793 675 980 717; x_wconf 89' lang='lat' dir='ltr'><strong>sensus</strong></span> <span class='ocrx_word' id='word_1_23' title='bbox 1010 658 1082 714; x_wconf 90' lang='lat' dir='ltr'><strong>tui</strong></span> <span class='ocrx_word' id='word_1_24' title='bbox 1118 659 1529 731; x_wconf 76' lang='lat' dir='ltr'><strong>appellationum</strong></span> <span class='ocrx_word' id='word_1_25' title='bbox 1561 659 1578 688; x_wconf 84' lang='grc'>¹</span> <span class='ocrx_word' id='word_1_26' title='bbox 1608 653 1763 712; x_wconf 90' lang='lat' dir='ltr'><strong>bouis</strong></span> <span class='ocrx_word' id='word_1_27' title='bbox 1803 648 2063 707; x_wconf 87' lang='lat' dir='ltr'><strong>vindicari</strong></span> 
     </span>
    </p>
   </div>
   <div class='ocr_carea' id='block_1_5' title="bbox 489 748 2064 829">
    <p class='ocr_par' dir='ltr' id='par_1_5' title="bbox 489 748 2064 829">
     <span class='ocr_line' id='line_1_5' title="bbox 489 748 2064 829; baseline -0.01 -19"><span class='ocrx_word' id='word_1_28' title='bbox 489 763 719 829; x_wconf 78' lang='lat' dir='ltr'><strong>queant,</strong></span> <span class='ocrx_word' id='word_1_29' title='bbox 747 766 904 823; x_wconf 87' lang='lat' dir='ltr'><strong>quam</strong></span> <span class='ocrx_word' id='word_1_30' title='bbox 933 750 1163 821; x_wconf 81' lang='lat' dir='ltr'><strong>dignitas</strong></span> <span class='ocrx_word' id='word_1_31' title='bbox 1192 751 1467 805; x_wconf 88' lang='lat' dir='ltr'><strong>nominum</strong></span> <span class='ocrx_word' id='word_1_32' title='bbox 1505 748 1810 819; x_wconf 87' lang='lat' dir='ltr'><strong>dogmatum</strong></span> <span class='ocrx_word' id='word_1_33' title='bbox 1855 752 2064 797; x_wconf 89' lang='lat' dir='ltr'><strong>tuorum</strong></span> 
     </span>
    </p>
   </div>
   <div class='ocr_carea' id='block_1_6' title="bbox 489 830 2069 908">
    <p class='ocr_par' dir='ltr' id='par_1_6' title="bbox 489 830 2069 908">
     <span class='ocr_line' id='line_1_6' title="bbox 489 830 2069 908; baseline -0.009 -9"><span class='ocrx_word' id='word_1_34' title='bbox 489 843 795 899; x_wconf 78' lang='lat' dir='ltr'><strong>adlnesione</strong></span> <span class='ocrx_word' id='word_1_35' title='bbox 836 841 1074 895; x_wconf 72' lang='lat' dir='ltr'><strong>vilescat.</strong></span> <span class='ocrx_word' id='word_1_36' title='bbox 1114 838 1230 894; x_wconf 87' lang='lat' dir='ltr'><strong>Non</strong></span> <span class='ocrx_word' id='word_1_37' title='bbox 1258 854 1386 908; x_wconf 87' lang='lat' dir='ltr'><strong>ergo</strong></span> <span class='ocrx_word' id='word_1_38' title='bbox 1416 847 1466 893; x_wconf 89' lang='lat' dir='ltr'><strong>te</strong></span> <span class='ocrx_word' id='word_1_39' title='bbox 1494 839 1575 892; x_wconf 82' lang='lat' dir='ltr'><strong>his</strong></span> <span class='ocrx_word' id='word_1_40' title='bbox 1603 833 1937 892; x_wconf 83' lang='lat' dir='ltr'><strong>sermonibus</strong></span> <span class='ocrx_word' id='word_1_41' title='bbox 1968 830 2069 885; x_wconf 90' lang='lat' dir='ltr'><strong>ho-</strong></span> 
     </span>
    </p>
   </div>
   <div class='ocr_carea' id='block_1_7' title="bbox 492 926 2071 1001">
    <p class='ocr_par' dir='ltr' id='par_1_7' title="bbox 492 926 2071 1001">
     <span class='ocr_line' id='line_1_7' title="bbox 492 926 2071 1001; baseline -0.011 -8"><span class='ocrx_word' id='word_1_42' title='bbox 492 935 710 993; x_wconf 89' lang='lat' dir='ltr'><strong>nestasti</strong></span> <span class='ocrx_word' id='word_1_43' title='bbox 732 974 748 1001; x_wconf 93' lang='lat'><strong>,</strong></span> <span class='ocrx_word' id='word_1_44' title='bbox 777 931 871 989; x_wconf 87' lang='lat' dir='ltr'><strong>sed</strong></span> <span class='ocrx_word' id='word_1_45' title='bbox 899 940 1211 987; x_wconf 89' lang='lat' dir='ltr'><strong>ornamenta</strong></span> <span class='ocrx_word' id='word_1_46' title='bbox 1243 930 1358 1001; x_wconf 89' lang='lat' dir='ltr'><strong>ipsa</strong></span> <span class='ocrx_word' id='word_1_47' title='bbox 1387 928 1631 999; x_wconf 84' lang='lat' dir='ltr'><strong>turpasti.</strong></span> <span class='ocrx_word' id='word_1_48' title='bbox 1673 926 1779 982; x_wconf 84' lang='lat' dir='ltr'><strong>Nos</strong></span> <span class='ocrx_word' id='word_1_49' title='bbox 1805 937 1980 979; x_wconf 90' lang='lat' dir='ltr'><strong>tamen</strong></span> <span class='ocrx_word' id='word_1_50' title='bbox 2006 936 2071 977; x_wconf 89' lang='lat' dir='ltr'><strong>ea</strong></span> 
     </span>
    </p>
   </div>
   <div class='ocr_carea' id='block_1_8' title="bbox 492 1012 2067 1100">
    <p class='ocr_par' dir='ltr' id='par_1_8' title="bbox 492 1012 2067 1100">
     <span class='ocr_line' id='line_1_8' title="bbox 492 1012 2067 1100; baseline -0.009 -19"><span class='ocrx_word' id='word_1_51' title='bbox 492 1045 611 1100; x_wconf 78' lang='lat' dir='ltr'><strong>quae</strong></span> <span class='ocrx_word' id='word_1_52' title='bbox 640 1042 670 1082; x_wconf 91' lang='lat' dir='ltr'><strong>a</strong></span> <span class='ocrx_word' id='word_1_53' title='bbox 702 1035 753 1081; x_wconf 92' lang='lat' dir='ltr'><strong>te</strong></span> <span class='ocrx_word' id='word_1_54' title='bbox 784 1026 966 1096; x_wconf 85' lang='lat' dir='ltr'><strong>juncta</strong></span> <span class='ocrx_word' id='word_1_55' title='bbox 994 1033 1118 1079; x_wconf 90' lang='lat' dir='ltr'><strong>sunt</strong></span> <span class='ocrx_word' id='word_1_56' title='bbox 1143 1037 1452 1092; x_wconf 81' lang='lat' dir='ltr'><strong>separamus</strong></span> <span class='ocrx_word' id='word_1_57' title='bbox 1471 1062 1487 1088; x_wconf 92' lang='lat'><strong>,</strong></span> <span class='ocrx_word' id='word_1_58' title='bbox 1516 1028 1573 1074; x_wconf 81' lang='lat' dir='ltr'><strong>ut</strong></span> <span class='ocrx_word' id='word_1_59' title='bbox 1599 1018 1782 1090; x_wconf 74' lang='lat' dir='ltr'><strong>gratia:</strong></span> <span class='ocrx_word' id='word_1_60' title='bbox 1819 1012 2067 1088; x_wconf 84' lang='lat' dir='ltr'><strong>divinitas</strong></span> 
     </span>
    </p>
   </div>
   <div class='ocr_carea' id='block_1_9' title="bbox 496 1105 2075 1186">
    <p class='ocr_par' dir='ltr' id='par_1_9' title="bbox 496 1105 2075 1186">
     <span class='ocr_line' id='line_1_9' title="bbox 496 1105 2075 1186; baseline -0.011 -11"><span class='ocrx_word' id='word_1_61' title='bbox 496 1121 564 1175; x_wconf 87' lang='lat' dir='ltr'><strong>ab</strong></span> <span class='ocrx_word' id='word_1_62' title='bbox 590 1118 773 1174; x_wconf 69' lang='lat' dir='ltr'><strong>saevis</strong></span> <span class='ocrx_word' id='word_1_63' title='bbox 797 1119 819 1150; x_wconf 81' lang='grc'>³</span> <span class='ocrx_word' id='word_1_64' title='bbox 847 1115 1275 1186; x_wconf 83' lang='lat' dir='ltr'><strong>colligationibus</strong></span> <span class='ocrx_word' id='word_1_65' title='bbox 1304 1111 1528 1170; x_wconf 90' lang='lat' dir='ltr'><strong>enodata</strong></span> <span class='ocrx_word' id='word_1_66' title='bbox 1551 1151 1566 1176; x_wconf 97' lang='lat'><strong>,</strong></span> <span class='ocrx_word' id='word_1_67' title='bbox 1595 1123 1695 1164; x_wconf 90' lang='lat' dir='ltr'><strong>nec</strong></span> <span class='ocrx_word' id='word_1_68' title='bbox 1724 1105 2075 1178; x_wconf 84' lang='lat' dir='ltr'><strong>responsione</strong></span> 
     </span>
    </p>
   </div>
   <div class='ocr_carea' id='block_1_10' title="bbox 494 1193 2076 1281">
    <p class='ocr_par' dir='ltr' id='par_1_10' title="bbox 494 1193 2076 1281">
     <span class='ocr_line' id='line_1_10' title="bbox 494 1193 2076 1281; baseline -0.009 -18"><span class='ocrx_word' id='word_1_69' title='bbox 494 1209 795 1281; x_wconf 87' lang='lat' dir='ltr'><strong>quatiatur;</strong></span> <span class='ocrx_word' id='word_1_70' title='bbox 822 1216 876 1262; x_wconf 90' lang='lat' dir='ltr'><strong>et</strong></span> <span class='ocrx_word' id='word_1_71' title='bbox 898 1208 1156 1278; x_wconf 83' lang='lat' dir='ltr'><strong>gravitate</strong></span> <span class='ocrx_word' id='word_1_72' title='bbox 1182 1197 1596 1264; x_wconf 81' lang='lat' dir='ltr'><strong>Catholiéorum,</strong></span> <span class='ocrx_word' id='word_1_73' title='bbox 1620 1211 1728 1254; x_wconf 88' lang='lat' dir='ltr'><strong>non</strong></span> <span class='ocrx_word' id='word_1_74' title='bbox 1758 1193 2076 1251; x_wconf 79' lang='lat' dir='ltr'><strong>Manichaeo-</strong></span> 
     </span>
    </p>
   </div>
   <div class='ocr_carea' id='block_1_11' title="bbox 495 1283 2079 1361">
    <p class='ocr_par' dir='ltr' id='par_1_11' title="bbox 495 1283 2079 1361">
     <span class='ocr_line' id='line_1_11' title="bbox 495 1283 2079 1361; baseline -0.011 -7"><span class='ocrx_word' id='word_1_75' title='bbox 495 1315 615 1354; x_wconf 86' lang='lat' dir='ltr'><strong>rum</strong></span> <span class='ocrx_word' id='word_1_76' title='bbox 644 1297 948 1353; x_wconf 85' lang='lat' dir='ltr'><strong>adulatione</strong></span> <span class='ocrx_word' id='word_1_77' title='bbox 978 1294 1239 1351; x_wconf 85' lang='lat' dir='ltr'><strong>laudetur.</strong></span> <span class='ocrx_word' id='word_1_78' title='bbox 1267 1294 1500 1351; x_wconf 89' lang='lat' dir='ltr'><strong>Gratiam</strong></span> <span class='ocrx_word' id='word_1_79' title='bbox 1527 1304 1654 1361; x_wconf 87' lang='lat' dir='ltr'><strong>ergo</strong></span> <span class='ocrx_word' id='word_1_80' title='bbox 1677 1286 1873 1343; x_wconf 78' lang='lat' dir='ltr'><strong>ChriSli</strong></span> <span class='ocrx_word' id='word_1_81' title='bbox 1901 1283 2079 1355; x_wconf 82' lang='lat' dir='ltr'><strong>multi-</strong></span> 
     </span>
    </p>
   </div>
   <div class='ocr_carea' id='block_1_12' title="bbox 499 1373 2078 1461">
    <p class='ocr_par' dir='ltr' id='par_1_12' title="bbox 499 1373 2078 1461">
     <span class='ocr_line' id='line_1_12' title="bbox 499 1373 2078 1461; baseline -0.009 -17"><span class='ocrx_word' id='word_1_82' title='bbox 499 1389 694 1461; x_wconf 89' lang='lat' dir='ltr'><strong>plicem</strong></span> <span class='ocrx_word' id='word_1_83' title='bbox 737 1387 1070 1443; x_wconf 72' lang='lat' dir='ltr'><strong>confitemur.</strong></span> <span class='ocrx_word' id='word_1_84' title='bbox 1122 1385 1355 1441; x_wconf 86' lang='lat' dir='ltr'><strong>Primum</strong></span> <span class='ocrx_word' id='word_1_85' title='bbox 1382 1396 1574 1437; x_wconf 91' lang='lat' dir='ltr'><strong>munus</strong></span> <span class='ocrx_word' id='word_1_86' title='bbox 1601 1381 1716 1449; x_wconf 84' lang='lat' dir='ltr'><strong>ejus</strong></span> <span class='ocrx_word' id='word_1_87' title='bbox 1743 1377 1764 1410; x_wconf 83' lang='grc'><em>³</em></span> <span class='ocrx_word' id='word_1_88' title='bbox 1793 1385 1905 1443; x_wconf 91' lang='lat' dir='ltr'><strong>est,</strong></span> <span class='ocrx_word' id='word_1_89' title='bbox 1935 1373 2078 1447; x_wconf 89' lang='lat' dir='ltr'><strong>quod</strong></span> 
     </span>
    </p>
   </div>
   <div class='ocr_carea' id='block_1_13' title="bbox 496 1469 2079 1543">
    <p class='ocr_par' dir='ltr' id='par_1_13' title="bbox 496 1469 2079 1543">
     <span class='ocr_line' id='line_1_13' title="bbox 496 1469 2079 1543; baseline -0.009 -5"><span class='ocrx_word' id='word_1_90' title='bbox 496 1483 630 1538; x_wconf 75' lang='lat' dir='ltr'><strong>facti</strong></span> <span class='ocrx_word' id='word_1_91' title='bbox 659 1498 724 1538; x_wconf 85' lang='lat' dir='ltr'><strong>ex</strong></span> <span class='ocrx_word' id='word_1_92' title='bbox 754 1481 923 1537; x_wconf 86' lang='lat' dir='ltr'><strong>nihilo</strong></span> <span class='ocrx_word' id='word_1_93' title='bbox 948 1494 1151 1536; x_wconf 88' lang='lat' dir='ltr'><strong>sumus.</strong></span> <span class='ocrx_word' id='word_1_94' title='bbox 1177 1476 1500 1542; x_wconf 90' lang='lat' dir='ltr'><strong>Secundum,</strong></span> <span class='ocrx_word' id='word_1_95' title='bbox 1528 1473 1666 1543; x_wconf 90' lang='lat' dir='ltr'><strong>quod</strong></span> <span class='ocrx_word' id='word_1_96' title='bbox 1696 1481 1753 1528; x_wconf 95' lang='lat' dir='ltr'><strong>ut</strong></span> <span class='ocrx_word' id='word_1_97' title='bbox 1778 1469 2079 1527; x_wconf 86' lang='lat' dir='ltr'><strong>viventibus</strong></span> 
     </span>
    </p>
   </div>
   <div class='ocr_carea' id='block_1_14' title="bbox 501 1560 2083 1637">
    <p class='ocr_par' dir='ltr' id='par_1_14' title="bbox 501 1560 2083 1637">
     <span class='ocr_line' id='line_1_14' title="bbox 501 1560 2083 1637; baseline -0.009 -10"><span class='ocrx_word' id='word_1_98' title='bbox 501 1589 662 1627; x_wconf 85' lang='lat' dir='ltr'><strong>sensu</strong></span> <span class='ocrx_word' id='word_1_99' title='bbox 682 1614 696 1637; x_wconf 93' lang='lat'><strong>,</strong></span> <span class='ocrx_word' id='word_1_100' title='bbox 738 1573 807 1626; x_wconf 92' lang='lat' dir='ltr'><strong>ita</strong></span> <span class='ocrx_word' id='word_1_101' title='bbox 850 1568 1201 1625; x_wconf 85' lang='lat' dir='ltr'><strong>sentientibus</strong></span> <span class='ocrx_word' id='word_1_102' title='bbox 1228 1567 1433 1622; x_wconf 88' lang='lat' dir='ltr'><strong>ratione</strong></span> <span class='ocrx_word' id='word_1_103' title='bbox 1460 1573 1803 1634; x_wconf 66' lang='lat' dir='ltr'><strong>praestamus;</strong></span> <span class='ocrx_word' id='word_1_104' title='bbox 1833 1577 1952 1633; x_wconf 72' lang='lat' dir='ltr'><strong>qua:</strong></span> <span class='ocrx_word' id='word_1_105' title='bbox 1979 1560 2083 1614; x_wconf 89' lang='lat' dir='ltr'><strong>im-</strong></span> 
     </span>
    </p>
   </div>
   <div class='ocr_carea' id='block_1_15' title="bbox 502 1648 2081 1735">
    <p class='ocr_par' dir='ltr' id='par_1_15' title="bbox 502 1648 2081 1735">
     <span class='ocr_line' id='line_1_15' title="bbox 502 1648 2081 1735; baseline -0.009 -18"><span class='ocrx_word' id='word_1_106' title='bbox 502 1679 686 1735; x_wconf 84' lang='lat' dir='ltr'><strong>pressa</strong></span> <span class='ocrx_word' id='word_1_107' title='bbox 709 1671 791 1718; x_wconf 90' lang='lat' dir='ltr'><strong>est</strong></span> <span class='ocrx_word' id='word_1_108' title='bbox 809 1661 1009 1726; x_wconf 91' lang='lat' dir='ltr'><strong>animo,</strong></span> <span class='ocrx_word' id='word_1_109' title='bbox 1034 1668 1091 1714; x_wconf 92' lang='lat' dir='ltr'><strong>ut</strong></span> <span class='ocrx_word' id='word_1_110' title='bbox 1112 1656 1413 1715; x_wconf 89' lang='lat' dir='ltr'><strong>Conditoris</strong></span> <span class='ocrx_word' id='word_1_111' title='bbox 1432 1655 1605 1725; x_wconf 82' lang='lat' dir='ltr'><strong>imago</strong></span> <span class='ocrx_word' id='word_1_112' title='bbox 1625 1652 1905 1708; x_wconf 80' lang='lat' dir='ltr'><strong>duceretur</strong></span> <span class='ocrx_word' id='word_1_113' title='bbox 1926 1649 1951 1683; x_wconf 69' lang='grc'>⁸</span> <span class='ocrx_word' id='word_1_114' title='bbox 1973 1668 1986 1703; x_wconf 88' lang='lat'><strong>:</strong></span> <span class='ocrx_word' id='word_1_115' title='bbox 2012 1648 2081 1704; x_wconf 89' lang='lat' dir='ltr'><strong>ad</strong></span> 
     </span>
    </p>
   </div>
   <div class='ocr_carea' id='block_1_16' title="bbox 496 1742 2085 1826">
    <p class='ocr_par' dir='ltr' id='par_1_16' title="bbox 496 1742 2085 1826">
     <span class='ocr_line' id='line_1_16' title="bbox 496 1742 2085 1826; baseline -0.009 -16"><span class='ocrx_word' id='word_1_116' title='bbox 496 1755 659 1826; x_wconf 71' lang='lat' dir='ltr'><strong>‘cujus</strong></span> <span class='ocrx_word' id='word_1_117' title='bbox 679 1769 830 1824; x_wconf 68' lang='lat' dir='ltr'><strong>seque</strong></span> <span class='ocrx_word' id='word_1_118' title='bbox 852 1751 1067 1823; x_wconf 79' lang='lat' dir='ltr'><strong>reSpicit</strong></span> <span class='ocrx_word' id='word_1_119' title='bbox 1087 1749 1393 1821; x_wconf 85' lang='lat' dir='ltr'><strong>dignitatem</strong></span> <span class='ocrx_word' id='word_1_120' title='bbox 1413 1746 1621 1803; x_wconf 87' lang='lat' dir='ltr'><strong>arbitrii</strong></span> <span class='ocrx_word' id='word_1_121' title='bbox 1641 1759 1895 1801; x_wconf 84' lang='lat' dir='ltr'><strong>concessa</strong></span> <span class='ocrx_word' id='word_1_122' title='bbox 1923 1742 2085 1797; x_wconf 86' lang='lat' dir='ltr'><strong>liber-</strong></span> 
     </span>
    </p>
   </div>
   <div class='ocr_carea' id='block_1_17' title="bbox 507 1833 2084 1914">
    <p class='ocr_par' dir='ltr' id='par_1_17' title="bbox 507 1833 2084 1914">
     <span class='ocr_line' id='line_1_17' title="bbox 507 1833 2084 1914; baseline -0.01 -13"><span class='ocrx_word' id='word_1_123' title='bbox 507 1854 612 1900; x_wconf 88' lang='lat' dir='ltr'><strong>tas.</strong></span> <span class='ocrx_word' id='word_1_124' title='bbox 645 1844 752 1914; x_wconf 88' lang='lat' dir='ltr'><strong>Ipsi</strong></span> <span class='ocrx_word' id='word_1_125' title='bbox 775 1843 934 1899; x_wconf 89' lang='lat' dir='ltr'><strong>etiam</strong></span> <span class='ocrx_word' id='word_1_126' title='bbox 959 1841 1142 1912; x_wconf 65' lang='lat' dir='ltr'><strong>gratia:</strong></span> <span class='ocrx_word' id='word_1_127' title='bbox 1163 1882 1178 1908; x_wconf 93' lang='lat'><strong>,</strong></span> <span class='ocrx_word' id='word_1_128' title='bbox 1212 1837 1587 1895; x_wconf 77' lang='lat' dir='ltr'><strong>beneficiorum</strong></span> <span class='ocrx_word' id='word_1_129' title='bbox 1614 1851 1730 1906; x_wconf 69' lang='lat' dir='ltr'><strong>qum</strong></span> <span class='ocrx_word' id='word_1_130' title='bbox 1755 1833 1909 1890; x_wconf 91' lang='lat' dir='ltr'><strong>nobis</strong></span> <span class='ocrx_word' id='word_1_131' title='bbox 1942 1847 2084 1902; x_wconf 56' lang='lat' dir='ltr'><strong>prae-</strong></span> 
     </span>
    </p>
   </div>
   <div class='ocr_carea' id='block_1_18' title="bbox 507 1922 2084 2002">
    <p class='ocr_par' dir='ltr' id='par_1_18' title="bbox 507 1922 2084 2002">
     <span class='ocr_line' id='line_1_18' title="bbox 507 1922 2084 2002; baseline -0.01 -10"><span class='ocrx_word' id='word_1_132' title='bbox 507 1946 652 1993; x_wconf 87' lang='lat' dir='ltr'><strong>stare</strong></span> <span class='ocrx_word' id='word_1_133' title='bbox 681 1951 784 1990; x_wconf 91' lang='lat' dir='ltr'><strong>non</strong></span> <span class='ocrx_word' id='word_1_134' title='bbox 815 1934 1043 1997; x_wconf 89' lang='lat' dir='ltr'><strong>desinit,</strong></span> <span class='ocrx_word' id='word_1_135' title='bbox 1075 1939 1358 2002; x_wconf 90' lang='lat' dir='ltr'><strong>augmenta</strong></span> <span class='ocrx_word' id='word_1_136' title='bbox 1386 1937 1712 2001; x_wconf 87' lang='lat' dir='ltr'><strong>repntamus.</strong></span> <span class='ocrx_word' id='word_1_137' title='bbox 1759 1925 1877 1996; x_wconf 83' lang='lat' dir='ltr'><strong>Ipsa</strong></span> <span class='ocrx_word' id='word_1_138' title='bbox 1914 1922 2084 1994; x_wconf 88' lang='lat' dir='ltr'><strong>gratia</strong></span> 
     </span>
    </p>
   </div>
   <div class='ocr_carea' id='block_1_19' title="bbox 509 2012 2083 2096">
    <p class='ocr_par' dir='ltr' id='par_1_19' title="bbox 509 2012 2083 2096">
     <span class='ocr_line' id='line_1_19' title="bbox 509 2012 2083 2096; baseline -0.009 -15"><span class='ocrx_word' id='word_1_139' title='bbox 509 2027 681 2096; x_wconf 84' lang='lat' dir='ltr'><strong>legem</strong></span> <span class='ocrx_word' id='word_1_140' title='bbox 710 2025 763 2079; x_wconf 92' lang='lat' dir='ltr'><strong>in</strong></span> <span class='ocrx_word' id='word_1_141' title='bbox 791 2022 1108 2094; x_wconf 90' lang='lat' dir='ltr'><strong>adjutorium</strong></span> <span class='ocrx_word' id='word_1_142' title='bbox 1136 2022 1279 2077; x_wconf 90' lang='lat' dir='ltr'><strong>misit</strong></span> <span class='ocrx_word' id='word_1_143' title='bbox 1305 2018 1456 2095; x_wconf 85' lang='lat' dir='ltr'><strong>(Isai.</strong></span> <span class='ocrx_word' id='word_1_144' title='bbox 1483 2033 1576 2073; x_wconf 82' lang='lat' dir='ltr'><strong>Vill</strong></span> <span class='ocrx_word' id='word_1_145' title='bbox 1596 2057 1612 2084; x_wconf 90' lang='lat'><strong>,</strong></span> <span class='ocrx_word' id='word_1_146' title='bbox 1639 2017 1731 2080; x_wconf 69' lang='lat'><strong>20.</strong></span> <span class='ocrx_word' id='word_1_147' title='bbox 1749 2032 1852 2070; x_wconf 91' lang='lat' dir='ltr'><strong>sec.</strong></span> <span class='ocrx_word' id='word_1_148' title='bbox 1880 2012 2083 2084; x_wconf 81' lang='lat' dir='ltr'><strong>LXX):</strong></span> 
     </span>
    </p>
   </div>
   <div class='ocr_carea' id='block_1_20' title="bbox 511 2100 2089 2184">
    <p class='ocr_par' dir='ltr' id='par_1_20' title="bbox 511 2100 2089 2184">
     <span class='ocr_line' id='line_1_20' title="bbox 511 2100 2089 2184; baseline -0.008 -14"><span class='ocrx_word' id='word_1_149' title='bbox 511 2115 579 2170; x_wconf 81' lang='lat' dir='ltr'><strong>ad</strong></span> <span class='ocrx_word' id='word_1_150' title='bbox 618 2113 735 2184; x_wconf 87' lang='lat' dir='ltr'><strong>ejus</strong></span> <span class='ocrx_word' id='word_1_151' title='bbox 772 2112 1046 2184; x_wconf 88' lang='lat' dir='ltr'><strong>spectabat</strong></span> <span class='ocrx_word' id='word_1_152' title='bbox 1070 2109 1303 2167; x_wconf 76' lang='lat' dir='ltr'><strong>officium</strong></span> <span class='ocrx_word' id='word_1_153' title='bbox 1324 2149 1340 2177; x_wconf 89' lang='lat'><strong>,</strong></span> <span class='ocrx_word' id='word_1_154' title='bbox 1370 2117 1426 2164; x_wconf 92' lang='lat' dir='ltr'><strong>ut</strong></span> <span class='ocrx_word' id='word_1_155' title='bbox 1449 2108 1671 2163; x_wconf 86' lang='lat' dir='ltr'><strong>rationis</strong></span> <span class='ocrx_word' id='word_1_156' title='bbox 1698 2106 1878 2161; x_wconf 90' lang='lat' dir='ltr'><strong>lumen</strong></span> <span class='ocrx_word' id='word_1_157' title='bbox 1902 2145 1916 2168; x_wconf 92' lang='lat'><strong>,</strong></span> <span class='ocrx_word' id='word_1_158' title='bbox 1946 2100 2089 2175; x_wconf 87' lang='lat' dir='ltr'><strong>quod</strong></span> 
     </span>
    </p>
   </div>
   <div class='ocr_carea' id='block_1_21' title="bbox 510 2191 2087 2279">
    <p class='ocr_par' dir='ltr' id='par_1_21' title="bbox 510 2191 2087 2279">
     <span class='ocr_line' id='line_1_21' title="bbox 510 2191 2087 2279; baseline -0.008 -17"><span class='ocrx_word' id='word_1_159' title='bbox 510 2207 789 2279; x_wconf 82' lang='lat' dir='ltr'><strong>pravitatis</strong></span> <span class='ocrx_word' id='word_1_160' title='bbox 809 2205 1051 2276; x_wconf 78' lang='lat' dir='ltr'><strong>exempla</strong></span> <span class='ocrx_word' id='word_1_161' title='bbox 1074 2203 1391 2260; x_wconf 84' lang='lat' dir='ltr'><strong>hebetabant</strong></span> <span class='ocrx_word' id='word_1_162' title='bbox 1406 2209 1460 2256; x_wconf 90' lang='lat' dir='ltr'><strong>et</strong></span> <span class='ocrx_word' id='word_1_163' title='bbox 1474 2197 1804 2256; x_wconf 86' lang='lat' dir='ltr'><strong>consuetudo</strong></span> <span class='ocrx_word' id='word_1_164' title='bbox 1818 2191 2087 2260; x_wconf 84' lang='lat' dir='ltr'><strong>vitiorum,</strong></span> 
     </span>
    </p>
   </div>
   <div class='ocr_carea' id='block_1_22' title="bbox 514 2288 2092 2361">
    <p class='ocr_par' dir='ltr' id='par_1_22' title="bbox 514 2288 2092 2361">
     <span class='ocr_line' id='line_1_22' title="bbox 514 2288 2092 2361; baseline -0.008 -7"><span class='ocrx_word' id='word_1_165' title='bbox 514 2296 849 2354; x_wconf 81' lang='lat' dir='ltr'><strong>multimodis</strong></span> <span class='ocrx_word' id='word_1_166' title='bbox 871 2294 1258 2352; x_wconf 88' lang='lat' dir='ltr'><strong>eruditionibus</strong></span> <span class='ocrx_word' id='word_1_167' title='bbox 1277 2293 1547 2357; x_wconf 80' lang='lat' dir='ltr'><strong>excitaret,</strong></span> <span class='ocrx_word' id='word_1_168' title='bbox 1577 2299 1735 2361; x_wconf 88' lang='lat' dir='ltr'><strong>atque</strong></span> <span class='ocrx_word' id='word_1_169' title='bbox 1756 2288 1975 2344; x_wconf 90' lang='lat' dir='ltr'><strong>invitatu</strong></span> <span class='ocrx_word' id='word_1_170' title='bbox 1995 2301 2092 2342; x_wconf 91' lang='lat' dir='ltr'><strong>suo</strong></span> 
     </span>
    </p>
   </div>
   <div class='ocr_carea' id='block_1_23' title="bbox 513 2379 2095 2458">
    <p class='ocr_par' dir='ltr' id='par_1_23' title="bbox 513 2379 2095 2458">
     <span class='ocr_line' id='line_1_23' title="bbox 513 2379 2095 2458; baseline -0.008 -12"><span class='ocrx_word' id='word_1_171' title='bbox 513 2390 722 2446; x_wconf 81' lang='lat' dir='ltr'><strong>foveret</strong></span> <span class='ocrx_word' id='word_1_172' title='bbox 747 2389 792 2445; x_wconf 84' lang='grc'><strong>⁸.</strong></span> <span class='ocrx_word' id='word_1_173' title='bbox 819 2388 900 2444; x_wconf 80' lang='lat' dir='ltr'><strong>Ad</strong></span> <span class='ocrx_word' id='word_1_174' title='bbox 928 2388 1083 2445; x_wconf 86' lang='lat' dir='ltr'><strong>istius</strong></span> <span class='ocrx_word' id='word_1_175' title='bbox 1111 2401 1239 2458; x_wconf 84' lang='lat' dir='ltr'><strong>ergo</strong></span> <span class='ocrx_word' id='word_1_176' title='bbox 1264 2382 1468 2457; x_wconf 62' lang='lat' dir='ltr'><strong>gratiae,</strong></span> <span class='ocrx_word' id='word_1_177' title='bbox 1499 2382 1553 2438; x_wconf 92' lang='lat' dir='ltr'><strong>id</strong></span> <span class='ocrx_word' id='word_1_178' title='bbox 1581 2390 1682 2446; x_wconf 87' lang='lat' dir='ltr'><strong>est,</strong></span> <span class='ocrx_word' id='word_1_179' title='bbox 1711 2381 1905 2437; x_wconf 69' lang='lat' dir='ltr'><strong>divinae</strong></span> <span class='ocrx_word' id='word_1_180' title='bbox 1930 2379 2095 2435; x_wconf 83' lang='lat' dir='ltr'><strong>bene-</strong></span> 
     </span>
    </p>
   </div>
   <div class='ocr_carea' id='block_1_24' title="bbox 513 2472 2095 2553">
    <p class='ocr_par' dir='ltr' id='par_1_24' title="bbox 513 2472 2095 2553">
     <span class='ocr_line' id='line_1_24' title="bbox 513 2472 2095 2553; baseline -0.008 -16"><span class='ocrx_word' id='word_1_181' title='bbox 513 2483 782 2548; x_wconf 84' lang='lat' dir='ltr'><strong>volentiae,</strong></span> <span class='ocrx_word' id='word_1_182' title='bbox 808 2495 927 2553; x_wconf 75' lang='lat' dir='ltr'><strong>qua:</strong></span> <span class='ocrx_word' id='word_1_183' title='bbox 945 2479 1109 2536; x_wconf 85' lang='lat' dir='ltr'><strong>rebus</strong></span> <span class='ocrx_word' id='word_1_184' title='bbox 1135 2492 1348 2534; x_wconf 84' lang='lat' dir='ltr'><strong>causam</strong></span> <span class='ocrx_word' id='word_1_185' title='bbox 1375 2476 1539 2540; x_wconf 88' lang='lat' dir='ltr'><strong>dedit,</strong></span> <span class='ocrx_word' id='word_1_186' title='bbox 1571 2472 1954 2544; x_wconf 87' lang='lat' dir='ltr'><strong>plenitudinem</strong></span> <span class='ocrx_word' id='word_1_187' title='bbox 1976 2485 2095 2540; x_wconf 88' lang='lat' dir='ltr'><strong>spe-</strong></span> 
     </span>
    </p>
   </div>
   <div class='ocr_carea' id='block_1_25' title="bbox 516 2559 2096 2636">
    <p class='ocr_par' dir='ltr' id='par_1_25' title="bbox 516 2559 2096 2636">
     <span class='ocr_line' id='line_1_25' title="bbox 516 2559 2096 2636; baseline -0.008 -10"><span class='ocrx_word' id='word_1_188' title='bbox 516 2571 680 2627; x_wconf 89' lang='lat' dir='ltr'><strong>ctavit</strong></span> <span class='ocrx_word' id='word_1_189' title='bbox 700 2613 715 2636; x_wconf 95' lang='lat'><strong>,</strong></span> <span class='ocrx_word' id='word_1_190' title='bbox 749 2580 807 2625; x_wconf 92' lang='lat' dir='ltr'><strong>ut</strong></span> <span class='ocrx_word' id='word_1_191' title='bbox 834 2569 1068 2625; x_wconf 82' lang='lat' dir='ltr'><strong>Verbum</strong></span> <span class='ocrx_word' id='word_1_192' title='bbox 1100 2583 1226 2624; x_wconf 87' lang='lat' dir='ltr'><strong>caro</strong></span> <span class='ocrx_word' id='word_1_193' title='bbox 1253 2565 1440 2632; x_wconf 84' lang='lat' dir='ltr'><strong>ﬁeret,</strong></span> <span class='ocrx_word' id='word_1_194' title='bbox 1473 2573 1528 2621; x_wconf 91' lang='lat' dir='ltr'><strong>et</strong></span> <span class='ocrx_word' id='word_1_195' title='bbox 1550 2563 1813 2619; x_wconf 92' lang='lat' dir='ltr'><strong>habitaret</strong></span> <span class='ocrx_word' id='word_1_196' title='bbox 1849 2561 1902 2616; x_wconf 90' lang='lat' dir='ltr'><strong>in</strong></span> <span class='ocrx_word' id='word_1_197' title='bbox 1942 2559 2096 2615; x_wconf 89' lang='lat' dir='ltr'><strong>nobis</strong></span> 
     </span>
    </p>
   </div>
   <div class='ocr_carea' id='block_1_26' title="bbox 519 2651 2096 2732">
    <p class='ocr_par' dir='ltr' id='par_1_26' title="bbox 519 2651 2096 2732">
     <span class='ocr_line' id='line_1_26' title="bbox 519 2651 2096 2732; baseline -0.007 -18"><span class='ocrx_word' id='word_1_198' title='bbox 519 2660 700 2732; x_wconf 82' lang='lat' dir='ltr'><strong>(Joau.</strong></span> <span class='ocrx_word' id='word_1_199' title='bbox 722 2677 762 2728; x_wconf 90' lang='grc' dir='ltr'>ι,</span> <span class='ocrx_word' id='word_1_200' title='bbox 794 2658 911 2732; x_wconf 65' lang='lat' dir='ltr'><strong>id).</strong></span> <span class='ocrx_word' id='word_1_201' title='bbox 938 2660 1245 2729; x_wconf 83' lang='lat' dir='ltr'><strong>Reposcens</strong></span> <span class='ocrx_word' id='word_1_202' title='bbox 1283 2656 1426 2713; x_wconf 88' lang='lat' dir='ltr'><strong>enim</strong></span> <span class='ocrx_word' id='word_1_203' title='bbox 1466 2655 1607 2711; x_wconf 86' lang='lat' dir='ltr'><strong>Deus</strong></span> <span class='ocrx_word' id='word_1_204' title='bbox 1645 2654 1712 2708; x_wconf 91' lang='lat' dir='ltr'><strong>ab</strong></span> <span class='ocrx_word' id='word_1_205' title='bbox 1751 2651 1981 2722; x_wconf 86' lang='lat' dir='ltr'><strong>imagine</strong></span> <span class='ocrx_word' id='word_1_206' title='bbox 2001 2664 2096 2704; x_wconf 89' lang='lat' dir='ltr'><strong>sua</strong></span> 
     </span>
    </p>
   </div>
   <div class='ocr_carea' id='block_1_27' title="bbox 507 2741 2100 2820">
    <p class='ocr_par' dir='ltr' id='par_1_27' title="bbox 507 2741 2100 2820">
     <span class='ocr_line' id='line_1_27' title="bbox 507 2741 2100 2820; baseline -0.008 -12"><span class='ocrx_word' id='word_1_207' title='bbox 507 2753 719 2808; x_wconf 78' lang='lat' dir='ltr'><strong>amoris</strong></span> <span class='ocrx_word' id='word_1_208' title='bbox 740 2752 930 2819; x_wconf 87' lang='lat' dir='ltr'><strong>vicem,</strong></span> <span class='ocrx_word' id='word_1_209' title='bbox 954 2750 1128 2820; x_wconf 88' lang='lat' dir='ltr'><strong>palam</strong></span> <span class='ocrx_word' id='word_1_210' title='bbox 1146 2747 1275 2805; x_wconf 83' lang='lat' dir='ltr'><strong>fecit</strong></span> <span class='ocrx_word' id='word_1_211' title='bbox 1292 2762 1448 2819; x_wconf 89' lang='lat' dir='ltr'><strong>quam</strong></span> <span class='ocrx_word' id='word_1_212' title='bbox 1472 2752 1641 2802; x_wconf 89' lang='lat' dir='ltr'><strong>totum</strong></span> <span class='ocrx_word' id='word_1_213' title='bbox 1664 2745 1685 2777; x_wconf 82' lang='grc'>⁸</span> <span class='ocrx_word' id='word_1_214' title='bbox 1708 2744 1764 2799; x_wconf 92' lang='lat' dir='ltr'><strong>in</strong></span> <span class='ocrx_word' id='word_1_215' title='bbox 1785 2758 1881 2799; x_wconf 93' lang='lat' dir='ltr'><strong>nos</strong></span> <span class='ocrx_word' id='word_1_216' title='bbox 1902 2741 2100 2798; x_wconf 69' lang='lat' dir='ltr'><strong>inresti-</strong></span> 
     </span>
    </p>
   </div>
   <div class='ocr_carea' id='block_1_28' title="bbox 520 2835 2096 2914">
    <p class='ocr_par' dir='ltr' id='par_1_28' title="bbox 520 2835 2096 2914">
     <span class='ocr_line' id='line_1_28' title="bbox 520 2835 2096 2914; baseline -0.009 -14"><span class='ocrx_word' id='word_1_217' title='bbox 520 2843 702 2900; x_wconf 86' lang='lat' dir='ltr'><strong>mabili</strong></span> <span class='ocrx_word' id='word_1_218' title='bbox 727 2843 927 2914; x_wconf 77' lang='lat' dir='ltr'><strong>egisset</strong></span> <span class='ocrx_word' id='word_1_219' title='bbox 952 2839 1166 2909; x_wconf 78' lang='lat' dir='ltr'><strong>affectu,</strong></span> <span class='ocrx_word' id='word_1_220' title='bbox 1196 2849 1252 2896; x_wconf 89' lang='lat' dir='ltr'><strong>ut</strong></span> <span class='ocrx_word' id='word_1_221' title='bbox 1280 2838 1365 2894; x_wconf 90' lang='lat' dir='ltr'><strong>vel</strong></span> <span class='ocrx_word' id='word_1_222' title='bbox 1393 2851 1514 2894; x_wconf 89' lang='lat' dir='ltr'><strong>sero</strong></span> <span class='ocrx_word' id='word_1_223' title='bbox 1537 2835 1933 2892; x_wconf 88' lang='lat' dir='ltr'><strong>redamaremus</strong></span> <span class='ocrx_word' id='word_1_224' title='bbox 1952 2846 2096 2898; x_wconf 88' lang='lat' dir='ltr'><strong>eum,</strong></span> 
     </span>
    </p>
   </div>
   <div class='ocr_carea' id='block_1_29' title="bbox 526 2917 2097 3006">
    <p class='ocr_par' dir='ltr' id='par_1_29' title="bbox 526 2917 2097 3006">
     <span class='ocr_line' id='line_1_29' title="bbox 526 2917 2097 3006; baseline -0.01 -16"><span class='ocrx_word' id='word_1_225' title='bbox 526 2935 616 3006; x_wconf 83' lang='lat' dir='ltr'><strong>qui</strong></span> <span class='ocrx_word' id='word_1_226' title='bbox 640 2931 1025 2990; x_wconf 88' lang='lat' dir='ltr'><strong>commendans</strong></span> <span class='ocrx_word' id='word_1_227' title='bbox 1052 2931 1364 2988; x_wconf 90' lang='lat' dir='ltr'><strong>charitatem</strong></span> <span class='ocrx_word' id='word_1_228' title='bbox 1391 2942 1540 2984; x_wconf 90' lang='lat' dir='ltr'><strong>suam</strong></span> <span class='ocrx_word' id='word_1_229' title='bbox 1572 2925 1725 2981; x_wconf 91' lang='lat' dir='ltr'><strong>nobis</strong></span> <span class='ocrx_word' id='word_1_230' title='bbox 1753 2924 1927 2995; x_wconf 87' lang='lat' dir='ltr'><strong>(Rom.</strong></span> <span class='ocrx_word' id='word_1_231' title='bbox 1946 2937 1999 2987; x_wconf 92' lang='lat' dir='ltr'><strong>v,</strong></span> <span class='ocrx_word' id='word_1_232' title='bbox 2018 2917 2097 2994; x_wconf 88' lang='grc'><strong>8),</strong></span> 
     </span>
    </p>
   </div>
   <div class='ocr_carea' id='block_1_30' title="bbox 526 3012 2098 3094">
    <p class='ocr_par' dir='ltr' id='par_1_30' title="bbox 526 3012 2098 3094">
     <span class='ocr_line' id='line_1_30' title="bbox 526 3012 2098 3094; baseline -0.01 -13"><span class='ocrx_word' id='word_1_233' title='bbox 526 3026 664 3081; x_wconf 84' lang='lat' dir='ltr'><strong>Filio</strong></span> <span class='ocrx_word' id='word_1_234' title='bbox 690 3039 788 3081; x_wconf 89' lang='lat' dir='ltr'><strong>suo</strong></span> <span class='ocrx_word' id='word_1_235' title='bbox 814 3040 919 3079; x_wconf 89' lang='lat' dir='ltr'><strong>non</strong></span> <span class='ocrx_word' id='word_1_236' title='bbox 953 3023 1215 3094; x_wconf 88' lang='lat' dir='ltr'><strong>pepercit,</strong></span> <span class='ocrx_word' id='word_1_237' title='bbox 1247 3019 1340 3076; x_wconf 92' lang='lat' dir='ltr'><strong>sed</strong></span> <span class='ocrx_word' id='word_1_238' title='bbox 1369 3034 1465 3091; x_wconf 89' lang='lat' dir='ltr'><strong>pro</strong></span> <span class='ocrx_word' id='word_1_239' title='bbox 1490 3017 1643 3073; x_wconf 89' lang='lat' dir='ltr'><strong>nobis</strong></span> <span class='ocrx_word' id='word_1_240' title='bbox 1672 3015 1821 3071; x_wconf 88' lang='lat' dir='ltr'><strong>illum</strong></span> <span class='ocrx_word' id='word_1_241' title='bbox 1849 3012 2098 3069; x_wconf 86' lang='lat' dir='ltr'><strong>tradidit:</strong></span> 
     </span>
    </p>
   </div>
   <div class='ocr_carea' id='block_1_31' title="bbox 525 3105 2101 3187">
    <p class='ocr_par' dir='ltr' id='par_1_31' title="bbox 525 3105 2101 3187">
     <span class='ocr_line' id='line_1_31' title="bbox 525 3105 2101 3187; baseline -0.007 -15"><span class='ocrx_word' id='word_1_242' title='bbox 525 3118 785 3187; x_wconf 88' lang='lat' dir='ltr'><strong>pollicens</strong></span> <span class='ocrx_word' id='word_1_243' title='bbox 813 3117 936 3185; x_wconf 87' lang='lat' dir='ltr'><strong>quia</strong></span> <span class='ocrx_word' id='word_1_244' title='bbox 962 3116 1007 3171; x_wconf 92' lang='lat' dir='ltr'><strong>si</strong></span> <span class='ocrx_word' id='word_1_245' title='bbox 1033 3115 1385 3170; x_wconf 89' lang='lat' dir='ltr'><strong>voluissemus</strong></span> <span class='ocrx_word' id='word_1_246' title='bbox 1410 3111 1661 3181; x_wconf 90' lang='lat' dir='ltr'><strong>deinceps</strong></span> <span class='ocrx_word' id='word_1_247' title='bbox 1684 3108 1945 3165; x_wconf 84' lang='lat' dir='ltr'><strong>voluntati</strong></span> <span class='ocrx_word' id='word_1_248' title='bbox 1984 3105 2101 3178; x_wconf 91' lang='lat' dir='ltr'><strong>ejus</strong></span> 
     </span>
    </p>
   </div>
   <div class='ocr_carea' id='block_1_32' title="bbox 525 3200 2103 3276">
    <p class='ocr_par' dir='ltr' id='par_1_32' title="bbox 525 3200 2103 3276">
     <span class='ocr_line' id='line_1_32' title="bbox 525 3200 2103 3276; baseline -0.003 -14"><span class='ocrx_word' id='word_1_249' title='bbox 525 3208 743 3263; x_wconf 85' lang='lat' dir='ltr'><strong>obedire</strong></span> <span class='ocrx_word' id='word_1_250' title='bbox 766 3250 781 3273; x_wconf 92' lang='lat'><strong>,</strong></span> <span class='ocrx_word' id='word_1_251' title='bbox 812 3206 1080 3275; x_wconf 83' lang='lat' dir='ltr'><strong>Unigeniti</strong></span> <span class='ocrx_word' id='word_1_252' title='bbox 1107 3205 1189 3261; x_wconf 91' lang='lat' dir='ltr'><strong>sui</strong></span> <span class='ocrx_word' id='word_1_253' title='bbox 1221 3210 1497 3276; x_wconf 75' lang='lat' dir='ltr'><strong>pmstaret</strong></span> <span class='ocrx_word' id='word_1_254' title='bbox 1523 3217 1621 3259; x_wconf 91' lang='lat' dir='ltr'><strong>nos</strong></span> <span class='ocrx_word' id='word_1_255' title='bbox 1649 3216 1770 3259; x_wconf 91' lang='lat' dir='ltr'><strong>esse</strong></span> <span class='ocrx_word' id='word_1_256' title='bbox 1794 3200 2103 3259; x_wconf 60' lang='lat' dir='ltr'><strong>eohasredes</strong></span> 
     </span>
    </p>
   </div>
   <div class='ocr_carea' id='block_1_33' title="bbox 527 3295 1038 3369">
    <p class='ocr_par' dir='ltr' id='par_1_33' title="bbox 527 3295 1038 3369">
     <span class='ocr_line' id='line_1_33' title="bbox 527 3295 1038 3369; baseline -0.004 -18"><span class='ocrx_word' id='word_1_257' title='bbox 527 3297 638 3369; x_wconf 81' lang='lat' dir='ltr'><strong>(Id.</strong></span> <span class='ocrx_word' id='word_1_258' title='bbox 666 3312 782 3359; x_wconf 83' lang='lat' dir='ltr'><strong>vin,</strong></span> <span class='ocrx_word' id='word_1_259' title='bbox 811 3297 900 3361; x_wconf 76' lang='grc'><strong>52,</strong></span> <span class='ocrx_word' id='word_1_260' title='bbox 925 3295 1038 3366; x_wconf 79' lang='grc'><strong>17).</strong></span> 
     </span>
    </p>
   </div>
   <div class='ocr_carea' id='block_1_34' title="bbox 598 3381 2107 3456">
    <p class='ocr_par' dir='ltr' id='par_1_34' title="bbox 598 3381 2107 3456">
     <span class='ocr_line' id='line_1_34' title="bbox 598 3381 2107 3456; baseline -0.005 -12"><span class='ocrx_word' id='word_1_261' title='bbox 598 3391 733 3444; x_wconf 78' lang='lat' dir='ltr'><strong>Ave.</strong></span> <span class='ocrx_word' id='word_1_262' title='bbox 764 3386 933 3441; x_wconf 85' lang='lat' dir='ltr'><strong>llomo</strong></span> <span class='ocrx_word' id='word_1_263' title='bbox 958 3386 1258 3456; x_wconf 86' lang='lat' dir='ltr'><strong>Pelagiane,</strong></span> <span class='ocrx_word' id='word_1_264' title='bbox 1282 3384 1511 3440; x_wconf 90' lang='lat' dir='ltr'><strong>charitas</strong></span> <span class='ocrx_word' id='word_1_265' title='bbox 1533 3383 1646 3438; x_wconf 90' lang='lat' dir='ltr'><strong>vult</strong></span> <span class='ocrx_word' id='word_1_266' title='bbox 1664 3384 1885 3447; x_wconf 89' lang='lat' dir='ltr'><strong>bonum,</strong></span> <span class='ocrx_word' id='word_1_267' title='bbox 1905 3391 1960 3438; x_wconf 89' lang='lat' dir='ltr'><strong>et</strong></span> <span class='ocrx_word' id='word_1_268' title='bbox 1979 3381 2107 3439; x_wconf 88' lang='lat' dir='ltr'><strong>cha-</strong></span> 
     </span>
    </p>
   </div>
   <div class='ocr_carea' id='block_1_35' title="bbox 530 3474 2107 3547">
    <p class='ocr_par' dir='ltr' id='par_1_35' title="bbox 530 3474 2107 3547">
     <span class='ocr_line' id='line_1_35' title="bbox 530 3474 2107 3547; baseline -0.003 -14"><span class='ocrx_word' id='word_1_269' title='bbox 530 3480 661 3533; x_wconf 88' lang='lat' dir='ltr'><strong>ritas</strong></span> <span class='ocrx_word' id='word_1_270' title='bbox 687 3493 753 3534; x_wconf 82' lang='lat' dir='ltr'><strong>ex</strong></span> <span class='ocrx_word' id='word_1_271' title='bbox 780 3478 888 3533; x_wconf 87' lang='lat' dir='ltr'><strong>Deo</strong></span> <span class='ocrx_word' id='word_1_272' title='bbox 918 3487 1027 3544; x_wconf 90' lang='lat' dir='ltr'><strong>est;</strong></span> <span class='ocrx_word' id='word_1_273' title='bbox 1057 3493 1162 3532; x_wconf 91' lang='lat' dir='ltr'><strong>non</strong></span> <span class='ocrx_word' id='word_1_274' title='bbox 1192 3492 1290 3547; x_wconf 90' lang='lat' dir='ltr'><strong>per</strong></span> <span class='ocrx_word' id='word_1_275' title='bbox 1318 3476 1452 3547; x_wconf 81' lang='lat' dir='ltr'><strong>legis</strong></span> <span class='ocrx_word' id='word_1_276' title='bbox 1480 3476 1732 3542; x_wconf 88' lang='lat' dir='ltr'><strong>litteram,</strong></span> <span class='ocrx_word' id='word_1_277' title='bbox 1756 3474 1848 3531; x_wconf 90' lang='lat' dir='ltr'><strong>sed</strong></span> <span class='ocrx_word' id='word_1_278' title='bbox 1879 3490 1975 3545; x_wconf 89' lang='lat' dir='ltr'><strong>per</strong></span> <span class='ocrx_word' id='word_1_279' title='bbox 1998 3475 2107 3546; x_wconf 84' lang='lat' dir='ltr'><strong>spi-</strong></span> 
     </span>
    </p>
   </div>
   <div class='ocr_carea' id='block_1_36' title="bbox 530 3565 2108 3640">
    <p class='ocr_par' dir='ltr' id='par_1_36' title="bbox 530 3565 2108 3640">
     <span class='ocr_line' id='line_1_36' title="bbox 530 3565 2108 3640; baseline -0.003 -16"><span class='ocrx_word' id='word_1_280' title='bbox 530 3571 691 3625; x_wconf 87' lang='lat' dir='ltr'><strong>ritum</strong></span> <span class='ocrx_word' id='word_1_281' title='bbox 716 3570 918 3640; x_wconf 76' lang='lat' dir='ltr'><strong>gratize.</strong></span> <span class='ocrx_word' id='word_1_282' title='bbox 946 3567 1002 3622; x_wconf 91' lang='lat' dir='ltr'><strong>In</strong></span> <span class='ocrx_word' id='word_1_283' title='bbox 1030 3567 1132 3622; x_wconf 91' lang='lat' dir='ltr'><strong>hoc</strong></span> <span class='ocrx_word' id='word_1_284' title='bbox 1152 3576 1233 3622; x_wconf 89' lang='lat' dir='ltr'><strong>cst</strong></span> <span class='ocrx_word' id='word_1_285' title='bbox 1259 3566 1649 3637; x_wconf 69' lang='lat' dir='ltr'><strong>prazdestinatis</strong></span> <span class='ocrx_word' id='word_1_286' title='bbox 1674 3565 1994 3636; x_wconf 86' lang='lat' dir='ltr'><strong>adjutorium</strong></span> <span class='ocrx_word' id='word_1_287' title='bbox 2022 3566 2108 3620; x_wconf 84' lang='lat' dir='ltr'><strong>lit-</strong></span> 
     </span>
    </p>
   </div>
   <div class='ocr_carea' id='block_1_37' title="bbox 521 3658 2108 3732">
    <p class='ocr_par' dir='ltr' id='par_1_37' title="bbox 521 3658 2108 3732">
     <span class='ocr_line' id='line_1_37' title="bbox 521 3658 2108 3732; baseline -0.002 -15"><span class='ocrx_word' id='word_1_288' title='bbox 521 3673 666 3725; x_wconf 63' lang='lat' dir='ltr'><strong>.tera.</strong></span> <span class='ocrx_word' id='word_1_289' title='bbox 699 3662 820 3732; x_wconf 89' lang='lat' dir='ltr'><strong>quia</strong></span> <span class='ocrx_word' id='word_1_290' title='bbox 844 3661 1080 3731; x_wconf 83' lang='lat' dir='ltr'><strong>jubendo</strong></span> <span class='ocrx_word' id='word_1_291' title='bbox 1100 3669 1156 3715; x_wconf 90' lang='lat' dir='ltr'><strong>et</strong></span> <span class='ocrx_word' id='word_1_292' title='bbox 1181 3676 1286 3714; x_wconf 90' lang='lat' dir='ltr'><strong>non</strong></span> <span class='ocrx_word' id='word_1_293' title='bbox 1314 3659 1568 3729; x_wconf 89' lang='lat' dir='ltr'><strong>juvando,</strong></span> <span class='ocrx_word' id='word_1_294' title='bbox 1592 3659 1843 3715; x_wconf 89' lang='lat' dir='ltr'><strong>admonet</strong></span> <span class='ocrx_word' id='word_1_295' title='bbox 1870 3658 2108 3714; x_wconf 81' lang='lat' dir='ltr'><strong>inﬁrmos</strong></span> 
     </span>
    </p>
   </div>
   <div class='ocr_carea' id='block_1_38' title="bbox 534 3748 2110 3821">
    <p class='ocr_par' dir='ltr' id='par_1_38' title="bbox 534 3748 2110 3821">
     <span class='ocr_line' id='line_1_38' title="bbox 534 3748 2110 3821; baseline -0.004 -15"><span class='ocrx_word' id='word_1_296' title='bbox 534 3750 823 3821; x_wconf 79' lang='lat' dir='ltr'><strong>confugere</strong></span> <span class='ocrx_word' id='word_1_297' title='bbox 851 3750 916 3805; x_wconf 85' lang='lat' dir='ltr'><strong>ad</strong></span> <span class='ocrx_word' id='word_1_298' title='bbox 944 3749 1187 3819; x_wconf 88' lang='lat' dir='ltr'><strong>spiritum</strong></span> <span class='ocrx_word' id='word_1_299' title='bbox 1213 3750 1417 3818; x_wconf 63' lang='lat' dir='ltr'><strong>gratiae.</strong></span> <span class='ocrx_word' id='word_1_300' title='bbox 1439 3749 1529 3804; x_wconf 87' lang='lat' dir='ltr'><strong>Sic</strong></span> <span class='ocrx_word' id='word_1_301' title='bbox 1556 3748 1670 3818; x_wconf 86' lang='lat' dir='ltr'><strong>lege</strong></span> <span class='ocrx_word' id='word_1_302' title='bbox 1698 3748 1933 3819; x_wconf 85' lang='lat' dir='ltr'><strong>legitime</strong></span> <span class='ocrx_word' id='word_1_303' title='bbox 1952 3755 2110 3801; x_wconf 87' lang='lat' dir='ltr'><strong>utun-</strong></span> 
     </span>
    </p>
   </div>
   <div class='ocr_carea' id='block_1_39' title="bbox 534 3837 2106 3911">
    <p class='ocr_par' dir='ltr' id='par_1_39' title="bbox 534 3837 2106 3911">
     <span class='ocr_line' id='line_1_39' title="bbox 534 3837 2106 3911; baseline -0.002 -16"><span class='ocrx_word' id='word_1_304' title='bbox 534 3842 681 3907; x_wconf 87' lang='lat' dir='ltr'><strong>tur”,</strong></span> <span class='ocrx_word' id='word_1_305' title='bbox 704 3840 894 3911; x_wconf 82' lang='lat' dir='ltr'><strong>quibus</strong></span> <span class='ocrx_word' id='word_1_306' title='bbox 940 3839 1077 3893; x_wconf 89' lang='lat' dir='ltr'><strong>bona</strong></span> <span class='ocrx_word' id='word_1_307' title='bbox 1117 3849 1200 3893; x_wconf 89' lang='lat' dir='ltr'><strong>est</strong></span> <span class='ocrx_word' id='word_1_308' title='bbox 1238 3837 1452 3905; x_wconf 80' lang='lat' dir='ltr'><strong>(lTim.</strong></span> <span class='ocrx_word' id='word_1_309' title='bbox 1495 3854 1550 3905; x_wconf 90' lang='grc' dir='ltr'>ι,</span> <span class='ocrx_word' id='word_1_310' title='bbox 1589 3838 1688 3911; x_wconf 90' lang='grc'><strong>8),</strong></span> <span class='ocrx_word' id='word_1_311' title='bbox 1715 3838 1767 3893; x_wconf 92' lang='lat' dir='ltr'><strong>id</strong></span> <span class='ocrx_word' id='word_1_312' title='bbox 1796 3847 1906 3903; x_wconf 89' lang='lat' dir='ltr'><strong>est,</strong></span> <span class='ocrx_word' id='word_1_313' title='bbox 1935 3837 2106 3893; x_wconf 90' lang='lat' dir='ltr'><strong>utilis:</strong></span> 
     </span>
    </p>
   </div>
   <div class='ocr_carea' id='block_1_40' title="bbox 538 3928 2106 4004">
    <p class='ocr_par' dir='ltr' id='par_1_40' title="bbox 538 3928 2106 4004">
     <span class='ocr_line' id='line_1_40' title="bbox 538 3928 2106 4004; baseline -0.002 -17"><span class='ocrx_word' id='word_1_314' title='bbox 538 3934 773 4004; x_wconf 78' lang='lat' dir='ltr'><strong>alioquin</strong></span> <span class='ocrx_word' id='word_1_315' title='bbox 803 3948 897 4002; x_wconf 89' lang='lat' dir='ltr'><strong>per</strong></span> <span class='ocrx_word' id='word_1_316' title='bbox 922 3946 981 3987; x_wconf 88' lang='lat' dir='ltr'><strong>se</strong></span> <span class='ocrx_word' id='word_1_317' title='bbox 1012 3932 1177 4001; x_wconf 84' lang='lat' dir='ltr'><strong>ipsum</strong></span> <span class='ocrx_word' id='word_1_318' title='bbox 1210 3931 1381 3986; x_wconf 85' lang='lat' dir='ltr'><strong>littera</strong></span> <span class='ocrx_word' id='word_1_319' title='bbox 1408 3931 1600 3986; x_wconf 86' lang='lat' dir='ltr'><strong>occidit</strong></span> <span class='ocrx_word' id='word_1_320' title='bbox 1642 3930 1717 4003; x_wconf 83' lang='lat' dir='ltr'><strong>(ll</strong></span> <span class='ocrx_word' id='word_1_321' title='bbox 1749 3929 1865 3986; x_wconf 83' lang='lat' dir='ltr'><strong>Cor.</strong></span> <span class='ocrx_word' id='word_1_322' title='bbox 1892 3946 1982 3996; x_wconf 90' lang='grc' dir='ltr'>ιιι,</span> <span class='ocrx_word' id='word_1_323' title='bbox 2015 3928 2106 4000; x_wconf 85' lang='grc'><strong>6);</strong></span> 
     </span>
    </p>
   </div>
   <div class='ocr_carea' id='block_1_41' title="bbox 534 4020 2107 4093">
    <p class='ocr_par' dir='ltr' id='par_1_41' title="bbox 534 4020 2107 4093">
     <span class='ocr_line' id='line_1_41' title="bbox 534 4020 2107 4093; baseline -0.003 -15"><span class='ocrx_word' id='word_1_324' title='bbox 534 4025 655 4093; x_wconf 87' lang='lat' dir='ltr'><strong>quia</strong></span> <span class='ocrx_word' id='word_1_325' title='bbox 695 4022 931 4093; x_wconf 77' lang='lat' dir='ltr'><strong>ju‘bendo</strong></span> <span class='ocrx_word' id='word_1_326' title='bbox 975 4022 1171 4077; x_wconf 88' lang='lat' dir='ltr'><strong>bonum</strong></span> <span class='ocrx_word' id='word_1_327' title='bbox 1195 4063 1209 4085; x_wconf 90' lang='lat'><strong>,</strong></span> <span class='ocrx_word' id='word_1_328' title='bbox 1238 4030 1291 4076; x_wconf 89' lang='lat' dir='ltr'><strong>et</strong></span> <span class='ocrx_word' id='word_1_329' title='bbox 1320 4037 1425 4074; x_wconf 88' lang='lat' dir='ltr'><strong>non</strong></span> <span class='ocrx_word' id='word_1_330' title='bbox 1457 4021 1731 4090; x_wconf 86' lang='lat' dir='ltr'><strong>largiendo</strong></span> <span class='ocrx_word' id='word_1_331' title='bbox 1758 4020 2070 4075; x_wconf 89' lang='lat' dir='ltr'><strong>charitatem</strong></span> <span class='ocrx_word' id='word_1_332' title='bbox 2092 4060 2107 4087; x_wconf 91' lang='lat'><strong>,</strong></span> 
     </span>
    </p>
   </div>
   <div class='ocr_carea' id='block_1_42' title="bbox 534 4112 1976 4187">
    <p class='ocr_par' dir='ltr' id='par_1_42' title="bbox 534 4112 1976 4187">
     <span class='ocr_line' id='line_1_42' title="bbox 534 4112 1976 4187; baseline -0.003 -17"><span class='ocrx_word' id='word_1_333' title='bbox 534 4131 656 4187; x_wconf 65' lang='lat' dir='ltr'><strong>quas</strong></span> <span class='ocrx_word' id='word_1_334' title='bbox 681 4114 794 4169; x_wconf 85' lang='lat' dir='ltr'><strong>sola</strong></span> <span class='ocrx_word' id='word_1_335' title='bbox 820 4115 933 4168; x_wconf 91' lang='lat' dir='ltr'><strong>vult</strong></span> <span class='ocrx_word' id='word_1_336' title='bbox 964 4114 1179 4176; x_wconf 86' lang='lat' dir='ltr'><strong>bonum,</strong></span> <span class='ocrx_word' id='word_1_337' title='bbox 1208 4127 1331 4167; x_wconf 89' lang='lat' dir='ltr'><strong>reos</strong></span> <span class='ocrx_word' id='word_1_338' title='bbox 1359 4113 1811 4182; x_wconf 76' lang='lat' dir='ltr'><strong>praevaricationis</strong></span> <span class='ocrx_word' id='word_1_339' title='bbox 1834 4112 1976 4166; x_wconf 86' lang='lat' dir='ltr'><strong>facit.</strong></span> 
     </span>
    </p>
   </div>
   <div class='ocr_carea' id='block_1_43' title="bbox 608 4202 2111 4274">
    <p class='ocr_par' dir='ltr' id='par_1_43' title="bbox 608 4202 2111 4274">
     <span class='ocr_line' id='line_1_43' title="bbox 608 4202 2111 4274; baseline -0.002 -14"><span class='ocrx_word' id='word_1_340' title='bbox 608 4202 768 4260; x_wconf 79' lang='lat' dir='ltr'><strong>XCV.</strong></span> <span class='ocrx_word' id='word_1_341' title='bbox 793 4203 911 4260; x_wconf 65' lang='lat' dir='ltr'><strong>Jun.</strong></span> <span class='ocrx_word' id='word_1_342' title='bbox 937 4204 1060 4258; x_wconf 69' lang='lat' dir='ltr'><strong>llaec</strong></span> <span class='ocrx_word' id='word_1_343' title='bbox 1080 4218 1207 4273; x_wconf 88' lang='lat' dir='ltr'><strong>ergo</strong></span> <span class='ocrx_word' id='word_1_344' title='bbox 1227 4206 1414 4274; x_wconf 82' lang='lat' dir='ltr'><strong>gratia,</strong></span> <span class='ocrx_word' id='word_1_345' title='bbox 1440 4218 1559 4274; x_wconf 67' lang='lat' dir='ltr'><strong>qua:</strong></span> <span class='ocrx_word' id='word_1_346' title='bbox 1583 4202 1635 4256; x_wconf 91' lang='lat' dir='ltr'><strong>in</strong></span> <span class='ocrx_word' id='word_1_347' title='bbox 1662 4203 1983 4271; x_wconf 83' lang='lat' dir='ltr'><strong>Baptismate</strong></span> <span class='ocrx_word' id='word_1_348' title='bbox 2005 4218 2111 4258; x_wconf 90' lang='lat' dir='ltr'><strong>non</strong></span> 
     </span>
    </p>
   </div>
   <div class='ocr_carea' id='block_1_44' title="bbox 536 4293 2114 4365">
    <p class='ocr_par' dir='ltr' id='par_1_44' title="bbox 536 4293 2114 4365">
     <span class='ocr_line' id='line_1_44' title="bbox 536 4293 2114 4365; baseline -0.001 -14"><span class='ocrx_word' id='word_1_349' title='bbox 536 4297 709 4352; x_wconf 82' lang='lat' dir='ltr'><strong>solum</strong></span> <span class='ocrx_word' id='word_1_350' title='bbox 757 4303 969 4363; x_wconf 87' lang='lat' dir='ltr'><strong>peccata</strong></span> <span class='ocrx_word' id='word_1_351' title='bbox 1013 4294 1312 4357; x_wconf 87' lang='lat' dir='ltr'><strong>condonat,</strong></span> <span class='ocrx_word' id='word_1_352' title='bbox 1341 4293 1433 4347; x_wconf 91' lang='lat' dir='ltr'><strong>sed</strong></span> <span class='ocrx_word' id='word_1_353' title='bbox 1473 4308 1594 4346; x_wconf 90' lang='lat' dir='ltr'><strong>cum</strong></span> <span class='ocrx_word' id='word_1_354' title='bbox 1641 4293 1741 4348; x_wconf 91' lang='lat' dir='ltr'><strong>hoc</strong></span> <span class='ocrx_word' id='word_1_355' title='bbox 1775 4293 2114 4365; x_wconf 68' lang='lat' dir='ltr'><strong>indulgentias</strong></span> 
     </span>
    </p>
   </div>
   <div class='ocr_carea' id='block_1_45' title="bbox 539 4383 2110 4455">
    <p class='ocr_par' dir='ltr' id='par_1_45' title="bbox 539 4383 2110 4455">
     <span class='ocr_line' id='line_1_45' title="bbox 539 4383 2110 4455; baseline -0.001 -12"><span class='ocrx_word' id='word_1_356' title='bbox 539 4386 823 4452; x_wconf 80' lang='lat' dir='ltr'><strong>beneficio,</strong></span> <span class='ocrx_word' id='word_1_357' title='bbox 842 4393 899 4440; x_wconf 90' lang='lat' dir='ltr'><strong>et</strong></span> <span class='ocrx_word' id='word_1_358' title='bbox 935 4385 1195 4455; x_wconf 85' lang='lat' dir='ltr'><strong>provehit,</strong></span> <span class='ocrx_word' id='word_1_359' title='bbox 1216 4392 1270 4440; x_wconf 90' lang='lat' dir='ltr'><strong>et</strong></span> <span class='ocrx_word' id='word_1_360' title='bbox 1290 4383 1506 4454; x_wconf 89' lang='lat' dir='ltr'><strong>adoptat</strong></span> <span class='ocrx_word' id='word_1_361' title='bbox 1524 4385 1565 4448; x_wconf 78' lang='grc'><strong>⁸,</strong></span> <span class='ocrx_word' id='word_1_362' title='bbox 1585 4393 1639 4440; x_wconf 91' lang='lat' dir='ltr'><strong>et</strong></span> <span class='ocrx_word' id='word_1_363' title='bbox 1657 4395 1932 4441; x_wconf 89' lang='lat' dir='ltr'><strong>consecrat</strong></span> <span class='ocrx_word' id='word_1_364' title='bbox 1948 4404 1961 4438; x_wconf 91' lang='lat'><strong>:</strong></span> <span class='ocrx_word' id='word_1_365' title='bbox 1977 4386 2110 4453; x_wconf 73' lang='lat' dir='ltr'><strong>hzec,</strong></span> 
     </span>
    </p>
   </div>
   <div class='ocr_carea' id='block_1_46' title="bbox 539 4475 2113 4547">
    <p class='ocr_par' dir='ltr' id='par_1_46' title="bbox 539 4475 2113 4547">
     <span class='ocr_line' id='line_1_46' title="bbox 539 4475 2113 4547; baseline 0 -15"><span class='ocrx_word' id='word_1_366' title='bbox 539 4477 775 4547; x_wconf 85' lang='lat' dir='ltr'><strong>inquam,</strong></span> <span class='ocrx_word' id='word_1_367' title='bbox 800 4476 991 4547; x_wconf 89' lang='lat' dir='ltr'><strong>gratia,</strong></span> <span class='ocrx_word' id='word_1_368' title='bbox 1018 4475 1265 4529; x_wconf 86' lang='lat' dir='ltr'><strong>meritum</strong></span> <span class='ocrx_word' id='word_1_369' title='bbox 1295 4483 1463 4530; x_wconf 85' lang='lat' dir='ltr'><strong>mutat</strong></span> <span class='ocrx_word' id='word_1_370' title='bbox 1488 4489 1725 4540; x_wconf 89' lang='lat' dir='ltr'><strong>reorum,</strong></span> <span class='ocrx_word' id='word_1_371' title='bbox 1754 4490 1860 4530; x_wconf 91' lang='lat' dir='ltr'><strong>non</strong></span> <span class='ocrx_word' id='word_1_372' title='bbox 1889 4476 2113 4533; x_wconf 86' lang='lat' dir='ltr'><strong>liberum</strong></span> 
     </span>
    </p>
   </div>
   <div class='ocr_carea' id='block_1_47' title="bbox 541 4564 2116 4638">
    <p class='ocr_par' dir='ltr' id='par_1_47' title="bbox 541 4564 2116 4638">
     <span class='ocr_line' id='line_1_47' title="bbox 541 4564 2116 4638; baseline 0.001 -17"><span class='ocrx_word' id='word_1_373' title='bbox 541 4566 724 4623; x_wconf 75' lang='lat' dir='ltr'><strong>condit</strong></span> <span class='ocrx_word' id='word_1_374' title='bbox 760 4565 1066 4630; x_wconf 86' lang='lat' dir='ltr'><strong>arbitrium;</strong></span> <span class='ocrx_word' id='word_1_375' title='bbox 1096 4565 1239 4636; x_wconf 89' lang='lat' dir='ltr'><strong>quod</strong></span> <span class='ocrx_word' id='word_1_376' title='bbox 1282 4579 1348 4620; x_wconf 90' lang='lat' dir='ltr'><strong>eo</strong></span> <span class='ocrx_word' id='word_1_377' title='bbox 1391 4564 1681 4635; x_wconf 89' lang='lat' dir='ltr'><strong>accipimus</strong></span> <span class='ocrx_word' id='word_1_378' title='bbox 1706 4574 1980 4636; x_wconf 86' lang='lat' dir='ltr'><strong>tempore,</strong></span> <span class='ocrx_word' id='word_1_379' title='bbox 2010 4578 2116 4638; x_wconf 89' lang='lat' dir='ltr'><strong>quo</strong></span> 
     </span>
    </p>
   </div>
   <div class='ocr_carea' id='block_1_48' title="bbox 541 4657 2116 4726">
    <p class='ocr_par' dir='ltr' id='par_1_48' title="bbox 541 4657 2116 4726">
     <span class='ocr_line' id='line_1_48' title="bbox 541 4657 2116 4726; baseline -0.001 -13"><span class='ocrx_word' id='word_1_380' title='bbox 541 4673 787 4713; x_wconf 75' lang='lat' dir='ltr'><strong>creamur</strong></span> <span class='ocrx_word' id='word_1_381' title='bbox 811 4675 824 4711; x_wconf 85' lang='lat'><strong>:</strong></span> <span class='ocrx_word' id='word_1_382' title='bbox 848 4657 1046 4711; x_wconf 84' lang='lat' dir='ltr'><strong>utimur</strong></span> <span class='ocrx_word' id='word_1_383' title='bbox 1064 4664 1262 4722; x_wconf 91' lang='lat' dir='ltr'><strong>autem,</strong></span> <span class='ocrx_word' id='word_1_384' title='bbox 1284 4670 1391 4726; x_wconf 85' lang='lat' dir='ltr'><strong>quo</strong></span> <span class='ocrx_word' id='word_1_385' title='bbox 1409 4657 1430 4690; x_wconf 79' lang='lat'><strong><em>°</em></strong></span> <span class='ocrx_word' id='word_1_386' title='bbox 1454 4657 1739 4711; x_wconf 76' lang='lat' dir='ltr'><strong>volentiam</strong></span> <span class='ocrx_word' id='word_1_387' title='bbox 1762 4658 1900 4714; x_wconf 91' lang='lat' dir='ltr'><strong>inter</strong></span> <span class='ocrx_word' id='word_1_388' title='bbox 1921 4658 2116 4714; x_wconf 81' lang='lat' dir='ltr'><strong>bonum</strong></span> 
     </span>
    </p>
   </div>
   <div class='ocr_carea' id='block_1_49' title="bbox 543 4746 2116 4819">
    <p class='ocr_par' dir='ltr' id='par_1_49' title="bbox 543 4746 2116 4819">
     <span class='ocr_line' id='line_1_49' title="bbox 543 4746 2116 4819; baseline 0.001 -17"><span class='ocrx_word' id='word_1_389' title='bbox 543 4758 599 4803; x_wconf 88' lang='lat' dir='ltr'><strong>et</strong></span> <span class='ocrx_word' id='word_1_390' title='bbox 623 4748 819 4802; x_wconf 86' lang='lat' dir='ltr'><strong>malum</strong></span> <span class='ocrx_word' id='word_1_391' title='bbox 848 4746 1186 4802; x_wconf 90' lang='lat' dir='ltr'><strong>discretionis</strong></span> <span class='ocrx_word' id='word_1_392' title='bbox 1213 4747 1574 4817; x_wconf 86' lang='lat' dir='ltr'><strong>adipiscimur.</strong></span> <span class='ocrx_word' id='word_1_393' title='bbox 1621 4747 1784 4803; x_wconf 78' lang='lat' dir='ltr'><strong>Bona:</strong></span> <span class='ocrx_word' id='word_1_394' title='bbox 1814 4749 1990 4819; x_wconf 87' lang='lat' dir='ltr'><strong>itaque</strong></span> <span class='ocrx_word' id='word_1_395' title='bbox 2019 4764 2116 4804; x_wconf 83' lang='lat' dir='ltr'><strong>vo-</strong></span> 
     </span>
    </p>
   </div>
   <div class='ocr_carea' id='block_1_50' title="bbox 545 4835 2115 4908">
    <p class='ocr_par' dir='ltr' id='par_1_50' title="bbox 545 4835 2115 4908">
     <span class='ocr_line' id='line_1_50' title="bbox 545 4835 2115 4908; baseline 0 -14"><span class='ocrx_word' id='word_1_396' title='bbox 545 4836 735 4894; x_wconf 78' lang='lat' dir='ltr'><strong>luntati</strong></span> <span class='ocrx_word' id='word_1_397' title='bbox 764 4837 1070 4894; x_wconf 87' lang='lat' dir='ltr'><strong>innumeras</strong></span> <span class='ocrx_word' id='word_1_398' title='bbox 1091 4836 1339 4908; x_wconf 85' lang='lat' dir='ltr'><strong>adjutorii</strong></span> <span class='ocrx_word' id='word_1_399' title='bbox 1368 4837 1535 4893; x_wconf 84' lang='lat' dir='ltr'><strong>divini</strong></span> <span class='ocrx_word' id='word_1_400' title='bbox 1556 4835 1747 4894; x_wconf 89' lang='lat' dir='ltr'><strong>adesse</strong></span> <span class='ocrx_word' id='word_1_401' title='bbox 1771 4838 1981 4908; x_wconf 89' lang='lat' dir='ltr'><strong>species</strong></span> <span class='ocrx_word' id='word_1_402' title='bbox 2010 4853 2115 4896; x_wconf 91' lang='lat' dir='ltr'><strong>non</strong></span> 
     </span>
    </p>
   </div>
   <div class='ocr_carea' id='block_1_51' title="bbox 572 5033 2123 5106">
    <p class='ocr_par' dir='ltr' id='par_1_51' title="bbox 572 5033 2123 5106">
     <span class='ocr_line' id='line_1_51' title="bbox 572 5033 2123 5106; baseline 0.001 -19"><span class='ocrx_word' id='word_1_403' title='bbox 572 5038 628 5106; x_wconf 49' lang='grc' dir='ltr'>,ι</span> <span class='ocrx_word' id='word_1_404' title='bbox 660 5036 735 5087; x_wconf 83' lang='lat' dir='ltr'><strong>sic</strong></span> <span class='ocrx_word' id='word_1_405' title='bbox 763 5042 965 5087; x_wconf 86' lang='lat' dir='ltr'><strong>veteres</strong></span> <span class='ocrx_word' id='word_1_406' title='bbox 1001 5036 1129 5087; x_wconf 81' lang='lat' dir='ltr'><strong>libri.</strong></span> <span class='ocrx_word' id='word_1_407' title='bbox 1154 5042 1211 5086; x_wconf 76' lang='lat' dir='ltr'><strong>At</strong></span> <span class='ocrx_word' id='word_1_408' title='bbox 1249 5034 1393 5098; x_wconf 82' lang='lat' dir='ltr'><strong>editi,</strong></span> <span class='ocrx_word' id='word_1_409' title='bbox 1430 5034 1761 5093; x_wconf 55' lang='lat' dir='ltr'><strong>&quot;tabescimus</strong></span> <span class='ocrx_word' id='word_1_410' title='bbox 1797 5034 1868 5088; x_wconf 85' lang='lat' dir='ltr'><strong>tui</strong></span> <span class='ocrx_word' id='word_1_411' title='bbox 1906 5033 2123 5102; x_wconf 79' lang='lat' dir='ltr'><strong>appella-</strong></span> 
     </span>
    </p>
   </div>
   <div class='ocr_carea' id='block_1_52' title="bbox 611 5154 2121 5297">
    <p class='ocr_par' dir='ltr' id='par_1_52' title="bbox 611 5154 2121 5297">
     <span class='ocr_line' id='line_1_52' title="bbox 649 5154 1313 5221; baseline -0.002 -13"><span class='ocrx_word' id='word_1_412' title='bbox 649 5157 786 5218; x_wconf 80' lang='lat' dir='ltr'><strong>Editi,</strong></span> <span class='ocrx_word' id='word_1_413' title='bbox 809 5154 1039 5219; x_wconf 79' lang='lat' dir='ltr'><strong>obscenis,</strong></span> <span class='ocrx_word' id='word_1_414' title='bbox 1064 5171 1222 5221; x_wconf 53' lang='lat' dir='ltr'><strong>corrui</strong></span> <span class='ocrx_word' id='word_1_415' title='bbox 1238 5165 1313 5208; x_wconf 89' lang='lat' dir='ltr'><strong>te.</strong></span> 
     </span>
     <span class='ocr_line' id='line_1_53' title="bbox 611 5218 2121 5297; baseline 0.001 -28"><span class='ocrx_word' id='word_1_416' title='bbox 611 5219 827 5297; x_wconf 45' lang='lat' dir='ltr'><strong>flagiti:</strong></span> <span class='ocrx_word' id='word_1_417' title='bbox 866 5228 965 5271; x_wconf 78' lang='lat' dir='ltr'><strong>Hoc</strong></span> <span class='ocrx_word' id='word_1_418' title='bbox 1005 5218 1216 5285; x_wconf 77' lang='lat' dir='ltr'><strong>primum</strong></span> <span class='ocrx_word' id='word_1_419' title='bbox 1264 5231 1454 5272; x_wconf 74' lang='lat' dir='ltr'><strong>namus.</strong></span> <span class='ocrx_word' id='word_1_420' title='bbox 1514 5221 1691 5297; x_wconf 73' lang='lat' dir='ltr'><strong>Abest,</strong></span> <span class='ocrx_word' id='word_1_421' title='bbox 1735 5219 1851 5282; x_wconf 83' lang='lat' dir='ltr'><strong>hoc,</strong></span> <span class='ocrx_word' id='word_1_422' title='bbox 1887 5232 1917 5270; x_wconf 90' lang='lat' dir='ltr'><strong>a</strong></span> <span class='ocrx_word' id='word_1_423' title='bbox 1951 5232 2121 5270; x_wconf 88' lang='lat' dir='ltr'><strong>mann-</strong></span> 
     </span>
    </p>
   </div>
   <div class='ocr_carea' id='block_1_53' title="bbox 539 5287 1253 5414">
    <p class='ocr_par' dir='ltr' id='par_1_53' title="bbox 539 5287 1253 5414">
     <span class='ocr_line' id='line_1_54' title="bbox 539 5287 1253 5414; baseline 0 0"><span class='ocrx_word' id='word_1_424' title='bbox 539 5287 1096 5414; x_wconf 57' lang='grc' dir='ltr'><strong>’ἶτιδῗιθκάίσςιειιιζι</strong></span> <span class='ocrx_word' id='word_1_425' title='bbox 1151 5408 1163 5414; x_wconf 83' lang='lat'><strong>-</strong></span> <span class='ocrx_word' id='word_1_426' title='bbox 1239 5401 1253 5414; x_wconf 94' lang='lat'><strong>.</strong></span> 
     </span>
    </p>
   </div>
   <div class='ocr_carea' id='block_1_54' title="bbox 604 5402 1780 5469">
    <p class='ocr_par' dir='ltr' id='par_1_54' title="bbox 604 5402 1780 5469">
     <span class='ocr_line' id='line_1_55' title="bbox 604 5402 1780 5469; baseline 0.002 -16"><span class='ocrx_word' id='word_1_427' title='bbox 604 5405 628 5469; x_wconf 56' lang='grc' dir='ltr'>ξ</span> <span class='ocrx_word' id='word_1_428' title='bbox 658 5412 763 5469; x_wconf 73' lang='lat' dir='ltr'><strong>uss.</strong></span> <span class='ocrx_word' id='word_1_429' title='bbox 786 5402 907 5454; x_wconf 66' lang='grc' dir='ltr'><strong>απ.</strong></span> <span class='ocrx_word' id='word_1_430' title='bbox 932 5412 1043 5455; x_wconf 77' lang='lat' dir='ltr'><strong>star.</strong></span> <span class='ocrx_word' id='word_1_431' title='bbox 1062 5408 1208 5465; x_wconf 80' lang='lat' dir='ltr'><strong>Port.,</strong></span> <span class='ocrx_word' id='word_1_432' title='bbox 1230 5402 1437 5469; x_wconf 56' lang='lat' dir='ltr'><strong>agitatas</strong></span> <span class='ocrx_word' id='word_1_433' title='bbox 1457 5417 1569 5457; x_wconf 79' lang='lat' dir='ltr'><strong>suos</strong></span> <span class='ocrx_word' id='word_1_434' title='bbox 1586 5404 1780 5469; x_wconf 80' lang='lat' dir='ltr'><strong>foveret.</strong></span> 
     </span>
    </p>
   </div>
   <div class='ocr_carea' id='block_1_55' title="bbox 596 5465 1392 5531">
    <p class='ocr_par' dir='ltr' id='par_1_55' title="bbox 596 5465 1392 5531">
     <span class='ocr_line' id='line_1_56' title="bbox 596 5465 1392 5531; baseline -0.01 -10"><span class='ocrx_word' id='word_1_435' title='bbox 596 5468 627 5531; x_wconf 54' lang='grc'><strong><em>,9</em></strong></span> <span class='ocrx_word' id='word_1_436' title='bbox 649 5467 788 5525; x_wconf 67' lang='grc' dir='ltr'><strong>Γάὶιί,</strong></span> <span class='ocrx_word' id='word_1_437' title='bbox 810 5473 986 5531; x_wconf 69' lang='lat' dir='ltr'><strong>quanto</strong></span> <span class='ocrx_word' id='word_1_438' title='bbox 1005 5472 1125 5527; x_wconf 86' lang='lat' dir='ltr'><strong>tum,</strong></span> <span class='ocrx_word' id='word_1_439' title='bbox 1141 5465 1392 5531; x_wconf 80' lang='lat' dir='ltr'><strong>mendose.</strong></span> 
     </span>
    </p>
   </div>
   <div class='ocr_carea' id='block_1_56' title="bbox 604 5525 1825 5592">
    <p class='ocr_par' dir='ltr' id='par_1_56' title="bbox 604 5525 1825 5592">
     <span class='ocr_line' id='line_1_57' title="bbox 604 5525 1825 5592; baseline 0.001 -14"><span class='ocrx_word' id='word_1_440' title='bbox 604 5530 627 5592; x_wconf 66' lang='grc' dir='ltr'><strong>’ζ</strong></span> <span class='ocrx_word' id='word_1_441' title='bbox 655 5535 722 5579; x_wconf 85' lang='lat' dir='ltr'><strong>tta</strong></span> <span class='ocrx_word' id='word_1_442' title='bbox 743 5525 847 5592; x_wconf 62' lang='lat' dir='ltr'><strong>Mss}</strong></span> <span class='ocrx_word' id='word_1_443' title='bbox 874 5528 991 5579; x_wconf 78' lang='lat' dir='ltr'><strong>Fditi</strong></span> <span class='ocrx_word' id='word_1_444' title='bbox 1019 5525 1138 5579; x_wconf 88' lang='lat' dir='ltr'><strong>vero</strong></span> <span class='ocrx_word' id='word_1_445' title='bbox 1162 5541 1175 5577; x_wconf 92' lang='lat'>:</span> <span class='ocrx_word' id='word_1_446' title='bbox 1195 5525 1246 5577; x_wconf 81' lang='lat' dir='ltr'><strong>si</strong></span> <span class='ocrx_word' id='word_1_447' title='bbox 1265 5526 1367 5592; x_wconf 78' lang='lat' dir='ltr'><strong>lege</strong></span> <span class='ocrx_word' id='word_1_448' title='bbox 1385 5525 1589 5590; x_wconf 81' lang='lat' dir='ltr'><strong>legitime</strong></span> <span class='ocrx_word' id='word_1_449' title='bbox 1611 5533 1825 5579; x_wconf 79' lang='lat' dir='ltr'><strong>utantur.</strong></span> 
     </span>
    </p>
   </div>
   <div class='ocr_carea' id='block_1_57' title="bbox 607 5590 1473 5651">
    <p class='ocr_par' dir='ltr' id='par_1_57' title="bbox 607 5590 1473 5651">
     <span class='ocr_line' id='line_1_58' title="bbox 607 5590 1473 5651; baseline -0.001 -13"><span class='ocrx_word' id='word_1_450' title='bbox 607 5590 632 5622; x_wconf 70' lang='grc'><em>³</em></span> <span class='ocrx_word' id='word_1_451' title='bbox 660 5597 763 5640; x_wconf 74' lang='lat' dir='ltr'><strong>Mss.</strong></span> <span class='ocrx_word' id='word_1_452' title='bbox 790 5590 908 5639; x_wconf 85' lang='lat' dir='ltr'><strong>Clar.</strong></span> <span class='ocrx_word' id='word_1_453' title='bbox 935 5597 1046 5640; x_wconf 76' lang='lat' dir='ltr'><strong>Mar.</strong></span> <span class='ocrx_word' id='word_1_454' title='bbox 1082 5596 1136 5639; x_wconf 88' lang='lat' dir='ltr'><strong>et</strong></span> <span class='ocrx_word' id='word_1_455' title='bbox 1154 5590 1473 5651; x_wconf 73' lang='lat' dir='ltr'><strong>Port.,&#39;aptot.</strong></span> 
     </span>
    </p>
   </div>
   <div class='ocr_carea' id='block_1_58' title="bbox 607 5649 2123 5714">
    <p class='ocr_par' dir='ltr' id='par_1_58' title="bbox 607 5649 2123 5714">
     <span class='ocr_line' id='line_1_59' title="bbox 607 5649 2123 5714; baseline 0.001 -13"><span class='ocrx_word' id='word_1_456' title='bbox 607 5653 630 5684; x_wconf 77' lang='grc'><strong>⁸</strong></span> <span class='ocrx_word' id='word_1_457' title='bbox 652 5652 903 5701; x_wconf 72' lang='lat' dir='ltr'><strong>uenardus</strong></span> <span class='ocrx_word' id='word_1_458' title='bbox 931 5665 947 5702; x_wconf 88' lang='lat'><strong>:</strong></span> <span class='ocrx_word' id='word_1_459' title='bbox 989 5651 1176 5714; x_wconf 68' lang='lat' dir='ltr'><strong>titimur</strong></span> <span class='ocrx_word' id='word_1_460' title='bbox 1209 5649 1379 5714; x_wconf 69' lang='lat' dir='ltr'><strong>autem</strong></span> <span class='ocrx_word' id='word_1_461' title='bbox 1405 5649 1549 5713; x_wconf 78' lang='lat' dir='ltr'><strong>quod.</strong></span> <span class='ocrx_word' id='word_1_462' title='bbox 1586 5650 1886 5714; x_wconf 75' lang='lat' dir='ltr'><strong>vignierius:</strong></span> <span class='ocrx_word' id='word_1_463' title='bbox 1937 5650 2123 5714; x_wconf 80' lang='lat' dir='ltr'><strong>L&#39;timur</strong></span> 
     </span>
    </p>
   </div>
   <div class='ocr_carea' id='block_1_59' title="bbox 543 5712 1197 5778">
    <p class='ocr_par' dir='ltr' id='par_1_59' title="bbox 543 5712 1197 5778">
     <span class='ocr_line' id='line_1_60' title="bbox 543 5712 1197 5778; baseline 0 -16"><span class='ocrx_word' id='word_1_464' title='bbox 543 5719 706 5762; x_wconf 86' lang='lat' dir='ltr'><strong>autem</strong></span> <span class='ocrx_word' id='word_1_465' title='bbox 724 5726 782 5763; x_wconf 88' lang='lat' dir='ltr'><strong>eo</strong></span> <span class='ocrx_word' id='word_1_466' title='bbox 797 5748 814 5774; x_wconf 86' lang='lat'><strong>,</strong></span> <span class='ocrx_word' id='word_1_467' title='bbox 836 5712 1045 5778; x_wconf 74' lang='lat' dir='ltr'><strong>quando.</strong></span> <span class='ocrx_word' id='word_1_468' title='bbox 1092 5719 1197 5765; x_wconf 76' lang='lat' dir='ltr'><strong>Mss.</strong></span> 
     </span>
    </p>
   </div>
   <div class='ocr_carea' id='block_1_60' title="bbox 1243 5711 2118 5778">
    <p class='ocr_par' dir='ltr' id='par_1_60' title="bbox 1243 5711 2118 5778">
     <span class='ocr_line' id='line_1_61' title="bbox 1243 5711 2118 5778; baseline 0.001 -15"><span class='ocrx_word' id='word_1_469' title='bbox 1243 5725 1255 5763; x_wconf 91' lang='lat'>:</span> <span class='ocrx_word' id='word_1_470' title='bbox 1302 5711 1486 5766; x_wconf 70' lang='lat' dir='ltr'><strong>utimur</strong></span> <span class='ocrx_word' id='word_1_471' title='bbox 1527 5711 1686 5765; x_wconf 79' lang='lat' dir='ltr'><strong>auteiu</strong></span> <span class='ocrx_word' id='word_1_472' title='bbox 1706 5746 1722 5766; x_wconf 81' lang='lat'><strong>.</strong></span> <span class='ocrx_word' id='word_1_473' title='bbox 1746 5725 1839 5778; x_wconf 88' lang='lat' dir='ltr'><strong>quo</strong></span> <span class='ocrx_word' id='word_1_474' title='bbox 1863 5725 1881 5764; x_wconf 91' lang='lat'><strong><em>:</em></strong></span> <span class='ocrx_word' id='word_1_475' title='bbox 1904 5713 2078 5778; x_wconf 85' lang='lat' dir='ltr'><strong>supple</strong></span> <span class='ocrx_word' id='word_1_476' title='bbox 2104 5752 2118 5776; x_wconf 93' lang='lat'><strong>,</strong></span> 
     </span>
    </p>
   </div>
   <div class='ocr_carea' id='block_1_61' title="bbox 542 5780 771 5836">
    <p class='ocr_par' dir='ltr' id='par_1_61' title="bbox 542 5780 771 5836">
     <span class='ocr_line' id='line_1_62' title="bbox 542 5780 771 5836; baseline -0.009 -11"><span class='ocrx_word' id='word_1_477' title='bbox 542 5780 771 5836; x_wconf 69' lang='lat' dir='ltr'><strong>tanpore.</strong></span> 
     </span>
    </p>
   </div>
   <div class='ocr_carea' id='block_1_62' title="bbox 1153 340 3060 439">
    <p class='ocr_par' dir='ltr' id='par_1_62' title="bbox 1153 340 3060 439">
     <span class='ocr_line' id='line_1_63' title="bbox 1153 340 3060 439; baseline -0.013 -15"><span class='ocrx_word' id='word_1_478' title='bbox 1153 366 1397 424; x_wconf 82' lang='lat' dir='ltr'><strong>OPERIS</strong></span> <span class='ocrx_word' id='word_1_479' title='bbox 1435 340 2155 422; x_wconf 29' lang='lat' dir='ltr'><strong>[MPERFECTI&#39;CONTRA</strong></span> <span class='ocrx_word' id='word_1_480' title='bbox 2193 348 2551 416; x_wconf 76' lang='lat' dir='ltr'><strong>JULIANUM,</strong></span> <span class='ocrx_word' id='word_1_481' title='bbox 2576 346 2650 402; x_wconf 25' lang='lat' dir='ltr'><strong>‘S.</strong></span> <span class='ocrx_word' id='word_1_482' title='bbox 2692 347 3060 439; x_wconf 9' lang='lat' dir='ltr'><strong>AUGUSTVINI</strong></span> 
     </span>
    </p>
   </div>
   <div class='ocr_carea' id='block_1_63' title="bbox 3617 324 3637 340">
    <p class='ocr_par' dir='ltr' id='par_1_63' title="bbox 3617 324 3637 340">
     <span class='ocr_line' id='line_1_64' title="bbox 3617 324 3637 340; baseline 0 0"><span class='ocrx_word' id='word_1_483' title='bbox 3617 324 3637 340; x_wconf 76' lang='lat' dir='ltr'><strong><em>J</em></strong></span> 
     </span>
    </p>
   </div>
   <div class='ocr_carea' id='block_1_64' title="bbox 2171 481 3747 559">
    <p class='ocr_par' dir='ltr' id='par_1_64' title="bbox 2171 481 3747 559">
     <span class='ocr_line' id='line_1_65' title="bbox 2171 481 3747 559; baseline 0.004 -21"><span class='ocrx_word' id='word_1_484' title='bbox 2171 497 2453 553; x_wconf 86' lang='lat' dir='ltr'><strong>negamus;</strong></span> <span class='ocrx_word' id='word_1_485' title='bbox 2484 481 2577 536; x_wconf 86' lang='lat' dir='ltr'><strong>sed</strong></span> <span class='ocrx_word' id='word_1_486' title='bbox 2616 481 2685 535; x_wconf 89' lang='lat' dir='ltr'><strong>ita</strong></span> <span class='ocrx_word' id='word_1_487' title='bbox 2726 491 2783 536; x_wconf 92' lang='lat' dir='ltr'><strong>ut</strong></span> <span class='ocrx_word' id='word_1_488' title='bbox 2821 497 2924 536; x_wconf 92' lang='lat' dir='ltr'><strong>non</strong></span> <span class='ocrx_word' id='word_1_489' title='bbox 2954 483 2969 514; x_wconf 77' lang='grc' dir='ltr'>ί</span> <span class='ocrx_word' id='word_1_490' title='bbox 3004 498 3098 550; x_wconf 91' lang='lat' dir='ltr'><strong>per</strong></span> <span class='ocrx_word' id='word_1_491' title='bbox 3136 482 3385 559; x_wconf 78' lang='lat' dir='ltr'><strong>adjutorii</strong></span> <span class='ocrx_word' id='word_1_492' title='bbox 3422 500 3620 555; x_wconf 87' lang='lat' dir='ltr'><strong>genera</strong></span> <span class='ocrx_word' id='word_1_493' title='bbox 3648 501 3747 544; x_wconf 87' lang='lat' dir='ltr'><strong>aut</strong></span> 
     </span>
    </p>
   </div>
   <div class='ocr_carea' id='block_1_65' title="bbox 2169 572 3738 644">
    <p class='ocr_par' dir='ltr' id='par_1_65' title="bbox 2169 572 3738 644">
     <span class='ocr_line' id='line_1_66' title="bbox 2169 572 3738 644; baseline 0.004 -16"><span class='ocrx_word' id='word_1_494' title='bbox 2169 572 2454 633; x_wconf 80' lang='lat' dir='ltr'><strong>fabricetur</strong></span> <span class='ocrx_word' id='word_1_495' title='bbox 2476 589 2595 644; x_wconf 73' lang='lat' dir='ltr'><strong>qua:</strong></span> <span class='ocrx_word' id='word_1_496' title='bbox 2622 572 2779 628; x_wconf 80' lang='lat' dir='ltr'><strong>fuerit</strong></span> <span class='ocrx_word' id='word_1_497' title='bbox 2804 574 3004 628; x_wconf 87' lang='lat' dir='ltr'><strong>arbitrii</strong></span> <span class='ocrx_word' id='word_1_498' title='bbox 3032 574 3300 630; x_wconf 85' lang='lat' dir='ltr'><strong>destructa</strong></span> <span class='ocrx_word' id='word_1_499' title='bbox 3343 577 3562 633; x_wconf 88' lang='lat' dir='ltr'><strong>libertas</strong></span> <span class='ocrx_word' id='word_1_500' title='bbox 3586 618 3603 643; x_wconf 90' lang='lat'><strong>,</strong></span> <span class='ocrx_word' id='word_1_501' title='bbox 3643 590 3738 636; x_wconf 86' lang='lat' dir='ltr'><strong>aut</strong></span> 
     </span>
    </p>
   </div>
   <div class='ocr_carea' id='block_1_66' title="bbox 2172 664 3744 737">
    <p class='ocr_par' dir='ltr' id='par_1_66' title="bbox 2172 664 3744 737">
     <span class='ocr_line' id='line_1_67' title="bbox 2172 664 3744 737; baseline 0.004 -19"><span class='ocrx_word' id='word_1_502' title='bbox 2172 664 2455 734; x_wconf 90' lang='lat' dir='ltr'><strong>aliquando</strong></span> <span class='ocrx_word' id='word_1_503' title='bbox 2482 679 2544 718; x_wconf 92' lang='lat' dir='ltr'><strong>ea</strong></span> <span class='ocrx_word' id='word_1_504' title='bbox 2570 664 2801 730; x_wconf 78' lang='lat' dir='ltr'><strong>exclusa,</strong></span> <span class='ocrx_word' id='word_1_505' title='bbox 2833 664 2915 719; x_wconf 89' lang='lat' dir='ltr'><strong>vel</strong></span> <span class='ocrx_word' id='word_1_506' title='bbox 2946 666 3067 719; x_wconf 90' lang='lat' dir='ltr'><strong>boui</strong></span> <span class='ocrx_word' id='word_1_507' title='bbox 3098 666 3182 721; x_wconf 89' lang='lat' dir='ltr'><strong>vel</strong></span> <span class='ocrx_word' id='word_1_508' title='bbox 3212 667 3333 721; x_wconf 87' lang='lat' dir='ltr'><strong>mali</strong></span> <span class='ocrx_word' id='word_1_509' title='bbox 3362 670 3608 737; x_wconf 71' lang='lat' dir='ltr'><strong>cuiquam</strong></span> <span class='ocrx_word' id='word_1_510' title='bbox 3638 687 3744 728; x_wconf 82' lang='lat' dir='ltr'><strong>ne-</strong></span> 
     </span>
    </p>
   </div>
   <div class='ocr_carea' id='block_1_67' title="bbox 2173 754 3752 819">
    <p class='ocr_par' dir='ltr' id='par_1_67' title="bbox 2173 754 3752 819">
     <span class='ocr_line' id='line_1_68' title="bbox 2173 754 3752 819; baseline 0.004 -9"><span class='ocrx_word' id='word_1_511' title='bbox 2173 755 2396 810; x_wconf 85' lang='lat' dir='ltr'><strong>cessitas</strong></span> <span class='ocrx_word' id='word_1_512' title='bbox 2438 754 2683 809; x_wconf 90' lang='lat' dir='ltr'><strong>credatur</strong></span> <span class='ocrx_word' id='word_1_513' title='bbox 2718 755 3050 819; x_wconf 88' lang='lat' dir='ltr'><strong>incumbere;</strong></span> <span class='ocrx_word' id='word_1_514' title='bbox 3076 772 3259 811; x_wconf 88' lang='lat' dir='ltr'><strong>verum</strong></span> <span class='ocrx_word' id='word_1_515' title='bbox 3306 759 3528 815; x_wconf 88' lang='lat' dir='ltr'><strong>arbitrio</strong></span> <span class='ocrx_word' id='word_1_516' title='bbox 3573 761 3752 817; x_wconf 60' lang='lat' dir='ltr'><strong>iiber.</strong></span> 
     </span>
    </p>
   </div>
   <div class='ocr_carea' id='block_1_68' title="bbox 2176 842 3043 916">
    <p class='ocr_par' dir='ltr' id='par_1_68' title="bbox 2176 842 3043 916">
     <span class='ocr_line' id='line_1_69' title="bbox 2176 842 3043 916; baseline -0.002 -17"><span class='ocrx_word' id='word_1_517' title='bbox 2176 858 2336 899; x_wconf 90' lang='lat' dir='ltr'><strong>omne</strong></span> <span class='ocrx_word' id='word_1_518' title='bbox 2360 842 2677 912; x_wconf 86' lang='lat' dir='ltr'><strong>adjutorium</strong></span> <span class='ocrx_word' id='word_1_519' title='bbox 2707 853 3043 916; x_wconf 88' lang='lat' dir='ltr'><strong>cooperatur.</strong></span> 
     </span>
    </p>
   </div>
   <div class='ocr_carea' id='block_1_69' title="bbox 2247 934 3759 1010">
    <p class='ocr_par' dir='ltr' id='par_1_69' title="bbox 2247 934 3759 1010">
     <span class='ocr_line' id='line_1_70' title="bbox 2247 934 3759 1010; baseline 0.004 -19"><span class='ocrx_word' id='word_1_520' title='bbox 2247 937 2383 992; x_wconf 80' lang='lat' dir='ltr'><strong>Aue.</strong></span> <span class='ocrx_word' id='word_1_521' title='bbox 2412 934 2468 991; x_wconf 90' lang='lat' dir='ltr'><strong>Si</strong></span> <span class='ocrx_word' id='word_1_522' title='bbox 2500 952 2603 989; x_wconf 92' lang='lat' dir='ltr'><strong>non</strong></span> <span class='ocrx_word' id='word_1_523' title='bbox 2634 937 2911 1007; x_wconf 56' lang='lat' dir='ltr'><strong>praevenit,</strong></span> <span class='ocrx_word' id='word_1_524' title='bbox 2933 945 2994 992; x_wconf 89' lang='lat' dir='ltr'><strong>ut</strong></span> <span class='ocrx_word' id='word_1_525' title='bbox 3020 946 3268 1007; x_wconf 82' lang='lat' dir='ltr'><strong>operetur</strong></span> <span class='ocrx_word' id='word_1_526' title='bbox 3294 954 3410 993; x_wconf 90' lang='lat' dir='ltr'><strong>eam</strong></span> <span class='ocrx_word' id='word_1_527' title='bbox 3428 981 3441 1004; x_wconf 93' lang='lat'><strong>,</strong></span> <span class='ocrx_word' id='word_1_528' title='bbox 3469 939 3566 995; x_wconf 86' lang='lat' dir='ltr'><strong>sed</strong></span> <span class='ocrx_word' id='word_1_529' title='bbox 3609 941 3759 1010; x_wconf 81' lang='lat' dir='ltr'><strong>prius</strong></span> 
     </span>
    </p>
   </div>
   <div class='ocr_carea' id='block_1_70' title="bbox 2177 1024 3753 1099">
    <p class='ocr_par' dir='ltr' id='par_1_70' title="bbox 2177 1024 3753 1099">
     <span class='ocr_line' id='line_1_71' title="bbox 2177 1024 3753 1099; baseline 0.004 -19"><span class='ocrx_word' id='word_1_530' title='bbox 2177 1024 2428 1080; x_wconf 77' lang='lat' dir='ltr'><strong>existenti</strong></span> <span class='ocrx_word' id='word_1_531' title='bbox 2449 1025 2704 1080; x_wconf 86' lang='lat' dir='ltr'><strong>voluntati</strong></span> <span class='ocrx_word' id='word_1_532' title='bbox 2724 1027 2889 1097; x_wconf 89' lang='lat' dir='ltr'><strong>gratia</strong></span> <span class='ocrx_word' id='word_1_533' title='bbox 2905 1037 3251 1097; x_wconf 84' lang='lat' dir='ltr'><strong>coeperatur;</strong></span> <span class='ocrx_word' id='word_1_534' title='bbox 3280 1031 3546 1099; x_wconf 90' lang='lat' dir='ltr'><strong>quomodo</strong></span> <span class='ocrx_word' id='word_1_535' title='bbox 3568 1047 3753 1086; x_wconf 88' lang='lat' dir='ltr'><strong>verum</strong></span> 
     </span>
    </p>
   </div>
   <div class='ocr_carea' id='block_1_71' title="bbox 2177 1104 3760 1192">
    <p class='ocr_par' dir='ltr' id='par_1_71' title="bbox 2177 1104 3760 1192">
     <span class='ocr_line' id='line_1_72' title="bbox 2177 1104 3760 1192; baseline 0.003 -19"><span class='ocrx_word' id='word_1_536' title='bbox 2177 1124 2282 1183; x_wconf 89' lang='lat' dir='ltr'><strong>est,</strong></span> <span class='ocrx_word' id='word_1_537' title='bbox 2317 1115 2462 1171; x_wconf 88' lang='lat' dir='ltr'><strong>Deus</strong></span> <span class='ocrx_word' id='word_1_538' title='bbox 2489 1117 2543 1172; x_wconf 83' lang='lat' dir='ltr'><strong>in</strong></span> <span class='ocrx_word' id='word_1_539' title='bbox 2568 1116 2703 1172; x_wconf 85' lang='lat' dir='ltr'><strong>uobis</strong></span> <span class='ocrx_word' id='word_1_540' title='bbox 2731 1127 2967 1187; x_wconf 86' lang='lat' dir='ltr'><strong>operatur</strong></span> <span class='ocrx_word' id='word_1_541' title='bbox 2992 1128 3038 1173; x_wconf 88' lang='lat' dir='ltr'><strong>et</strong></span> <span class='ocrx_word' id='word_1_542' title='bbox 3066 1117 3194 1173; x_wconf 76' lang='lat' dir='ltr'><strong>velle</strong></span> <span class='ocrx_word' id='word_1_543' title='bbox 3226 1118 3493 1191; x_wconf 75' lang='lat' dir='ltr'><strong>(Philipp.</strong></span> <span class='ocrx_word' id='word_1_544' title='bbox 3523 1137 3560 1175; x_wconf 88' lang='grc' dir='ltr'><strong>ιι</strong></span> <span class='ocrx_word' id='word_1_545' title='bbox 3580 1164 3594 1185; x_wconf 84' lang='grc'><strong><em>,</em></strong></span> <span class='ocrx_word' id='word_1_546' title='bbox 3629 1104 3760 1192; x_wconf 74' lang='lat' dir='ltr'><strong>i5)?</strong></span> 
     </span>
    </p>
   </div>
   <div class='ocr_carea' id='block_1_72' title="bbox 2179 1193 3754 1281">
    <p class='ocr_par' dir='ltr' id='par_1_72' title="bbox 2179 1193 3754 1281">
     <span class='ocr_line' id='line_1_73' title="bbox 2179 1193 3754 1281; baseline 0.004 -21"><span class='ocrx_word' id='word_1_547' title='bbox 2179 1206 2446 1280; x_wconf 88' lang='lat' dir='ltr'><strong>quomodo</strong></span> <span class='ocrx_word' id='word_1_548' title='bbox 2464 1249 2480 1272; x_wconf 89' lang='lat'><strong>,</strong></span> <span class='ocrx_word' id='word_1_549' title='bbox 2498 1193 2842 1278; x_wconf 49' lang='lat' dir='ltr'><strong>‘Pra&#39;paratur</strong></span> <span class='ocrx_word' id='word_1_550' title='bbox 2866 1208 3095 1264; x_wconf 76' lang='lat' dir='ltr'><strong>uoluntas</strong></span> <span class='ocrx_word' id='word_1_551' title='bbox 3118 1226 3151 1263; x_wconf 90' lang='lat' dir='ltr'><strong>a</strong></span> <span class='ocrx_word' id='word_1_552' title='bbox 3167 1207 3388 1263; x_wconf 79' lang='lat' dir='ltr'><strong>Domino</strong></span> <span class='ocrx_word' id='word_1_553' title='bbox 3416 1209 3598 1280; x_wconf 81' lang='lat' dir='ltr'><strong>(Prov.</strong></span> <span class='ocrx_word' id='word_1_554' title='bbox 3626 1228 3718 1279; x_wconf 84' lang='lat' dir='ltr'><strong>vttt</strong></span> <span class='ocrx_word' id='word_1_555' title='bbox 3734 1253 3754 1281; x_wconf 84' lang='lat'><strong>,</strong></span> 
     </span>
    </p>
   </div>
   <div class='ocr_carea' id='block_1_73' title="bbox 2179 1297 3761 1372">
    <p class='ocr_par' dir='ltr' id='par_1_73' title="bbox 2179 1297 3761 1372">
     <span class='ocr_line' id='line_1_74' title="bbox 2179 1297 3761 1372; baseline 0.001 -18"><span class='ocrx_word' id='word_1_556' title='bbox 2179 1298 2272 1365; x_wconf 76' lang='lat'><strong>&#39;55,</strong></span> <span class='ocrx_word' id='word_1_557' title='bbox 2298 1314 2397 1352; x_wconf 83' lang='lat' dir='ltr'><strong>sec.</strong></span> <span class='ocrx_word' id='word_1_558' title='bbox 2414 1297 2611 1369; x_wconf 77' lang='lat' dir='ltr'><strong>LXX)?</strong></span> <span class='ocrx_word' id='word_1_559' title='bbox 2638 1297 2923 1368; x_wconf 86' lang='lat' dir='ltr'><strong>quomodo,</strong></span> <span class='ocrx_word' id='word_1_560' title='bbox 2940 1298 3171 1354; x_wconf 81' lang='lat' dir='ltr'><strong>Charitas</strong></span> <span class='ocrx_word' id='word_1_561' title='bbox 3198 1316 3264 1355; x_wconf 79' lang='lat' dir='ltr'><strong>ea:</strong></span> <span class='ocrx_word' id='word_1_562' title='bbox 3286 1298 3391 1354; x_wconf 89' lang='lat' dir='ltr'><strong>Deo</strong></span> <span class='ocrx_word' id='word_1_563' title='bbox 3421 1311 3491 1356; x_wconf 80' lang='lat' dir='ltr'><strong>est</strong></span> <span class='ocrx_word' id='word_1_564' title='bbox 3523 1300 3761 1372; x_wconf 64' lang='lat' dir='ltr'><strong>(ileon.</strong></span> 
     </span>
    </p>
   </div>
   <div class='ocr_carea' id='block_1_74' title="bbox 2186 1389 3762 1461">
    <p class='ocr_par' dir='ltr' id='par_1_74' title="bbox 2186 1389 3762 1461">
     <span class='ocr_line' id='line_1_75' title="bbox 2186 1389 3762 1461; baseline 0.003 -18"><span class='ocrx_word' id='word_1_565' title='bbox 2186 1403 2263 1454; x_wconf 83' lang='lat' dir='ltr'><strong>tv,</strong></span> <span class='ocrx_word' id='word_1_566' title='bbox 2294 1389 2372 1459; x_wconf 90' lang='lat'><strong>7),</strong></span> <span class='ocrx_word' id='word_1_567' title='bbox 2395 1404 2514 1461; x_wconf 70' lang='lat' dir='ltr'><strong>qua:</strong></span> <span class='ocrx_word' id='word_1_568' title='bbox 2541 1389 2655 1444; x_wconf 91' lang='lat' dir='ltr'><strong>sola</strong></span> <span class='ocrx_word' id='word_1_569' title='bbox 2678 1390 2790 1445; x_wconf 86' lang='lat' dir='ltr'><strong>vult</strong></span> <span class='ocrx_word' id='word_1_570' title='bbox 2811 1389 3113 1447; x_wconf 89' lang='lat' dir='ltr'><strong>beatificum</strong></span> <span class='ocrx_word' id='word_1_571' title='bbox 3136 1391 3370 1446; x_wconf 85' lang='lat' dir='ltr'><strong>bonum?</strong></span> <span class='ocrx_word' id='word_1_572' title='bbox 3392 1394 3495 1448; x_wconf 81' lang='lat' dir='ltr'><strong>Aut</strong></span> <span class='ocrx_word' id='word_1_573' title='bbox 3516 1394 3558 1446; x_wconf 91' lang='lat' dir='ltr'><strong>si</strong></span> <span class='ocrx_word' id='word_1_574' title='bbox 3583 1394 3762 1449; x_wconf 83' lang='lat' dir='ltr'><strong>scien-</strong></span> 
     </span>
    </p>
   </div>
   <div class='ocr_carea' id='block_1_75' title="bbox 2184 1481 3759 1555">
    <p class='ocr_par' dir='ltr' id='par_1_75' title="bbox 2184 1481 3759 1555">
     <span class='ocr_line' id='line_1_76' title="bbox 2184 1481 3759 1555; baseline 0.003 -19"><span class='ocrx_word' id='word_1_575' title='bbox 2184 1481 2258 1536; x_wconf 89' lang='lat' dir='ltr'><strong>tia</strong></span> <span class='ocrx_word' id='word_1_576' title='bbox 2300 1482 2430 1553; x_wconf 87' lang='lat' dir='ltr'><strong>legis</strong></span> <span class='ocrx_word' id='word_1_577' title='bbox 2473 1491 2528 1538; x_wconf 61' lang='grc' dir='ltr'><strong>ιιι</strong></span> <span class='ocrx_word' id='word_1_578' title='bbox 2568 1483 2898 1552; x_wconf 90' lang='lat' dir='ltr'><strong>eloquiorum</strong></span> <span class='ocrx_word' id='word_1_579' title='bbox 2940 1483 3031 1538; x_wconf 90' lang='lat' dir='ltr'><strong>Dei</strong></span> <span class='ocrx_word' id='word_1_580' title='bbox 3076 1483 3389 1538; x_wconf 87' lang='lat' dir='ltr'><strong>charitatem</strong></span> <span class='ocrx_word' id='word_1_581' title='bbox 3425 1494 3680 1555; x_wconf 87' lang='lat' dir='ltr'><strong>operatur</strong></span> <span class='ocrx_word' id='word_1_582' title='bbox 3707 1485 3759 1540; x_wconf 91' lang='lat' dir='ltr'><strong>in</strong></span> 
     </span>
    </p>
   </div>
   <div class='ocr_carea' id='block_1_76' title="bbox 2189 1571 3764 1644">
    <p class='ocr_par' dir='ltr' id='par_1_76' title="bbox 2189 1571 3764 1644">
     <span class='ocr_line' id='line_1_77' title="bbox 2189 1571 3764 1644; baseline 0.001 -19"><span class='ocrx_word' id='word_1_583' title='bbox 2189 1571 2364 1637; x_wconf 91' lang='lat' dir='ltr'><strong>nobis,</strong></span> <span class='ocrx_word' id='word_1_584' title='bbox 2397 1581 2453 1626; x_wconf 92' lang='lat' dir='ltr'><strong>ut</strong></span> <span class='ocrx_word' id='word_1_585' title='bbox 2485 1587 2589 1627; x_wconf 90' lang='lat' dir='ltr'><strong>non</strong></span> <span class='ocrx_word' id='word_1_586' title='bbox 2621 1588 2714 1642; x_wconf 89' lang='lat' dir='ltr'><strong>per</strong></span> <span class='ocrx_word' id='word_1_587' title='bbox 2741 1572 2938 1627; x_wconf 91' lang='lat' dir='ltr'><strong>donum</strong></span> <span class='ocrx_word' id='word_1_588' title='bbox 2968 1573 3080 1638; x_wconf 91' lang='lat' dir='ltr'><strong>Dei,</strong></span> <span class='ocrx_word' id='word_1_589' title='bbox 3113 1573 3203 1627; x_wconf 87' lang='lat' dir='ltr'><strong>sed</strong></span> <span class='ocrx_word' id='word_1_590' title='bbox 3235 1587 3332 1644; x_wconf 88' lang='lat' dir='ltr'><strong>per</strong></span> <span class='ocrx_word' id='word_1_591' title='bbox 3357 1584 3552 1628; x_wconf 74' lang='lat' dir='ltr'><strong>nostra:</strong></span> <span class='ocrx_word' id='word_1_592' title='bbox 3574 1574 3764 1629; x_wconf 43' lang='lat' dir='ltr'><strong>volun;</strong></span> 
     </span>
    </p>
   </div>
   <div class='ocr_carea' id='block_1_77' title="bbox 2188 1661 3768 1734">
    <p class='ocr_par' dir='ltr' id='par_1_77' title="bbox 2188 1661 3768 1734">
     <span class='ocr_line' id='line_1_78' title="bbox 2188 1661 3768 1734; baseline 0.003 -19"><span class='ocrx_word' id='word_1_593' title='bbox 2188 1661 2313 1715; x_wconf 89' lang='lat' dir='ltr'><strong>tatis</strong></span> <span class='ocrx_word' id='word_1_594' title='bbox 2337 1661 2613 1717; x_wconf 89' lang='lat' dir='ltr'><strong>arbitrium</strong></span> <span class='ocrx_word' id='word_1_595' title='bbox 2637 1662 2918 1732; x_wconf 89' lang='lat' dir='ltr'><strong>diligamus</strong></span> <span class='ocrx_word' id='word_1_596' title='bbox 2935 1703 2952 1730; x_wconf 90' lang='lat'><strong>,</strong></span> <span class='ocrx_word' id='word_1_597' title='bbox 2979 1662 3119 1733; x_wconf 89' lang='lat' dir='ltr'><strong>quod</strong></span> <span class='ocrx_word' id='word_1_598' title='bbox 3146 1678 3268 1719; x_wconf 86' lang='lat' dir='ltr'><strong>esse</strong></span> <span class='ocrx_word' id='word_1_599' title='bbox 3293 1663 3617 1734; x_wconf 85' lang='lat' dir='ltr'><strong>diligendum</strong></span> <span class='ocrx_word' id='word_1_600' title='bbox 3657 1664 3768 1720; x_wconf 89' lang='lat' dir='ltr'><strong>Deo</strong></span> 
     </span>
    </p>
   </div>
   <div class='ocr_carea' id='block_1_78' title="bbox 2189 1749 3769 1823">
    <p class='ocr_par' dir='ltr' id='par_1_78' title="bbox 2189 1749 3769 1823">
     <span class='ocr_line' id='line_1_79' title="bbox 2189 1749 3769 1823; baseline 0.003 -18"><span class='ocrx_word' id='word_1_601' title='bbox 2189 1749 2413 1806; x_wconf 90' lang='lat' dir='ltr'><strong>docente</strong></span> <span class='ocrx_word' id='word_1_602' title='bbox 2434 1751 2833 1822; x_wconf 85' lang='lat' dir='ltr'><strong>cognoscimus;</strong></span> <span class='ocrx_word' id='word_1_603' title='bbox 2856 1751 3122 1823; x_wconf 90' lang='lat' dir='ltr'><strong>quomodo</strong></span> <span class='ocrx_word' id='word_1_604' title='bbox 3142 1768 3229 1808; x_wconf 88' lang='lat' dir='ltr'><strong>res</strong></span> <span class='ocrx_word' id='word_1_605' title='bbox 3256 1753 3431 1808; x_wconf 91' lang='lat' dir='ltr'><strong>minor</strong></span> <span class='ocrx_word' id='word_1_606' title='bbox 3454 1769 3518 1808; x_wconf 81' lang='lat' dir='ltr'><strong>es</strong></span> <span class='ocrx_word' id='word_1_607' title='bbox 3543 1754 3652 1808; x_wconf 90' lang='lat' dir='ltr'><strong>Deo</strong></span> <span class='ocrx_word' id='word_1_608' title='bbox 3673 1769 3769 1810; x_wconf 83' lang='lat' dir='ltr'><strong>no-</strong></span> 
     </span>
    </p>
   </div>
   <div class='ocr_carea' id='block_1_79' title="bbox 2189 1840 3770 1915">
    <p class='ocr_par' dir='ltr' id='par_1_79' title="bbox 2189 1840 3770 1915">
     <span class='ocr_line' id='line_1_80' title="bbox 2189 1840 3770 1915; baseline 0.004 -21"><span class='ocrx_word' id='word_1_609' title='bbox 2189 1840 2272 1895; x_wconf 90' lang='lat' dir='ltr'><strong>bis</strong></span> <span class='ocrx_word' id='word_1_610' title='bbox 2311 1850 2427 1908; x_wconf 91' lang='lat' dir='ltr'><strong>est,</strong></span> <span class='ocrx_word' id='word_1_611' title='bbox 2456 1850 2512 1896; x_wconf 89' lang='lat' dir='ltr'><strong>et</strong></span> <span class='ocrx_word' id='word_1_612' title='bbox 2550 1842 2721 1911; x_wconf 88' lang='lat' dir='ltr'><strong>major</strong></span> <span class='ocrx_word' id='word_1_613' title='bbox 2758 1857 2825 1897; x_wconf 85' lang='lat' dir='ltr'><strong>ex</strong></span> <span class='ocrx_word' id='word_1_614' title='bbox 2865 1842 3051 1898; x_wconf 80' lang='lat' dir='ltr'><strong>nobis?</strong></span> <span class='ocrx_word' id='word_1_615' title='bbox 3080 1843 3200 1915; x_wconf 88' lang='lat' dir='ltr'><strong>quia</strong></span> <span class='ocrx_word' id='word_1_616' title='bbox 3228 1844 3347 1899; x_wconf 87' lang='lat' dir='ltr'><strong>sine</strong></span> <span class='ocrx_word' id='word_1_617' title='bbox 3392 1840 3502 1899; x_wconf 86' lang='lat' dir='ltr'><strong>Deo</strong></span> <span class='ocrx_word' id='word_1_618' title='bbox 3537 1843 3770 1901; x_wconf 84' lang='lat' dir='ltr'><strong>donante</strong></span> 
     </span>
    </p>
   </div>
   <div class='ocr_carea' id='block_1_80' title="bbox 2191 1931 3770 2005">
    <p class='ocr_par' dir='ltr' id='par_1_80' title="bbox 2191 1931 3770 2005">
     <span class='ocr_line' id='line_1_81' title="bbox 2191 1931 3770 2005; baseline 0.003 -18"><span class='ocrx_word' id='word_1_619' title='bbox 2191 1932 2492 2000; x_wconf 88' lang='lat' dir='ltr'><strong>scientiam,</strong></span> <span class='ocrx_word' id='word_1_620' title='bbox 2520 1931 2620 1988; x_wconf 91' lang='lat' dir='ltr'><strong>hoc</strong></span> <span class='ocrx_word' id='word_1_621' title='bbox 2648 1940 2732 1988; x_wconf 90' lang='lat' dir='ltr'><strong>est</strong></span> <span class='ocrx_word' id='word_1_622' title='bbox 2753 1931 3000 2001; x_wconf 89' lang='lat' dir='ltr'><strong>docente,</strong></span> <span class='ocrx_word' id='word_1_623' title='bbox 3026 1949 3186 1989; x_wconf 89' lang='lat' dir='ltr'><strong>nosse</strong></span> <span class='ocrx_word' id='word_1_624' title='bbox 3208 1948 3310 1989; x_wconf 90' lang='lat' dir='ltr'><strong>non</strong></span> <span class='ocrx_word' id='word_1_625' title='bbox 3335 1946 3649 2005; x_wconf 84' lang='lat' dir='ltr'><strong>possumus;</strong></span> <span class='ocrx_word' id='word_1_626' title='bbox 3680 1934 3770 1991; x_wconf 91' lang='lat' dir='ltr'><strong>illo</strong></span> 
     </span>
    </p>
   </div>
   <div class='ocr_carea' id='block_1_81' title="bbox 2190 2023 3765 2095">
    <p class='ocr_par' dir='ltr' id='par_1_81' title="bbox 2190 2023 3765 2095">
     <span class='ocr_line' id='line_1_82' title="bbox 2190 2023 3765 2095; baseline 0 -16"><span class='ocrx_word' id='word_1_627' title='bbox 2190 2033 2367 2080; x_wconf 91' lang='lat' dir='ltr'><strong>autem</strong></span> <span class='ocrx_word' id='word_1_628' title='bbox 2398 2023 2710 2079; x_wconf 89' lang='lat' dir='ltr'><strong>charitatem</strong></span> <span class='ocrx_word' id='word_1_629' title='bbox 2737 2040 2856 2093; x_wconf 71' lang='lat' dir='ltr'><strong>quae</strong></span> <span class='ocrx_word' id='word_1_630' title='bbox 2882 2026 3242 2095; x_wconf 89' lang='lat' dir='ltr'><strong>supereminet</strong></span> <span class='ocrx_word' id='word_1_631' title='bbox 3267 2025 3505 2080; x_wconf 66' lang='lat' dir='ltr'><strong>scientiae</strong></span> <span class='ocrx_word' id='word_1_632' title='bbox 3530 2025 3550 2094; x_wconf 96' lang='lat'><strong>(</strong></span> <span class='ocrx_word' id='word_1_633' title='bbox 3572 2025 3765 2093; x_wconf 87' lang='lat' dir='ltr'><strong>Ephes.</strong></span> 
     </span>
    </p>
   </div>
   <div class='ocr_carea' id='block_1_82' title="bbox 2194 2112 3774 2185">
    <p class='ocr_par' dir='ltr' id='par_1_82' title="bbox 2194 2112 3774 2185">
     <span class='ocr_line' id='line_1_83' title="bbox 2194 2112 3774 2185; baseline 0.003 -18"><span class='ocrx_word' id='word_1_634' title='bbox 2194 2127 2276 2179; x_wconf 88' lang='grc' dir='ltr'>ιιι,</span> <span class='ocrx_word' id='word_1_635' title='bbox 2303 2112 2416 2182; x_wconf 78' lang='lat' dir='ltr'><strong>i9),</strong></span> <span class='ocrx_word' id='word_1_636' title='bbox 2450 2127 2556 2167; x_wconf 92' lang='lat' dir='ltr'><strong>non</strong></span> <span class='ocrx_word' id='word_1_637' title='bbox 2582 2112 2832 2179; x_wconf 88' lang='lat' dir='ltr'><strong>donante,</strong></span> <span class='ocrx_word' id='word_1_638' title='bbox 2855 2112 3080 2185; x_wconf 90' lang='lat' dir='ltr'><strong>diligere</strong></span> <span class='ocrx_word' id='word_1_639' title='bbox 3112 2130 3413 2184; x_wconf 89' lang='lat' dir='ltr'><strong>possumus.</strong></span> <span class='ocrx_word' id='word_1_640' title='bbox 3444 2114 3531 2171; x_wconf 85' lang='lat' dir='ltr'><strong>Sic</strong></span> <span class='ocrx_word' id='word_1_641' title='bbox 3557 2130 3664 2171; x_wconf 89' lang='lat' dir='ltr'><strong>non</strong></span> <span class='ocrx_word' id='word_1_642' title='bbox 3688 2131 3774 2171; x_wconf 78' lang='lat' dir='ltr'><strong>sa-</strong></span> 
     </span>
    </p>
   </div>
   <div class='ocr_carea' id='block_1_83' title="bbox 2193 2203 3745 2279">
    <p class='ocr_par' dir='ltr' id='par_1_83' title="bbox 2193 2203 3745 2279">
     <span class='ocr_line' id='line_1_84' title="bbox 2193 2203 3745 2279; baseline 0.003 -22"><span class='ocrx_word' id='word_1_643' title='bbox 2193 2204 2364 2275; x_wconf 88' lang='lat' dir='ltr'><strong>piunt,</strong></span> <span class='ocrx_word' id='word_1_644' title='bbox 2392 2203 2495 2258; x_wconf 90' lang='lat' dir='ltr'><strong>nisi</strong></span> <span class='ocrx_word' id='word_1_645' title='bbox 2518 2204 2639 2259; x_wconf 91' lang='lat' dir='ltr'><strong>novi</strong></span> <span class='ocrx_word' id='word_1_646' title='bbox 2665 2203 2901 2261; x_wconf 59' lang='lat' dir='ltr'><strong>heretici</strong></span> <span class='ocrx_word' id='word_1_647' title='bbox 2924 2216 2976 2261; x_wconf 91' lang='lat' dir='ltr'><strong>et</strong></span> <span class='ocrx_word' id='word_1_648' title='bbox 3002 2207 3186 2279; x_wconf 79' lang='lat' dir='ltr'><strong>gratia:</strong></span> <span class='ocrx_word' id='word_1_649' title='bbox 3212 2206 3303 2261; x_wconf 82' lang='lat' dir='ltr'><strong>Dei</strong></span> <span class='ocrx_word' id='word_1_650' title='bbox 3336 2207 3495 2265; x_wconf 86' lang='lat' dir='ltr'><strong>nimis</strong></span> <span class='ocrx_word' id='word_1_651' title='bbox 3519 2207 3745 2266; x_wconf 86' lang='lat' dir='ltr'><strong>inimici.</strong></span> 
     </span>
    </p>
   </div>
   <div class='ocr_carea' id='block_1_84' title="bbox 2266 2293 3770 2366">
    <p class='ocr_par' dir='ltr' id='par_1_84' title="bbox 2266 2293 3770 2366">
     <span class='ocr_line' id='line_1_85' title="bbox 2266 2293 3770 2366; baseline 0.002 -17"><span class='ocrx_word' id='word_1_652' title='bbox 2266 2293 2451 2349; x_wconf 80' lang='lat' dir='ltr'><strong>XCVI.</strong></span> <span class='ocrx_word' id='word_1_653' title='bbox 2491 2294 2607 2349; x_wconf 67' lang='lat' dir='ltr'><strong>Jun.</strong></span> <span class='ocrx_word' id='word_1_654' title='bbox 2653 2294 2762 2349; x_wconf 88' lang='lat' dir='ltr'><strong>lloc</strong></span> <span class='ocrx_word' id='word_1_655' title='bbox 2788 2310 2915 2365; x_wconf 82' lang='lat' dir='ltr'><strong>ergo</strong></span> <span class='ocrx_word' id='word_1_656' title='bbox 2947 2294 3221 2352; x_wconf 88' lang='lat' dir='ltr'><strong>arbitrium</strong></span> <span class='ocrx_word' id='word_1_657' title='bbox 3263 2296 3486 2351; x_wconf 89' lang='lat' dir='ltr'><strong>liberum</strong></span> <span class='ocrx_word' id='word_1_658' title='bbox 3506 2337 3522 2361; x_wconf 87' lang='lat'><strong>,</strong></span> <span class='ocrx_word' id='word_1_659' title='bbox 3552 2306 3770 2366; x_wconf 89' lang='lat' dir='ltr'><strong>propter</strong></span> 
     </span>
    </p>
   </div>
   <div class='ocr_carea' id='block_1_85' title="bbox 2195 2382 3778 2456">
    <p class='ocr_par' dir='ltr' id='par_1_85' title="bbox 2195 2382 3778 2456">
     <span class='ocr_line' id='line_1_86' title="bbox 2195 2382 3778 2456; baseline 0.003 -18"><span class='ocrx_word' id='word_1_660' title='bbox 2195 2383 2338 2456; x_wconf 85' lang='lat' dir='ltr'><strong>quod</strong></span> <span class='ocrx_word' id='word_1_661' title='bbox 2364 2383 2535 2438; x_wconf 90' lang='lat' dir='ltr'><strong>solum</strong></span> <span class='ocrx_word' id='word_1_662' title='bbox 2558 2399 2655 2439; x_wconf 87' lang='lat' dir='ltr'><strong>nos</strong></span> <span class='ocrx_word' id='word_1_663' title='bbox 2678 2382 3005 2441; x_wconf 84' lang='lat' dir='ltr'><strong>manifestari</strong></span> <span class='ocrx_word' id='word_1_664' title='bbox 3029 2395 3155 2442; x_wconf 91' lang='lat' dir='ltr'><strong>ante</strong></span> <span class='ocrx_word' id='word_1_665' title='bbox 3179 2387 3404 2442; x_wconf 88' lang='lat' dir='ltr'><strong>tribunal</strong></span> <span class='ocrx_word' id='word_1_666' title='bbox 3430 2386 3650 2453; x_wconf 78' lang='lat' dir='ltr'><strong>Christi,</strong></span> <span class='ocrx_word' id='word_1_667' title='bbox 3667 2387 3778 2443; x_wconf 73' lang='lat' dir='ltr'><strong>Ma-</strong></span> 
     </span>
    </p>
   </div>
   <div class='ocr_carea' id='block_1_86' title="bbox 2197 2472 3776 2548">
    <p class='ocr_par' dir='ltr' id='par_1_86' title="bbox 2197 2472 3776 2548">
     <span class='ocr_line' id='line_1_87' title="bbox 2197 2472 3776 2548; baseline 0.003 -21"><span class='ocrx_word' id='word_1_668' title='bbox 2197 2475 2360 2546; x_wconf 81' lang='lat' dir='ltr'><strong>gister</strong></span> <span class='ocrx_word' id='word_1_669' title='bbox 2386 2472 2637 2531; x_wconf 88' lang='lat' dir='ltr'><strong>Gentium</strong></span> <span class='ocrx_word' id='word_1_670' title='bbox 2665 2475 2874 2541; x_wconf 89' lang='lat' dir='ltr'><strong>scribit,</strong></span> <span class='ocrx_word' id='word_1_671' title='bbox 2909 2485 2967 2531; x_wconf 93' lang='lat' dir='ltr'><strong>ut</strong></span> <span class='ocrx_word' id='word_1_672' title='bbox 2991 2484 3228 2547; x_wconf 86' lang='lat' dir='ltr'><strong>reportet</strong></span> <span class='ocrx_word' id='word_1_673' title='bbox 3252 2476 3621 2548; x_wconf 86' lang='lat' dir='ltr'><strong>unusquisque</strong></span> <span class='ocrx_word' id='word_1_674' title='bbox 3648 2493 3776 2548; x_wconf 79' lang='lat' dir='ltr'><strong>pro-</strong></span> 
     </span>
    </p>
   </div>
   <div class='ocr_carea' id='block_1_87' title="bbox 2200 2566 3779 2638">
    <p class='ocr_par' dir='ltr' id='par_1_87' title="bbox 2200 2566 3779 2638">
     <span class='ocr_line' id='line_1_88' title="bbox 2200 2566 3779 2638; baseline 0.003 -18"><span class='ocrx_word' id='word_1_675' title='bbox 2200 2566 2312 2637; x_wconf 89' lang='lat' dir='ltr'><strong>pria</strong></span> <span class='ocrx_word' id='word_1_676' title='bbox 2338 2566 2597 2636; x_wconf 85' lang='lat' dir='ltr'><strong>corporis,</strong></span> <span class='ocrx_word' id='word_1_677' title='bbox 2621 2574 2780 2636; x_wconf 88' lang='lat' dir='ltr'><strong>prout</strong></span> <span class='ocrx_word' id='word_1_678' title='bbox 2803 2568 3001 2638; x_wconf 89' lang='lat' dir='ltr'><strong>gessit,</strong></span> <span class='ocrx_word' id='word_1_679' title='bbox 3033 2569 3146 2623; x_wconf 90' lang='lat' dir='ltr'><strong>sive</strong></span> <span class='ocrx_word' id='word_1_680' title='bbox 3169 2568 3365 2624; x_wconf 92' lang='lat' dir='ltr'><strong>bonum</strong></span> <span class='ocrx_word' id='word_1_681' title='bbox 3389 2611 3404 2636; x_wconf 89' lang='lat'><strong>,</strong></span> <span class='ocrx_word' id='word_1_682' title='bbox 3432 2569 3546 2624; x_wconf 85' lang='lat' dir='ltr'><strong>sive</strong></span> <span class='ocrx_word' id='word_1_683' title='bbox 3579 2570 3779 2625; x_wconf 89' lang='lat' dir='ltr'><strong>malum</strong></span> 
     </span>
    </p>
   </div>
   <div class='ocr_carea' id='block_1_88' title="bbox 2201 2655 3777 2730">
    <p class='ocr_par' dir='ltr' id='par_1_88' title="bbox 2201 2655 3777 2730">
     <span class='ocr_line' id='line_1_89' title="bbox 2201 2655 3777 2730; baseline 0.002 -19"><span class='ocrx_word' id='word_1_684' title='bbox 2201 2655 2275 2728; x_wconf 86' lang='lat' dir='ltr'><strong>(ll</strong></span> <span class='ocrx_word' id='word_1_685' title='bbox 2300 2655 2418 2711; x_wconf 87' lang='lat' dir='ltr'><strong>Cor.</strong></span> <span class='ocrx_word' id='word_1_686' title='bbox 2449 2673 2501 2722; x_wconf 90' lang='lat' dir='ltr'><strong>v,</strong></span> <span class='ocrx_word' id='word_1_687' title='bbox 2530 2656 2622 2729; x_wconf 80' lang='grc'><strong>10)</strong></span> <span class='ocrx_word' id='word_1_688' title='bbox 2642 2698 2657 2723; x_wconf 91' lang='grc'><em>,</em></span> <span class='ocrx_word' id='word_1_689' title='bbox 2684 2657 2821 2712; x_wconf 89' lang='lat' dir='ltr'><strong>sicut</strong></span> <span class='ocrx_word' id='word_1_690' title='bbox 2847 2657 3103 2713; x_wconf 86' lang='lat' dir='ltr'><strong>Catholici</strong></span> <span class='ocrx_word' id='word_1_691' title='bbox 3131 2659 3344 2730; x_wconf 88' lang='lat' dir='ltr'><strong>quidem</strong></span> <span class='ocrx_word' id='word_1_692' title='bbox 3370 2660 3692 2714; x_wconf 86' lang='lat' dir='ltr'><strong>confitentur</strong></span> <span class='ocrx_word' id='word_1_693' title='bbox 3720 2662 3777 2724; x_wconf 78' lang='grc' dir='ltr'><strong>’ς</strong></span> 
     </span>
    </p>
   </div>
   <div class='ocr_carea' id='block_1_89' title="bbox 2200 2747 3780 2813">
    <p class='ocr_par' dir='ltr' id='par_1_89' title="bbox 2200 2747 3780 2813">
     <span class='ocr_line' id='line_1_90' title="bbox 2200 2747 3780 2813; baseline 0.004 -13"><span class='ocrx_word' id='word_1_694' title='bbox 2200 2747 2274 2802; x_wconf 88' lang='lat' dir='ltr'><strong>ita</strong></span> <span class='ocrx_word' id='word_1_695' title='bbox 2298 2762 2396 2803; x_wconf 90' lang='lat' dir='ltr'><strong>vos</strong></span> <span class='ocrx_word' id='word_1_696' title='bbox 2427 2761 2533 2803; x_wconf 90' lang='lat' dir='ltr'><strong>non</strong></span> <span class='ocrx_word' id='word_1_697' title='bbox 2562 2747 2733 2803; x_wconf 92' lang='lat' dir='ltr'><strong>solum</strong></span> <span class='ocrx_word' id='word_1_698' title='bbox 2773 2763 2893 2802; x_wconf 90' lang='lat' dir='ltr'><strong>cum</strong></span> <span class='ocrx_word' id='word_1_699' title='bbox 2937 2749 3228 2808; x_wconf 59' lang='lat' dir='ltr'><strong>Manichaee</strong></span> <span class='ocrx_word' id='word_1_700' title='bbox 3249 2749 3290 2813; x_wconf 87' lang='grc'><em>³,</em></span> <span class='ocrx_word' id='word_1_701' title='bbox 3319 2750 3413 2805; x_wconf 88' lang='lat' dir='ltr'><strong>sed</strong></span> <span class='ocrx_word' id='word_1_702' title='bbox 3455 2751 3611 2804; x_wconf 90' lang='lat' dir='ltr'><strong>etiam</strong></span> <span class='ocrx_word' id='word_1_703' title='bbox 3654 2765 3780 2806; x_wconf 88' lang='lat' dir='ltr'><strong>cum</strong></span> 
     </span>
    </p>
   </div>
   <div class='ocr_carea' id='block_1_90' title="bbox 2202 2835 3783 2911">
    <p class='ocr_par' dir='ltr' id='par_1_90' title="bbox 2202 2835 3783 2911">
     <span class='ocr_line' id='line_1_91' title="bbox 2202 2835 3783 2911; baseline 0.001 -18"><span class='ocrx_word' id='word_1_704' title='bbox 2202 2835 2502 2907; x_wconf 81' lang='lat' dir='ltr'><strong>Joviniano,</strong></span> <span class='ocrx_word' id='word_1_705' title='bbox 2523 2853 2682 2909; x_wconf 89' lang='lat' dir='ltr'><strong>quem</strong></span> <span class='ocrx_word' id='word_1_706' title='bbox 2714 2838 2867 2894; x_wconf 88' lang='lat' dir='ltr'><strong>nobis</strong></span> <span class='ocrx_word' id='word_1_707' title='bbox 2892 2839 3057 2894; x_wconf 86' lang='lat' dir='ltr'><strong>audes</strong></span> <span class='ocrx_word' id='word_1_708' title='bbox 3085 2839 3397 2911; x_wconf 83' lang='lat' dir='ltr'><strong>impingere,</strong></span> <span class='ocrx_word' id='word_1_709' title='bbox 3424 2840 3642 2895; x_wconf 88' lang='lat' dir='ltr'><strong>diverso</strong></span> <span class='ocrx_word' id='word_1_710' title='bbox 3665 2841 3783 2911; x_wconf 88' lang='lat' dir='ltr'><strong>qui-</strong></span> 
     </span>
    </p>
   </div>
   <div class='ocr_carea' id='block_1_91' title="bbox 2204 2929 3779 3001">
    <p class='ocr_par' dir='ltr' id='par_1_91' title="bbox 2204 2929 3779 3001">
     <span class='ocr_line' id='line_1_92' title="bbox 2204 2929 3779 3001; baseline 0.001 -16"><span class='ocrx_word' id='word_1_711' title='bbox 2204 2929 2326 2986; x_wconf 90' lang='lat' dir='ltr'><strong>dem</strong></span> <span class='ocrx_word' id='word_1_712' title='bbox 2349 2945 2565 3001; x_wconf 90' lang='lat' dir='ltr'><strong>genere,</strong></span> <span class='ocrx_word' id='word_1_713' title='bbox 2597 2929 2691 2985; x_wconf 90' lang='lat' dir='ltr'><strong>sed</strong></span> <span class='ocrx_word' id='word_1_714' title='bbox 2718 2929 2987 3001; x_wconf 91' lang='lat' dir='ltr'><strong>impietate</strong></span> <span class='ocrx_word' id='word_1_715' title='bbox 3013 2931 3175 2985; x_wconf 91' lang='lat' dir='ltr'><strong>simili</strong></span> <span class='ocrx_word' id='word_1_716' title='bbox 3205 2930 3500 3001; x_wconf 83' lang='lat' dir='ltr'><strong>denegatis.</strong></span> <span class='ocrx_word' id='word_1_717' title='bbox 3539 2931 3691 2998; x_wconf 87' lang='lat' dir='ltr'><strong>Quod</strong></span> <span class='ocrx_word' id='word_1_718' title='bbox 3722 2939 3779 2987; x_wconf 83' lang='lat' dir='ltr'><strong>ut</strong></span> 
     </span>
    </p>
   </div>
   <div class='ocr_carea' id='block_1_92' title="bbox 2205 3020 3782 3093">
    <p class='ocr_par' dir='ltr' id='par_1_92' title="bbox 2205 3020 3782 3093">
     <span class='ocr_line' id='line_1_93' title="bbox 2205 3020 3782 3093; baseline 0.001 -19"><span class='ocrx_word' id='word_1_719' title='bbox 2205 3020 2414 3091; x_wconf 83' lang='lat' dir='ltr'><strong>planius</strong></span> <span class='ocrx_word' id='word_1_720' title='bbox 2443 3021 2568 3089; x_wconf 85' lang='lat' dir='ltr'><strong>fiat,</strong></span> <span class='ocrx_word' id='word_1_721' title='bbox 2597 3021 2916 3076; x_wconf 88' lang='lat' dir='ltr'><strong>divisionum</strong></span> <span class='ocrx_word' id='word_1_722' title='bbox 2943 3022 3259 3093; x_wconf 81' lang='lat' dir='ltr'><strong>adhibeatur</strong></span> <span class='ocrx_word' id='word_1_723' title='bbox 3285 3038 3530 3079; x_wconf 81' lang='lat' dir='ltr'><strong>examen.</strong></span> <span class='ocrx_word' id='word_1_724' title='bbox 3566 3022 3672 3077; x_wconf 89' lang='lat' dir='ltr'><strong>Nos</strong></span> <span class='ocrx_word' id='word_1_725' title='bbox 3696 3022 3782 3077; x_wconf 82' lang='lat' dir='ltr'><strong>di-</strong></span> 
     </span>
    </p>
   </div>
   <div class='ocr_carea' id='block_1_93' title="bbox 2206 3112 3779 3184">
    <p class='ocr_par' dir='ltr' id='par_1_93' title="bbox 2206 3112 3779 3184">
     <span class='ocr_line' id='line_1_94' title="bbox 2206 3112 3779 3184; baseline 0 -16"><span class='ocrx_word' id='word_1_726' title='bbox 2206 3113 2379 3168; x_wconf 88' lang='lat' dir='ltr'><strong>cimus</strong></span> <span class='ocrx_word' id='word_1_727' title='bbox 2413 3121 2631 3184; x_wconf 86' lang='lat' dir='ltr'><strong>peccato</strong></span> <span class='ocrx_word' id='word_1_728' title='bbox 2657 3112 2925 3181; x_wconf 89' lang='lat' dir='ltr'><strong>hominis,</strong></span> <span class='ocrx_word' id='word_1_729' title='bbox 2955 3129 3061 3168; x_wconf 92' lang='lat' dir='ltr'><strong>non</strong></span> <span class='ocrx_word' id='word_1_730' title='bbox 3098 3123 3300 3168; x_wconf 84' lang='lat' dir='ltr'><strong>naturae</strong></span> <span class='ocrx_word' id='word_1_731' title='bbox 3329 3122 3520 3169; x_wconf 88' lang='lat' dir='ltr'><strong>statum</strong></span> <span class='ocrx_word' id='word_1_732' title='bbox 3556 3115 3779 3181; x_wconf 88' lang='lat' dir='ltr'><strong>mutari,</strong></span> 
     </span>
    </p>
   </div>
   <div class='ocr_carea' id='block_1_94' title="bbox 2207 3203 3781 3279">
    <p class='ocr_par' dir='ltr' id='par_1_94' title="bbox 2207 3203 3781 3279">
     <span class='ocr_line' id='line_1_95' title="bbox 2207 3203 3781 3279; baseline 0.001 -20"><span class='ocrx_word' id='word_1_733' title='bbox 2207 3203 2301 3259; x_wconf 90' lang='lat' dir='ltr'><strong>sed</strong></span> <span class='ocrx_word' id='word_1_734' title='bbox 2322 3204 2497 3259; x_wconf 90' lang='lat' dir='ltr'><strong>meriti</strong></span> <span class='ocrx_word' id='word_1_735' title='bbox 2517 3205 2851 3274; x_wconf 91' lang='lat' dir='ltr'><strong>qualitatem;</strong></span> <span class='ocrx_word' id='word_1_736' title='bbox 2874 3203 2926 3259; x_wconf 92' lang='lat' dir='ltr'><strong>id</strong></span> <span class='ocrx_word' id='word_1_737' title='bbox 2947 3215 3050 3271; x_wconf 85' lang='lat' dir='ltr'><strong>est,</strong></span> <span class='ocrx_word' id='word_1_738' title='bbox 3071 3213 3124 3260; x_wconf 89' lang='lat' dir='ltr'><strong>et</strong></span> <span class='ocrx_word' id='word_1_739' title='bbox 3150 3205 3201 3258; x_wconf 85' lang='lat' dir='ltr'><strong>in</strong></span> <span class='ocrx_word' id='word_1_740' title='bbox 3228 3215 3481 3279; x_wconf 88' lang='lat' dir='ltr'><strong>peccante</strong></span> <span class='ocrx_word' id='word_1_741' title='bbox 3505 3204 3641 3262; x_wconf 90' lang='lat' dir='ltr'><strong>hanc</strong></span> <span class='ocrx_word' id='word_1_742' title='bbox 3661 3220 3781 3260; x_wconf 91' lang='lat' dir='ltr'><strong>esse</strong></span> 
     </span>
    </p>
   </div>
   <div class='ocr_carea' id='block_1_95' title="bbox 2208 3295 3781 3367">
    <p class='ocr_par' dir='ltr' id='par_1_95' title="bbox 2208 3295 3781 3367">
     <span class='ocr_line' id='line_1_96' title="bbox 2208 3295 3781 3367; baseline 0.003 -17"><span class='ocrx_word' id='word_1_743' title='bbox 2208 3295 2364 3353; x_wconf 85' lang='lat' dir='ltr'><strong>liberi</strong></span> <span class='ocrx_word' id='word_1_744' title='bbox 2404 3295 2608 3351; x_wconf 92' lang='lat' dir='ltr'><strong>arbitrii</strong></span> <span class='ocrx_word' id='word_1_745' title='bbox 2645 3305 2923 3364; x_wconf 88' lang='lat' dir='ltr'><strong>naturam,</strong></span> <span class='ocrx_word' id='word_1_746' title='bbox 2953 3312 3050 3367; x_wconf 89' lang='lat' dir='ltr'><strong>per</strong></span> <span class='ocrx_word' id='word_1_747' title='bbox 3082 3311 3237 3366; x_wconf 88' lang='lat' dir='ltr'><strong>quam</strong></span> <span class='ocrx_word' id='word_1_748' title='bbox 3283 3304 3456 3365; x_wconf 88' lang='lat' dir='ltr'><strong>potest</strong></span> <span class='ocrx_word' id='word_1_749' title='bbox 3492 3312 3524 3351; x_wconf 87' lang='lat' dir='ltr'><strong>a</strong></span> <span class='ocrx_word' id='word_1_750' title='bbox 3567 3305 3781 3367; x_wconf 79' lang='lat' dir='ltr'><strong>peccato</strong></span> 
     </span>
    </p>
   </div>
   <div class='ocr_carea' id='block_1_96' title="bbox 2208 3386 3739 3458">
    <p class='ocr_par' dir='ltr' id='par_1_96' title="bbox 2208 3386 3739 3458">
     <span class='ocr_line' id='line_1_97' title="bbox 2208 3386 3739 3458; baseline -0.002 -16"><span class='ocrx_word' id='word_1_751' title='bbox 2208 3386 2476 3450; x_wconf 86' lang='lat' dir='ltr'><strong>desinere,</strong></span> <span class='ocrx_word' id='word_1_752' title='bbox 2501 3402 2619 3458; x_wconf 74' lang='lat' dir='ltr'><strong>qua:</strong></span> <span class='ocrx_word' id='word_1_753' title='bbox 2639 3386 2737 3442; x_wconf 82' lang='lat' dir='ltr'><strong>fuit</strong></span> <span class='ocrx_word' id='word_1_754' title='bbox 2762 3388 2812 3441; x_wconf 91' lang='lat' dir='ltr'><strong>in</strong></span> <span class='ocrx_word' id='word_1_755' title='bbox 2842 3401 2909 3442; x_wconf 88' lang='lat' dir='ltr'><strong>eo</strong></span> <span class='ocrx_word' id='word_1_756' title='bbox 2938 3395 2993 3441; x_wconf 92' lang='lat' dir='ltr'><strong>ut</strong></span> <span class='ocrx_word' id='word_1_757' title='bbox 3022 3397 3205 3455; x_wconf 85' lang='lat' dir='ltr'><strong>posset</strong></span> <span class='ocrx_word' id='word_1_758' title='bbox 3228 3403 3257 3440; x_wconf 91' lang='lat' dir='ltr'><strong>a</strong></span> <span class='ocrx_word' id='word_1_759' title='bbox 3280 3386 3482 3455; x_wconf 87' lang='lat' dir='ltr'><strong>justitia</strong></span> <span class='ocrx_word' id='word_1_760' title='bbox 3509 3386 3739 3442; x_wconf 90' lang='lat' dir='ltr'><strong>deviare.</strong></span> 
     </span>
    </p>
   </div>
   <div class='ocr_carea' id='block_1_97' title="bbox 2279 3474 3784 3548">
    <p class='ocr_par' dir='ltr' id='par_1_97' title="bbox 2279 3474 3784 3548">
     <span class='ocr_line' id='line_1_98' title="bbox 2279 3474 3784 3548; baseline -0.002 -15"><span class='ocrx_word' id='word_1_761' title='bbox 2279 3478 2418 3535; x_wconf 77' lang='lat' dir='ltr'><strong>Anc.</strong></span> <span class='ocrx_word' id='word_1_762' title='bbox 2451 3474 2661 3533; x_wconf 90' lang='lat' dir='ltr'><strong>Scimus</strong></span> <span class='ocrx_word' id='word_1_763' title='bbox 2689 3491 2784 3533; x_wconf 91' lang='lat' dir='ltr'><strong>vos</strong></span> <span class='ocrx_word' id='word_1_764' title='bbox 2811 3478 2932 3534; x_wconf 89' lang='lat' dir='ltr'><strong>ideo</strong></span> <span class='ocrx_word' id='word_1_765' title='bbox 2957 3477 3154 3543; x_wconf 82' lang='lat' dir='ltr'><strong>dicere,</strong></span> <span class='ocrx_word' id='word_1_766' title='bbox 3187 3490 3405 3548; x_wconf 85' lang='lat' dir='ltr'><strong>peccato</strong></span> <span class='ocrx_word' id='word_1_767' title='bbox 3434 3478 3666 3532; x_wconf 90' lang='lat' dir='ltr'><strong>hominis</strong></span> <span class='ocrx_word' id='word_1_768' title='bbox 3690 3494 3784 3531; x_wconf 80' lang='lat' dir='ltr'><strong>na-</strong></span> 
     </span>
    </p>
   </div>
   <div class='ocr_carea' id='block_1_98' title="bbox 2210 3569 3789 3640">
    <p class='ocr_par' dir='ltr' id='par_1_98' title="bbox 2210 3569 3789 3640">
     <span class='ocr_line' id='line_1_99' title="bbox 2210 3569 3789 3640; baseline -0.002 -14"><span class='ocrx_word' id='word_1_769' title='bbox 2210 3578 2342 3626; x_wconf 76' lang='lat' dir='ltr'><strong>tura:</strong></span> <span class='ocrx_word' id='word_1_770' title='bbox 2363 3580 2556 3627; x_wconf 81' lang='lat' dir='ltr'><strong>statum</strong></span> <span class='ocrx_word' id='word_1_771' title='bbox 2585 3587 2688 3626; x_wconf 91' lang='lat' dir='ltr'><strong>non</strong></span> <span class='ocrx_word' id='word_1_772' title='bbox 2710 3570 2923 3637; x_wconf 89' lang='lat' dir='ltr'><strong>mutari,</strong></span> <span class='ocrx_word' id='word_1_773' title='bbox 2946 3571 3070 3640; x_wconf 89' lang='lat' dir='ltr'><strong>quia</strong></span> <span class='ocrx_word' id='word_1_774' title='bbox 3093 3569 3406 3625; x_wconf 87' lang='lat' dir='ltr'><strong>deseruistis</strong></span> <span class='ocrx_word' id='word_1_775' title='bbox 3429 3570 3584 3625; x_wconf 91' lang='lat' dir='ltr'><strong>fidem</strong></span> <span class='ocrx_word' id='word_1_776' title='bbox 3606 3569 3789 3624; x_wconf 81' lang='lat' dir='ltr'><strong>catho-</strong></span> 
     </span>
    </p>
   </div>
   <div class='ocr_carea' id='block_1_99' title="bbox 2211 3660 3788 3736">
    <p class='ocr_par' dir='ltr' id='par_1_99' title="bbox 2211 3660 3788 3736">
     <span class='ocr_line' id='line_1_100' title="bbox 2211 3660 3788 3736; baseline -0.001 -21"><span class='ocrx_word' id='word_1_777' title='bbox 2211 3660 2392 3727; x_wconf 86' lang='lat' dir='ltr'><strong>licam,</strong></span> <span class='ocrx_word' id='word_1_778' title='bbox 2416 3677 2533 3731; x_wconf 70' lang='lat' dir='ltr'><strong>qua:</strong></span> <span class='ocrx_word' id='word_1_779' title='bbox 2553 3660 2681 3716; x_wconf 89' lang='lat' dir='ltr'><strong>dicit</strong></span> <span class='ocrx_word' id='word_1_780' title='bbox 2703 3661 2925 3736; x_wconf 86' lang='lat' dir='ltr'><strong>primum</strong></span> <span class='ocrx_word' id='word_1_781' title='bbox 2958 3661 3226 3715; x_wconf 89' lang='lat' dir='ltr'><strong>hominem</strong></span> <span class='ocrx_word' id='word_1_782' title='bbox 3259 3661 3338 3715; x_wconf 92' lang='lat' dir='ltr'><strong>sic</strong></span> <span class='ocrx_word' id='word_1_783' title='bbox 3368 3660 3583 3724; x_wconf 79' lang='lat' dir='ltr'><strong>factum,</strong></span> <span class='ocrx_word' id='word_1_784' title='bbox 3605 3670 3788 3714; x_wconf 90' lang='lat' dir='ltr'><strong>utnon</strong></span> 
     </span>
    </p>
   </div>
   <div class='ocr_carea' id='block_1_100' title="bbox 2212 3749 3790 3825">
    <p class='ocr_par' dir='ltr' id='par_1_100' title="bbox 2212 3749 3790 3825">
     <span class='ocr_line' id='line_1_101' title="bbox 2212 3749 3790 3825; baseline -0.003 -18"><span class='ocrx_word' id='word_1_785' title='bbox 2212 3751 2434 3807; x_wconf 88' lang='lat' dir='ltr'><strong>haberet</strong></span> <span class='ocrx_word' id='word_1_786' title='bbox 2473 3750 2729 3806; x_wconf 91' lang='lat' dir='ltr'><strong>moriendi</strong></span> <span class='ocrx_word' id='word_1_787' title='bbox 2777 3751 3179 3816; x_wconf 90' lang='lat' dir='ltr'><strong>necessitatem;</strong></span> <span class='ocrx_word' id='word_1_788' title='bbox 3228 3759 3445 3821; x_wconf 82' lang='lat' dir='ltr'><strong>peccato</strong></span> <span class='ocrx_word' id='word_1_789' title='bbox 3497 3760 3673 3805; x_wconf 78' lang='lat' dir='ltr'><strong>autem</strong></span> <span class='ocrx_word' id='word_1_790' title='bbox 3718 3749 3790 3825; x_wconf 84' lang='lat' dir='ltr'><strong>ita</strong></span> 
     </span>
    </p>
   </div>
   <div class='ocr_carea' id='block_1_101' title="bbox 2213 3841 3795 3907">
    <p class='ocr_par' dir='ltr' id='par_1_101' title="bbox 2213 3841 3795 3907">
     <span class='ocr_line' id='line_1_102' title="bbox 2213 3841 3795 3907; baseline 0 -11"><span class='ocrx_word' id='word_1_791' title='bbox 2213 3841 2353 3897; x_wconf 90' lang='lat' dir='ltr'><strong>hunc</strong></span> <span class='ocrx_word' id='word_1_792' title='bbox 2378 3852 2570 3896; x_wconf 91' lang='lat' dir='ltr'><strong>statum</strong></span> <span class='ocrx_word' id='word_1_793' title='bbox 2600 3850 2800 3897; x_wconf 64' lang='lat' dir='ltr'><strong>naturae</strong></span> <span class='ocrx_word' id='word_1_794' title='bbox 2827 3841 2990 3897; x_wconf 77' lang='lat' dir='ltr'><strong>fuisse</strong></span> <span class='ocrx_word' id='word_1_795' title='bbox 3017 3851 3296 3907; x_wconf 89' lang='lat' dir='ltr'><strong>mutatum,</strong></span> <span class='ocrx_word' id='word_1_796' title='bbox 3324 3851 3377 3895; x_wconf 94' lang='lat' dir='ltr'><strong>ut</strong></span> <span class='ocrx_word' id='word_1_797' title='bbox 3398 3842 3668 3895; x_wconf 87' lang='lat' dir='ltr'><strong>hominem</strong></span> <span class='ocrx_word' id='word_1_798' title='bbox 3692 3857 3795 3896; x_wconf 84' lang='lat' dir='ltr'><strong>ne-</strong></span> 
     </span>
    </p>
   </div>
   <div class='ocr_carea' id='block_1_102' title="bbox 2213 3932 3800 4003">
    <p class='ocr_par' dir='ltr' id='par_1_102' title="bbox 2213 3932 3800 4003">
     <span class='ocr_line' id='line_1_103' title="bbox 2213 3932 3800 4003; baseline -0.003 -13"><span class='ocrx_word' id='word_1_799' title='bbox 2213 3948 2366 3990; x_wconf 90' lang='lat' dir='ltr'><strong>cesse</strong></span> <span class='ocrx_word' id='word_1_800' title='bbox 2390 3934 2459 3988; x_wconf 92' lang='lat' dir='ltr'><strong>sit</strong></span> <span class='ocrx_word' id='word_1_801' title='bbox 2485 3933 2641 4001; x_wconf 89' lang='lat' dir='ltr'><strong>mori,</strong></span> <span class='ocrx_word' id='word_1_802' title='bbox 2665 3948 2830 4003; x_wconf 84' lang='lat' dir='ltr'><strong>usque</strong></span> <span class='ocrx_word' id='word_1_803' title='bbox 2855 3933 2989 3989; x_wconf 91' lang='lat' dir='ltr'><strong>adeo</strong></span> <span class='ocrx_word' id='word_1_804' title='bbox 3017 3941 3073 3987; x_wconf 94' lang='lat' dir='ltr'><strong>ut</strong></span> <span class='ocrx_word' id='word_1_805' title='bbox 3099 3934 3258 3986; x_wconf 89' lang='lat' dir='ltr'><strong>etiam</strong></span> <span class='ocrx_word' id='word_1_806' title='bbox 3288 3932 3471 4000; x_wconf 88' lang='lat' dir='ltr'><strong>spiritu</strong></span> <span class='ocrx_word' id='word_1_807' title='bbox 3497 3932 3607 3999; x_wconf 89' lang='lat' dir='ltr'><strong>jam</strong></span> <span class='ocrx_word' id='word_1_808' title='bbox 3637 3946 3800 4002; x_wconf 85' lang='lat' dir='ltr'><strong>rege—</strong></span> 
     </span>
    </p>
   </div>
   <div class='ocr_carea' id='block_1_103' title="bbox 2217 4010 3798 4096">
    <p class='ocr_par' dir='ltr' id='par_1_103' title="bbox 2217 4010 3798 4096">
     <span class='ocr_line' id='line_1_104' title="bbox 2217 4010 3798 4096; baseline -0.001 -16"><span class='ocrx_word' id='word_1_809' title='bbox 2217 4027 2417 4081; x_wconf 87' lang='lat' dir='ltr'><strong>neratis</strong></span> <span class='ocrx_word' id='word_1_810' title='bbox 2446 4036 2603 4096; x_wconf 90' lang='lat' dir='ltr'><strong>atque</strong></span> <span class='ocrx_word' id='word_1_811' title='bbox 2631 4010 2905 4080; x_wconf 83' lang='lat' dir='ltr'><strong>vivifieatis</strong></span> <span class='ocrx_word' id='word_1_812' title='bbox 2931 4026 3216 4096; x_wconf 86' lang='lat' dir='ltr'><strong>Apostolus</strong></span> <span class='ocrx_word' id='word_1_813' title='bbox 3245 4024 3388 4078; x_wconf 87' lang='lat' dir='ltr'><strong>dicat</strong></span> <span class='ocrx_word' id='word_1_814' title='bbox 3418 4041 3430 4077; x_wconf 89' lang='lat'>:</span> <span class='ocrx_word' id='word_1_815' title='bbox 3468 4022 3528 4078; x_wconf 85' lang='lat' dir='ltr'><strong>Si</strong></span> <span class='ocrx_word' id='word_1_816' title='bbox 3559 4021 3798 4080; x_wconf 74' lang='lat' dir='ltr'><strong>Christus</strong></span> 
     </span>
    </p>
   </div>
   <div class='ocr_carea' id='block_1_104' title="bbox 2216 4115 3798 4185">
    <p class='ocr_par' dir='ltr' id='par_1_104' title="bbox 2216 4115 3798 4185">
     <span class='ocr_line' id='line_1_105' title="bbox 2216 4115 3798 4185; baseline -0.001 -14"><span class='ocrx_word' id='word_1_817' title='bbox 2216 4116 2273 4170; x_wconf 84' lang='lat' dir='ltr'><strong>in</strong></span> <span class='ocrx_word' id='word_1_818' title='bbox 2297 4115 2435 4171; x_wconf 82' lang='lat' dir='ltr'><strong>vobis</strong></span> <span class='ocrx_word' id='word_1_819' title='bbox 2458 4126 2551 4183; x_wconf 88' lang='lat' dir='ltr'><strong>est,</strong></span> <span class='ocrx_word' id='word_1_820' title='bbox 2577 4133 2758 4184; x_wconf 87' lang='lat' dir='ltr'><strong>corpus</strong></span> <span class='ocrx_word' id='word_1_821' title='bbox 2779 4115 2981 4185; x_wconf 86' lang='lat' dir='ltr'><strong>quidem</strong></span> <span class='ocrx_word' id='word_1_822' title='bbox 3003 4122 3251 4168; x_wconf 87' lang='lat' dir='ltr'><strong>mortuum</strong></span> <span class='ocrx_word' id='word_1_823' title='bbox 3277 4124 3349 4168; x_wconf 88' lang='lat' dir='ltr'><strong>est</strong></span> <span class='ocrx_word' id='word_1_824' title='bbox 3377 4124 3585 4185; x_wconf 83' lang='lat' dir='ltr'><strong>propter</strong></span> <span class='ocrx_word' id='word_1_825' title='bbox 3616 4117 3798 4184; x_wconf 81' lang='lat' dir='ltr'><strong>pecca-</strong></span> 
     </span>
    </p>
   </div>
   <div class='ocr_carea' id='block_1_105' title="bbox 2217 4204 3796 4279">
    <p class='ocr_par' dir='ltr' id='par_1_105' title="bbox 2217 4204 3796 4279">
     <span class='ocr_line' id='line_1_106' title="bbox 2217 4204 3796 4279; baseline -0.001 -18"><span class='ocrx_word' id='word_1_826' title='bbox 2217 4216 2351 4273; x_wconf 86' lang='lat' dir='ltr'><strong>tum,</strong></span> <span class='ocrx_word' id='word_1_827' title='bbox 2379 4207 2585 4277; x_wconf 83' lang='lat' dir='ltr'><strong>spiritus</strong></span> <span class='ocrx_word' id='word_1_828' title='bbox 2609 4215 2777 4260; x_wconf 86' lang='lat' dir='ltr'><strong>autem</strong></span> <span class='ocrx_word' id='word_1_829' title='bbox 2801 4206 2903 4259; x_wconf 77' lang='lat' dir='ltr'><strong>vita</strong></span> <span class='ocrx_word' id='word_1_830' title='bbox 2929 4214 3000 4259; x_wconf 90' lang='lat' dir='ltr'><strong>est</strong></span> <span class='ocrx_word' id='word_1_831' title='bbox 3044 4214 3249 4275; x_wconf 81' lang='lat' dir='ltr'><strong>propter</strong></span> <span class='ocrx_word' id='word_1_832' title='bbox 3276 4205 3532 4279; x_wconf 80' lang='lat' dir='ltr'><strong>justitiam</strong></span> <span class='ocrx_word' id='word_1_833' title='bbox 3549 4220 3568 4259; x_wconf 90' lang='lat'><strong><em>:</em></strong></span> <span class='ocrx_word' id='word_1_834' title='bbox 3590 4204 3639 4259; x_wconf 84' lang='lat' dir='ltr'><strong>si</strong></span> <span class='ocrx_word' id='word_1_835' title='bbox 3679 4220 3796 4278; x_wconf 82' lang='lat' dir='ltr'><strong>ergo</strong></span> 
     </span>
    </p>
   </div>
   <div class='ocr_carea' id='block_1_106' title="bbox 2219 4295 3795 4368">
    <p class='ocr_par' dir='ltr' id='par_1_106' title="bbox 2219 4295 3795 4368">
     <span class='ocr_line' id='line_1_107' title="bbox 2219 4295 3795 4368; baseline 0.001 -15"><span class='ocrx_word' id='word_1_836' title='bbox 2219 4299 2428 4368; x_wconf 84' lang='lat' dir='ltr'><strong>spiritus</strong></span> <span class='ocrx_word' id='word_1_837' title='bbox 2453 4298 2562 4368; x_wconf 85' lang='lat' dir='ltr'><strong>ejus</strong></span> <span class='ocrx_word' id='word_1_838' title='bbox 2584 4298 2668 4365; x_wconf 86' lang='lat' dir='ltr'><strong>qui</strong></span> <span class='ocrx_word' id='word_1_839' title='bbox 2690 4298 2947 4351; x_wconf 81' lang='lat' dir='ltr'><strong>suscitavit</strong></span> <span class='ocrx_word' id='word_1_840' title='bbox 2970 4297 3146 4352; x_wconf 76' lang='lat' dir='ltr'><strong>Iesum</strong></span> <span class='ocrx_word' id='word_1_841' title='bbox 3173 4313 3235 4357; x_wconf 75' lang='lat' dir='ltr'><strong>ea:</strong></span> <span class='ocrx_word' id='word_1_842' title='bbox 3261 4298 3497 4365; x_wconf 87' lang='lat' dir='ltr'><strong>mortuis,</strong></span> <span class='ocrx_word' id='word_1_843' title='bbox 3526 4295 3717 4356; x_wconf 86' lang='lat' dir='ltr'><strong>habitat</strong></span> <span class='ocrx_word' id='word_1_844' title='bbox 3743 4299 3795 4354; x_wconf 78' lang='lat' dir='ltr'><strong>in</strong></span> 
     </span>
    </p>
   </div>
   <div class='ocr_carea' id='block_1_107' title="bbox 2220 4382 3798 4462">
    <p class='ocr_par' dir='ltr' id='par_1_107' title="bbox 2220 4382 3798 4462">
     <span class='ocr_line' id='line_1_108' title="bbox 2220 4382 3798 4462; baseline -0.001 -20"><span class='ocrx_word' id='word_1_845' title='bbox 2220 4388 2360 4443; x_wconf 73' lang='lat' dir='ltr'><strong>vobis</strong></span> <span class='ocrx_word' id='word_1_846' title='bbox 2374 4402 2396 4452; x_wconf 82' lang='lat'><strong>,&#39;</strong></span> <span class='ocrx_word' id='word_1_847' title='bbox 2421 4387 2505 4458; x_wconf 87' lang='lat' dir='ltr'><strong>qui</strong></span> <span class='ocrx_word' id='word_1_848' title='bbox 2531 4387 2786 4442; x_wconf 84' lang='lat' dir='ltr'><strong>suscitavit</strong></span> <span class='ocrx_word' id='word_1_849' title='bbox 2810 4387 2989 4443; x_wconf 83' lang='lat' dir='ltr'><strong>Jesum</strong></span> <span class='ocrx_word' id='word_1_850' title='bbox 3009 4386 3268 4445; x_wconf 85' lang='lat' dir='ltr'><strong>Christum</strong></span> <span class='ocrx_word' id='word_1_851' title='bbox 3294 4406 3325 4443; x_wconf 90' lang='lat' dir='ltr'><strong>a</strong></span> <span class='ocrx_word' id='word_1_852' title='bbox 3350 4389 3565 4444; x_wconf 87' lang='lat' dir='ltr'><strong>mortuis</strong></span> <span class='ocrx_word' id='word_1_853' title='bbox 3585 4431 3599 4457; x_wconf 87' lang='lat'><strong>,</strong></span> <span class='ocrx_word' id='word_1_854' title='bbox 3636 4382 3798 4462; x_wconf 71' lang='lat' dir='ltr'><strong>viviﬁ-</strong></span> 
     </span>
    </p>
   </div>
   <div class='ocr_carea' id='block_1_108' title="bbox 2218 4479 3797 4552">
    <p class='ocr_par' dir='ltr' id='par_1_108' title="bbox 2218 4479 3797 4552">
     <span class='ocr_line' id='line_1_109' title="bbox 2218 4479 3797 4552; baseline 0 -18"><span class='ocrx_word' id='word_1_855' title='bbox 2218 4479 2350 4535; x_wconf 85' lang='lat' dir='ltr'><strong>cabit</strong></span> <span class='ocrx_word' id='word_1_856' title='bbox 2374 4489 2420 4534; x_wconf 91' lang='lat' dir='ltr'><strong>et</strong></span> <span class='ocrx_word' id='word_1_857' title='bbox 2446 4479 2683 4534; x_wconf 81' lang='lat' dir='ltr'><strong>mortalia</strong></span> <span class='ocrx_word' id='word_1_858' title='bbox 2710 4496 2925 4552; x_wconf 85' lang='lat' dir='ltr'><strong>corpora</strong></span> <span class='ocrx_word' id='word_1_859' title='bbox 2952 4490 3117 4536; x_wconf 81' lang='lat' dir='ltr'><strong>uestra</strong></span> <span class='ocrx_word' id='word_1_860' title='bbox 3144 4497 3233 4552; x_wconf 87' lang='lat' dir='ltr'><strong>per</strong></span> <span class='ocrx_word' id='word_1_861' title='bbox 3259 4479 3625 4535; x_wconf 70' lang='lat' dir='ltr'><strong>inhabitantes:</strong></span> <span class='ocrx_word' id='word_1_862' title='bbox 3650 4480 3797 4550; x_wconf 86' lang='lat' dir='ltr'><strong>spiri-</strong></span> 
     </span>
    </p>
   </div>
   <div class='ocr_carea' id='block_1_109' title="bbox 2220 4570 3795 4644">
    <p class='ocr_par' dir='ltr' id='par_1_109' title="bbox 2220 4570 3795 4644">
     <span class='ocr_line' id='line_1_110' title="bbox 2220 4570 3795 4644; baseline -0.001 -17"><span class='ocrx_word' id='word_1_863' title='bbox 2220 4581 2325 4627; x_wconf 86' lang='lat' dir='ltr'><strong>tum</strong></span> <span class='ocrx_word' id='word_1_864' title='bbox 2337 4573 2448 4644; x_wconf 82' lang='lat' dir='ltr'><strong>ejus</strong></span> <span class='ocrx_word' id='word_1_865' title='bbox 2466 4574 2517 4627; x_wconf 86' lang='lat' dir='ltr'><strong>in</strong></span> <span class='ocrx_word' id='word_1_866' title='bbox 2534 4572 2668 4627; x_wconf 83' lang='lat' dir='ltr'><strong>vobis</strong></span> <span class='ocrx_word' id='word_1_867' title='bbox 2686 4572 2859 4644; x_wconf 81' lang='lat' dir='ltr'><strong>(Rom.</strong></span> <span class='ocrx_word' id='word_1_868' title='bbox 2886 4588 3004 4640; x_wconf 88' lang='lat' dir='ltr'><strong>vm,</strong></span> <span class='ocrx_word' id='word_1_869' title='bbox 3024 4572 3091 4627; x_wconf 77' lang='lat' dir='ltr'><strong>l0</strong></span> <span class='ocrx_word' id='word_1_870' title='bbox 3110 4581 3155 4626; x_wconf 83' lang='lat' dir='ltr'><strong>et</strong></span> <span class='ocrx_word' id='word_1_871' title='bbox 3178 4571 3287 4644; x_wconf 73' lang='lat' dir='ltr'><strong>il).</strong></span> <span class='ocrx_word' id='word_1_872' title='bbox 3304 4572 3430 4628; x_wconf 88' lang='lat' dir='ltr'><strong>ideo</strong></span> <span class='ocrx_word' id='word_1_873' title='bbox 3451 4573 3631 4643; x_wconf 90' lang='lat' dir='ltr'><strong>utique</strong></span> <span class='ocrx_word' id='word_1_874' title='bbox 3643 4570 3795 4640; x_wconf 80' lang='lat' dir='ltr'><strong>dixit,</strong></span> 
     </span>
    </p>
   </div>
   <div class='ocr_carea' id='block_1_110' title="bbox 2228 4661 3797 4741">
    <p class='ocr_par' dir='ltr' id='par_1_110' title="bbox 2228 4661 3797 4741">
     <span class='ocr_line' id='line_1_111' title="bbox 2228 4661 3797 4741; baseline -0.001 -23"><span class='ocrx_word' id='word_1_875' title='bbox 2228 4662 2509 4734; x_wconf 78' lang='lat' dir='ltr'><strong>Vioiﬁcabit</strong></span> <span class='ocrx_word' id='word_1_876' title='bbox 2537 4673 2583 4718; x_wconf 88' lang='lat' dir='ltr'><strong>et</strong></span> <span class='ocrx_word' id='word_1_877' title='bbox 2612 4665 2847 4719; x_wconf 76' lang='lat' dir='ltr'><strong>mortalia</strong></span> <span class='ocrx_word' id='word_1_878' title='bbox 2874 4680 3090 4736; x_wconf 87' lang='lat' dir='ltr'><strong>corpora</strong></span> <span class='ocrx_word' id='word_1_879' title='bbox 3114 4672 3276 4718; x_wconf 83' lang='lat' dir='ltr'><strong>vestra</strong></span> <span class='ocrx_word' id='word_1_880' title='bbox 3296 4704 3310 4727; x_wconf 88' lang='lat'><strong>,</strong></span> <span class='ocrx_word' id='word_1_881' title='bbox 3351 4661 3493 4741; x_wconf 85' lang='lat' dir='ltr'><strong>quod</strong></span> <span class='ocrx_word' id='word_1_882' title='bbox 3535 4662 3588 4718; x_wconf 87' lang='lat' dir='ltr'><strong>in</strong></span> <span class='ocrx_word' id='word_1_883' title='bbox 3625 4663 3797 4718; x_wconf 87' lang='lat' dir='ltr'><strong>carnis</strong></span> 
     </span>
    </p>
   </div>
   <div class='ocr_carea' id='block_1_111' title="bbox 2220 4748 3801 4827">
    <p class='ocr_par' dir='ltr' id='par_1_111' title="bbox 2220 4748 3801 4827">
     <span class='ocr_line' id='line_1_112' title="bbox 2220 4748 3801 4827; baseline -0.002 -17"><span class='ocrx_word' id='word_1_884' title='bbox 2220 4755 2612 4810; x_wconf 87' lang='lat' dir='ltr'><strong>resurrectione</strong></span> <span class='ocrx_word' id='word_1_885' title='bbox 2631 4770 2929 4826; x_wconf 90' lang='lat' dir='ltr'><strong>speramus,</strong></span> <span class='ocrx_word' id='word_1_886' title='bbox 2943 4754 3066 4827; x_wconf 88' lang='lat' dir='ltr'><strong>quia</strong></span> <span class='ocrx_word' id='word_1_887' title='bbox 3081 4753 3308 4818; x_wconf 80' lang='lat' dir='ltr'><strong>dixerat,</strong></span> <span class='ocrx_word' id='word_1_888' title='bbox 3327 4752 3527 4825; x_wconf 85' lang='lat' dir='ltr'><strong>Corpus</strong></span> <span class='ocrx_word' id='word_1_889' title='bbox 3549 4748 3801 4807; x_wconf 80' lang='lat' dir='ltr'><strong>mortuum</strong></span> 
     </span>
    </p>
   </div>
   <div class='ocr_carea' id='block_1_112' title="bbox 2222 4843 3798 4915">
    <p class='ocr_par' dir='ltr' id='par_1_112' title="bbox 2222 4843 3798 4915">
     <span class='ocr_line' id='line_1_113' title="bbox 2222 4843 3798 4915; baseline -0.001 -17"><span class='ocrx_word' id='word_1_890' title='bbox 2222 4851 2297 4898; x_wconf 84' lang='lat' dir='ltr'><strong>est</strong></span> <span class='ocrx_word' id='word_1_891' title='bbox 2316 4852 2523 4915; x_wconf 83' lang='lat' dir='ltr'><strong>prapter</strong></span> <span class='ocrx_word' id='word_1_892' title='bbox 2540 4855 2800 4915; x_wconf 82' lang='lat' dir='ltr'><strong>peccatum</strong></span> <span class='ocrx_word' id='word_1_893' title='bbox 2821 4860 2841 4900; x_wconf 90' lang='lat'><strong><em>:</em></strong></span> <span class='ocrx_word' id='word_1_894' title='bbox 2860 4852 2916 4900; x_wconf 91' lang='lat' dir='ltr'><strong>et</strong></span> <span class='ocrx_word' id='word_1_895' title='bbox 2931 4859 3026 4899; x_wconf 86' lang='lat' dir='ltr'><strong>vos</strong></span> <span class='ocrx_word' id='word_1_896' title='bbox 3046 4859 3153 4899; x_wconf 90' lang='lat' dir='ltr'><strong>non</strong></span> <span class='ocrx_word' id='word_1_897' title='bbox 3181 4843 3340 4898; x_wconf 89' lang='lat' dir='ltr'><strong>vultis</strong></span> <span class='ocrx_word' id='word_1_898' title='bbox 3363 4853 3584 4913; x_wconf 89' lang='lat' dir='ltr'><strong>peccato</strong></span> <span class='ocrx_word' id='word_1_899' title='bbox 3606 4852 3798 4899; x_wconf 89' lang='lat' dir='ltr'><strong>statum</strong></span> 
     </span>
    </p>
   </div>
   <div class='ocr_carea' id='block_1_113' title="bbox 2223 4934 3803 5006">
    <p class='ocr_par' dir='ltr' id='par_1_113' title="bbox 2223 4934 3803 5006">
     <span class='ocr_line' id='line_1_114' title="bbox 2223 4934 3803 5006; baseline -0.001 -16"><span class='ocrx_word' id='word_1_900' title='bbox 2223 4943 2481 4991; x_wconf 89' lang='lat' dir='ltr'><strong>mutatum</strong></span> <span class='ocrx_word' id='word_1_901' title='bbox 2521 4951 2642 4993; x_wconf 90' lang='lat' dir='ltr'><strong>esse</strong></span> <span class='ocrx_word' id='word_1_902' title='bbox 2680 4946 2905 4992; x_wconf 65' lang='lat' dir='ltr'><strong>naturae.</strong></span> <span class='ocrx_word' id='word_1_903' title='bbox 2936 4935 3318 4992; x_wconf 90' lang='lat' dir='ltr'><strong>Verumtamen</strong></span> <span class='ocrx_word' id='word_1_904' title='bbox 3358 4935 3573 5006; x_wconf 87' lang='lat' dir='ltr'><strong>Pelagio</strong></span> <span class='ocrx_word' id='word_1_905' title='bbox 3599 4950 3719 4990; x_wconf 91' lang='lat' dir='ltr'><strong>cum</strong></span> <span class='ocrx_word' id='word_1_906' title='bbox 3748 4934 3803 4990; x_wconf 90' lang='lat' dir='ltr'><strong>in</strong></span> 
     </span>
    </p>
   </div>
   <div class='ocr_carea' id='block_1_114' title="bbox 2224 5022 3803 5096">
    <p class='ocr_par' dir='ltr' id='par_1_114' title="bbox 2224 5022 3803 5096">
     <span class='ocr_line' id='line_1_115' title="bbox 2224 5022 3803 5096; baseline -0.001 -15"><span class='ocrx_word' id='word_1_907' title='bbox 2224 5023 2507 5081; x_wconf 64' lang='lat' dir='ltr'><strong>Palaestino</strong></span> <span class='ocrx_word' id='word_1_908' title='bbox 2519 5025 2719 5095; x_wconf 91' lang='lat' dir='ltr'><strong>judicio</strong></span> <span class='ocrx_word' id='word_1_909' title='bbox 2730 5027 2918 5082; x_wconf 80' lang='lat' dir='ltr'><strong>luisset</strong></span> <span class='ocrx_word' id='word_1_910' title='bbox 2937 5026 3228 5095; x_wconf 87' lang='lat' dir='ltr'><strong>ohjectum,</strong></span> <span class='ocrx_word' id='word_1_911' title='bbox 3248 5025 3387 5096; x_wconf 91' lang='lat' dir='ltr'><strong>quod</strong></span> <span class='ocrx_word' id='word_1_912' title='bbox 3411 5024 3614 5080; x_wconf 88' lang='lat' dir='ltr'><strong>diceret</strong></span> <span class='ocrx_word' id='word_1_913' title='bbox 3634 5022 3803 5079; x_wconf 85' lang='lat' dir='ltr'><strong>infan-</strong></span> 
     </span>
    </p>
   </div>
   <div class='ocr_carea' id='block_1_115' title="bbox 2222 5113 3805 5186">
    <p class='ocr_par' dir='ltr' id='par_1_115' title="bbox 2222 5113 3805 5186">
     <span class='ocr_line' id='line_1_116' title="bbox 2222 5113 3805 5186; baseline -0.001 -16"><span class='ocrx_word' id='word_1_914' title='bbox 2222 5123 2306 5170; x_wconf 88' lang='lat' dir='ltr'><strong>tes</strong></span> <span class='ocrx_word' id='word_1_915' title='bbox 2329 5130 2499 5186; x_wconf 91' lang='lat' dir='ltr'><strong>nuper</strong></span> <span class='ocrx_word' id='word_1_916' title='bbox 2525 5128 2679 5172; x_wconf 89' lang='lat' dir='ltr'><strong>natos</strong></span> <span class='ocrx_word' id='word_1_917' title='bbox 2706 5116 2759 5172; x_wconf 91' lang='lat' dir='ltr'><strong>in</strong></span> <span class='ocrx_word' id='word_1_918' title='bbox 2785 5132 2850 5172; x_wconf 92' lang='lat' dir='ltr'><strong>eo</strong></span> <span class='ocrx_word' id='word_1_919' title='bbox 2874 5125 3016 5172; x_wconf 87' lang='lat' dir='ltr'><strong>statu</strong></span> <span class='ocrx_word' id='word_1_920' title='bbox 3040 5130 3160 5171; x_wconf 85' lang='lat' dir='ltr'><strong>esse</strong></span> <span class='ocrx_word' id='word_1_921' title='bbox 3180 5156 3196 5181; x_wconf 90' lang='lat'><strong>,</strong></span> <span class='ocrx_word' id='word_1_922' title='bbox 3242 5115 3297 5169; x_wconf 86' lang='lat' dir='ltr'><strong>in</strong></span> <span class='ocrx_word' id='word_1_923' title='bbox 3339 5130 3448 5186; x_wconf 91' lang='lat' dir='ltr'><strong>quo</strong></span> <span class='ocrx_word' id='word_1_924' title='bbox 3489 5114 3659 5170; x_wconf 80' lang='lat' dir='ltr'><strong>Adam</strong></span> <span class='ocrx_word' id='word_1_925' title='bbox 3708 5113 3805 5169; x_wconf 79' lang='lat' dir='ltr'><strong>fuit</strong></span> 
     </span>
    </p>
   </div>
   <div class='ocr_carea' id='block_1_116' title="bbox 2224 5205 3800 5279">
    <p class='ocr_par' dir='ltr' id='par_1_116' title="bbox 2224 5205 3800 5279">
     <span class='ocr_line' id='line_1_117' title="bbox 2224 5205 3800 5279; baseline -0.002 -17"><span class='ocrx_word' id='word_1_926' title='bbox 2224 5215 2349 5263; x_wconf 87' lang='lat' dir='ltr'><strong>ante</strong></span> <span class='ocrx_word' id='word_1_927' title='bbox 2366 5215 2659 5278; x_wconf 86' lang='lat' dir='ltr'><strong>peceatum,</strong></span> <span class='ocrx_word' id='word_1_928' title='bbox 2675 5210 2893 5279; x_wconf 83' lang='lat' dir='ltr'><strong>negavit</strong></span> <span class='ocrx_word' id='word_1_929' title='bbox 2919 5224 2979 5264; x_wconf 90' lang='lat' dir='ltr'><strong>se</strong></span> <span class='ocrx_word' id='word_1_930' title='bbox 2997 5207 3197 5277; x_wconf 90' lang='lat' dir='ltr'><strong>dicere,</strong></span> <span class='ocrx_word' id='word_1_931' title='bbox 3225 5207 3383 5279; x_wconf 90' lang='lat' dir='ltr'><strong>idque</strong></span> <span class='ocrx_word' id='word_1_932' title='bbox 3407 5207 3682 5263; x_wconf 84' lang='lat' dir='ltr'><strong>damnavit</strong></span> <span class='ocrx_word' id='word_1_933' title='bbox 3703 5205 3800 5279; x_wconf 79' lang='grc' dir='ltr'><strong>(α).</strong></span> 
     </span>
    </p>
   </div>
   <div class='ocr_carea' id='block_1_117' title="bbox 2288 5341 3805 5410">
    <p class='ocr_par' dir='ltr' id='par_1_117' title="bbox 2288 5341 3805 5410">
     <span class='ocr_line' id='line_1_118' title="bbox 2288 5341 3805 5410; baseline -0.002 -16"><span class='ocrx_word' id='word_1_934' title='bbox 2288 5344 2412 5410; x_wconf 54' lang='lat' dir='ltr'><strong>{Hic</strong></span> <span class='ocrx_word' id='word_1_935' title='bbox 2450 5344 2731 5410; x_wconf 74' lang='lat' dir='ltr'><strong>particulam</strong></span> <span class='ocrx_word' id='word_1_936' title='bbox 2745 5352 3009 5410; x_wconf 81' lang='lat' dir='ltr'><strong>negantem</strong></span> <span class='ocrx_word' id='word_1_937' title='bbox 3021 5408 3029 5410; x_wconf 98' lang='lat'><strong>_</strong></span> <span class='ocrx_word' id='word_1_938' title='bbox 3038 5346 3223 5410; x_wconf 80' lang='lat' dir='ltr'><strong>omittit</strong></span> <span class='ocrx_word' id='word_1_939' title='bbox 3236 5345 3531 5410; x_wconf 72' lang='lat' dir='ltr'><strong>Vignierins.</strong></span> <span class='ocrx_word' id='word_1_940' title='bbox 3554 5343 3646 5395; x_wconf 86' lang='lat' dir='ltr'><strong>Sed</strong></span> <span class='ocrx_word' id='word_1_941' title='bbox 3664 5341 3805 5410; x_wconf 74' lang='lat' dir='ltr'><strong>intra,</strong></span> 
     </span>
    </p>
   </div>
   <div class='ocr_carea' id='block_1_118' title="bbox 2223 5405 3804 5471">
    <p class='ocr_par' dir='ltr' id='par_1_118' title="bbox 2223 5405 3804 5471">
     <span class='ocr_line' id='line_1_119' title="bbox 2223 5405 3804 5471; baseline 0 -18"><span class='ocrx_word' id='word_1_942' title='bbox 2223 5406 2427 5471; x_wconf 83' lang='lat' dir='ltr'><strong>verbum</strong></span> <span class='ocrx_word' id='word_1_943' title='bbox 2449 5405 2577 5457; x_wconf 85' lang='lat' dir='ltr'><strong>addit</strong></span> <span class='ocrx_word' id='word_1_944' title='bbox 2601 5420 2662 5471; x_wconf 82' lang='lat' dir='ltr'><strong>eo</strong></span> <span class='ocrx_word' id='word_1_945' title='bbox 2683 5405 2903 5466; x_wconf 54' lang='lat' dir='ltr'><strong>lecofaut</strong></span> <span class='ocrx_word' id='word_1_946' title='bbox 2924 5406 3207 5471; x_wconf 72' lang='lat' dir='ltr'><strong>subjiciatur</strong></span> <span class='ocrx_word' id='word_1_947' title='bbox 3221 5413 3267 5457; x_wconf 87' lang='lat' dir='ltr'><strong>et</strong></span> <span class='ocrx_word' id='word_1_948' title='bbox 3289 5405 3568 5471; x_wconf 63' lang='lat' dir='ltr'><strong>fabricetur.</strong></span> <span class='ocrx_word' id='word_1_949' title='bbox 3590 5405 3804 5471; x_wconf 66' lang='lat' dir='ltr'><strong>Denique</strong></span> 
     </span>
    </p>
   </div>
   <div class='ocr_carea' id='block_1_119' title="bbox 2225 5464 3803 5532">
    <p class='ocr_par' dir='ltr' id='par_1_119' title="bbox 2225 5464 3803 5532">
     <span class='ocr_line' id='line_1_120' title="bbox 2225 5464 3803 5532; baseline -0.011 -1"><span class='ocrx_word' id='word_1_950' title='bbox 2225 5466 2332 5532; x_wconf 54' lang='lat' dir='ltr'><strong>ipse</strong></span> <span class='ocrx_word' id='word_1_951' title='bbox 2353 5479 2410 5518; x_wconf 73' lang='lat' dir='ltr'><strong>ac</strong></span> <span class='ocrx_word' id='word_1_952' title='bbox 2430 5467 2680 5532; x_wconf 72' lang='lat' dir='ltr'><strong>lenardus</strong></span> <span class='ocrx_word' id='word_1_953' title='bbox 2701 5464 2869 5532; x_wconf 86' lang='lat' dir='ltr'><strong>postea</strong></span> <span class='ocrx_word' id='word_1_954' title='bbox 2884 5504 2901 5528; x_wconf 88' lang='lat'><strong>,</strong></span> <span class='ocrx_word' id='word_1_955' title='bbox 2923 5464 3033 5532; x_wconf 65' lang='lat' dir='ltr'><strong>qui:</strong></span> <span class='ocrx_word' id='word_1_956' title='bbox 3053 5468 3201 5531; x_wconf 78' lang='lat' dir='ltr'><strong>fuerit</strong></span> <span class='ocrx_word' id='word_1_957' title='bbox 3224 5464 3454 5532; x_wconf 71' lang='lat' dir='ltr'><strong>adjutorii</strong></span> <span class='ocrx_word' id='word_1_958' title='bbox 3477 5464 3803 5518; x_wconf 73' lang='lat' dir='ltr'><strong>destructa&#39;ti-</strong></span> 
     </span>
    </p>
   </div>
   <div class='ocr_carea' id='block_1_120' title="bbox 2225 5528 3440 5593">
    <p class='ocr_par' dir='ltr' id='par_1_120' title="bbox 2225 5528 3440 5593">
     <span class='ocr_line' id='line_1_121' title="bbox 2225 5528 3440 5593; baseline 0.007 -15"><span class='ocrx_word' id='word_1_959' title='bbox 2225 5528 2397 5593; x_wconf 73' lang='lat' dir='ltr'><strong>bertas.</strong></span> <span class='ocrx_word' id='word_1_960' title='bbox 2416 5528 2714 5592; x_wconf 78' lang='lat' dir='ltr'><strong>Castigantur</strong></span> <span class='ocrx_word' id='word_1_961' title='bbox 2734 5532 2794 5582; x_wconf 90' lang='lat' dir='ltr'><strong>ad</strong></span> <span class='ocrx_word' id='word_1_962' title='bbox 2815 5528 3178 5593; x_wconf 82' lang='lat' dir='ltr'><strong>manuscriptos.</strong></span> <span class='ocrx_word' id='word_1_963' title='bbox 3197 5590 3209 5593; x_wconf 94' lang='lat'><em>_</em></span> <span class='ocrx_word' id='word_1_964' title='bbox 3320 5587 3333 5593; x_wconf 89' lang='lat'><strong>_</strong></span> <span class='ocrx_word' id='word_1_965' title='bbox 3437 5551 3440 5554; x_wconf 64' lang='lat'><strong><em>&#39;</em></strong></span> 
     </span>
    </p>
   </div>
   <div class='ocr_carea' id='block_1_121' title="bbox 2227 5583 3801 5702">
    <p class='ocr_par' dir='ltr' id='par_1_121' title="bbox 2227 5583 3801 5702">
     <span class='ocr_line' id='line_1_122' title="bbox 2227 5583 3801 5702; baseline 0 -62"><span class='ocrx_word' id='word_1_966' title='bbox 2227 5591 2448 5702; x_wconf 56' lang='lat' dir='ltr'><strong>m&#39;muss.</strong></span> <span class='ocrx_word' id='word_1_967' title='bbox 2486 5583 2597 5643; x_wconf 63' lang='lat' dir='ltr'><strong>uir.</strong></span> <span class='ocrx_word' id='word_1_968' title='bbox 2644 5600 2699 5643; x_wconf 86' lang='lat' dir='ltr'><strong>et</strong></span> <span class='ocrx_word' id='word_1_969' title='bbox 2742 5601 2889 5656; x_wconf 62' lang='lat' dir='ltr'><strong>me,</strong></span> <span class='ocrx_word' id='word_1_970' title='bbox 2934 5583 3070 5644; x_wconf 72' lang='lat' dir='ltr'><strong>sicui</strong></span> <span class='ocrx_word' id='word_1_971' title='bbox 3109 5587 3333 5643; x_wconf 74' lang='lat' dir='ltr'><strong>catholici</strong></span> <span class='ocrx_word' id='word_1_972' title='bbox 3379 5588 3466 5655; x_wconf 79' lang='lat' dir='ltr'><strong>qui</strong></span> <span class='ocrx_word' id='word_1_973' title='bbox 3518 5596 3616 5641; x_wconf 76' lang='lat' dir='ltr'><strong>Deo</strong></span> <span class='ocrx_word' id='word_1_974' title='bbox 3659 5583 3801 5648; x_wconf 68' lang='grc' dir='ltr'>εοιιιῑο</span> 
     </span>
    </p>
   </div>
   <div class='ocr_carea' id='block_1_122' title="bbox 2290 5714 3033 5774">
    <p class='ocr_par' dir='ltr' id='par_1_122' title="bbox 2290 5714 3033 5774">
     <span class='ocr_line' id='line_1_123' title="bbox 2290 5714 3033 5774; baseline 0 -9"><span class='ocrx_word' id='word_1_975' title='bbox 2290 5714 2311 5746; x_wconf 89' lang='grc'>³</span> <span class='ocrx_word' id='word_1_976' title='bbox 2335 5715 2410 5765; x_wconf 79' lang='lat' dir='ltr'><strong>sie</strong></span> <span class='ocrx_word' id='word_1_977' title='bbox 2436 5721 2544 5765; x_wconf 66' lang='lat' dir='ltr'><strong>uss.</strong></span> <span class='ocrx_word' id='word_1_978' title='bbox 2569 5714 2708 5774; x_wconf 74' lang='grc' dir='ltr'>Εάἱιι,</span> <span class='ocrx_word' id='word_1_979' title='bbox 2734 5714 3033 5767; x_wconf 68' lang='grc' dir='ltr'><strong>Μαηὶεὴτεϋ.</strong></span> 
     </span>
    </p>
   </div>
   <div class='ocr_carea' id='block_1_123' title="bbox 2292 5773 3569 5843">
    <p class='ocr_par' dir='ltr' id='par_1_123' title="bbox 2292 5773 3569 5843">
     <span class='ocr_line' id='line_1_124' title="bbox 2292 5773 3569 5843; baseline -0.002 -18"><span class='ocrx_word' id='word_1_980' title='bbox 2292 5776 2366 5839; x_wconf 83' lang='lat' dir='ltr'><strong>(u)</strong></span> <span class='ocrx_word' id='word_1_981' title='bbox 2390 5777 2503 5827; x_wconf 91' lang='lat' dir='ltr'><strong>vide</strong></span> <span class='ocrx_word' id='word_1_982' title='bbox 2523 5773 2701 5828; x_wconf 81' lang='lat' dir='ltr'><strong>librum</strong></span> <span class='ocrx_word' id='word_1_983' title='bbox 2719 5778 2783 5830; x_wconf 88' lang='lat' dir='ltr'><strong>de</strong></span> <span class='ocrx_word' id='word_1_984' title='bbox 2804 5780 2960 5831; x_wconf 85' lang='lat' dir='ltr'><strong>Gestis</strong></span> <span class='ocrx_word' id='word_1_985' title='bbox 2979 5778 3179 5843; x_wconf 83' lang='lat' dir='ltr'><strong>Pelagii,</strong></span> <span class='ocrx_word' id='word_1_986' title='bbox 3200 5789 3283 5828; x_wconf 86' lang='lat' dir='ltr'><strong>nu.</strong></span> <span class='ocrx_word' id='word_1_987' title='bbox 3307 5775 3388 5839; x_wconf 60' lang='grc' dir='ltr'><strong>τε,</strong></span> <span class='ocrx_word' id='word_1_988' title='bbox 3408 5773 3489 5836; x_wconf 69' lang='grc'><strong>34,</strong></span> <span class='ocrx_word' id='word_1_989' title='bbox 3511 5773 3569 5823; x_wconf 71' lang='grc'><strong>5⁸1</strong></span> 
     </span>
    </p>
   </div>
  </div>
