4062 6540
336 344 477 400 1115

330 450 487 531 Quod
513 456 558 510 si
590 453 803 512 fecisset
822 452 985 508 corde
1006 450 1201 517 veraci,
1220 450 1330 521 jam
1356 449 1581 504 fortasse
1606 459 1781 505 vestra
1803 450 1904 507 hae-

332 530 469 602 resis
504 546 827 601 interiisset:
854 553 1122 614 postremo
1160 542 1274 611 ipse
1299 541 1486 598 saltem
1516 540 1695 597 fuisset
1725 541 1792 594 ab
1820 540 1909 595 illa

278 659 288 678 ι
332 648 482 707 peste
518 647 755 693 sanatus.
802 635 1001 690 Deinde
1041 649 1224 703 quairo
1248 641 1423 687 utrum
1446 633 1574 687 vitio
1601 641 1780 688 careat
1810 646 1909 686 na-

282 800 289 818 ,
332 739 446 784 tura
470 727 730 798 peccatrix
755 726 927 797 :quod
947 725 993 781 si
1013 725 1453 781 absurdissimum
1475 733 1576 791 est,
1600 723 1763 804 habet
1780 737 1908 792 ergo

287 866 293 870 .
330 820 552 883 vitium;
598 819 640 873 si
687 818 847 873 habet
884 816 1104 881 vilium,
1137 815 1321 885 procul
1361 814 1523 870 dubio
1568 813 1752 871 vitiata
1803 820 1905 866 est.

288 896 295 902 ’
328 907 609 977 Quomodo
628 921 754 978 ergo
772 914 972 961 mutata
993 922 1101 961 non
1129 914 1231 972 est,
1259 921 1376 975 quae
1400 918 1520 959 cum
1546 900 1733 956 fuisset
1754 915 1905 965 sana,

270 1050 271 1053 η
336 1001 510 1057 uitiata
538 1009 620 1055 est
642 1000 697 1053 "t
722 999 801 1054 Ac
828 1013 927 1068 per
955 999 1077 1066 hoc,
1107 999 1267 1054 etiam
1295 1004 1517 1066 excepto
1541 1003 1760 1064 peccato
1791 994 1902 1062 illo,

325 1093 399 1151 de
446 1108 553 1164 quo
595 1091 828 1147 Joannes
872 1090 1486 1160 Constantinopolitanus
1532 1088 1646 1153 ait,
1683 1107 1704 1141 ι
1732 1087 1902 1143 Adam

328 1183 710 1255 peccavitillud
729 1182 929 1253 grande
956 1192 1251 1253 peccatum,
1267 1191 1320 1236 et
1336 1195 1527 1236 omnes
1547 1180 1601 1235 in
1619 1194 1903 1235 commune

327 1276 605 1330 damnavit
632 1292 653 1326 ι
681 1272 946 1345 (Ilomilia
981 1274 1044 1327 de
1076 1272 1272 1327 Lazaro
1313 1272 1645 1342 resuscitato)
1672 1290 1684 1326 :
1713 1281 1768 1327 et
1809 1272 1905 1327 illo

327 1381 463 1436 ergo
490 1375 741 1436 excepto,
770 1363 837 1419 de
873 1378 978 1434 quo
1014 1363 1405 1418 damnationem
1452 1362 1680 1419 humana
1717 1371 1900 1418 natura

328 1454 662 1527 originaliter
683 1454 862 1521 trahit,
880 1455 1148 1524 quomodo
1165 1454 1343 1509 sobrie
1362 1453 1463 1508 dici
1489 1462 1681 1522 potest,
1705 1462 1900 1515 statum

325 1557 535 1602 natura;
560 1547 613 1599 in
638 1545 854 1600 homine
884 1560 987 1599 non
1017 1544 1181 1599 fuisse
1205 1553 1461 1599 mutatum
1489 1544 1576 1614 qui
1604 1544 1764 1608 dicit,
1795 1544 1903 1603 Lex

320 1636 606 1708 spiritualis
634 1646 729 1702 est,
759 1652 854 1707 ego
874 1645 1041 1689 autem
1066 1636 1286 1689 carnalis
1307 1652 1437 1710 sunt,
1464 1635 1792 1688 venumdatus
1811 1637 1901 1690 sub

291 1727 530 1801 ~peccato
553 1743 574 1783 :
597 1728 734 1793 quod
769 1729 905 1783 enim
946 1744 1144 1798 operor,
1189 1728 1403 1798 ignoro;
1449 1743 1551 1782 non
1587 1727 1721 1782 enim
1760 1728 1893 1799 quod

318 1822 456 1887 volo,
488 1838 585 1892 ago
611 1820 789 1889 (Rom.
812 1834 907 1886 vn,
940 1821 1006 1874 l4
1034 1829 1081 1873 et
1108 1818 1194 1890 15)
1215 1836 1231 1885 ;
1255 1829 1307 1873 et
1332 1829 1521 1877 caetera
1544 1818 1849 1889 hujusmodi
1881 1838 1895 1875 :

317 1914 481 1969 etiam
523 1912 570 1971 si
610 1912 747 1968 hanc
773 1912 1119 1967 mutationem
1147 1928 1252 1966 non
1280 1912 1332 1966 in
1362 1927 1428 1966 eo
1454 1913 1704 1968 nascendi
1737 1914 1896 1969 traxit

302 2002 560 2081 conditio
580 2045 595 2069 ,
620 2002 712 2058 sed
737 2044 752 2068 ,
782 2013 839 2057 ut
865 2002 1025 2057 vultis
1048 2043 1064 2069 ,
1092 2003 1356 2059 contraxit
1394 2003 1725 2061 consuetudo
1771 2020 1897 2073 pec-

318 2091 514 2146 candi?
542 2091 840 2147 Cernitisne
859 2134 876 2159 ,
908 2107 1101 2145 vanum
1130 2106 1250 2148 esse
1277 2092 1418 2162 quod
1445 2093 1654 2158 dicitis,
1684 2103 1901 2163 peccato

323 2181 562 2238 hominis
593 2199 697 2236 non
729 2191 931 2236 natura:
958 2191 1152 2239 statum
1179 2183 1392 2246 mutari,
1414 2184 1508 2238 sed
1533 2185 1705 2239 meriti
1730 2184 1901 2254 quali-

317 2273 520 2335 tatem?
547 2272 657 2327 Nisi
698 2272 835 2327 forte
877 2272 1100 2349 dicatis,
1133 2287 1238 2327 non
1266 2282 1511 2328 naturam
1540 2285 1755 2343 peccato
1783 2290 1902 2330 mu-

319 2364 442 2428 tari,
467 2363 562 2418 sed
587 2362 880 2417 hominem.
913 2363 980 2419 Et
997 2361 1121 2433 quid
1142 2362 1368 2430 esthoc,
1390 2364 1494 2421 nisi
1516 2363 1784 2425 hominem
1805 2379 1901 2421 ne-

318 2469 447 2526 gare
475 2469 595 2510 esse
625 2456 901 2527 naturam“!
929 2452 1151 2521 Quando
1180 2453 1281 2508 ista
1311 2454 1561 2510 diceretis
1580 2495 1597 2523 ,
1629 2455 1673 2510 si
1696 2456 1898 2527 cogita-

304 2548 454 2602 ‘vetis
482 2562 610 2601 sana
643 2554 820 2601 mente
846 2545 987 2616 quod
1015 2546 1223 2603 dicitis?

395 2639 605 2693 XCV“.
643 2639 758 2711 ιω..
800 2639 1125 2711 illanicbzeus
1153 2640 1314 2704 dicit,
1342 2640 1665 2702 volimtatem
1703 2643 1896 2698 malam

318 2730 396 2786 ‘ab
425 2746 486 2786 ea
517 2732 756 2801 inspirari
782 2742 991 2796 natura,
1023 2748 1143 2803 quze
1164 2733 1363 2789 bonum
1394 2734 1531 2788 velle
1552 2749 1659 2790 non
1686 2744 1895 2805 potest;

322 2821 651 2878 voluntatem
691 2837 816 2877 vero
854 2820 1048 2876 bonam
1092 2821 1163 2877 ab
1191 2837 1252 2877 ea
1283 2820 1487 2878 infundi
1528 2833 1750 2892 natura,
1779 2841 1898 2896 qua

320 2911 518 2966 malum
540 2910 678 2966 velle
703 2927 807 2966 non
831 2920 1037 2981 potest:
1061 2912 1130 2965 ita
1154 2912 1334 2982 utique
1356 2913 1557 2967 naturis
1573 2914 1895 2983 singularum

318 3016 501 3061 rerum
535 3002 755 3070 imponit
786 3002 1180 3065 necessitatem,
1212 3009 1270 3055 ut
1300 3002 1525 3071 prapria:
1548 3002 1852 3058 voluntates
1876 3006 1896 3036 '

319 3106 427 3145 non
466 3091 673 3159 possint
697 3090 836 3147 velle
861 3090 1149 3145 contraria.
1196 3090 1339 3146 Inter
1369 3107 1467 3146 nos
1494 3101 1548 3146 et
1577 3093 1721 3147 illum
1751 3104 1898 3150 certe

317 3181 519 3252 grande
562 3172 727 3236 chaos
766 3190 847 3236 est
870 3199 884 3235 :
906 3181 1182 3237 videamus
1211 3198 1351 3236 nunc
1374 3191 1628 3251 quantum
1656 3184 1722 3239 ab
1745 3199 1810 3239 eo
1841 3192 1896 3241 tu

317 3270 631 3327 recesseris.
657 3272 798 3329 Dicis
820 3288 939 3328 esse
966 3273 1187 3328 liberam
1215 3274 1562 3341 voluntatem,
1593 3277 1687 3333 sed
1712 3287 1766 3333 ut
1788 3294 1899 3334 ma-

318 3363 428 3420 lum
462 3363 829 3419 tantummodo
859 3363 1036 3432 faciat,
1064 3379 1170 3419 non
1196 3376 1372 3422 autem
1403 3382 1523 3422 esse
1552 3368 1603 3422 iu
1634 3367 1737 3424 hoc
1766 3370 1900 3425 libe-

318 3470 437 3508 ram
458 3494 475 3520 ,
495 3464 552 3507 ut
577 3453 770 3508 malum
801 3454 1023 3509 desistat
1049 3457 1257 3525 operari
1281 3498 1297 3524 ,
1326 3457 1427 3511 nisi
1458 3458 1505 3512 ei
1533 3457 1692 3514 fuerit
1720 3460 1897 3532 impo-

320 3547 427 3600 sita
460 3548 743 3601 necessitas
768 3546 977 3603 volendi
1005 3547 1225 3614 bonum,
1253 3550 1320 3602 ab
1346 3564 1407 3604 ea
1435 3558 1642 3616 natura,
1666 3568 1805 3622 qum,
1826 3560 1896 3607 -ιιι

321 3638 432 3691 tuis
450 3648 565 3690 utar
581 3638 926 3704 sermonibus,
947 3656 966 3690 ι
988 3640 1181 3693 malum
1195 3657 1297 3694 non
1317 3643 1636 3711 potestvelle
1660 3663 1679 3696 ι
1708 3642 1842 3715 (Lib.
1866 3645 1891 3700 ί

321 3740 501 3783 contra
544 3729 683 3784 Duas
737 3729 992 3801 Epistolas
1037 3732 1430 3806 Pelagianorum
1455 3777 1471 3802 ,
1511 3755 1564 3791 ιι.
1610 3736 1899 3810 ’100Ιί-

321 3820 410 3874 nis
430 3836 577 3891 ergo,
603 3836 767 3891 genus
799 3823 1067 3877 hominum
1099 3841 1192 3894 per
1221 3827 1443 3883 liberum
1466 3829 1741 3885 arbitrium
1764 3831 1897 3886 nihil

322 3910 468 3964 aliud
492 3925 648 3984 quam
678 3927 916 3981 peccare,
949 3929 1049 3969 nec
1066 3914 1204 3973 aliud
1232 3930 1387 3986 posse
1408 3917 1603 3973 facere.
1632 3919 1734 3975 Per
1757 3921 1897 3991 quod

316 4000 561 4058 absolute
602 4006 914 4073 pronuntias
936 4047 949 4069 ,
983 4005 1264 4061 humanam
1296 4019 1540 4065 naturam
1566 4028 1728 4067 unum
1753 4029 1897 4071 sem-

321 4108 422 4162 per
445 4108 642 4162 cupcre
666 4095 808 4167 quod
842 4097 1036 4151 malum
1065 4107 1167 4163 est,
1195 4108 1247 4152 et
1277 4100 1415 4155 velle
1445 4117 1547 4156 non
1576 4118 1732 4173 posse
1762 4120 1895 4161 con-

319 4183 544 4237 trarium
572 4202 585 4237 :
609 4193 853 4240 naturam
875 4195 1049 4243 autem
1082 4187 1176 4243 Dei
1200 4190 1394 4244 malum
1420 4176 1523 4246 non
1554 4208 1706 4262 posse
1731 4195 1894 4261 velle;

321 4281 381 4327 et
403 4272 542 4337 ideo,
567 4274 665 4327 nisi
689 4276 1019 4329 necessitatis
1041 4292 1150 4331 sum
1172 4280 1480 4350 participem
1505 4280 1684 4337 fecerit
1703 4285 1894 4340 malam

325 4360 601 4415 hominum
641 4373 878 4417 naturam
901 4406 915 4429 ,
945 4364 1138 4421 bonum
1185 4369 1236 4421 in
1277 4384 1338 4425 ea
1378 4371 1598 4427 actionis
1635 4388 1756 4429 esse
1790 4390 1897 4431 non

330 4463 507 4519 posse.
539 4450 666 4505 Post
693 4451 806 4508 haec
835 4454 1007 4525 itaque
1034 4467 1207 4511 utrum
1235 4473 1337 4512 non
1364 4461 1586 4519 multum
1613 4478 1759 4519 ames
1788 4464 1898 4521 Ma-

327 4539 615 4604 nichteum,
640 4542 690 4596 in
717 4545 891 4600 cordis
914 4547 985 4601 tui
1010 4557 1217 4603 secreto
1246 4549 1385 4605 Deus
1406 4552 1620 4608 viderit:
1641 4567 1896 4625 quantum

329 4641 505 4688 tamen
551 4649 614 4689 ex
657 4636 951 4706 dogmatum
995 4643 1344 4709 germanitate
1386 4656 1735 4716 monstratur,
1767 4650 1897 4705 nihil

278 4747 280 4749 ν
321 4723 469 4778 aliud
499 4740 716 4794 prorsus
740 4729 907 4799 egisti,
931 4748 1086 4800 quam
1119 4742 1176 4787 ut
1200 4735 1384 4791 ordine
1409 4747 1729 4793 commutato
1755 4739 1895 4797 idem

320 4813 465 4885 quod
497 4814 587 4868 ille
615 4815 903 4872 aflirmarat
936 4821 1261 4877 adstrucres.

393 4906 528 4961 Aac.
560 4904 776 4962 Utinam
809 4908 1153 4965 Mauiclncum
1186 4910 1393 4970 fortiter
1418 4918 1759 4986 destrueres,
1791 4936 1898 4976 non

323 4996 548 5063 turpiter
576 4996 875 5065 adjuvares.
927 4998 1018 5053 Ille
1048 5016 1279 5072 namque
1303 5004 1466 5059 nimia
1500 5021 1785 5077 perversus
1811 5010 1894 5064 in-

324 5085 470 5138 sania
498 5101 602 5140 non
629 5087 759 5142 dicit
786 5099 1028 5145 naturam
1055 5094 1178 5148 mali
1206 5097 1320 5167 cogi
1352 5098 1682 5156 benefacere
1708 5102 1776 5158 ab
1795 5104 1899 5160 alia

326 5185 511 5231 natura
539 5178 685 5247 boni,
715 5196 834 5249 qua:
864 5183 1061 5238 malum
1090 5200 1195 5241 non
1228 5197 1400 5257 potest
1425 5191 1595 5259 velle;
1628 5194 1720 5249 sed
1748 5172 1902 5251 natu-

329 5282 443 5322 ram
482 5267 601 5324 boni
641 5270 754 5341 cogi
792 5274 929 5329 male
957 5274 1131 5331 facere
1162 5279 1228 5334 ab
1257 5295 1319 5334 ea
1350 5294 1537 5338 natura
1579 5286 1742 5351 mali,
1781 5303 1901 5358 quae

325 5356 524 5413 bonum
569 5377 669 5416 non
712 5372 886 5432 potest
925 5366 1061 5422 velle
1088 5385 1100 5420 :
1125 5384 1187 5423 ac
1216 5385 1311 5439 per
1341 5371 1441 5427 hoc
1470 5374 1782 5432 mirabiliter
1800 5356 1904 5435 de-

324 5463 479 5503 mens
502 5460 736 5507 naturam
757 5455 879 5509 mali
897 5456 1006 5510 vult
1025 5473 1146 5513 esse
1163 5459 1563 5531 immutabilem,
1588 5469 1897 5526 mutabilem

386 5561 426 5642 ξ.
433 5569 549 5642 [ξιιοᾷ
563 5569 856 5642 sententiam
888 5569 1016 5618 illam
1057 5584 1341 5642 revocamus
1379 5590 1443 5626 ex
1479 5585 1586 5641 Mss.
1621 5576 1899 5642 Mar.,'(‘.lar.

321 5630 956 5709 rf£.:.-5.n_'°1"_0_d2f3§90
993 5641 1179 5685 mutam
1212 5648 1306 5687 ηοη
1328 5645 1395 5691 ea
1412 5674 1427 5699 ν
1457 5630 1568 5704 qu?”

318 5697 453 5743 sana.
482 5690 644 5738 vitiata
665 5702 757 5738 non
778 5690 890 5742 est?

385 5748 402 5777 ι
438 5755 544 5797 stas.
572 5755 681 5799 nar.
706 5757 852 5815 Port.,
878 5763 929 5805 et
964 5746 1211 5809 uoluntatis

1708 330 1909 391 LIBER
1945 334 2214 392 PRIMUS.

3454 354 3594 413 HN

2010 465 2149 507 vero
2174 459 2415 507 naturam
2434 453 2580 510 boni.
2608 454 2854 524 Proinde,
2877 458 3200 519 voluntatem
3223 465 3415 522 malam
3436 471 3505 524 ab
3526 488 3587 527 ea

2016 539 2262 610 inspirari
2283 550 2485 607 natura,
2509 559 2628 615 quae
2651 546 2849 603 bonum
2870 549 3011 606 velle
3033 567 3138 607 non
3165 561 3358 624 potest,
3381 567 3586 615 certum

2015 639 2097 683 est
2113 629 2291 686 dicere
2309 630 2655 689 Manicheum
2680 652 2694 688 :
2722 638 3046 695 voluntatem
3070 652 3198 697 vero
3217 643 3409 699 bonam
3428 646 3496 700 ab
3518 661 3583 702 ea

2013 719 2216 774 infundi
2244 730 2450 786 natura,
2482 740 2601 793 quae
2627 727 2823 782 malum
2846 730 2986 786 velle
3011 747 3115 788 non
3141 743 3335 803 potest,
3365 751 3473 791 non
3497 737 3583 792 di-
3620 734 3634 767 θ’

2011 809 2087 863 cit
2111 808 2453 878 Manichaeus,
2474 814 2610 871 sicut
2638 823 2693 869 tu
2718 816 2786 871 de
2809 819 2900 874 illo
2923 821 3106 878 mitius
3125 825 3412 895 suspicaris
3427 844 3440 880 :
3455 842 3588 896 quo-
3622 818 3631 831 ’

2010 899 2154 957 niam
2182 901 2199 932 ¹
2226 900 2353 961 boni
2382 912 2626 959 naturam
2647 907 2795 963 nullo
2815 911 2975 967 modo
2990 914 3370 972 immutabilem
3390 917 3578 983 credit,

2008 1006 2130 1060 quae
2159 992 2356 1049 malum
2386 994 2525 1049 velle
2553 1011 2659 1051 non
2692 1000 2878 1068 possit,
2909 1003 2992 1056 cui
3023 1003 3191 1060 credit
3215 1006 3459 1075 inspirari
3485 1022 3583 1062 vo-

2008 1080 2264 1137 luntatem
2291 1083 2573 1140 malam-ab
2593 1102 2652 1141 ea
2683 1097 2892 1156 natura,
2915 1106 3033 1161 qua:
3060 1093 3255 1149 bonum
3277 1111 3381 1151 non
3407 1105 3583 1167 potest

2007 1174 2171 1240 velle;
2200 1174 2379 1246 itaque
2406 1175 2523 1232 fieri
2561 1193 2657 1248 per
2684 1181 2808 1234 mali
2838 1190 3079 1238 naturam
3098 1224 3112 1249 ,
3135 1194 3195 1240 ut
3228 1189 3427 1247 malum
3456 1190 3585 1246 velit

2007 1263 2132 1320 boni
2151 1273 2362 1332 natura,
2383 1282 2540 1337 quam
2564 1269 2695 1322 nihil
2716 1270 2830 1325 vult
2849 1286 2973 1328 esse
2990 1274 3133 1331 aliud
3153 1292 3310 1348 quam
3334 1290 3579 1337 naturam

2006 1354 2122 1412 Dei.
2153 1356 2233 1411 Tu
2261 1372 2389 1427 ergo
2417 1357 2557 1413 hunc
2582 1359 2802 1429 adiuvas
2820 1401 2836 1429 ,
2868 1364 3109 1435 negando
3138 1367 3421 1422 humanam
3452 1385 3580 1439 pec-

2005 1459 2126 1505 cato
2155 1450 2308 1519 primi
2338 1449 2567 1506 hominis
2594 1452 2830 1507 vitiatam
2855 1470 2972 1511 esse
2995 1467 3261 1525 naturam,
3295 1467 3351 1513 ut
3375 1470 3580 1516 natura:

2005 1538 2128 1592 mali
2156 1555 2312 1610 quam
2343 1539 2510 1610 ﬁngit,
2538 1542 2791 1597 attribuat
2811 1545 3063 1616 quidquid
3091 1548 3351 1603 malorum
3380 1550 3431 1604 in
3458 1564 3578 1604 ma.

2003 1630 2344 1688 nifestissima
2376 1634 2574 1688 invenit
2602 1635 2818 1690 miseria
2848 1638 3211 1707 parvulorum.
3232 1640 3434 1695 Deinde
3454 1655 3575 1696 cum

2001 1723 2250 1793 displicet
2276 1725 2391 1791 tibi,
2420 1727 2694 1783 hominem
2721 1744 2826 1781 non
2859 1742 3015 1797 posse
3053 1729 3249 1787 bonum
3279 1730 3445 1798 velle,
3476 1733 3579 1788 nisi

2001 1815 2279 1885 adjuvetur
2305 1817 2373 1871 ab
2397 1832 2463 1871 eo
2490 1818 2581 1887 qui
2613 1818 2809 1873 malum
2843 1834 2948 1872 non
2995 1828 3169 1888 potest
3198 1821 3332 1875 velle
3350 1862 3367 1887 ,
3395 1836 3575 1877 nonne

1992 1906 2222 1975 respicis
2242 1907 2289 1960 ei
2315 1914 2365 1961 te
2385 1906 2773 1974 contradicere,
2799 1909 2887 1978 qui
2904 1909 3061 1974 dixit,
3090 1909 3217 1964 Sine
3233 1926 3313 1965 me
3332 1910 3460 1965 nihil
3484 1929 3577 1982 po-

2002 1996 2138 2051 testis
2165 1999 2330 2066 facere
2360 1994 2536 2068 (Joan.
2558 2012 2648 2061 xv,
2673 1997 2742 2065 5)
2772 2014 2785 2049 :
2818 2007 2871 2051 et
2895 1998 3219 2068 Scripturte,
3243 2000 3329 2054 ubi
3361 2000 3572 2069 legitur,

2003 2084 2227 2142 Paratur
2250 2086 2480 2145 voluntas
2504 2104 2537 2142 a
2560 2087 2776 2142 Domino
2809 2087 2987 2160 (Prov.
3002 2105 3113 2152 vut,
3143 2091 3345 2154 55,sec.
3367 2090 3572 2159 LXX);

2001 2187 2056 2232 et
2094 2177 2185 2233 tibi
2223 2176 2415 2247 legitur
2434 2217 2448 2241 ,
2482 2176 2622 2232 Deus
2649 2186 2720 2230 est
2745 2179 2877 2232 enim
2903 2179 2989 2246 qui
3016 2188 3256 2248 operatur
3282 2181 3336 2234 in
3361 2181 3502 2235 nobis
3527 2190 3577 2235 et

2000 2266 2126 2320 velle
2154 2264 2408 2337 (Philipp.
2432 2282 2490 2332 tt,
2515 2266 2636 2337 15);
2659 2276 2715 2322 et
2730 2267 2819 2322 ubi
2841 2268 3051 2337 legitur,
3073 2269 3117 2321 Α
3137 2267 3355 2324 Domino
3374 2286 3577 2341 gressus

2001 2357 2218 2413 hominis
2258 2359 2559 2430 dirigentur,
2589 2370 2635 2414 et
2678 2361 2809 2414 viam
2846 2361 2956 2432 ejus
2996 2362 3123 2415 volet
3166 2360 3349 2431 (Psal.
3377 2378 3571 2429 xxxvr,

2000 2451 2131 2523 25)?
2164 2452 2261 2509 Ubi
2293 2453 2424 2507 nihil
2454 2453 2639 2517 miror,
2668 2454 2769 2508 nisi
2799 2454 2938 2509 unde
2964 2463 3016 2508 te
3039 2453 3384 2509 christianum
3406 2455 3571 2521 dicas,

1999 2557 2120 2599 cum
2153 2543 2236 2599 his
2263 2544 2458 2599 divinis
2486 2554 2561 2600 tot
2588 2553 2643 2601 et
2671 2554 2777 2599 tam
2804 2545 2964 2601 claris
2985 2546 3199 2601 vocibus
3219 2546 3572 2601 contradieas.

2060 2633 2300 2691 XCVIII.
2327 2634 2448 2690 Ιιιι..
2471 2634 2754 2690 Joviniano
2775 2646 2952 2691 autem
2981 2638 3031 2691 in
3053 2628 3156 2690 una
3188 2644 3336 2706 parte
3353 2637 3575 2705 conjuno

1998 2726 2141 2796 geris
2165 2744 2177 2780 :
2202 2742 2324 2780 nam
2350 2726 2480 2781 dicit
2505 2726 2560 2781 in
2590 2726 2823 2781 secundo
2842 2727 3022 2795 operis
3041 2727 3125 2781 sui
3155 2728 3313 2793 libro,
3333 2726 3578 2796 Baptizao

2001 2825 2113 2871 tum
2145 2816 2416 2872 hominem
2445 2833 2550 2871 non
2578 2832 2737 2887 posse
2762 2832 3014 2887 peccare;
3041 2826 3167 2872 ante
3193 2817 3459 2885 Baptisma
3478 2833 3577 2872 au-

2001 2917 2107 2962 tem
2153 2917 2208 2962 et
2253 2924 2471 2977 peccare
2514 2918 2570 2963 et
2610 2925 2715 2964 non
2759 2924 2983 2978 peccare
3022 2922 3199 2979 posse.
3228 2909 3423 2964 Tecum
3446 2923 3576 2979 ergo

2000 3006 2181 3068 putat,
2210 3014 2238 3051 a
2273 3008 2511 3068 tempore
2550 2999 2890 3069 Baptismatis
2916 3001 3115 3069 imponi
3144 3001 3446 3056 hominibus
3474 3013 3574 3054 ne-

1999 3090 2299 3151 cessitatem
2343 3090 2467 3143 boni
2493 3108 2506 3142 :
2541 3090 2681 3159 quod
2707 3105 2857 3159 atque
2883 3089 3073 3145 falsum
3100 3099 3181 3143 est
3202 3131 3217 3156 ,
3242 3105 3402 3159 quam
3432 3088 3574 3158 quod

2003 3190 2055 3234 tu
2086 3188 2266 3250 putas,
2299 3190 2424 3235 ante
2456 3181 2721 3249 Baptisma
2748 3182 2922 3237 inesse
2951 3181 3255 3236 hominibus
3282 3182 3576 3237 necessita-

2000 3280 2106 3329 tem
2147 3272 2370 3327 faciendi
2413 3273 2560 3328 mali.
2597 3272 2725 3328 Nam
2748 3289 2867 3327 cum
2898 3273 3031 3329 dicis
3062 3284 3116 3328 tu
3140 3314 3154 3339 ,
3190 3293 3211 3325 ι
3244 3273 3358 3327 Non
3403 3281 3578 3342 potest

2000 3363 2162 3423 homo
2183 3365 2303 3419 boui
2324 3364 2522 3434 aliquid
2545 3365 2704 3431 velle,
2730 3366 2831 3419 nisi
2856 3365 3139 3435 adjuvetur
3160 3366 3229 3419 ab
3253 3379 3319 3419 eo
3345 3365 3433 3433 qui
3459 3379 3575 3418 ma-

2000 3456 2107 3511 lutu
2137 3472 2243 3510 non
2274 3464 2451 3525 potest
2475 3457 2614 3511 velle
2639 3473 2652 3509 :
2693 3475 2712 3508 ι
2747 3458 3153 3526 participatione
3182 3458 3366 3526 utique
3392 3456 3577 3526 gratiae

2000 3555 2055 3601 et
2078 3550 2279 3600 natura:
2305 3547 2460 3601 bona:
2482 3548 2564 3599 vis
2591 3545 2861 3600 hominem
2891 3547 3293 3616 possibilitatem
3320 3546 3575 3615 consequi

2000 3636 2227 3692 faciendi
2256 3636 2409 3701 boni;
2436 3636 2577 3706 quod
2601 3636 2735 3690 dicis
2764 3646 2937 3690 tamen
2959 3652 2987 3689 a
3011 3645 3251 3705 tempore
3276 3624 3576 3703 Baptisma;

2000 3729 2068 3783 tis
2094 3743 2248 3798 posse
2275 3729 2602 3797 contingere.
2652 3728 2794 3782 inter
2826 3729 3151 3798 impietatem
3184 3729 3342 3797 igitur
3365 3727 3572 3782 medius

2001 3829 2055 3879 et
2081 3821 2346 3883 timorem,
2380 3818 2446 3873 ad
2481 3817 2743 3874 Joviniani
2770 3819 3094 3874 consortium
3123 3817 3441 3886 confugisti,
3478 3818 3572 3872 sed

2001 3911 2275 3968 Manicbtei
2326 3912 2549 3980 lupanar
2590 3910 2813 3965 necdum
2868 3910 3144 3978 reliquisti.
3198 3909 3572 3963 Verumtamen

2002 4012 2148 4058 tanto
2170 4012 2220 4057 te
2241 4001 2917 4063 innocentiorJoviniauus,
2936 4009 3133 4069 quanto
3150 3999 3431 4053 Joviniano
3454 4014 3576 4067 pro-

2002 4094 2173 4149 fanior
2202 4093 2540 4148 Manichznus.
2583 4093 2648 4149 Ut
2671 4093 2813 4146 enim
2845 4092 3020 4146 adhuc
3045 4092 3259 4146 brevius
3287 4091 3427 4161 quod
3456 4092 3571 4161 egi-o

2001 4201 2121 4241 mus
2144 4186 2441 4255 colligatur,
2470 4184 2791 4257 Manichacus
2814 4183 2978 4239 dicit:
3002 4181 3059 4237 In
3106 4182 3352 4237 omnibus
3398 4183 3571 4236 homi-

2000 4280 2155 4337 nibus
2192 4278 2494 4350 inspiratrix
2520 4279 2672 4333 mala:
2700 4278 2985 4333 voluntatis
3027 4275 3361 4331 tenebrarum
3389 4283 3575 4329 natura

2000 4370 2288 4440 delinquit,
2322 4380 2375 4425 et
2413 4367 2557 4424 aliud
2598 4367 2776 4423 facere
2814 4382 2919 4422 non
2964 4376 3158 4437 potest.
3206 4365 3287 4423 'l‘u
3321 4365 3454 4420 dicis
3477 4382 3492 4419 :
3515 4363 3575 4421 lu

2001 4463 2207 4519 cunctis
2246 4462 2547 4519 hominibus
2585 4461 2740 4531 primi
2778 4459 2983 4531 peccati
3011 4459 3245 4515 tenebris
3269 4457 3493 4522 infecta,
3524 4465 3579 4512 et

2003 4570 2097 4625 per
2140 4555 2241 4610 hoc
2273 4554 2425 4609 mala:
2447 4555 2736 4609 voluntatis
2761 4561 2947 4608 auctor
2971 4562 3156 4606 natura
3190 4549 3483 4619 delinquit,
3524 4558 3578 4605 et

2001 4647 2201 4709 bonum
2226 4646 2362 4701 velle
2402 4662 2507 4701 non
2554 4653 2747 4715 potest.
2776 4644 3090 4700 Jovinianus
3115 4642 3245 4697 dicit
3271 4659 3286 4697 :
3318 4642 3579 4697 Voluntas

2002 4736 2213 4807 quidem
2240 4735 2511 4790 hominum
2529 4775 2546 4803 ,
2576 4735 2670 4791 sed
2695 4749 2864 4805 usque
2887 4733 2955 4791 ad
2984 4733 3251 4803 Baptisma
3278 4732 3573 4802 delinquit;

2004 4835 2186 4898 postea
2212 4841 2386 4881 autem
2416 4827 2515 4880 nisi
2545 4826 2745 4882 bonum
2773 4826 2912 4880 velle
2939 4839 3045 4880 non
3076 4833 3271 4894 potest.
3296 4825 3574 4891 Catholici,

2004 4918 2055 4974 id
2100 4928 2183 4977 est
2224 4933 2356 4983 nos,
2385 4917 2610 4973 dicimus
2629 4959 2644 4983 ,
2676 4910 2916 4988 quod'ab
2945 4917 3096 4972 initio
3123 4932 3289 4986 usque
3313 4916 3379 4971 ad
3417 4917 3578 4972 linem

2004 5010 2118 5066 sine
2144 5010 2323 5080 aliquo
2349 5011 2667 5069 naturalium
2692 5019 2878 5066 coactu
2898 5050 2915 5078 ,
2943 5009 3187 5064 voluntas
3218 5019 3272 5064 et
3310 5018 3431 5064 ante
3471 5009 3578 5063 Ba-

2004 5102 2193 5171 ptisma
2216 5101 2267 5155 iu
2293 5116 2608 5175 unoquoque
2629 5101 2908 5170 delinquit,
2935 5116 3054 5170 qua:
3080 5099 3175 5154 illo
3199 5099 3314 5169 ipso
3339 5106 3585 5168 tempor-

2004 5208 2109 5263 quo
2136 5202 2337 5264 peccat,
2371 5202 2684 5264 potestatem
2716 5193 2875 5248 habet
2900 5193 3154 5251 recedere
3177 5207 3205 5246 a
3234 5191 3396 5258 malo,
3418 5200 3475 5245 et
3504 5190 3560 5244 fa.

2004 5299 2126 5341 cere
2150 5285 2369 5352 bomun,
2401 5294 2462 5341 ut
2484 5294 2693 5342 constet
2720 5288 2856 5342 ratio
2884 5285 3164 5341 libertatis.
3192 5283 3439 5339 Vestrum
3470 5282 3574 5336 ita-

2005 5391 2108 5447 que
2150 5376 2279 5431 nulli
2326 5377 2537 5446 quidem
2562 5379 2757 5433 veritas
2779 5377 3084 5447 dogmatum
3121 5381 3368 5430 constat:
3395 5380 3568 5426 tamet.

2005 5483 2126 5523 cum
2151 5469 2219 5524 ab
2247 5483 2352 5524 uno
2383 5466 2637 5540 principio
2661 5470 2859 5525 erroris
2887 5469 3089 5524 fueritis
3113 5468 3335 5537 egressi,
3360 5465 3443 5519 vel
3470 5465 3571 5519 nti-

2009 5575 2108 5614 ntts
2129 5558 2459 5614 inhonestum
2478 5568 2611 5626 erat,
2629 5560 2671 5614 si
2691 5575 2807 5629 quin
2822 5566 3220 5629 consequuntur
3235 5554 3544 5610 admitteres
3560 5590 3573 5602 .

2073 5777 2089 5807 ¹
2113 5782 2163 5825 In
2198 5775 2356 5838 editis,
2382 5776 2524 5839 quod.
2550 5774 2861 5826 Emendamus
2884 5787 2945 5824 ex
2973 5781 3073 5824 Mss.
