4102 6532
595 343 728 404 1115
1301 335 1548 392 Ol-ERIS
1586 323 1990 390 IMPERFECTI
2026 315 2291 378 CONTRA
2332 315 2692 384 IULIANUM,
2733 315 2792 373 S.
2835 315 3202 372 AUGUSTINI
3709 313 3848 370 1116

592 471 646 514 et
674 456 796 526 quia
835 467 958 510 cum
993 451 1287 508 Manichaee
1322 448 1490 515 dicis,
1519 456 1708 502 natura
1737 439 1873 497 mala
1895 439 1933 502 ',
1965 433 2016 490 id

595 522 786 602 manca
825 543 1074 600 libertate
1097 541 1336 612 delinqui
1357 583 1372 606 ,
1397 539 1605 594 diceres
1629 549 1748 589 cum
1775 528 1962 585 eodem
1978 565 1993 590 ,
2023 522 2172 577 nullo

596 639 744 692 illam
773 645 934 708 pacto
959 649 1118 707 posse
1141 631 1386 690 mundari
1419 649 1434 684 ε
1465 627 1604 698 quod
1631 621 1840 692 quidem
1869 617 1992 672 alibi
2021 613 2170 669 affir-

597 743 754 796 mas;
779 728 876 786 sed
905 727 1050 799 quod
1072 723 1372 782 necessario
1393 715 1812 784 consequebatur
1829 709 2170 799 adjungeres,

599 819 722 874 ideo
741 794 791 876 ei
807 794 1062 890 opusnon
1085 829 1204 872 esse
1221 806 1554 882 Baptismatis
1569 799 1914 858 sacramentis
1939 800 1983 850 ⁸.
2007 797 2110 850 Aut
2129 794 2174 849 si

601 925 722 966 cum
755 911 1057 976 Joviniano,
1089 925 1118 962 a
1151 915 1383 976 tempore
1402 905 1659 967 suscepta:
1683 893 1806 950 ﬁdei
1833 891 2063 964 imprimi
2091 904 2178 944 as-

601 1000 742 1057 seris
779 1000 948 1056 bonas
975 997 1316 1068 cupiditates;
1347 990 1554 1045 diceres
1575 1001 1696 1042 cum
1723 984 1914 1040 eodem
1936 1027 1952 1047 ,
1981 982 2176 1036 bonam

603 1101 663 1148 et
702 1105 830 1148 ante
863 1089 1133 1162 Baptisms
1173 1085 1332 1140 fuisse
1368 1091 1635 1142 naturam,
1659 1091 1780 1148 quae
1807 1075 1932 1130 licet
1957 1073 2179 1128 haberet

607 1181 1007 1254 possibilitatem
1031 1176 1171 1238 mali,
1192 1187 1294 1228 non
1321 1180 1495 1225 tamen
1517 1168 1762 1223 habuerit
1778 1164 2176 1228 necessitatem,

608 1287 672 1328 ac
715 1287 811 1342 per
851 1271 952 1326 hoc
993 1267 1058 1322 ad
1103 1261 1544 1320 indissimulabile
1569 1260 1591 1294 ³
1619 1261 1818 1316 bonum
1869 1262 2180 1312 consecrata

609 1361 926 1434 pervenerit.
953 1359 1064 1414 Hoc
1090 1357 1232 1412 enim
1259 1353 1438 1421 modo,
1469 1353 1570 1408 etsi
1599 1350 1816 1416 rationi,
1845 1361 2178 1418 nequaquam

610 1460 787 1507 tamen
815 1463 996 1504 eorum
1014 1487 1032 1516 ,
1060 1461 1198 1518 quos
1229 1445 1474 1516 sequeris
1492 1485 1506 1509 ,
1533 1441 1872 1513 dogmatibus
1897 1447 2181 1494 contrave-

609 1539 774 1594 uires.

681 1628 816 1683 Anc.
857 1625 1064 1682 Oblitus
1088 1637 1148 1680 es
1175 1623 1301 1692 quid
1331 1621 1570 1678 dicamus
1599 1638 1614 1676 :
1645 1619 1948 1682 recordare,
1978 1623 2182 1687 quaeso.

611 1719 722 1779 Nos
749 1732 932 1774 sumus
957 1717 1047 1788 qui
1076 1716 1228 1770 vobis
1270 1713 1685 1769 reclamantibus
1723 1711 1948 1766 dicimus
1969 1748 1984 1775 ,
2025 1708 2186 1762 etiam

607 1810 784 1883 justis,
811 1807 1056 1879 quamdiu
1083 1815 1206 1861 sunt
1230 1807 1282 1860 in
1314 1805 1412 1858 hac
1435 1805 1564 1870 vita,
1593 1817 1697 1858 non
1727 1803 1936 1868 deesse,
1969 1799 2108 1854 unde
2136 1797 2190 1853 in

611 1900 850 1957 oratione
873 1913 966 1954 sua
987 1898 1056 1952 de
1083 1914 1142 1951 se
1169 1897 1296 1966 ipsis
1317 1897 1578 1950 veraciter
1599 1895 1797 1959 dicant,
1822 1891 2030 1946 Dimitte
2050 1890 2192 1944 nobis

613 1989 778 2048 debita
805 2001 976 2045 nostra
1005 1988 1218 2062 (Matth.
1248 2003 1318 2052 vi,
1350 1986 1472 2058 12).
1501 1987 1762 2055 Quoniam
1791 1985 1836 2039 si
1877 1984 2106 2038 dixerint
2135 1997 2194 2038 se

613 2097 719 2138 non
751 2079 1284 2149 haberepeccatttm,
1312 2093 1370 2133 se
1414 2079 1560 2148 ipsos
1590 2077 1884 2146 decipiunt,
1917 2084 1972 2131 et
1997 2075 2196 2129 veritas

615 2173 670 2230 in
691 2174 769 2228 eis
791 2187 896 2228 non
923 2181 1007 2228 est
1033 2175 1050 2240 (
1073 2173 1092 2228 l
1115 2172 1273 2227 Joan.
1307 2188 1344 2236 l,
1377 2171 1467 2243 8).
1499 2170 1634 2239 Quid
1659 2178 1742 2224 est
1767 2185 1894 2240 ergo
1918 2167 2057 2239 quod
2085 2168 2199 2222 ina-

615 2263 756 2319 niter
782 2263 1018 2333 loqueris
1038 2304 1052 2326 ,
1085 2279 1172 2318 me
1199 2262 1480 2318 .loviniano
1507 2262 1560 2315 in
1591 2275 1652 2315 ea
1686 2269 1836 2330 parte
1875 2259 2126 2329 conjungi
2151 2257 2196 2321 ⁸,

615 2369 717 2426 qua
745 2353 876 2408 dicit
917 2353 1238 2423 baptizatum
1279 2352 1552 2408 hominem
1597 2367 1704 2406 non
1737 2365 1892 2421 posse
1942 2349 2200 2420 peccare?

615 2443 772 2501 Absit
795 2453 853 2499 ut
879 2453 988 2499 tam
1027 2445 1196 2500 simus
1233 2443 1380 2498 surdi
1420 2452 1474 2498 et
1503 2443 1632 2498 muti
1659 2485 1674 2509 ,
1703 2452 1764 2497 ut
1789 2457 1895 2496 non
1925 2441 2202 2496 audiamus

615 2551 801 2591 eorum
831 2535 922 2606 qui
953 2535 1202 2604 baptizati
1229 2544 1354 2590 sunt
1379 2549 1594 2599 vocem,
1629 2533 1712 2588 vel
1741 2547 1846 2587 non
1873 2547 1994 2588 eum
2021 2532 2098 2586 eis
2123 2529 2203 2584 di-

617 2643 823 2694 camus,
847 2627 1051 2682 Dimitte
1067 2627 1210 2682 nobis
1232 2627 1396 2682 debita
1411 2635 1604 2680 nostra.
1631 2627 1706 2680 Ex
1725 2641 1829 2696 quo
1850 2635 2024 2680 autem
2043 2623 2204 2679 homo

619 2717 804 2789 incipit
831 2719 906 2773 uti
932 2719 1219 2773 voluntatis
1243 2718 1484 2784 arbitrio,
1515 2725 1570 2772 et
1597 2732 1821 2786 peccare
1859 2725 1914 2771 et
1943 2731 2050 2770 non
2077 2729 2204 2785 pec-

619 2825 746 2866 care
771 2819 945 2881 potest
971 2827 986 2864 :
1015 2811 1108 2866 sed
1137 2811 1364 2866 alterum
1393 2809 1584 2864 horum
1614 2824 1719 2864 non
1747 2808 1894 2872 facit,
1925 2807 2023 2862 nisi
2055 2807 2206 2877 adju-

621 2911 710 2958 tus
725 2903 794 2957 ab
813 2917 880 2959 eo
900 2903 989 2974 qui
1015 2902 1169 2970 dixit,
1195 2902 1321 2958 Sine
1345 2919 1426 2958 me
1453 2903 1582 2956 nihil
1611 2902 1816 2972 potestis
1841 2901 2007 2969 facere
2025 2899 2204 2968 (Joan.

623 3009 726 3060 xv,
758 2993 822 3058 5)
855 3011 872 3050 :
902 2995 1127 3050 alterum
1169 3009 1297 3049 vero
1337 2995 1550 3064 propria
1579 2996 1852 3048 voluntate
1877 3034 1893 3059 ,
1923 2991 2040 3048 sive
2086 3007 2116 3045 a
2151 3005 2210 3046 se

625 3089 772 3159 ipso,
808 3089 924 3143 sive
958 3088 1026 3142 ab
1063 3087 1168 3142 alio
1211 3087 1500 3156 deceptore
1549 3085 1836 3150 seductus,
1867 3084 1951 3138 vel
1991 3091 2210 3153 peccato

627 3182 764 3234 sicut
793 3191 979 3234 servus
1015 3178 1276 3234 addictus.
1309 3179 1535 3246 Adjutos
1563 3186 1740 3232 autem
1781 3177 2028 3231 homines
2053 3175 2209 3230 novi-

626 3287 748 3328 mus
771 3271 864 3326 Dei
885 3269 1094 3341 spiritu,
1124 3279 1179 3324 ut
1207 3285 1269 3324 ea
1300 3268 1496 3324 vellent
1521 3283 1642 3338 qua:
1670 3269 1760 3323 Dei
1789 3275 1944 3334 sunt,
1968 3277 2091 3321 ante
2110 3265 2213 3320 Ba-

627 3363 906 3432 ptismum,
950 3361 1087 3416 sicut
1112 3358 1418 3416 Cornelium
1454 3359 1607 3430 (Act.
1639 3360 1705 3431 x)
1736 3378 1751 3414 :
1781 3359 2038 3429 quosdam
2079 3373 2210 3413 vero

631 3465 732 3505 nec
749 3460 864 3519 post
885 3449 1236 3519 Baptismum,
1257 3449 1395 3503 sicut
1413 3448 1685 3504 Simonem
1709 3447 1916 3517 Magum
1942 3447 2052 3520 (Id.
2071 3447 2210 3520 vui).

627 3541 830 3598 ludit-ia
852 3541 992 3595 enim
1018 3539 1110 3595 Dei
1136 3541 1273 3594 sicut
1295 3540 1461 3594 multa
1483 3539 1706 3611 abyssus
1731 3537 1902 3611 (Psal.
1927 3554 2096 3604 xxxv,
2115 3539 2172 3608 7)
2197 3556 2211 3594 :

629 3643 680 3687 et
699 3632 864 3702 gratia
884 3633 1000 3701 ejus
1021 3647 1124 3686 non
1147 3646 1212 3685 ex
1231 3631 1512 3700 operibus;
1539 3630 1773 3700 alioquin
1795 3631 1960 3698 gratia
1973 3631 2084 3700 jam
2107 3646 2212 3686 non

629 3733 712 3778 est
731 3723 896 3792 gratia
919 3725 936 3792 (
956 3722 1102 3778 Rom.
1126 3738 1201 3790 xi,
1228 3721 1319 3792 6).
1351 3721 1542 3778 Desine
1569 3721 1728 3791 igitur
1750 3721 2034 3776 conviciari
2061 3721 2216 3776 nobis

629 3814 700 3870 de
723 3813 1012 3870 Manichzno
1035 3824 1088 3869 et
1107 3813 1387 3870 Joviniano
1414 3829 1426 3868 :
1451 3813 1644 3884 quibus
1665 3814 1804 3868 enim
1825 3814 2142 3869 convicieris
2163 3813 2215 3870 in

629 3906 784 3963 nobis
801 3947 818 3972 ,
846 3920 980 3976 quos
1005 3905 1273 3961 subsecuti
1299 3919 1492 3976 negare
1519 3919 1624 3959 non
1653 3919 1937 3974 possumus
1961 3905 2218 3976 originale

631 4007 927 4068 peccatum,
947 3997 1155 4053 videres
1183 3998 1226 4052 si
1252 3998 1434 4052 oculos
1457 3995 1700 4064 haberes,
1717 4005 1774 4054 et
1789 4006 1993 4052 taceres
2011 3999 2055 4053 si
2075 3997 2220 4052 fron-

633 4098 742 4146 tem
763 4087 1006 4144 haberes.
1037 4087 1128 4143 Sic
1150 4096 1326 4141 autem
1351 4085 1710 4141 calumniosus
1731 4101 1810 4154 es,
1837 4095 1893 4142 ut
1919 4086 2046 4142 alibi
2067 4085 2217 4142 afilr-

631 4197 809 4239 masse
835 4197 922 4238 me
949 4181 1118 4248 dicas,
1145 4195 1174 4234 a
1201 4181 1432 4252 peccatis
1457 4177 1724 4236 hominem
1752 4197 1857 4238 non
1885 4195 2042 4252 posse
2065 4197 2221 4236 mun-

633 4274 747 4330 dari
779 4293 792 4330 :
819 4289 939 4334 cum
969 4275 1040 4329 ita
1069 4273 1242 4330 dicam
1269 4288 1444 4343 posse,
1474 4283 1530 4328 ut
1553 4289 1619 4329 eo
1643 4289 1851 4348 quoque
1877 4274 2216 4346 perducatur,

633 4365 724 4421 ubi
753 4365 1088 4421 beatissimus
1119 4379 1340 4434 peccare
1369 4381 1472 4422 non
1501 4368 1687 4437 possit.

706 4457 894 4515 XCIX.
925 4459 1045 4514 ιω..
1073 4458 1226 4515 Nunc
1245 4469 1422 4514 autem
1444 4460 1689 4514 omnibus
1711 4457 1964 4530 perfidus,
1987 4457 2122 4515 dicis
2145 4457 2222 4514 fa-

633 4561 776 4606 ctam
801 4551 854 4606 in
883 4559 1070 4605 natura
1099 4551 1298 4617 carnis,
1331 4551 1530 4621 peccati
1558 4549 1958 4605 necessitatem.

707 4646 844 4702 Anc.
885 4644 964 4700 'l‘u
993 4659 1124 4712 nega
1152 4643 1352 4698 dixisse
1377 4643 1712 4713 Apostolum,
1743 4641 1868 4697 Cum
1890 4643 2062 4697 essetis
2092 4643 2222 4697 servi

638 4737 849 4806 peccati,
880 4735 1024 4790 liberi
1051 4735 1220 4804 fuistis
1235 4735 1466 4804 justitiae.
1497 4735 1602 4790 Aut
1630 4735 1676 4790 si
1705 4735 1806 4790 hoc
1834 4733 1902 4790 ab
1929 4749 1994 4790 eo
2019 4733 2222 4789 dictum

639 4839 760 4880 esse
789 4841 894 4880 nun
933 4839 1094 4894 negas
1113 4865 1128 4889 ,
1161 4839 1266 4880 non
1294 4841 1414 4881 eum
1443 4833 1591 4882 recte
1631 4825 1832 4882 dixisse
1857 4825 2133 4897 redargne.
2163 4825 2221 4884 Si

640 4925 818 4972 autem
837 4931 942 4970 non
964 4916 1146 4982 audes,
1175 4933 1328 4987 nega,
1351 4919 1396 4974 si
1423 4927 1599 4989 potes,
1625 4933 1720 4974 eos
1743 4920 1933 4990 quibus
1955 4921 2056 4974 hoc
2073 4919 2219 4984 dicit,

641 5007 890 5064 habuisse
930 5009 982 5064 in
1013 5009 1164 5064 malis
1196 5010 1412 5066 liberam
1440 5011 1766 5066 voluntatem
1791 5053 1806 5076 ,
1832 5011 2046 5081 quando
2090 5009 2213 5068 fue-

641 5105 769 5154 runt
797 5097 946 5152 liberi
971 5098 1188 5167 iustitia:
1220 5117 1234 5152 :
1266 5111 1355 5154 aut
1383 5100 1634 5156 habuisse
1660 5101 1682 5134 ⁸
1709 5101 1929 5160 liberam
1963 5101 2012 5154 in
2043 5101 2220 5168 bonis,

643 5189 859 5260 quando
881 5187 1090 5246 fuerunt
1113 5192 1251 5247 servi
1280 5193 1484 5262 peccati
1516 5212 1528 5246 :
1559 5193 1704 5250 etab
1727 5193 1826 5248 hac
1847 5196 2100 5250 servitute
2127 5209 2222 5250 eos

706 5301 725 5374 ξ
751 5299 885 5374 ξξείἱιί2
907 5307 1133 5374 naturam
1149 5301 1344 5374 malum.
1366 5305 1665 5367 Castigantur
1679 5303 1736 5354 ad
1761 5305 2016 5368 manuscril
2033 5311 2126 5355 tos.

703 5365 725 5394 ²
752 5365 1378 5426 \‘ignierius,sacrame_nta.

705 5423 1023 5498 {stensi-dus,
1034 5425 1089 5498 in
1102 5423 1517 5498 editissimiiabiie:
1533 5427 1820 5498 Viguierins,
1837 5425 2220 5498 inittomt'sst'biie.

643 5493 700 5536 At
719 5491 826 5536 Mss.
849 5485 970 5537 Clar.
1003 5485 1119 5536 star.
1145 5495 1196 5536 et
1224 5494 1368 5546 νυνι,
1401 5487 1466 5538 ad
1497 5485 1910 5540 indissimttinbt'le.
1953 5497 2046 5540 Hoc
2075 5491 2226 5541 verbo

641 5561 764 5619 usus
775 5557 860 5619 est
879 5549 1096 5619 Julianus
1113 5561 1275 5619 supra,
1301 5561 1413 5619 cap.
1435 5551 1480 5599 1.

706 5609 1270 5682 “.tt.enardu.s,.Jovittiani
1283 5609 1500 5682 Opinione
1511 5616 1674 5682 aperte
1689 5611 2224 5682 conjungiA'igniet-ius,

645 5668 878 5740 {minimi
895 5671 1122 5740 ropiniqne
1148 5669 1198 5740 in
1237 5685 1296 5722 ea
1312 5668 1454 5737 parte
1476 5672 1716 5738 conjmtgi.
1745 5668 1798 5724 Αἰ
1821 5668 1946 5736 uss,
1979 5668 2227 5726 iorittitmo

644 5732 694 5790 ενι
715 5747 772 5780 ru
793 5732 1188 5797 parte'conjtmgi,

705 5797 725 5828 ⁸
753 5787 906 5857 I-Tot'te6
927 5787 1086 5848 me}:
1108 5787 1323 5848 ἣὶιὺιεὶδεσ

2277 429 2413 485 aude
2436 429 2618 486 dicere
2653 445 2750 500 per
2777 443 2836 485 se
2865 430 3008 500 ipsos
3029 471 3043 495 ,
3077 445 3180 484 non
3214 443 3308 498 per
3335 427 3428 483 Dei
3455 427 3688 497 gratiam
3721 427 3858 484 libeo

2273 531 2418 580 ratos
2437 562 2452 587 ,
2481 521 2675 590 quibus
2711 521 2924 586 dicitur,
2953 519 3108 574 Nunc
3133 521 3297 573 autem
3322 519 3518 574 liberati
3544 535 3576 572 tt
3609 529 3818 590 peccato
3839 559 3855 586 ,

2275 614 2404 669 emi
2415 614 2534 684 facti
2551 613 2666 668 estis
2683 613 2890 679 iustitia
2909 611 3062 682 (Rom
3103 627 3177 675 vt,
3193 609 3286 678 20,
3299 609 3412 680 ΞΕ).
3430 609 3486 666 Si
3503 619 3684 665 autem
3701 608 3858 676 dicis,

2277 718 2308 758 a
2333 713 2482 760 reatu
2509 703 2899 774 praeteritorum
2925 702 3207 766 malorum,
3238 715 3342 756 non
3367 715 3398 753 a
3421 699 3703 754 dominatu
3735 713 3860 768 pec-

2279 796 2416 862 cati,
2449 811 2556 866 quo
2594 797 2817 866 quisque
2838 795 3014 866 justus
3038 809 3158 850 esse
3183 809 3289 848 non
3319 793 3545 859 sinitur,
3573 807 3674 850 eos
3701 793 3866 850 fuiSse

2279 887 2374 943 Dei
2403 887 2568 958 gratia
2595 887 2883 954 liberatos;
2911 895 2968 942 ut
2996 893 3174 940 autem
3201 885 3279 940 eis
3309 901 3414 940 non
3439 883 3822 940 dominaretur
3845 887 3862 918 ι

2279 987 2586 1049 peccatum,
2616 977 2760 1048 ipsos
2786 976 2960 1033 facere
2988 977 3227 1048 potuisse
3262 976 3306 1030 si
3335 975 3532 1030 vellent
3551 1017 3566 1040 ,
3595 989 3781 1045 neque
3805 976 3868 1030 ad

2281 1068 2384 1124 hoc
2409 1068 2698 1139 indiguisse
2739 1069 2907 1140 gratia
2947 1067 3238 1122 Salvatoris
3265 1085 3281 1121 :
3314 1066 3403 1122 ubi
3431 1066 3594 1137 ponis
3627 1081 3755 1121 eum
3783 1067 3866 1136 qui

2281 1162 2428 1226 dicit,
2457 1160 2580 1216 Non
2607 1163 2744 1232 quod
2769 1163 2899 1226 volo,
2932 1161 3066 1234 facio
3091 1161 3314 1226 bonum;
3341 1159 3432 1214 sed
3459 1159 3598 1230 quod
3619 1157 3743 1213 nolo
3767 1175 3872 1210 ma-

2283 1254 2408 1318 lum,
2431 1255 2526 1308 hoc
2548 1269 2643 1325 ago
2671 1253 2780 1324 (Μ.
2799 1269 2893 1316 vu,
2925 1253 3050 1324 l9)?
3081 1252 3137 1308 Si
3162 1251 3304 1306 enim
3330 1251 3428 1306 sub
3455 1251 3606 1321 lege,
3633 1263 3744 1303 non
3775 1249 3869 1302 sub

2281 1345 2452 1416 gratia
2470 1345 2788 1399 constitutus
2813 1343 2928 1400 lucc
2954 1343 3189 1414 loquitur
3213 1359 3225 1396 :
3251 1342 3408 1396 istum
3438 1355 3570 1410 nega
3597 1339 3704 1394 sub
3721 1339 3866 1408 gravi

2283 1437 2617 1494 necessitatis
2643 1436 2877 1507 pondere
2906 1437 3212 1506 ingemere;
3255 1433 3396 1488 hunc
3423 1431 3490 1486 ad
3517 1434 3660 1487 bene
3687 1430 3871 1485 viven-

2286 1529 2413 1584 dum
2447 1539 2500 1585 et
2543 1529 2609 1583 ad
2651 1539 2795 1584 recte
2833 1528 3098 1598 agendum
3136 1541 3232 1596 per
3267 1524 3555 1580 voluntatis
3593 1521 3872 1577 arbitrium

2287 1635 2470 1676 assere
2486 1620 2733 1686 liberum,
2756 1619 3072 1674 clamantem
3099 1616 3216 1683 tibi,
3237 1615 3496 1682 Mentiris,
3520 1621 3616 1668 aut
3639 1611 3874 1676 falleris;

2289 1727 2391 1766 non
2426 1711 2562 1782 quod
2595 1711 2740 1777 uolo,
2777 1726 2895 1782 age.
2943 1709 3000 1764 Si
3047 1717 3259 1774 autem,
3305 1707 3443 1762 sicut
3479 1705 3677 1761 melius
3715 1703 3878 1758 sensit

2291 1802 2627 1868 Ambrosius,
2650 1801 2750 1855 hoc
2771 1801 2932 1854 etiam
2959 1798 3026 1854 de
3047 1811 3106 1853 se
3133 1797 3249 1867 ipso
3273 1796 3404 1851 dicit
3428 1794 3760 1866 Apostolus;
3785 1809 3880 1848 nec

2289 1891 2550 1962 iustorum
2573 1899 2654 1946 est
2675 1891 2726 1944 in
2750 1889 2850 1944 hac
2873 1890 2980 1944 vita
3007 1888 3074 1942 ad
3095 1883 3478 1958 perliciendum
3505 1885 3714 1940 bonum
3743 1891 3882 1937 tanta

2293 1985 2512 2042 libertas
2539 1986 2768 2056 propriae
2795 1983 3082 2040 voluntatis
3102 2025 3117 2049 ,
3150 1991 3352 2053 quanta
3389 1983 3494 2038 erit
3533 1981 3602 2062 in.
3617 1981 3714 2035 illa
3743 1979 3848 2034 vita
3867 2022 3882 2044 ,

2295 2079 2384 2135 ubi
2409 2093 2512 2133 non
2534 2077 2759 2144 dicetur,
2791 2076 2912 2132 Non
2938 2077 3073 2146 quod
3099 2077 3233 2140 uolo,
3264 2093 3382 2147 ago.

2367 2169 2430 2225 C.
2470 2169 2586 2225 ius.
2625 2168 2697 2225 Ut
2733 2170 3072 2238 possessione
3109 2165 3421 2223 aeternitatis
3452 2165 3652 2221 amissa
3689 2165 3894 2236 (quam

2298 2261 2510 2332 quidem
2541 2275 2808 2330 nunquam
2845 2275 2960 2315 eam
3003 2275 3104 2331 per
3129 2267 3373 2314 exortum
3413 2259 3496 2314 sui
3531 2267 3752 2312 constat
3791 2257 3887 2311 ha-

2298 2351 2534 2419 buisse),
2557 2351 2800 2405 voluntas
2823 2350 3134 2421 appetenda:
3153 2349 3353 2421 iugiter
3375 2351 3652 2418 pravitatis
3681 2349 3892 2404 incum-

2300 2444 2468 2499 beret.
2495 2443 2558 2497 Et
2577 2441 2838 2514 adjungis,
2874 2461 2892 2495 ι
2929 2441 3186 2498 Voluntas
3207 2459 3328 2513 quae
3351 2443 3514 2497 libera
3533 2451 3618 2498 est
3635 2443 3688 2496 in
3713 2441 3890 2506 malis,

2305 2535 2470 2591 libera
2493 2537 2544 2590 in
2567 2535 2721 2590 bonis
2743 2551 2846 2590 non
2875 2545 2958 2592 est
2991 2551 3004 2592 :
3043 2553 3062 2588 ι
3099 2551 3202 2590 ηοη
3231 2536 3439 2590 minore
3467 2536 3624 2606 plane
3649 2535 3894 2590 stultitia:

2303 2628 2654 2700 professione,
2683 2645 2838 2702 quam
2869 2629 3262 2701 profanitatis’,
3287 2629 3513 2684 liberum
3545 2641 3730 2694 vocas,
3749 2625 3894 2698 quod

2305 2719 2440 2776 dicis
2471 2723 2572 2776 nisi
2599 2737 2760 2776 unum
2790 2722 2924 2776 velle
2961 2735 3065 2775 non
3107 2735 3284 2790 posse.

2379 2813 2516 2869 Anc.
2563 2811 2617 2868 Si
2667 2813 2895 2867 liberum
2943 2827 3048 2866 non
3093 2819 3198 2878 est,
3245 2811 3346 2866 nisi
3387 2809 3532 2882 quod
3564 2809 3674 2865 dno
3719 2817 3897 2880 potest

2308 2903 2479 2970 velle,
2525 2903 2576 2959 id
2607 2913 2711 2968 est,
2750 2913 2804 2958 et
2851 2903 3052 2958 bonurn
3083 2911 3138 2957 et
3179 2901 3418 2960 malum:
3449 2901 3586 2956 liber
3613 2901 3759 2955 Deus
3789 2915 3898 2956 non

2308 3005 2394 3053 est
2415 3039 2429 3062 ,
2460 2997 2546 3066 qui
2580 2997 2778 3051 malum
2801 3011 2904 3050 non
2935 3004 3114 3066 potest
3143 2993 3301 3059 velle,
3347 2993 3416 3049 de
3446 3008 3552 3064 quo
3579 2993 3746 3048 etiam
3787 2992 3900 3062 ipse

2309 3089 2524 3156 dixisti,
2557 3104 2848 3157 verumque
2871 3089 3072 3154 dixisti,
3110 3105 3128 3140 ς
3159 3087 3301 3142 Deus
3325 3099 3444 3142 esse
3465 3085 3566 3141 nisi
3587 3085 3772 3156 justus
3795 3101 3900 3140 non

2311 3190 2486 3253 potest
2522 3199 2541 3233 ι
2582 3181 2780 3254 (Supra
2801 3222 2816 3248 ,
2859 3197 2975 3252 cap.
3003 3181 3122 3250 25).
3170 3179 3380 3234 Siccine
3407 3179 3573 3232 Deum
3603 3175 3815 3244 laudas,
3845 3187 3904 3231 ut

2312 3276 2360 3330 ei
2391 3273 2603 3330 auferas
2657 3273 3097 3328 libertatem?au
3152 3273 3330 3343 potius
3387 3271 3685 3342 intelligere
3737 3269 3902 3326 debes

2313 3381 2434 3422 esse
2457 3365 2741 3437 quamdam
2774 3363 2986 3420 beatam
3017 3363 3411 3428 necessitatem,
3439 3377 3542 3434 qua
3567 3362 3710 3416 Deus
3741 3361 3904 3432 injus-

2314 3467 2399 3513 tus
2429 3475 2532 3512 non
2561 3465 2737 3527 potest
2763 3455 2928 3512 esse?

2385 3548 2470 3603 Cl.
2501 3549 2620 3604 Jun.
2651 3547 2756 3603 Sed
2801 3547 2926 3601 licet
2951 3545 3096 3601 nulla
3117 3561 3184 3602 ex
3225 3555 3375 3618 parte
3403 3553 3618 3600 constes
3645 3545 3690 3612 ³,
3721 3554 3902 3600 tamen

2315 3640 2444 3710 quid
2471 3639 2718 3694 attuleris
2743 3637 2979 3708 prudens
3011 3638 3180 3692 lector
3208 3635 3466 3692 attendat.
3487 3635 3906 3692 Consentiamus

2316 3730 2645 3784 voluntatem
2674 3729 2900 3784 liberam
2927 3727 3031 3782 dici
3055 3741 3236 3798 posse,
3265 3743 3382 3797 qua:
3408 3728 3606 3781 bonum
3629 3725 3772 3781 velle
3799 3741 3906 3780 non

2317 3828 2528 3889 potest:
2553 3817 2692 3874 hanc
2718 3827 2894 3874 autem
2920 3817 3246 3872 voluntatem
3277 3817 3328 3871 in
3352 3817 3680 3888 Baptismate
3707 3819 3906 3872 asseris

2317 3911 2552 3969 liberari.
2584 3911 2864 3982 Interrogo
2884 3953 2899 3976 ,
2931 3911 2998 3965 ad
3049 3925 3208 3982 quem
3261 3909 3479 3965 modum
3507 3909 3808 3965 liberatur?
3837 3919 3894 3965 ut

2319 4007 2518 4062 bonum
2547 4019 2762 4074 semper
2803 4001 2946 4058 velle
2995 4011 3216 4073 cogatur
3239 4044 3254 4067 ,
3283 4011 3340 4058 et
3369 4003 3566 4056 malum
3613 4003 3752 4056 velle
3797 4019 3900 4056 non

2321 4095 2534 4167 possit?
2561 4111 2628 4149 an
2675 4101 2734 4150 ut
2779 4101 3064 4164 utrumque
3095 4093 3258 4164 possit
3311 4093 3612 4164 appetere?
3645 4091 3748 4148 llic
3781 4102 3836 4146 tu
3863 4093 3906 4148 si

2319 4187 2686 4260 responderis,
2717 4185 2787 4242 Ut
2823 4186 3021 4241 bonum
3055 4199 3267 4254 semper
3295 4185 3434 4240 velle
3459 4193 3720 4254 cogatur:
3747 4199 3906 4253 quam

2320 4281 2395 4336 sis
2425 4279 2803 4342 Jovinianista,
2835 4276 2997 4332 etiam
3021 4276 3133 4346 ipse
3161 4275 3461 4346 cognoscis.
3489 4273 3544 4331 Si
3565 4275 3906 4330 autemdixe-

2319 4371 2417 4440 ris,
2446 4369 2723 4438 Quomodo
2751 4377 2943 4441 potest
2990 4382 3110 4422 esse
3135 4367 3380 4422 voluntas
3409 4367 3600 4434 libera,
3632 4367 3678 4422 si
3709 4365 3910 4422 bonum

2321 4479 2534 4532 semper
2557 4462 2698 4517 velle
2721 4460 2982 4532 cogatur?
3009 4457 3333 4530 respondeo,
3382 4457 3664 4526 Quomodo
3689 4457 3906 4513 diceba-

2321 4565 2408 4610 tur
2431 4563 2553 4609 ante
2579 4553 2825 4608 voluntas
2850 4552 3040 4618 libera,
3069 4552 3114 4606 si
3145 4552 3345 4606 malum
3373 4551 3512 4606 velle
3539 4549 3914 4606 tantummodo

2321 4645 2648 4719 cogebatur?
2677 4643 2733 4702 Si
2759 4659 2888 4718 ergo
2925 4643 3300 4716 responderis,
3331 4643 3410 4698 sic
3438 4641 3551 4696 fieri
3586 4651 3708 4712 post
3734 4641 3910 4713 Bapti-

2323 4753 2436 4795 sma
2463 4738 2684 4794 liberam
2705 4737 3055 4802 voluntatem,
3079 4743 3136 4790 ut
3159 4745 3214 4791 et
3235 4749 3455 4806 peccare
3481 4743 3538 4790 ct
3561 4749 3666 4789 non
3687 4749 3910 4806 peccare

2325 4831 2489 4901 possit
2517 4848 2532 4896 ;
2562 4830 2663 4886 hoc
2693 4831 2809 4900 ipso
2839 4827 3210 4900 pronuntiabis
3239 4827 3463 4882 liberum
3491 4826 3774 4882 arbitrium
3799 4839 3906 4878 non

2325 4923 2520 4988 fuisse,
2554 4939 2674 4978 cum
2705 4930 2989 4992 utrumque
3023 4935 3130 4974 non
3171 4927 3400 4990 poterat.
3442 4915 3720 4972 Clauderis
3747 4916 3904 4970 undi-

2323 5031 2428 5085 que
2451 5011 2822 5084 disputationis
2845 5022 2946 5068 tua:
2972 5009 3175 5082 laqueis
3210 5027 3223 5062 :
3261 5009 3536 5064 arbitrium
3563 5017 3687 5064 ante
3719 5006 3902 5078 Bapti-

2325 5121 2437 5162 sma
2477 5107 2702 5160 liberum
2738 5103 2866 5168 fuit;
2915 5101 3218 5158 facultatem
3248 5099 3436 5155 habuit
3477 5097 3700 5154 faciendi
3735 5098 3902 5164 boni,

2325 5203 2463 5256 sicut
2487 5200 2786 5254 facultatem
2813 5197 2996 5252 habuit
3021 5195 3242 5251 faciendi
3271 5195 3392 5250 mali
3420 5211 3434 5260 ;
3465 5203 3521 5250 et
3541 5193 3716 5248 omnis
3781 5191 3912 5264 dog-

2325 5295 2482 5350 matis
2513 5291 2608 5358 tui,
2637 5305 2743 5364 quo
2769 5289 2968 5345 malum
2997 5287 3236 5344 naturale
3265 5286 3576 5360 persuades,
3607 5301 3767 5342 scena
3795 5283 3898 5338 col-

2325 5387 2535 5442 labitur.

2397 5479 2532 5533 Auc.
2565 5475 2638 5532 De
2662 5473 2950 5531 Manichazo
2969 5483 3024 5530 et
3050 5473 3453 5544 .lminianojam
3479 5488 3564 5526 me
3607 5472 3699 5526 tibi
3745 5483 3904 5540 supe-

2389 5613 2410 5644 ί
2443 5617 2572 5668 ηδ..
2591 5609 2875 5661 dominetur.

2391 5677 2410 5706 ²
2436 5673 2702 5736 Meiiardus,
2739 5685 2833 5736 qua
2855 5669 3135 5736 profunittts.
3161 5671 3432 5734 \‘ignierius
3447 5705 3460 5730 ,
3483 5683 3578 5734 qua
3599 5667 3900 5734 properum.

2329 5735 2650 5784 intendantur
2673 5748 2736 5784 cx
2754 5735 3110 5796 ’manuscriplis.

2395 5799 2416 5830 ³
2437 5797 2570 5857 ildili,
2599 5803 2786 5850 (ottilcl.
2819 5805 2920 5846 \Ess.
2948 5809 3078 5854 vero,
3105 5801 3303 5845 t'ottstes.
