4102 6522
286 309 426 370 1117

283 419 399 475 rius
419 417 655 474 inveniet
678 414 1040 487 respondisse,
1083 416 1172 485 qui
1200 415 1424 488 legerit:
1450 415 1715 484 quomodo
1757 429 1853 467 au-

285 519 396 566 tem
417 508 565 564 dicas
606 524 748 572 eum,
778 507 929 578 cujus
966 508 1288 562 voluntatem
1313 521 1410 562 nos
1434 507 1657 562 dicimus
1698 521 1728 558 a
1753 505 1858 559 Do-

291 600 439 654 mino
460 597 771 668 prmparari,
796 598 865 651 ita
895 597 1004 650 lieri
1029 597 1181 651 house
1220 597 1508 651 voluntatis
1532 637 1547 664 ,
1576 606 1631 650 ut
1659 595 1854 650 bonum

285 690 422 746 velle
450 698 672 760 cogatur
691 688 856 759 (quod
876 688 1014 744 absit
1037 699 1095 744 ut
1133 687 1339 744 dicatur
1367 705 1397 744 a
1437 689 1635 758 nobis),
1668 685 1858 740 viderit

277 782 534 853 praeclara
566 780 909 850 intelligentia
933 789 1042 834 tua.
1068 781 1122 837 Si
1148 781 1290 835 enim
1311 782 1536 850 cogitur,
1569 794 1672 832 non
1696 777 1806 831 vult
1840 794 1854 831 :

275 882 332 928 et
355 871 482 944 quid
504 870 784 926 absurdius
805 912 823 938 ,
855 887 1012 940 quam
1041 880 1096 926 ut
1117 871 1321 927 dicatur
1344 872 1529 926 uolens
1549 869 1686 924 velle
1713 867 1856 939 quod

274 965 475 1021 bonum
505 962 631 1019 est?
668 963 743 1018 De
785 971 968 1018 natura
1007 963 1166 1020 etiam
1208 963 1301 1018 Dei
1329 962 1446 1017 vide
1483 961 1607 1032 quid
1631 960 1854 1027 sentias,

277 1054 449 1110 homo
462 1055 552 1124 qui
575 1053 710 1109 dicis
730 1054 846 1124 cogi
871 1052 1138 1108 hominem
1161 1061 1221 1108 ut
1238 1053 1436 1108 bonum
1477 1051 1604 1106 velit
1628 1092 1644 1118 ,
1673 1051 1718 1106 si
1739 1065 1856 1105 ma-

281 1144 390 1203 lum
413 1144 552 1200 velle
594 1159 700 1200 non
751 1144 936 1214 possit.
963 1132 1229 1214 Numquid
1273 1144 1414 1198 enim
1463 1142 1603 1198 Deus
1650 1142 1855 1212 cogitur

279 1234 425 1291 velle
444 1236 638 1291 bonum
665 1275 680 1298 ,
707 1233 831 1302 quia
859 1233 994 1288 velle
1033 1231 1138 1288 nun
1163 1243 1334 1302 potest
1356 1232 1572 1298 malum,
1601 1231 1853 1302 quoniam

280 1333 368 1379 est
387 1325 603 1380 omnino
633 1322 1017 1378 immutabilis?
1041 1322 1240 1379 Natura
1281 1339 1408 1378 vero
1431 1323 1657 1378 humana
1680 1338 1856 1392 quam-

281 1416 364 1469 vis
387 1414 674 1479 mutabilis,
698 1422 950 1484 quantum
992 1413 1060 1468 ad
1107 1412 1161 1470 id
1202 1415 1430 1484 pertinet
1470 1413 1611 1484 quod
1638 1412 1850 1468 condita

277 1516 382 1571 est,
405 1506 542 1561 bona
565 1519 677 1572 est;
713 1521 830 1576 quae
852 1521 958 1561 non
983 1506 1154 1560 solum
1195 1506 1310 1561 sine
1337 1506 1462 1560 vitio
1485 1505 1618 1560 facta
1641 1513 1742 1571 est,
1765 1520 1856 1560 ve—

273 1613 396 1652 rum
418 1597 577 1652 etiam
599 1613 718 1652 cum
746 1613 842 1668 per
874 1598 1057 1652 vitium
1081 1598 1216 1652 mala
1260 1605 1363 1662 est,
1394 1613 1558 1668 capax
1585 1606 1668 1652 est
1704 1598 1850 1664 boni,

271 1687 588 1759 quo‘hona
632 1687 720 1742 sit.
764 1688 887 1742 llazc
913 1702 1038 1742 vera
1091 1688 1348 1743 sententia
1399 1686 1637 1742 fallacem
1685 1686 1855 1741 Mani-

271 1778 547 1833 cinnorum
591 1777 780 1832 evertit
826 1776 1104 1832 insaniam.
1163 1777 1219 1831 ln
1247 1776 1516 1847 Baptismo
1556 1787 1730 1832 autem
1784 1777 1854 1830 ita

273 1877 496 1938 peccata
525 1868 702 1923 omnia
731 1867 1065 1922 dimittuntur
1085 1867 1136 1922 in
1170 1868 1262 1922 Dei
1299 1868 1486 1937 gratia,
1516 1883 1620 1938 qua
1649 1869 1669 1899 ¹
1694 1877 1748 1922 et
1786 1866 1851 1921 ad

273 1960 449 2030 ipsum
477 1960 805 2029 Baptismum
834 1959 995 2014 homo
1021 1968 1312 2030 praeparata
1339 1962 1406 2016 ah
1451 1961 1541 2016 illo
1583 1961 1852 2016 voluntate

274 2050 606 2121 perducitur,
631 2061 688 2106 ut
711 2051 962 2122 deinceps
990 2053 1232 2122 quamvis
1274 2053 1616 2122 concupiscat
1636 2054 1852 2122 spiritus

273 2140 396 2209 ejus
441 2139 700 2195 adversus
727 2155 963 2208 carnem,
991 2158 1058 2197 ne
1087 2142 1108 2173 ³
1133 2131 1435 2198 consentiat
1459 2144 1737 2213 iniquitati,
1772 2152 1853 2198 ta-

273 2247 400 2286 men
428 2241 483 2287 et
523 2247 650 2287 caro
694 2234 1034 2304 concupiscat
1058 2235 1310 2291 adversus
1336 2237 1574 2307 spiritum
1599 2279 1618 2304 ,
1660 2245 1854 2293 utnon

271 2321 436 2377 faciat
462 2332 514 2378 et
564 2323 650 2378 ille
675 2325 816 2395 quod
867 2326 998 2381 vult.
1059 2327 1180 2382 Vult
1219 2327 1362 2382 enim
1401 2339 1454 2384 et
1498 2329 1652 2384 istam
1680 2329 1854 2384 carnis

272 2414 761 2494 concupiscentiam
793 2432 896 2472 non
925 2417 1120 2473 habere
1150 2436 1162 2472 :
1195 2419 1288 2474 sed
1318 2435 1424 2475 non
1455 2430 1628 2490 potest
1669 2435 1851 2488 nunc;

274 2513 494 2575 prOpter
512 2506 652 2575 quod
673 2506 844 2563 adhuc
871 2507 922 2562 in
947 2524 1005 2564 se
1028 2507 1144 2580 ipso
1165 2510 1482 2580 ingemiscit,
1515 2511 1853 2582 adoptionem

278 2604 595 2664 exspectans
611 2596 1026 2668 redemptionem
1043 2602 1281 2670 corporis
1297 2601 1378 2655 sui
1400 2600 1573 2672 (Rom.
1598 2618 1710 2668 vui,
1734 2601 1855 2675 25),

279 2689 374 2743 uhi
417 2690 496 2744 sic
525 2690 715 2747 habeat
760 2706 975 2747 carnem
999 2735 1015 2759 ,
1061 2704 1119 2749 ut
1141 2694 1250 2764 jam
1279 2709 1501 2764 peccare
1531 2710 1636 2750 non
1667 2697 1851 2765 possit.

277 2779 432 2835 Nunc
457 2795 616 2852 ergo,
648 2798 751 2837 non
781 2783 953 2838 solum
1000 2793 1178 2854 potest
1226 2800 1447 2856 peccare
1497 2796 1617 2857 post
1662 2787 1853 2858 Bapti-

274 2885 483 2936 smum,
512 2887 694 2926 verum
726 2873 884 2929 etiam
911 2875 1031 2944 quia
1061 2885 1113 2930 et
1138 2875 1275 2932 bene
1315 2877 1579 2932 reluctans
1601 2879 1854 2948 concupi-

275 2963 500 3018 scentia:
528 2965 705 3020 carnis
730 2965 1014 3040 aliquando
1057 2967 1124 3022 ab
1153 2983 1214 3022 ea
1247 2967 1470 3023 trahitur
1495 2968 1561 3023 ad
1611 2984 1842 3024 consen-

272 3053 487 3110 sionem
515 3071 528 3119 ;
553 3063 608 3110 et
631 3057 876 3125 quamvis
901 3058 1125 3112 venialia
1158 3056 1200 3124 ⁸,
1228 3066 1402 3114 tamen
1432 3059 1608 3130 aliqua
1639 3069 1850 3130 peccata

272 3147 565 3204 committit
595 3168 609 3204 :
641 3148 806 3205 habet
836 3167 937 3206 cur
980 3165 1194 3222 semper
1223 3151 1310 3208 hic
1337 3152 1497 3220 dicat,
1529 3139 1737 3207 Dimitte
1765 3171 1856 3208 no-

274 3239 351 3293 bis
373 3239 541 3294 debita
570 3252 746 3296 nostra
769 3239 980 3314 (Matth.
1014 3258 1089 3310 Vt,
1124 3242 1234 3316 12).
1270 3243 1393 3298 llzcc
1434 3260 1644 3315 quoque
1671 3244 1856 3300 catho-

277 3329 380 3386 lica
410 3333 605 3386 veritas
628 3330 891 3388 Joviniani
920 3322 1188 3404 redarguit
1213 3336 1516 3390 vanitatem.
1563 3335 1857 3407 Utrumque

280 3431 460 3477 autem
485 3462 500 3487 ,
532 3423 584 3477 id
609 3433 711 3490 est,
742 3432 799 3479 et
820 3415 964 3495 quod
994 3436 1176 3480 contra
1223 3424 1590 3492 Manichacum,
1635 3427 1856 3497 etquod

280 3522 473 3567 contra
521 3511 853 3568 Jovinianum
906 3515 1150 3582 dicimus,
1184 3515 1430 3572 haeresim
1455 3527 1687 3573 vestram
1708 3518 1857 3573 eain-

280 3603 563 3674 mniasque
588 3605 859 3660 subvertit.

357 3692 474 3750 Cll.
505 3695 622 3751 JUL.
652 3695 742 3752 Sin
767 3707 943 3753 autem
967 3697 1196 3776 liberum
1225 3706 1348 3754 ante
1369 3698 1433 3753 ad
1464 3699 1486 3732 ³
1509 3699 1706 3754 bonum
1752 3715 1857 3754 non

282 3785 405 3850 fuit,
433 3797 486 3843 et
516 3786 714 3844 factum
738 3800 818 3844 est
845 3799 964 3860 post
985 3791 1251 3861 Baptisma
1284 3791 1351 3845 ita
1382 3790 1632 3856 liberum,
1664 3802 1719 3844 ut
1748 3805 1861 3850 ma-

277 3878 392 3935 lum
418 3877 598 3934 facere
651 3895 757 3934 non
796 3881 1006 3950 possit:
1037 3898 1302 3951 nunquam
1332 3883 1548 3952 quidem
1594 3882 1642 3935 ei
1693 3881 1861 3936 adfuit

277 3968 487 4024 arbitrii
516 3970 754 4038 libertas,
786 3981 839 4026 et
861 3972 1115 4041 probatur
1147 3973 1262 4027 sine
1289 3985 1435 4027 reatu
1457 3983 1610 4030 antea
1642 3989 1858 4042 peccas-

280 4076 372 4129 se,
400 4071 455 4116 et
482 4071 667 4133 postea
694 4063 812 4118 sine
834 4079 959 4118 cura
989 4064 1284 4118 sanctitatis
1313 4065 1535 4134 gloriam
1562 4065 1857 4135 possidere.

357 4153 485 4208 Auc.
515 4152 655 4223 Ergo
687 4169 786 4208 nec
832 4153 883 4208 in
920 4154 1026 4207 Deo
1076 4162 1158 4208 est
1208 4155 1410 4210 arbitrii
1449 4156 1686 4220 lihcrtas,
1740 4155 1859 4224 quia

283 4241 482 4296 malum
513 4241 686 4298 facere
715 4259 820 4298 non
850 4254 1023 4315 potest
1045 4285 1060 4308 ,
1092 4246 1227 4300 sicut
1256 4261 1449 4316 negare
1473 4263 1531 4301 se
1555 4247 1727 4315 ipsum
1755 4261 1860 4300 non

288 4343 468 4404 potest
492 4335 556 4407 (ll
580 4335 711 4389 Tim.
743 4353 802 4404 ιι,
825 4337 913 4410 15)
955 4356 968 4391 :
998 4337 1085 4408 qui
1106 4347 1160 4392 et
1183 4338 1334 4392 nobis
1363 4353 1573 4392 summo
1606 4338 1696 4393 illo
1719 4353 1860 4408 pra:-

291 4424 404 4479 mio
429 4424 709 4494 largiturus
733 4437 833 4494 est,
863 4439 920 4481 ut
949 4444 1053 4482 non
1092 4429 1304 4497 quidem
1337 4429 1436 4498 ipsi
1487 4429 1596 4484 Deo
1616 4471 1630 4494 ,
1659 4428 1750 4484 sed
1781 4437 1862 4483 la-

289 4529 416 4568 men
446 4515 660 4584 Angelis
678 4517 793 4585 ejus
813 4518 1058 4587 mquales,
1084 4533 1181 4572 nec
1203 4535 1298 4573 nos
1329 4533 1548 4587 peccare
1575 4519 1859 4588 possimus.

289 4610 407 4666 Hoc
452 4611 592 4665 cnim
640 4611 718 4665 eis
764 4621 882 4680 post
911 4611 1110 4680 lapsum
1139 4612 1333 4666 diaholi
1366 4627 1462 4682 pro
1493 4613 1683 4666 merito
1713 4611 1863 4665 home

283 4700 579 4755 voluntatis
602 4740 618 4767 ,
653 4715 756 4770 qua
796 4700 846 4754 in
881 4702 1098 4756 veritate
1140 4710 1439 4765 steterunt,
1470 4692 1701 4758 donasse
1747 4716 1864 4756 cre-

283 4791 496 4846 dendus
523 4801 623 4855 est,
659 4801 714 4846 ut
752 4801 934 4860 postea
966 4792 1143 4846 nullus
1185 4807 1282 4864 per
1309 4792 1535 4864 liberum
1583 4791 1862 4848 arbitrium

283 4899 454 4939 novus
477 4883 723 4938 diaholus
750 4882 924 4938 fieret.
1190 4863 1197 4864 ί
1335 4863 1350 4876 ’

357 4974 490 5029 Clll.
517 4973 637 5030 Jun.
668 4974 785 5043 Quo
814 4974 1043 5030 collecto
1068 4974 1404 5030 eonvinceris
1452 4973 1676 5029 inliciari
1707 4989 1863 5044 pror-

288 5081 382 5120 sus
410 5065 640 5137 dogmati
671 5075 764 5121 tuo
795 5067 852 5129 ⁸;
880 5073 938 5120 ιιι
961 5067 1239 5136 promittas
1258 5074 1312 5122 te
1333 5066 1555 5120 liberum
1583 5065 1858 5120 arbitrium
1891 5135 1900 5142 .

292 5172 401 5210 non
421 5173 633 5227 negare,
657 5155 799 5228 quod
816 5167 971 5212 antea
999 5156 1160 5226 mali,
1188 5167 1371 5228 postea
1394 5157 1517 5212 boni
1540 5157 1862 5212 necessitate

291 5249 571 5302 subvertis.
1061 5269 1152 5366 .

356 5427 372 5490 ξ
413 5424 548 5483 Editi,
570 5423 712 5490 quod.
735 5433 914 5490 pmnes
935 5433 1062 5490 Mss...
1083 5437 1194 5490 quo.

350 5489 375 5580 ξ
792 5487 881 5538 Dei
894 5486 1070 5552 gratia,
1095 5485 1144 5537 et
1163 5486 1230 5537 ad
1246 5485 1422 5551 ipsum,
1437 5486 1632 5549 eruisse,
1660 5497 1772 5552 qua.

350 5610 373 5675 ξ
398 5611 528 5675 Idem
553 5607 653 5675 M_s.,
677 5617 723 5660 et
745 5610 960 5675 quamvis
978 5607 1183 5675 uariatia
1203 5608 1390 5674 aliqua,
1414 5615 1570 5663 tamen
1593 5608 1772 5675 aliqua.

348 5671 372 5705 ⁸
397 5671 697 5729 I'artitatlam,
720 5671 804 5730 ad,
822 5673 1125 5722 restituimus
1147 5685 1209 5722 ex
1245 5671 1349 5722 Mss.

350 5732 372 5763 ⁸
422 5734 495 5783 sic
519 5742 624 5783 Mss.
652 5733 766 5784 ΕΔΜ
789 5747 929 5793 vero,
952 5733 1171 5797 dogmata
1186 5741 1284 5783 tua.

1665 301 1864 359 ιιιιειι
1903 299 2171 359 PRIMUS.

2037 411 2171 468 Auc.
2205 411 2446 468 Dicturus
2463 428 2542 482 es,
2570 423 2628 470 ut
2651 415 2835 484 video,
2866 419 3032 475 Deum
3063 424 3386 481 necessitate
3411 443 3534 496 pre-

1968 501 2058 562 mi,
2095 511 2150 557 ut
2206 518 2428 573 peccare
2475 521 2580 562 non
2623 511 2834 579 possit:
2864 513 2956 582 qui
2999 515 3180 586 utique
3219 531 3319 572 nec
3363 527 3538 588 potest

1964 593 2101 647 velle
2125 633 2140 660 ,
2168 609 2270 649 nec
2289 597 2401 650 vult
2429 612 2587 668 posse
2632 615 2872 670 peccare.
2907 603 3017 659 lmo
3046 622 3200 673 vero,
3231 608 3276 662 si
3306 611 3539 665 necessi-

1965 691 2045 736 tas
2071 681 2292 738 dicenda
2318 697 2420 754 est,
2453 704 2554 758 qua
2581 704 2797 746 necesse
2823 702 2906 748 est
2929 695 3126 766 aliquid
3152 697 3235 752 vel
3263 712 3382 754 esse
3400 740 3415 764 ,
3445 700 3528 754 vel

1964 772 2105 838 ﬁeri;
2136 773 2441 831 heatissima
2468 786 2550 833 est
2581 777 2680 834 ista
2707 783 2923 838 omnino
2951 787 3243 842 necessitas
3264 829 3281 855 ,
3308 804 3412 859 qua
3433 805 3534 845 ne—

1961 875 2112 918 cesse
2137 873 2220 918 est
2243 863 2469 922 feliciter
2495 867 2671 925 vivere
2692 911 2708 937 ,
2743 882 2798 928 et
2844 873 2896 928 in
2926 875 3113 931 eadem
3161 878 3266 932 vita
3317 894 3536 935 necesse

1961 960 2044 1008 est
2071 968 2178 1008 non
2223 956 2357 1010 mori
2379 997 2396 1023 ,
2431 972 2650 1016 necesse
2679 969 2763 1017 est
2805 963 2857 1018 in
2888 963 3126 1020 deterius
3157 981 3260 1020 non
3311 969 3529 1024 mutari.

1961 1043 2070 1100 l-lac
2095 1048 2430 1116 necessitate,
2461 1049 2505 1104 si
2536 1052 2828 1107 necessitas
2852 1054 3011 1109 etiam
3039 1055 3152 1124 ipsa
3179 1055 3401 1112 dicenda
3426 1068 3530 1125 est,

1959 1153 2066 1192 non
2106 1149 2417 1208 premuntur
2441 1141 2612 1197 sancti
2658 1144 2845 1214 Δοκειί
2870 1145 3009 1210 ,sed
3051 1144 3300 1204 fruuntur
3337 1149 3533 1205 :nohis

1957 1237 2133 1284 autem
2164 1239 2246 1286 est
2272 1229 2445 1286 futura
2465 1273 2482 1300 ,
2512 1248 2618 1288 non
2639 1249 2896 1304 praesens.

2027 1317 2162 1374 CIV.
2201 1319 2320 1376 Jun.
2349 1321 2761 1391 Verumtamen,
2795 1325 2860 1380 ad
2889 1324 3303 1384 destructionem
3331 1339 3493 1384 totam
3512 1332 3528 1364 ¹

1956 1411 2218 1482 dogmatis
2242 1412 2314 1467 tui
2345 1413 2567 1483 proficit,
2593 1424 2650 1470 ut
2671 1416 2831 1472 etiam
2852 1419 2872 1449 ’
2901 1419 3245 1476 recordemur
3267 1419 3534 1476 deﬁnitio—

1957 1516 2083 1556 num
2112 1503 2468 1570 superiorum.
2512 1505 2568 1560 Si
2598 1514 2871 1575 peccatum
2910 1523 3016 1562 non
3057 1518 3139 1564 est
3164 1509 3264 1564 nisi
3291 1510 3535 1566 voluntas

1956 1590 2218 1646 retinendi
2248 1601 2302 1648 et
2340 1593 2653 1650 admittendi
2697 1596 2836 1665 quod
2878 1596 3082 1667 justitia
3125 1608 3287 1664 vetat,
3316 1606 3371 1653 et
3396 1600 3535 1656 unde

1955 1680 2182 1736 liberum
2210 1691 2291 1736 est
2318 1683 2616 1751 abstinere;
2641 1685 2843 1741 nullum
2869 1696 3140 1757 peccatum
3177 1688 3228 1743 in
3259 1690 3417 1745 rebus
3439 1705 3533 1760 pe-

1957 1773 2099 1827 nitus
2125 1772 2410 1828 invenitur.

2030 1864 2161 1917 Auc.
2191 1861 2294 1917 Ista
2318 1863 2560 1919 definitio
2585 1867 2786 1936 peccati
2813 1866 2928 1938 ejus
2956 1877 3059 1935 est,
3088 1870 3230 1940 quod
3257 1880 3530 1941 peccatum

1959 1952 2325 2008 tantummodo
2369 1964 2490 2022 est,
2532 1972 2641 2010 non
2685 1957 2829 2027 quod
2870 1958 3030 2013 etiam
3075 1975 3230 2029 poena
3286 1962 3530 2030 peccati,

1958 2058 2062 2112 qua
2117 2043 2274 2112 periit
2318 2043 2537 2099 libertas
2569 2061 2672 2100 non
2727 2047 2982 2116 peccandi
3009 2066 3022 2101 :
3051 2064 3081 2104 a
3109 2065 3215 2120 quo
3246 2051 3388 2105 malo
3419 2067 3529 2108 non

1955 2136 2168 2202 liberat,
2203 2135 2302 2190 nisi
2352 2137 2464 2202 ille,
2493 2135 2598 2192 cui'
2622 2153 2728 2193 non
2773 2147 2974 2195 tantum
3021 2139 3248 2197 dicimus
3272 2182 3287 2206 ,
3317 2141 3526 2197 Dimitte

1957 2227 2098 2281 nobis
2127 2228 2293 2282 debita
2317 2239 2489 2283 nostra
2511 2245 2532 2294 ;
2573 2245 2758 2284 verum
2802 2232 2986 2296 etiam,
3017 2229 3100 2286 Ne
3124 2249 3215 2286 nos
3259 2233 3448 2304 inferas
3477 2234 3534 2290 in

1959 2320 2298 2386 tentationem,
2322 2321 2409 2375 sed
2433 2323 2590 2376 libera
2610 2339 2700 2377 nos
2720 2340 2752 2377 a
2781 2324 2914 2378 malo
2944 2324 3154 2393 (Matth.
3175 2341 3227 2381 v1
3249 2367 3265 2391 ,
3290 2326 3358 2382 12
3375 2368 3391 2392 ,
3417 2328 3530 2398 15).

2026 2410 2134 2467 CV.
2160 2412 2278 2469 JUL.
2304 2413 2435 2468 Nam
2474 2414 2519 2468 si
2562 2429 2668 2469 non
2702 2413 2925 2484 imputat
2950 2416 3152 2483 justitia
3178 2416 3220 2482 ³,
3264 2417 3364 2472 nisi
3391 2417 3530 2472 unde

1957 2501 2180 2557 liberum
2209 2511 2292 2558 est
2329 2504 2624 2570 abstinere;
2667 2515 2719 2560 et
2765 2515 2886 2560 ante
2928 2505 3196 2574 Baptisma
3245 2508 3534 2562 necessitas

1958 2594 2079 2649 mali
2105 2603 2206 2661 est,
2231 2594 2480 2664 quoniam
2508 2596 2774 2663 voluntas,
2806 2597 2945 2650 sicut
2987 2595 3188 2663 dixisti,
3228 2597 3292 2651 ad
3334 2596 3534 2652 facien-

1957 2683 2082 2738 dum
2111 2685 2305 2739 bonum
2329 2700 2431 2739 non
2458 2695 2540 2741 est
2567 2685 2753 2753 libera,
2796 2701 2992 2756 perque
3041 2687 3142 2741 hoc
3190 2685 3332 2742 aliud
3376 2702 3536 2756 agere

1958 2789 2063 2828 non
2093 2782 2267 2844 potest
2295 2776 2394 2830 nisi
2423 2776 2617 2830 malum
2649 2793 2664 2829 :
2711 2776 2778 2830 ah
2822 2776 3033 2831 infamia
3079 2778 3200 2832 mali
3239 2778 3351 2847 ipsa
3377 2793 3534 2846 quam

1958 2869 2153 2937 patitur
2195 2867 2514 2923 necessitate
2557 2867 2889 2936 defenditur;
2937 2869 3186 2940 quoniam
3233 2869 3371 2939 apud
3417 2883 3536 2925 eam

1952 2957 2210 3026 justitiam
2235 2959 2439 3028 gravari
2462 2959 2711 3028 operibus
2736 2959 2850 3014 suis
2893 2975 2998 3014 non
3038 2968 3248 3030 potest,
3279 2976 3398 3029 quae
3425 2975 3535 3016 non

1958 3047 2181 3120 imputat
2223 3050 2441 3116 malum,
2484 3051 2584 3105 nisi
2625 3067 2654 3105 a
2701 3066 2806 3121 quo
2850 3051 3076 3107 liberum
3122 3061 3204 3106 est
3245 3052 3534 3108 abstinere.

1958 3140 2084 3195 Post
2111 3140 2379 3210 Baptisma
2406 3151 2581 3196 autem
2603 3183 2618 3208 ,
2647 3142 2689 3196 si
2722 3144 3009 3198 necessitas
3039 3144 3159 3196 boni
3189 3150 3274 3198 est
3294 3183 3311 3208 ,
3336 3143 3536 3198 milium

1958 3231 2140 3302 utique
2169 3238 2343 3301 potest
2371 3246 2490 3287 esse
2519 3241 2817 3302 peccatum.
2852 3231 2984 3288 Vide
3024 3233 3182 3302 igitur
3221 3247 3377 3303 quam
3410 3232 3537 3287 illud

1958 3322 2099 3392 quod
2141 3337 2260 3377 esse
2296 3331 2572 3392 peccatum
2601 3321 2734 3376 ratio
2774 3321 3119 3388 demonstrat,
3167 3321 3392 3377 inveniri
3443 3337 3539 3377 ne-

1959 3422 2120 3483 queat
2155 3413 2207 3466 in
2254 3412 2565 3477 seminibus,
2610 3413 2821 3484 quando
2868 3413 3157 3468 secundum
3203 3414 3542 3471 definitiones

1961 3514 2076 3558 tuas
2092 3503 2203 3574 jam
2235 3519 2332 3557 nec
2362 3505 2414 3557 in
2440 3504 2674 3559 moribus
2704 3505 2988 3558 invenitur.

2029 3596 2166 3650 Ave.
2207 3594 2424 3648 Multum
2469 3609 2654 3660 erras,
2700 3595 2787 3664 qui
2821 3595 2903 3649 vel
2940 3595 3309 3650 necessitatem
3339 3596 3538 3651 nullam

1961 3696 2116 3758 putas
2139 3701 2258 3742 esse
2288 3687 2561 3756 peccandi,
2591 3686 2672 3742 vel
2702 3702 2817 3741 eam
2848 3703 2952 3742 non
2979 3687 3227 3756 intelligis
3251 3687 3389 3741 illius
3418 3702 3541 3756 pec-

1962 3779 2065 3834 cati
2091 3794 2209 3834 esse
2245 3793 2455 3850 pinnam
2477 3819 2494 3844 ,
2521 3778 2660 3848 quod
2687 3779 2828 3833 nulla
2860 3781 3175 3834 necessitate
3199 3781 3539 3834 commissum

1962 3881 2063 3926 est.
2090 3869 2146 3926 Si
2171 3871 2314 3926 enim
2340 3870 2632 3925 necessitas
2661 3870 2801 3924 nulla
2834 3870 3087 3940 peccandi
3125 3879 3205 3924 est
3249 3869 3342 3939 (ut
3379 3869 3540 3923 omit-

1965 3969 2070 4016 tam
2113 3961 2220 4014 vim
2271 3960 2396 4014 mali
2436 3960 2550 4030 ejus
2596 3959 2737 4032 quod
2782 3959 3108 4030 originaliter
3140 3958 3399 4024 trahitur;
3442 3959 3542 4016 hoc

1963 4052 2104 4108 enim
2135 4053 2338 4107 nullum
2363 4066 2481 4108 esse
2505 4066 2600 4106 vos
2619 4048 2823 4124 vultis),
2848 4051 2973 4122 quid
2999 4051 3316 4129 patiebatur,
3336 4067 3538 4122 quaeso,

1964 4143 2052 4213 qui
2075 4143 2367 4198 secundum
2389 4150 2622 4196 vestrum
2647 4156 2881 4206 sensum,
2906 4149 3049 4196 tanta
3075 4143 3214 4196 mole
3239 4142 3391 4196 mala:
3411 4157 3542 4196 con-

1962 4234 2253 4290 suetudinis
2266 4233 2623 4303 premebatur,
2645 4241 2701 4287 ut
2721 4231 2937 4298 diceret,
2963 4231 3081 4286 Non
3103 4233 3236 4302 quod
3256 4231 3386 4299 volo,
3409 4233 3542 4300 facio

1967 4329 2147 4381 bonum
2167 4343 2188 4391 ;
2212 4325 2301 4380 sed
2329 4326 2465 4396 quod
2489 4326 2604 4380 nolo
2635 4325 2847 4391 malum,
2879 4326 2972 4378 hoc
2991 4342 3085 4396 ago
3104 4325 3280 4394 (Rom.
3306 4339 3398 4388 vtt,
3425 4325 3544 4394 i9)?

1967 4417 2170 4472 Deinde
2193 4417 2426 4488 cogitare
2457 4426 2510 4473 te
2534 4418 2783 4473 existimo
2804 4457 2817 4482 ,
2847 4417 2970 4487 quid
3002 4418 3354 4486 appetendum
3373 4457 3389 4483 ,
3415 4415 3544 4486 quid

1965 4507 2236 4562 vitandum
2273 4509 2343 4561 sit
2381 4510 2430 4561 in
2471 4506 2674 4577 agenda
2701 4508 2825 4572 vita,
2857 4517 3054 4576 quanto
3081 4507 3260 4561 labore
3288 4507 3539 4560 discatur.

1967 4597 2067 4664 Qui
2093 4607 2270 4652 autem
2301 4598 2403 4653 hoc
2423 4597 2684 4661 nesciunt,
2716 4597 2828 4666 ipsa
2851 4597 2976 4652 boni
3006 4596 3285 4666 appetendi
3313 4596 3545 4665 malique

1968 4688 2166 4743 vitandi
2201 4688 2495 4760 ignorantia
2518 4686 2541 4719 ’⁵
2571 4689 2839 4759 patiuntur
2867 4688 3118 4758 peccandi
3146 4690 3543 4746 necessitatem.

1966 4779 2198 4836 Necesse
2221 4790 2303 4834 est
2326 4779 2465 4834 enim
2494 4789 2550 4834 ut
2572 4789 2777 4850 peccet,
2801 4781 2890 4850 qui
2916 4780 3199 4835 nesciendo
3221 4782 3345 4851 quid
3372 4781 3549 4837 facere-

1968 4870 2180 4936 debeat,
2208 4870 2346 4942 quod
2365 4872 2385 4902 ’
2416 4886 2518 4925 non
2545 4870 2703 4926 dehct
2741 4871 2882 4926 facit.
2911 4871 2984 4926 De
3013 4888 3118 4941 quo
3145 4887 3338 4942 genere
3373 4873 3544 4926 maloa

1969 4978 2087 5017 rum
2132 4963 2271 5016 Deus
2318 4972 2550 5032 rogatur,
2596 4963 2684 5017 ubi
2731 4949 3181 5040 dicitur,'Delicl‘a
3201 4951 3475 5035 juventutis
3499 4973 3548 5016 et-

1968 5053 2267 5125 ignorantia:
2298 5069 2420 5107 mea:
2459 5070 2522 5107 ne
2557 5053 2839 5108 memineris
2894 5052 3061 5120 (Psal.
3112 5070 3258 5119 xxuv,
3291 5054 3366 5126 7).
3393 5053 3549 5120 Quod

1969 5161 2136 5219 genus
2167 5145 2480 5200 delictorum
2524 5145 2569 5200 si
2597 5160 2701 5200 non
2734 5138 3014 5215 imputaret
3045 5145 3184 5199 Deus
3207 5145 3402 5215 justus,
3438 5160 3547 5198 non

2035 5300 2055 5332 ι
2078 5305 2126 5348 In
2159 5306 2264 5348 Mss.
2294 5299 2416 5348 Ctar.
2442 5304 2494 5349 et
2511 5304 2642 5357 Man,
2662 5302 2826 5347 totum.

2035 5363 2056 5394 ²
2078 5360 2236 5410 Codex
2259 5367 2390 5415 Man,
2407 5373 2516 5410 eum
2553 5356 2764 5408 editione
2786 5357 3011 5417 Menardi,
3031 5356 3176 5409 enim.

2036 5423 2058 5489 ξ
2081 5419 2446 5489 Editi,justitia:.
2473 5419 2637 5489 Melius
2652 5419 2996 5489 Mss.,justitia.
3033 5488 3036 5489 ν
3087 5477 3100 5489 θ

2036 5483 2058 5516 δ
2080 5474 2278 5546 δίοιιέδ.
2314 5489 2422 5532 Mar.
2460 5488 2670 5546 et_Port.
2720 5474 2972 5546 it'editi;
2993 5477 3100 5546 cui
3135 5482 3292 5546 autem
3329 5474 3549 5546 nesciant

1972 5544 2126 5609 ipsam
2152 5543 2258 5594 boui
2279 5541 2532 5608 appetendi
2554 5543 2760 5606 malique
2781 5540 2968 5592 vitandi
2985 5537 3304 5604 ignorantiam
3323 5573 3338 5599 ,
3358 5537 3548 5602 paliuth

1972 5615 2069 5658 tur.
2095 5615 2188 5656 ctc.

2036 5641 2356 5725 διιῖέῖιξιδάιις,
2378 5663 2516 5727 quid.
2541 5672 2658 5713 Tum
2697 5664 2802 5726 ipse
2835 5674 2893 5714 ac
2931 5663 3219 5727 Vignicrius,
3259 5673 3350 5712 non
3373 5660 3547 5716 debeat

1976 5731 2154 5795 facere,
2171 5727 2300 5787 facit.
2324 5729 2640 5776 Plittemiazltur
2667 5738 2726 5775 ex
2755 5734 2857 5775 Mss.
