4062 6542
556 359 693 415 1119

556 486 617 528 ea
643 470 743 525 sibi
763 469 955 525 dimitti
977 476 1217 536 posceret
1230 465 1390 521 homo
1415 463 1605 519 ﬁdelis.
1628 460 1782 519 Unde
1804 460 1933 517 dicit
1955 470 2009 515 et
2027 460 2126 517 Dei

558 561 785 617 famulus
808 559 928 623 Job,
960 556 1192 627 Signasti
1212 565 1415 623 peccata
1442 571 1553 608 mea
1576 555 1629 608 in
1657 552 1876 618 sacculo,
1899 561 1947 608 et
1965 568 2132 606 anno-

560 652 674 706 tasti
696 651 739 704 si
763 650 881 720 quid
905 648 1087 701 invitus
1111 648 1336 702 commisi
1364 646 1488 718 (Job
1523 661 1644 713 xiv,
1668 646 1764 711 47,
1807 662 1906 699 sec.
1939 643 2129 715 LXX).

559 742 638 796 'l‘u
667 734 878 811 quoque
913 739 1025 809 ipse
1052 739 1107 793 in
1135 738 1270 793 libro
1296 737 1585 794 novissimo
1615 746 1704 792 tuo
1742 752 1929 792 eorum
1951 778 1966 801 ,
1998 750 2131 805 quos

558 838 741 885 contra
772 844 939 887 unum
959 844 1137 885 meum
1161 839 1390 900 quatuor
1417 828 1650 893 edidisti,
1674 845 1742 884 ex
1767 827 2132 884 affectionibus

519 900 720 990 satque
766 921 1101 990 passionibus
1146 921 1307 976 animi
1344 921 1479 977 dicis
1531 940 1551 974 ι
1578 921 1790 976 evenire
1831 917 2134 973 hominibus

558 1009 945 1065 atl‘ectionalem
984 1011 1292 1082 qualitatem
1335 1020 1495 1081 atque
1535 1012 1606 1066 ita
1649 1011 2018 1074 inhmrescere,
2076 1016 2136 1064 ut

558 1110 651 1156 aut
674 1102 880 1173 magnis
906 1102 1266 1160 molitionibus
1291 1145 1306 1169 ,
1333 1113 1426 1158 aut
1450 1103 1610 1157 nullis
1648 1109 1924 1173 separetur
1964 1101 2135 1155 omni-

557 1206 630 1246 no
660 1209 680 1244 ι
715 1191 811 1263 (a).
834 1193 1086 1265 Quisquis
1111 1200 1241 1266 ergo
1265 1210 1327 1252 ea
1358 1194 1635 1249 timiditate
1670 1191 1985 1262 peccaverit,
2015 1207 2135 1261 quae

558 1282 628 1337 ab
655 1281 749 1336 illo
770 1296 874 1336 non
903 1293 1078 1352 potest
1104 1285 1362 1356 separari,
1391 1285 1518 1357 quid
1543 1283 1683 1339 aliud
1709 1298 1866 1352 quam
1893 1280 2133 1336 necessi-

560 1374 669 1429 tate
697 1375 976 1443 peccabit?
1017 1375 1122 1432 Sed
1168 1393 1262 1432 vos
1304 1378 1403 1432 ista
1436 1383 1648 1446 peccata
1696 1390 1763 1430 ex
1803 1374 1909 1429 illis
1952 1373 2136 1429 venire

563 1467 820 1537 peccatis,
846 1482 965 1538 qua:
992 1468 1137 1523 nulla
1166 1469 1480 1523 necessitate
1499 1466 1781 1522 commissa
1806 1478 1947 1531 sunt,
1971 1465 2022 1520 in
2046 1462 2136 1520 illo

563 1557 754 1613 saltem
781 1558 1092 1627 conceditis,
1119 1560 1211 1630 qui
1235 1560 1381 1624 dicit,
1427 1560 1577 1627 Quod
1616 1558 1733 1614 nolo
1777 1559 1999 1624 malum,
2045 1558 2139 1613 hoc

562 1666 678 1720 ago.
706 1650 804 1718 Qui
842 1651 1005 1718 enim,
1036 1658 1097 1706 ut
1133 1650 1288 1707 istam
1338 1651 1576 1722 patiatur
1607 1651 2000 1716 necessitatem,
2031 1662 2136 1704 non

563 1742 668 1796 nisi
709 1743 959 1811 peccandi
988 1743 1373 1800 consuetudine
1411 1742 1706 1813 premitur;
1753 1742 1934 1812 procul
1977 1741 2138 1797 dubio

563 1833 868 1903 priusquam
895 1836 1200 1905 peccaret‘,
1231 1835 1463 1890 nondum
1505 1836 1821 1890 necessitate
1858 1842 2143 1890 consuetu-

563 1924 703 1980 dinis
720 1927 1153 1993 premebatur.Ac
1168 1942 1263 1998 per
1277 1927 1396 1992 hoc,
1412 1928 1569 1982 etiam
1589 1926 1877 1983 secundum
1895 1942 2011 1993 vos,
2027 1941 2142 1995 pec-

562 2015 1020 2071 candinecessitas
1033 2017 1176 2073 unde
1204 2018 1713 2073 abstinereliberum
1737 2033 1843 2075 nou
1871 2025 1972 2084 est,
1999 2013 2140 2072 illius

561 2106 762 2175 peccati
782 2120 938 2177 paena
963 2114 1063 2172 est,
1081 2122 1227 2178 aquo
1248 2106 1513 2164 abstinere
1540 2108 1759 2164 liberum
1786 2106 1903 2175 fuit,
1931 2108 2141 2179 quando

560 2195 760 2250 nullum
783 2194 987 2265 pondus
1011 2198 1342 2253 necessitatis
1367 2198 1605 2270 urgebat.
1627 2198 1736 2253 Cur
1755 2214 1882 2269 ergo
1902 2215 2007 2255 non
2032 2214 2142 2254 cre-

560 2282 683 2340 ditis
699 2292 903 2340 tantum
919 2288 1109 2343 saltem
1124 2288 1354 2344 valuisse
1369 2287 1496 2344 illud
1511 2288 1665 2359 primi
1697 2287 1928 2346 imminit.
1954 2288 2137 2345 meﬁ'a-

559 2374 943 2446 bilitergrande
960 2386 1254 2447 peccatum,
1275 2388 1407 2435 uteo
1419 2364 1694 2441 vitiaretur
1708 2378 1938 2434 humana
1955 2390 2140 2435 natura

561 2466 826 2532 universa,
857 2478 1111 2538 quantum
1147 2470 1287 2525 valet
1315 2486 1456 2525 nunc
1491 2471 1543 2525 in
1573 2470 1789 2527 homine
1815 2487 1921 2526 uno
1947 2487 2141 2527 secun-

559 2555 628 2611 da
655 2558 883 2612 natura?
904 2559 981 2613 sic
1008 2561 1148 2614 enim
1179 2576 1209 2615 a
1234 2561 1405 2616 doctis
1426 2561 1681 2632 appellari
1703 2563 2139 2619 consuetudinem

560 2662 658 2702 nos
682 2651 1178 2706 commemorandos
1217 2653 1407 2721 putasti
1453 2652 1682 2724 (Supra,
1713 2670 1825 2725 cap.
1868 2652 1979 2727 69).
2006 2653 2139 2709 Cum

560 2739 718 2810 igitur
741 2751 792 2796 et
816 2742 904 2797 illa
930 2742 1191 2799 fateamur
1217 2745 1267 2799 in
1296 2745 1600 2801 hominibus
1623 2762 1742 2802 esse
1761 2756 1995 2817 peccata,
2023 2764 2141 2818 quae

560 2833 980 2899 committuntur,
1013 2849 1116 2889 non
1148 2834 1467 2891 necessitate
1488 2879 1502 2901 ,
1546 2837 1638 2891 sed
1683 2838 1952 2892 voluntate
1974 2880 1989 2905 ,
2021 2854 2140 2909 qua:

561 2924 926 2978 tantummodo
956 2936 1167 2993 peccata
1196 2934 1358 2994 sunt,
1390 2926 1531 2982 unde
1559 2927 1627 2982 ab
1667 2927 1746 2984 eis
1791 2928 2012 2984 liberum
2059 2938 2142 2985 est

561 3014 861 3081 abstinere;
892 3024 948 3070 et
983 3017 1216 3085 peccatis
1252 3018 1320 3073 de
1359 3017 1667 3088 ignorantia:
1695 3019 1778 3074 vel
1803 3019 2139 3075 all'ectionum

562 3106 880 3159 necessitate
906 3107 1263 3172 venientibus,
1293 3124 1411 3176 qua:
1432 3113 1540 3179 jam
1568 3123 1673 3164 non
1701 3110 1872 3165 solum
1900 3103 2139 3180 peccata,

563 3210 745 3249 verum
765 3196 924 3250 etiam
944 3212 1114 3266 poena:
1133 3206 1250 3253 sunt
1273 3206 1627 3268 peccatorum,
1650 3200 1861 3271 plenum
1887 3202 1954 3257 sit
1973 3218 2140 3274 genus

565 3282 852 3339 humanum
887 3303 900 3337 :
931 3287 1196 3355 quomodo
1222 3286 1355 3343 dicis
1383 3288 1773 3370 definitionibus
1799 3293 1993 3348 nostris
2015 3309 2139 3362 pec-

565 3382 740 3428 catum
768 3390 867 3430 nec
892 3375 945 3430 in
966 3377 1203 3432 moribus
1232 3378 1501 3435 inveniri?
1521 3380 1625 3435 Sed
1655 3382 1797 3452 quod
1826 3398 1930 3436 non
1961 3384 2137 3449 vultis,

565 3464 762 3520 audite.
814 3464 858 3520 A
906 3468 1136 3537 peccatis
1177 3469 1424 3525 omnibus
1464 3473 1577 3528 sive
1622 3473 1983 3543 originalibus,
2028 3476 2140 3532 sive

566 3557 869 3622 moralibus,
900 3560 982 3613 vel
1009 3575 1126 3630 quae
1154 3560 1289 3616 facta
1312 3571 1471 3629 sunt,
1500 3562 1583 3617 vel
1610 3580 1677 3618 ne
1703 3563 1849 3630 ﬁant,
1874 3579 1977 3619 non
2004 3567 2138 3622 libe-

565 3655 647 3699 rat
673 3647 771 3700 nisi
800 3651 967 3717 gratia
999 3648 1091 3703 Dei
1115 3665 1211 3719 per
1236 3651 1417 3706 Jesum
1440 3651 1707 3707 Christum
1737 3653 2017 3709 Dominum
2044 3671 2140 3713 no-

564 3744 733 3791 strum
755 3778 768 3800 ,
800 3738 851 3792 in
878 3754 983 3808 quo
1010 3743 1305 3810 regenerati
1333 3756 1544 3810 sumus,
1578 3752 1631 3798 et
1674 3758 1702 3797 a
1730 3759 1835 3814 quo
1862 3745 2140 3802 didicimus

564 3826 765 3882 orando
785 3828 981 3895 dicere,
1007 3845 1111 3885 non
1135 3831 1331 3899 solum,
1363 3830 1572 3887 Dimitte
1594 3832 1736 3888 nobis
1762 3833 1925 3889 debita
1946 3845 2136 3904 nostra,

567 3920 616 3975 id
639 3931 740 3987 est,
771 3923 890 3992 quia
921 3925 1288 3991 peccavimus;
1315 3940 1498 3981 verum
1520 3926 1700 3994 etiam,
1734 3926 1819 3982 Ne
1843 3945 1933 3983 nos
1953 3928 2142 4000 inferas

565 4010 980 4076 intentationem,
1008 4013 1060 4067 id
1089 4021 1193 4080 est,
1217 4030 1284 4069 ne
1310 4029 1610 4085 peccemus.
1656 4036 1657 4039 η

635 4101 767 4156 CV].
795 4103 913 4159 Jun.
949 4102 1139 4160 Verum
1160 4106 1465 4177 consignata
1490 4106 1590 4162 hac
1612 4106 1980 4179 disputationis
1997 4125 2146 4164 sum-

565 4204 651 4248 ma
678 4193 951 4265 prudentis
976 4197 1155 4251 animo
1180 4196 1416 4267 lectoris,
1445 4199 1773 4256 excutiamus
1801 4201 1922 4272 quid
1967 4202 2144 4271 Bapti-

567 4299 680 4339 sma
721 4294 889 4351 tuum,
935 4286 1077 4356 quod
1126 4295 1342 4358 propter
1369 4289 1536 4344 solam
1567 4291 1871 4360 genitalium
1902 4307 2142 4346 commo-

570 4376 767 4432 tionem
805 4378 939 4434 dicis
989 4379 1148 4434 fuisse
1198 4380 1492 4450 provisum,
1537 4382 1725 4437 crediti
1768 4383 1867 4440 sibi
1911 4376 2145 4440 muneris

568 4478 907 4537 exsequatur.
940 4469 1222 4526 Proﬁtetur
1246 4487 1304 4527 se
1327 4488 1357 4527 a
1379 4474 1610 4545 peccatis
1632 4475 1872 4532 homines
1893 4477 2140 4547 expiare:

568 4562 662 4617 sed
689 4577 811 4617 cum
851 4562 989 4634 apud
1013 4563 1268 4633 justitiam
1292 4580 1448 4622 causa
1476 4570 1650 4636 agitur
1673 4569 1959 4625 voluntatis
1981 4613 1997 4636 ,
2041 4586 2144 4627 non

570 4653 938 4723 pronuntiatur
962 4668 1075 4720 rea,
1101 4670 1217 4724 qua:
1240 4654 1383 4710 aliud
1412 4657 1547 4712 velle
1573 4672 1676 4712 non
1710 4658 1896 4728 potuit.
1931 4661 2144 4716 Evane-

570 4751 753 4799 scente
777 4752 956 4799 autem
981 4745 1174 4799 invidia
1202 4756 1398 4812 reatus,
1426 4749 1585 4803 etiam
1612 4764 1803 4821 pompa
1832 4748 2146 4824 indulgentis

572 4830 783 4890 evanuit
816 4852 829 4889 :
869 4836 989 4905 quia
1020 4851 1123 4890 non
1160 4847 1332 4908 pOtest
1380 4839 1672 4911 ignoscere,
1700 4841 1838 4911 quod
1873 4842 1994 4913 jure
2041 4860 2145 4898 non

572 4926 745 4998 potest
772 4924 1052 4994 imputare.
1085 4929 1161 4983 Ac
1198 4943 1294 4999 per
1320 4927 1454 4995 hoc,
1486 4930 1851 4999 promissionis
1886 4948 1995 4988 sum
2034 4932 2147 4987 fru-

571 5016 769 5075 Stra'tur
796 5016 1155 5073 eﬁ‘ectibus’:
1195 5021 1441 5090 quoniam
1480 5035 1578 5097 nec
1620 5021 1817 5077 invenit
1860 5023 2082 5078 crimina
2102 5023 2144 5092 ⁸,

572 5123 799 5179 quorum
822 5109 1134 5166 remissione
1160 5110 1439 5177 laudetur;
1470 5127 1566 5168 nec
1591 5112 1748 5169 habet
1770 5113 1922 5184 hujus
1950 5115 2151 5170 beneﬁ-

570 5197 640 5254 cii
665 5198 955 5267 debitores,
985 5216 1091 5272 quo
1112 5208 1450 5270 peccatorum
1474 5203 1641 5257 vincla
1671 5204 1976 5259 solvantur‘
1996 5222 2011 5260 :
2028 5207 2149 5275 quia

573 5290 628 5347 in
651 5292 980 5348 necessitatis
1002 5292 1150 5364 asylo
1174 5291 1463 5350 collocatos
1496 5309 1600 5349 non
1630 5304 1804 5364 potest
1838 5296 1991 5350 mala:
2016 5311 2149 5352 cen-

570 5382 782 5437 vincere
813 5382 1096 5437 voluntatis
1126 5400 1140 5435 :
1176 5396 1271 5451 per
1294 5398 1413 5463 quas
1439 5384 1615 5440 omnia
1642 5400 2022 5455 supervacuum
2052 5385 2143 5443 de-

574 5514 583 5525 ·
635 5493 657 5527 ί
680 5501 729 5543 tn
752 5500 877 5553 κει,
896 5492 1036 5557 prius
1057 5505 1168 5557 cum
1184 5499 1416 5556 peccaret.

570 5590 577 5595 -
634 5553 1227 5628 {its-.lm-LQITWW.
1403 5613 1415 5625 .
1541 5615 1568 5628 ._
1653 5616 1664 5628 .
1722 5617 1731 5627 .

640 5617 753 5679 β
772 5622 880 5665 Mss.
903 5616 1039 5679 Editi,
1064 5616 1257 5679 quando
1277 5628 1371 5665 non
1395 5616 1568 5666 invenit
1591 5616 1810 5668 crimina.

634 5678 657 5710 ⁸
682 5685 731 5728 tu
755 5684 882 5735 Mss,
898 5675 1158 5729 soluuntur.

636 5740 707 5802 (α)
734 5738 847 5787 vide
869 5751 1030 5802 supra,
1053 5737 1138 5790 lib.
1161 5739 1191 5789 6
1212 5746 1375 5791 contra
1396 5737 1653 5802 Iulianum,
1676 5755 1721 5789 u.
1748 5740 1823 5791 56.

1254 354 1317 410 οι
1342 352 1498 409 ERIS
1534 324 1943 406 lMPERFECTl
1980 346 2252 405 mum
2289 348 2647 419 JULIANUM,
2687 350 2745 407 s.
2785 350 3151 409 Ancusrm:

3678 356 3853 413 “20

2237 462 2600 533 prehenditur.
2630 464 2824 520 Verum
2845 467 2963 536 quia
2984 467 3152 537 gratia
3175 450 3292 537 quae
3317 481 3346 520 a
3375 466 3593 543 Christo
3614 474 3854 539 provisa

2236 561 2338 617 est,
2371 567 2694 622 supervacua
2737 571 2842 610 non
2873 565 2987 621 est;
3018 555 3342 611 rationabilis
3369 557 3487 626 ejus
3516 559 3858 629 muniﬁcen-
3909 560 3933 585 ²’

2239 643 2309 697 tia
2342 652 2603 711 teneatur,
2634 660 2732 715 per
2751 646 2890 717 quod
2913 663 3001 701 rea
3025 647 3266 703 voluntas
3285 649 3619 705 convincitur
3638 666 3854 721 pecca-

2239 733 2390 800 toris,
2422 750 2540 804 qua:
2569 734 2739 806 potuit
2774 736 2958 808 utique
2985 746 3087 791 tam
3116 736 3311 792 bonum
3339 738 3493 802 velle,
3524 755 3691 810 quam
3715 758 3849 796 ma-

2238 825 2349 880 lum
2373 827 2556 881 voluit.
2588 827 2778 883 Totum
2808 845 2935 899 ergo
2965 829 3271 900 ﬁgmentum
3318 834 3658 889 necessitatis
3708 851 3848 892 eva-

2237 918 2475 973 nuit:ac
2500 934 2597 988 per
2618 919 2752 986 hoc,
2795 922 2994 977 nullum
3041 930 3125 977 est
3167 922 3234 979 de
3275 934 3476 981 natum:
3517 928 3848 985 conditione

2237 1016 2546 1078 peccatum;
2575 1008 2670 1065 sed
2696 1010 2921 1067 liberum
2948 1013 3222 1068 arbitrium
3253 1015 3304 1070 in
3334 1025 3519 1073 natura
3546 1019 3844 1078 hominum

2239 1108 2584 1168 perseverat:
2612 1100 2757 1170 quod
2782 1110 2838 1156 ut
2866 1111 2921 1157 tu
2946 1119 3064 1158 cum
3090 1103 3393 1161 Maniehteis
3419 1111 3703 1177 ngasma
3730 1126 3845 1168 nos

2238 1202 2359 1245 cum
2389 1191 2657 1262 Apostolis
2683 1201 2739 1248 et
2766 1194 3011 1249 omnibus
3036 1193 3325 1253 Catholicis
3352 1200 3693 1255 conﬁtemur.

2309 1283 2445 1338 Auc.
2485 1281 2712 1338 Necesse
2740 1292 2821 1338 est
2846 1294 2903 1338 ut
2926 1294 3128 1355 peccet,
3160 1300 3190 1339 a
3219 1301 3324 1357 quo
3354 1287 3628 1358 ignoratur
3659 1291 3838 1360 justi-

2241 1372 2312 1429 tia
2343 1373 2636 1443 :numquid
2683 1374 2803 1430 ideo
2847 1391 2967 1431 cum
3015 1376 3273 1446 justitiam
3319 1382 3658 1449 cognoverit,
3722 1400 3835 1440 non

2240 1464 2427 1518 suutei
2456 1464 2770 1519 remittenda
2799 1476 3039 1535 peccata,
3079 1483 3198 1538 quze
3240 1469 3548 1539 ignorantia:
3586 1475 3836 1535 necessi-

2243 1561 2348 1608 tate
2371 1555 2674 1610 commisit?
2691 1556 2796 1610 Aut
2814 1558 2934 1627 quia
2961 1558 3069 1629 jam
3098 1561 3347 1628 cognovit
3371 1563 3831 1632 quemadmodum

2240 1644 2419 1699 vivere
2447 1644 2661 1711 debeat,
2695 1647 2760 1701 de
2790 1641 2849 1701 se
2873 1647 2988 1716 ipso
3013 1649 3061 1702 ei
3089 1651 3513 1725 praesumendum
3542 1663 3631 1711 est
3654 1664 3713 1708 ut
3739 1654 3836 1723 ju-

2242 1744 2323 1788 ste
2353 1737 2512 1800 vivat,
2544 1751 2648 1790 non
2675 1736 2742 1792 de
2793 1737 2885 1793 illo
2928 1739 3012 1792 eui
3053 1738 3264 1807 dicitur,
3308 1740 3390 1799 Ne
3423 1759 3514 1797 nos
3551 1744 3749 1814 inferas
3777 1748 3833 1799 in

2242 1827 2741 1883 tentationem?Non
2766 1837 2849 1883 est
2893 1828 3050 1900 igitur
3097 1831 3424 1900 impunitatis
3469 1835 3738 1901 securitas
3774 1835 3832 1892 in

2241 1919 2559 1973 necessitate
2585 1918 2867 1988 peccandi:
2890 1919 2982 1975 sed
3011 1928 3070 1975 ut
3090 1936 3192 1975 non
3219 1921 3358 1976 obsit
3383 1922 3481 1977 ista
3507 1926 3830 1991 necessitas,

2242 2005 2404 2060 donat
2433 2007 2522 2061 ille
2547 2008 2631 2062 cui
2660 2008 2857 2062 dicitur
2879 2050 2893 2074 ,
2922 2009 2998 2064 De
3025 2012 3400 2069 necessitatibus
3438 2016 3560 2068 meis
3587 2032 3710 2071 erue
3750 2034 3834 2074 mc

2244 2097 2411 2170 (Psal.
2441 2114 2584 2167 xxiv,
2608 2101 2717 2175 17).
2739 2101 2911 2156 Donat
2935 2111 3108 2158 autem
3138 2103 3346 2159 duobus
3370 2107 3541 2161 modis
3566 2125 3581 2163 :
3609 2117 3665 2163 et
3691 2124 3836 2179 prae-

2243 2191 2450 2245 teritam
2478 2191 2793 2247 dimittendo
2831 2194 3179 2263 iniquitatem,
3208 2205 3263 2250 et
3287 2197 3592 2267 opitulando
3634 2216 3704 2255 ne
3748 2201 3833 2277 iu-

2243 2288 2445 2335 tremus
2482 2284 2535 2336 in
2579 2284 2946 2338 tentationem.
2976 2283 3349 2358 Unusquisque
3378 2304 3506 2343 vero
3532 2298 3775 2345 tentatur
3796 2308 3830 2348 ι

2242 2373 2668 2443 concupiscentia
2693 2389 2789 2428 sua
2804 2375 3100 2431 abstractus
3120 2386 3172 2431 et
3193 2376 3401 2433 illectus
3428 2377 3629 2452 (Jacobi
3646 2396 3685 2447 ι,
3710 2382 3827 2449 id).

2242 2464 2373 2531 Quae
2401 2475 2643 2534 suscepta
2671 2474 2756 2521 tua
2784 2477 2887 2520 tam
2920 2468 3010 2522 tibi
3050 2477 3197 2538 grata
3226 2480 3306 2524 est
3330 2512 3346 2535 ,
3391 2481 3451 2525 ut
3491 2487 3611 2526 cum
3640 2472 3709 2528 ab
3741 2473 3828 2529 illa

2243 2553 2299 2608 in
2328 2554 2736 2610 consensionem
2769 2556 2991 2626 quisque
3021 2572 3124 2611 non
3157 2556 3380 2612 trahitur
3401 2601 3419 2626 ,
3462 2560 3627 2630 ipsam
3674 2570 3829 2630 putes

2242 2658 2363 2699 esse
2392 2645 2735 2711 laudandam;
2756 2647 2907 2717 quasi
2937 2647 3132 2702 malum
3159 2664 3262 2703 non
3289 2652 3358 2704 sit
3382 2666 3468 2705 res
3493 2667 3612 2722 qua:
3637 2653 3829 2723 impel-

2214 2735 2304 2791 .lit
2337 2738 2388 2791 in
2426 2739 2619 2792 malum
2644 2779 2658 2803 ,
2689 2738 2732 2792 si
2763 2755 2865 2793 non
2895 2739 2945 2795 ei
2984 2740 3166 2807 cedat,
3220 2740 3313 2807 sed
3353 2742 3565 2797 resistat
3603 2743 3690 2797 ille
3732 2746 3825 2814 qui

2243 2828 2547 2897 impellitur.
2568 2828 2818 2897 Quamvis
2845 2839 2898 2884 tu
2915 2871 2930 2897 ,
2960 2831 3168 2888 etiamsi
3194 2833 3249 2887 ei
3273 2835 3824 2899 consentiaturJllum

2241 2920 2329 2990 qui
2359 2919 2566 2986 cecidit,
2610 2935 2717 2975 non
2745 2921 2910 2989 ipsam
2938 2916 3056 2990 qua:
3094 2923 3334 2992 impulit;
3366 2925 3512 2978 illum
3537 2925 3626 2996 qui
3654 2934 3823 2982 attra—

2242 3021 2359 3066 ctus
2396 3021 2506 3077 est,
2553 3028 2658 3066 non
2698 3012 2864 3082 ipsam
2909 3028 3028 3084 quae
3069 3015 3314 3080 attraxit;
3366 3015 3515 3070 illum
3559 3016 3649 3086 qui
3701 3017 3822 3071 ille-

2242 3111 2358 3158 ctus
2384 3112 2464 3157 est
2489 3145 2509 3170 ,η
2537 3117 2643 3157 non
2691 3103 2857 3171 ipsam
2887 3117 3005 3173 quae
3034 3103 3234 3170 illexit;
3280 3120 3473 3174 magno
3521 3106 3822 3177 vaniloquio

2242 3193 2530 3248 contendas
2559 3208 2679 3249 esse
2704 3192 3026 3264 culpandum
3061 3213 3074 3249 :
3106 3195 3225 3264 quia
3255 3195 3486 3261 scilicet,
3518 3205 3574 3249 ut
3597 3195 3818 3260 detinis,

2241 3284 2380 3339 male
2410 3299 2535 3339 usus
2571 3292 2655 3340 est
2677 3286 2818 3339 bono
2847 3303 2862 3341 :
2898 3285 3058 3340 habes
3079 3286 3273 3357 quippe
3298 3296 3404 3341 tam
3436 3288 3631 3342 malum
3657 3290 3817 3358 spiri.

2242 3382 2376 3441 tum,
2405 3383 2463 3429 ut
2486 3375 2912 3445 concupiscentia
2941 3375 3080 3430 bona
3125 3376 3217 3431 tibi
3261 3377 3522 3443 videatur,
3567 3393 3668 3447 qua
3698 3394 3820 3432 caro

2241 3464 2572 3535 concupiscit
2600 3467 2854 3522 adversus
2885 3468 3155 3537 spiritum.
3192 3467 3298 3523 Sed
3336 3470 3608 3541 eleganter
3633 3478 3684 3524 te
3710 3473 3818 3527 exi-

2243 3559 2427 3613 stimas
2468 3542 2696 3614 irrisisse
2745 3559 2814 3614 de
2862 3560 3132 3629 Baptismo
3177 3562 3495 3616 sententiam
3540 3572 3775 3617 nostram
3803 3604 3818 3629 ,

2242 3649 2650 3707 mendacissime
2694 3650 2965 3706 afﬁrmans
3004 3652 3144 3722 quod
3191 3662 3409 3723 propter
3432 3653 3597 3709 solam
3623 3655 3823 3724 genita-

2243 3739 2371 3795 lium
2411 3742 2817 3797 commolionem
2858 3743 3181 3814 Baptismum
3210 3744 3448 3800 dicamus
3483 3760 3604 3802 esse
3646 3747 3823 3816 provi-

2243 3846 2381 3885 sum.
2412 3831 2530 3887 Non
2568 3832 2669 3887 hoc
2696 3832 2921 3889 dicimus
2953 3852 2967 3888 :
2998 3834 3091 3889 sed
3124 3834 3250 3889 illud
3279 3835 3419 3904 quod
3465 3850 3557 3890 vos
3598 3851 3736 3889 nova
3772 3846 3826 3893 et

2244 3922 2494 3980 bmretica
2538 3926 2880 3994 perversitate
2921 3928 3226 3983 subvertere
3254 3927 3538 3993 conamini,
3569 3926 3825 3993 dicimus,

2244 4012 2366 4069 ideo
2403 4014 2654 4069 divinitus
2678 4029 2797 4070 esse
2823 4016 3092 4084 provisum
3120 4015 3364 4071 secundae
3402 4016 3701 4085 spiritualis
3728 4035 3822 4071 na.

2247 4101 2466 4159 tivitatis
2491 4103 2764 4169 auxilium,
2788 4119 2942 4173 quam
2973 4103 3089 4159 ﬁeri
3115 4105 3165 4158 in
3193 4119 3250 4159 se
3270 4105 3386 4175 ipso
3410 4104 3652 4159 Christus
3677 4106 3824 4161 insti-

2246 4196 2380 4262 tuit,
2412 4196 2659 4266 quoniam
2704 4195 2993 4250 secundum
3038 4196 3205 4250 Adam
3248 4197 3535 4251 carnaliter
3561 4199 3672 4255 nati
3698 4212 3823 4253 cou-

2247 4287 2463 4341 trahunt
2504 4287 2689 4341 mortis
2733 4289 2962 4356 antiquae
3005 4289 3171 4356 prima
3218 4289 3495 4345 uativitate
3523 4290 3817 4361 contagium

2252 4376 2576 4448 (Cyprianus,
2594 4375 2757 4448 Epist.
2778 4377 2867 4441 64,
2890 4377 2957 4430 ad
2973 4374 3204 4448 Fidum).
3224 4378 3365 4434 Ecce
3379 4379 3555 4435 verbis
3569 4395 3697 4435 usus
3707 4396 3817 4436 sum

2248 4466 2399 4524 Poeni
2430 4469 2662 4538 episcopi
2702 4468 2972 4540 Cypriani,
3015 4476 3198 4524 contra
3226 4485 3380 4539 quem
3412 4479 3465 4525 tu
3498 4471 3659 4526 etiam
3686 4488 3819 4527 mar-

2250 4568 2420 4630 tyrem
2443 4559 2624 4625 latras,
2648 4574 2768 4613 cum
2796 4558 3047 4615 Ecclesiae
3078 4560 3499 4616 fundatissimam
3527 4561 3707 4625 ﬁdem,
3729 4579 3817 4632 pro

2250 4667 2353 4721 qua
2382 4651 2618 4707 Ecclesia
2651 4651 2797 4708 fusus
2825 4661 2906 4707 est
2934 4652 3050 4721 ejus
3075 4652 3287 4723 sanguis
3306 4695 3322 4721 ,
3351 4668 3643 4725 oppugnas.
3682 4654 3818 4710 Sicut

2250 4743 2393 4797 enim
2420 4743 2614 4798 Paulus
2642 4745 2912 4814 apostolus
2939 4744 3095 4812 dixit,
3123 4742 3222 4799 Per
3243 4762 3398 4799 unum
3424 4745 3672 4801 hominem
3709 4764 3815 4816 pec-

2252 4842 2418 4888 Catum
2443 4834 2646 4887 intravit
2672 4834 2726 4887 in
2754 4833 3017 4898 mundum,
3063 4844 3111 4888 et
3153 4852 3243 4905 per
3290 4844 3548 4905 peccatum
3592 4847 3819 4901 mors;et

2252 4926 2325 4981 ita
2350 4927 2403 4980 in
2431 4942 2600 4980 omnes
2629 4926 2856 4980 homines
2884 4926 3217 4996 pertransiit,
3238 4928 3291 4980 in
3318 4943 3418 4998 quo
3459 4942 3629 4983 omnes
3656 4945 3821 4989 pecca-

2253 5027 2428 5071 verunt
2448 5016 2603 5088 (Rom
2653 5033 2706 5081 v,
2735 5016 2823 5088 12)
2855 5034 2867 5070 :
2897 5017 2966 5071 ita
2995 5028 3047 5072 et
3069 5017 3367 5093 Cyprianus
3407 5018 3714 5090 episcopus.
3742 5021 3819 5074 in-

2257 5110 2503 5164 tellector
2550 5109 2705 5179 hujus
2739 5108 3027 5179 apostoli‘,
3058 5109 3334 5165 confessus
3376 5120 3497 5177 cst,
3542 5109 3818 5166 secundum

2255 5200 2428 5255 Adam
2481 5200 2765 5255 carnaliter
2812 5207 2967 5254 natos
3018 5200 3321 5269 contagium
3366 5209 3554 5255 mortis
3603 5202 3819 5272 antiqua:

2258 5292 2426 5362 prima
2466 5291 2739 5346 nativitate
2782 5288 3122 5349 contraham
3162 5290 3299 5371 Quid
3347 5300 3429 5347 est
3458 5306 3586 5362 ergo
3612 5292 3747 5362 quod
3774 5302 3819 5347 te

2258 5384 2524 5452 Apostolis
2571 5392 2625 5438 et
2671 5381 2919 5438 omnibus
2977 5380 3261 5437 Catholicis
3310 5381 3565 5439 fallaciter
3620 5381 3817 5453 jungis;

2256 5475 2697 5547 quandoquidem
2725 5474 2985 5545 Apostolo
3020 5471 3405 5538 fraudulenter,
3445 5470 3707 5529 catholico
3730 5487 3818 5527 au-
3846 5529 3854 5537 ,

2320 5674 2434 5737 tsic
2458 5681 2563 5723 Mss.
2588 5675 2717 5737 βαίιὶ
2740 5685 2888 5736 vero,
2917 5672 2987 5726 ita
3009 5679 3054 5726 et
3077 5669 3368 5737 (ypritmus,
3397 5675 3448 5722 ut
3478 5667 3820 5723 θωράκια

2255 5736 2398 5800 hujus
2419 5734 2630 5799 apostoli.
