4102 6476
240 316 372 370 "ﬂ

237 441 344 485 tem
375 428 639 498 Episcopo
658 435 709 480 et
729 423 962 494 Martyri,
987 419 1037 474 in
1063 433 1127 473 eo
1151 413 1291 488 quod
1313 415 1478 471 sensit
1505 427 1626 468 cum
1647 412 1822 466 orien-

237 521 325 574 tali
378 529 434 573 et
476 515 790 571 occidentali
841 511 1099 568 catholica
1138 507 1440 574 Ecclesia‘,
1490 503 1823 576 apertissime

234 609 595 664 contr-adicis?

311 697 462 753 CVII.
503 697 622 752 ιω..
686 691 959 765 Expositio
1010 703 1172 758 sane,‘
1211 702 1366 760 quam
1411 685 1559 743 Pauli
1598 681 1825 754 apostoli

235 791 579 844 sermonibus
605 787 883 842 admovisti
906 829 920 853 ,
950 801 1072 840 cum
1103 786 1210 838 risu
1250 792 1389 838 esset
1432 775 1821 849 praetereunda,

235 881 339 934 nisi
363 881 757 949 Scripturarum
781 887 1009 932 terreret
1034 879 1265 946 ignaros.
1294 872 1419 927 Cum
1440 869 1630 933 essetis,
1655 866 1826 936 inquit

239 972 525 1042 Apostolus
545 1013 559 1034 ,
591 972 720 1025 servi
750 970 961 1039 peccati,
995 967 1135 1022 liberi
1164 966 1333 1038 fuistis
1363 963 1597 1033 justitia'.
1637 959 1824 1013 Dicere

239 1067 424 1135 utique
454 1081 560 1119 non
592 1072 832 1133 poterat,
881 1062 1153 1116 Liberatos
1186 1077 1199 1111 :
1240 1054 1488 1127 quoniam
1533 1052 1617 1106 hic
1646 1063 1824 1105 sermo

237 1155 568 1212 liberatiouis
599 1165 723 1208 tunc
765 1153 1020 1208 decenter
1059 1149 1281 1204 infertur
1323 1154 1376 1201 et
1421 1142 1654 1214 proprie,
1701 1155 1823 1196 cum

239 1245 408 1300 homo
446 1260 476 1298 a
521 1244 690 1298 noxiis
737 1243 1028 1305 liberatur;
1074 1236 1227 1293 liberi
1270 1245 1448 1290 autem
1486 1249 1514 1287 a
1545 1231 1825 1286 virtutibus

241 1333 349 1390 dlci
398 1341 636 1404 possunt,
669 1333 758 1404 qui
786 1331 1078 1386 decernunt
1126 1327 1254 1382 nihil
1297 1325 1491 1382 debere
1520 1321 1820 1388 virtutibus,

243 1425 407 1480 Liber
435 1441 562 1495 ergo
600 1432 653 1479 et
681 1440 710 1477 a
739 1424 879 1478 bono
905 1433 959 1479 et
985 1439 1014 1476 a
1038 1422 1178 1476 malo
1205 1418 1306 1474 dici
1335 1425 1527 1488 potest,
1559 1415 1648 1484 qui
1673 1413 1824 1468 alteri

237 1515 515 1578 serviens,
547 1513 699 1568 alteri
729 1513 904 1568 studet
933 1509 1061 1566 nihil
1101 1509 1295 1564 debere
1325 1526 1338 1561 :
1369 1503 1620 1561 liberatus
1647 1513 1824 1556 autem

235 1605 339 1660 nisi
363 1619 393 1658 a
424 1605 567 1658 malo
593 1603 695 1658 dici
723 1620 830 1658 non
861 1612 1072 1672 potest;
1101 1602 1223 1672 quia
1253 1596 1472 1653 verbum
1501 1596 1600 1650 hoc
1631 1591 1823 1649 libera-

234 1696 400 1751 tionis
429 1696 484 1750 in
512 1711 570 1750 se
595 1695 756 1750 habet
798 1695 1049 1750 indicium
1083 1693 1221 1747 illius
1245 1691 1330 1761 qui
1357 1687 1697 1761 propulsatur
1725 1699 1824 1738 an-

233 1790 402 1860 goris.
425 1789 555 1856 Qua:
581 1789 738 1860 igitur
765 1789 850 1843 hic
890 1787 1112 1858 quaestio
1141 1783 1392 1854 Apostolo
1419 1781 1484 1836 de
1514 1779 1686 1832 verbis
1715 1777 1824 1830 suis

235 1881 356 1938 ﬁeri
385 1883 572 1952 potuit,
619 1898 740 1938 cum
787 1881 878 1936 ille
921 1895 1070 1934 more
1113 1878 1322 1948 generis
1361 1874 1600 1937 humani,
1625 1887 1653 1924 a
1687 1871 1824 1924 bono

236 1973 438 2029 liberos
459 2014 474 2038 ,
507 1988 536 2026 a
567 1973 706 2027 malo
733 1971 927 2028 dixerit
965 1969 1248 2024 liberatos?
1278 1966 1401 2021 Cum
1440 1980 1587 2035 ergo,
1634 1961 1820 2031 inquit,

237 2065 374 2119 servi
418 2065 588 2119 essetis
628 2065 838 2134 peccati,
886 2063 1029 2118 liberi
1058 2061 1225 2131 fuistis
1263 2059 1477 2131 justitiw
1501 2073 1518 2111 :
1546 2072 1689 2126 quem
1716 2053 1826 2122 fru-

236 2165 374 2209 ctum
403 2156 644 2210 habuistis
671 2165 790 2210 tunc
829 2156 881 2208 in
912 2155 1019 2221 his,
1047 2155 1098 2206 in
1127 2151 1305 2223 quibus
1336 2165 1466 2202 nunc
1495 2145 1779 2200 erubescitis
1800 2142 1825 2194 ?

236 2251 344 2305 Sed
373 2267 438 2305 ne
470 2261 524 2305 tu
554 2251 857 2313 :cstimares
878 2262 1061 2302 servos
1089 2260 1185 2299 nos
1219 2251 1432 2314 peccato
1462 2239 1572 2294 ﬁeri
1610 2252 1702 2306 per
1730 2251 1823 2288 na-

241 2351 440 2406 turam,
473 2339 598 2396 audi
623 2343 791 2410 ipsum
825 2337 1133 2410 Apostolum
1164 2336 1214 2389 in
1244 2333 1429 2388 iisdem
1457 2329 1586 2384 locis
1609 2330 1826 2397 loquen-

240 2443 392 2488 tem:
435 2431 515 2486 An
559 2431 758 2485 nescitis
803 2428 1043 2502 quoniam
1097 2428 1179 2480 cui
1226 2423 1465 2478 cxhibetis
1505 2419 1825 2488 vosmetipsos

243 2539 410 2579 servos
433 2524 502 2574 ad
526 2521 873 2584 obediendum,
907 2520 1035 2573 servi
1063 2518 1180 2571 estis
1218 2515 1324 2584 ejus
1350 2513 1431 2566 cui
1470 2510 1698 2574 obcditis,
1727 2509 1826 2561 sive

247 2615 459 2685 peccati,
486 2615 584 2669 sive
625 2612 958 2666 obauditionis
991 2610 1202 2683 justitia:
1235 2607 1406 2679 (Rom.
1453 2620 1540 2670 vt,
1594 2602 1682 2663 20,
1731 2598 1822 2665 2|,

246 2707 339 2777 16)
361 2707 386 2761 ?
410 2706 786 2776 Vosmetipsos,
817 2704 1006 2774 inquit,
1036 2699 1348 2755 exhibuistis
1370 2706 1586 2766 peccato
1607 2707 1822 2757 servos;

253 2808 314 2852 ut
339 2797 692 2867 intelligeres,
721 2809 841 2850 eum
881 2793 1172 2855 voluntati,
1211 2806 1316 2843 non
1365 2785 1621 2841 nativitati
1655 2785 1826 2852 impu-

243 2898 357 2943 tare
397 2896 690 2957 peccatum.
729 2885 809 2940 Ob
839 2884 943 2939 hoc
971 2897 1097 2952 ergo
1131 2881 1302 2936 solum
1337 2892 1428 2932 eos
1465 2876 1602 2930 dixit
1631 2873 1826 2928 liberos

241 2979 410 3034 fuisse
435 2979 655 3049 justitie
674 3019 689 3044 ,
720 2979 840 3048 quia
870 2976 1255 3031 detrectassent
1281 2971 1394 3041 ejus
1422 2977 1684 3039 praecepta
1709 2980 1827 3020 ser-

241 3087 390 3129 vare.

312 3165 450 3220 Anc.
491 3163 546 3219 Si
587 3163 657 3218 ob
693 3161 794 3217 hoc
834 3160 1004 3216 solum
1050 3154 1174 3212 dicti
1217 3164 1339 3210 sunt
1378 3149 1623 3207 homines
1671 3147 1828 3203 liberi

243 3254 640 3326 fuissejustitiae
659 3295 676 3320 ,
699 3252 838 3323 quod
866 3249 1251 3306 detrectassent
1279 3245 1396 3314 ejus
1424 3249 1684 3312 praecepta
1711 3253 1829 3293 ser-

243 3363 402 3412 vare;
437 3362 564 3416 ergo
606 3341 1230 3414 antequam'acciperent
1268 3342 1532 3407 prmcepta
1570 3330 1828 3402 iustitiae,

247 3452 371 3507 quae
403 3436 759 3491 detrectarent
793 3447 1041 3495 servare,
1074 3443 1178 3483 non
1215 3433 1366 3481 erant
1391 3422 1542 3477 liberi
1576 3421 1828 3490 justitize,

249 3529 498 3598 servique
525 3525 762 3597 peccati?
781 3525 899 3596 quis
925 3523 1028 3577 hoc
1066 3517 1302 3575 dixerit?
1334 3516 1414 3570 Ab
1441 3515 1541 3568 hac
1570 3529 1697 3583 ergo
1739 3526 1833 3566 ne—

249 3621 500 3676 cessitate
539 3618 802 3674 servitutis
847 3615 934 3670 ille
977 3613 1200 3677 liberat,
1229 3609 1317 3680 qui
1367 3623 1471 3662 non
1524 3605 1694 3660 solum
1745 3602 1837 3656 dat

252 3723 519 3785 przecepta
551 3727 642 3781 per
669 3710 832 3780 legem
860 3722 1076 3769 ;verum
1103 3704 1263 3758 etiam
1288 3700 1450 3754 donat
1471 3713 1565 3768 per
1578 3695 1835 3764 Spiritum

251 3781 602 3864 charitatem,
650 3799 798 3869 cujus
830 3795 1187 3852 delectatione
1252 3792 1490 3844 vincatur
1549 3781 1838 3840 delectatio
1877 3844 1882 3850 _

253 3894 455 3964 peccati
502 3911 516 3946 :
571 3891 802 3960 aliaquiu
844 3893 1154 3958 perseverat
1197 3879 1390 3936 invicta
1431 3878 1475 3943 ',
1517 3886 1571 3932 et
1620 3889 1834 3930 servum

251 4002 408 4042 suum
448 3991 613 4039 tenet.
645 3985 686 4036 Α
730 3996 836 4051 quo
875 3979 1015 4032 enim
1058 3975 1178 4046 quis
1220 3971 1460 4027 devictus
1493 3976 1614 4034 est,
1643 3965 1765 4020 huic
1785 3972 1840 4020 et

250 4093 443 4134 servus
468 4075 708 4129 addictus
728 4081 812 4126 est
836 4067 903 4141 (II
929 4067 1068 4121 Petr.
1092 4082 1150 4130 ιι,
1180 4063 1288 4135 l9).

328 4166 508 4224 CVIII.
538 4163 656 4220 Jun.
687 4162 923 4231 Denique
967 4157 1143 4212 statim
1175 4153 1354 4218 addit,
1401 4152 1469 4206 ita
1515 4163 1609 4204 eos
1658 4161 1841 4203 servos

261 4275 383 4314 esse
407 4255 650 4326 justitirn,
696 4253 833 4307 sicut
873 4249 1080 4304 fuerant
1109 4245 1246 4300 servi
1289 4251 1415 4296 ante
1465 4239 1685 4310 peccati.
1738 4237 1843 4292 Per

265 4347 409 4418 quod
441 4355 589 4415 potes
626 4359 718 4398 eos
739 4343 846 4410 jam
875 4350 928 4396 tu
948 4382 962 4405 ,
992 4339 1034 4393 si
1063 4337 1263 4408 placet,
1295 4335 1490 4388 liberos
1514 4331 1690 4386 dicere
1721 4343 1846 4399 pec-

265 4449 412 4503 cato,
439 4450 556 4491 cum
579 4434 813 4489 serviunt
839 4431 1050 4503 justitire
1076 4446 1090 4494 ;
1123 4430 1260 4484 sicut
1291 4427 1358 4480 ab
1391 4426 1479 4479 illo
1518 4423 1642 4477 dicti
1670 4429 1792 4475 sunt
1816 4437 1846 4474 a

262 4527 471 4601 justilia
504 4525 651 4580 liberi
673 4565 688 4590 ,
715 4538 832 4577 cum
863 4523 1118 4576 servirent
1141 4519 1356 4573 delicto.
1386 4513 1719 4584 Incptissitne
1749 4512 1849 4564 ita-

264 4634 374 4689 que
401 4615 726 4686 simplicitati
755 4609 1052 4683 apostolica:
1083 4609 1290 4661 voluisti
1336 4603 1652 4660 calumniam
1696 4616 1846 4655 com-

263 4723 504 4766 movere.
539 4705 720 4776 Neque
744 4703 882 4758 enim
906 4702 1021 4766 ille,
1047 4709 1102 4754 ut
1132 4707 1302 4769 putas,
1326 4692 1724 4765 vigilantissime
1750 4690 1849 4745 hoc

262 4800 409 4872 qUod
450 4804 686 4853 aestimas
730 4794 988 4848 intimavit
1035 4809 1049 4847 :
1103 4790 1195 4845 sed
1243 4798 1297 4842 tu
1343 4783 1851 4840 somniculosissime

266 4890 406 4960 quod
440 4889 529 4942 ille
554 4885 770 4957 protulit
797 4883 1042 4938 intueris.
1065 4877 1464 4950 A‘rgumentaris
1491 4875 1704 4946 quippe,
1734 4873 1852 4927 ideo

270 4982 416 5034 illum
445 4977 695 5032 liberatos
721 4973 899 5028 dicere
929 4971 1200 5036 maluisse,
1223 4982 1380 5038 quam
1411 4965 1626 5027 liberos,
1667 4972 1724 5017 ut
1769 4962 1852 5016 itt-

275 5071 632 5139 telligeremus
672 5064 878 5120 arbitrii
926 5063 1169 5116 libertate
1211 5059 1349 5113 male
1388 5056 1600 5127 quidem
1654 5068 1811 5124 posse
1837 5093 1852 5120 ,

275 5169 413 5224 bene
437 5178 612 5221 autem
652 5163 762 5219 fieri
803 5179 907 5217 non
938 5175 1113 5232 posse.
1151 5157 1341 5212 Verum
1374 5155 1486 5224 ipse
1529 5151 1619 5206 tibi
1664 5151 1855 5204 verbo-

275 5274 396 5314 rum
425 5257 541 5327 ejus
566 5255 698 5309 ordo
719 5253 985 5309 renititur.
1016 5249 1146 5304 Nam
1175 5248 1218 5302 si
1250 5245 1371 5310 hoc,
1402 5243 1542 5314 quod
1566 5251 1642 5307 tu,
1674 5250 1855 5310 putas-

274 5351 418 5412 sct’,
449 5350 570 5421 quia
595 5348 838 5403 libertate
866 5346 1038 5400 solum
1071 5348 1410 5412 peccaretur;
1433 5335 1616 5391 debuit
1655 5333 1856 5398 dicere,

274 5443 455 5500 Liberi
485 5440 656 5497 fuistis
680 5447 930 5512 peccato;
962 5454 1089 5501 non,
1121 5433 1288 5488 Liberi
1323 5430 1488 5502 fuistis
1517 5427 1733 5498 justitia:
1755 5441 1773 5478 :
1805 5432 1862 5478 ut

345 5665 359 5694 ι
384 5669 502 5718 vox,
529 5654 758 5717 Ecclesia,
795 5655 1069 5705 restituitur
1096 5664 1156 5701 ex
1193 5644 1541 5718 manuscriptls.

338 5726 357 5754 ³
384 5707 709 5780 ῑλῖίιίίὶιιινὶιὰ.
737 5707 840 5780 ιίξδε.
867 5723 979 5764 alar.
1003 5721 1060 5780 et
1094 5720 1214 5761 Fort.
1233 5745 1247 5767 ,
1271 5707 1460 5780 itt_tft't't_:_i.

340 5785 363 5817 ³
380 5769 521 5844 aliti,
542 5791 662 5834 Nam
693 5779 734 5831 si
751 5779 855 5842 hoc,
884 5776 1011 5842 quod
1035 5783 1086 5825 tu
1109 5780 1268 5836 putris,
1286 5771 1363 5820 sit.
1400 5776 1526 5826 διεδ..
1553 5769 1767 5825 ιιτειλδςς-ιρ

1625 294 1825 352 LIBER
1865 293 2136 350 PRIMUS.

3358 292 3494 348 ΗΕ

1934 410 2022 466 ille
2046 409 2310 498 diceretur
2334 423 2453 465 esse
2487 409 2621 467 liber
2648 409 2734 466 cui
2771 411 3087 482 operabatur
3111 406 3224 484 ipsa
3267 409 3504 468 libertas.

1931 499 1987 554 Si
2012 499 2154 554 enirn
2176 498 2344 568 placet
2370 499 2530 556 etiam
2555 517 2771 557 casuum
2799 516 3025 572 pensare
3054 510 3352 568 momenta,
3386 502 3509 558 huic

1930 589 2049 647 illos
2062 591 2280 661 iustitia:
2302 593 2433 648 dixit
2455 609 2574 650 esse
2608 596 2801 651 liberos
2821 638 2836 662 ,
2869 611 2976 651 non
3005 596 3072 651 ab
3097 596 3197 652 hac
3218 596 3417 666 justitia
3449 596 3509 649 li-

1928 680 2108 738 beros.
2150 683 2574 754 Consequentius
2615 702 2740 755 ergo
2778 684 2877 741 hac
2905 687 3200 744 elocutione
3229 703 3327 743 nos
3359 687 3508 757 adju—

1928 792 2195 844 varemur,
2225 773 2271 832 si
2318 777 2474 832 etiam
2505 787 2612 832 tam
2639 778 2780 835 leves
2825 796 2912 835 res
2958 796 3199 850 premere
3229 781 3504 836 vellemus.

1928 861 2033 923 Sed
2059 865 2196 921 absit
2223 865 2326 920 hoc
2350 883 2364 919 :
2392 881 2609 922 sensum
2636 867 2974 938 intelligimus
3006 871 3270 938 Apostoli,
3303 879 3356 924 et
3389 869 3503 922 elo-

1928 961 2198 1015 cutionum
2260 959 2568 1028 simpliciter
2634 962 2956 1031 prolatarum
3024 960 3200 1016 officio
3267 961 3502 1016 contenti

1928 1065 2130 1106 sumus.
2159 1049 2297 1104 Nihil
2328 1049 2466 1104 aliud
2509 1049 2645 1104 dixit
2681 1048 2927 1119 Magister
2953 1048 3235 1116 Gentium,
3265 1051 3386 1113 nisi,
3419 1049 3502 1102 Li-

1927 1153 2042 1208 beri
2063 1151 2254 1215 fuistis,
2278 1167 2383 1206 non
2406 1151 2664 1211 servistis,
2679 1149 2899 1218 justitize
2931 1166 2942 1200 :
2970 1147 3175 1202 liberati
3203 1149 3350 1212 estis,
3381 1162 3506 1216 pec-

1927 1253 2168 1301 catorum
2183 1245 2390 1300 veniam
2403 1241 2732 1312 suscepistis,
2748 1247 2992 1295 manente
3005 1239 3206 1294 arbitrii
3225 1240 3466 1293 libertate
3485 1255 3499 1302 ;

1928 1352 2023 1408 per
2039 1352 2194 1407 quam
2215 1345 2500 1408 potuerunt
2523 1343 2579 1390 et
2599 1341 2722 1388 ante
2745 1341 2980 1402 peccato,
3004 1341 3060 1386 et
3087 1341 3264 1402 postea
3286 1331 3503 1386 obedire

1921 1428 2162 1497 justitiae.

1997 1518 2132 1574 Auc.
2175 1517 2255 1571 Ex
2284 1516 2385 1570 isto
2411 1513 2660 1570 hzrretico
2685 1528 2845 1569 sensu
2868 1552 2883 1577 ,
2912 1527 3018 1581 quo
3046 1509 3218 1566 dicitis
3247 1525 3350 1565 non
3390 1509 3508 1564 ﬁeri

1927 1625 2024 1679 per
2049 1608 2272 1680 gratiam
2294 1606 2660 1661 liberationem
2683 1620 2711 1657 a
2741 1611 2980 1674 peccato,
3011 1600 3112 1656 nisi
3135 1617 3255 1657 cum
3287 1600 3352 1655 de
3371 1616 3506 1670 prae-

1929 1701 2087 1756 terito
2111 1700 2368 1768 accipitur
2387 1698 2568 1761 venia;
2595 1711 2699 1750 non
2719 1703 2896 1749 autem
2925 1691 3082 1747 etiam
3110 1708 3178 1747 ne
3206 1691 3508 1746 dominetur

1927 1800 2225 1862 peceatum,
2258 1805 2377 1846 cum
2407 1789 2632 1858 quisque
2653 1803 2684 1841 a
2705 1785 3131 1853 concupiscentia
3161 1800 3254 1838 sua
3283 1783 3507 1846 trahitur

1928 1885 1978 1939 in
2005 1884 2120 1954 ejus
2147 1897 2452 1945 assensum;
2480 1881 2636 1934 etiam
2677 1887 2980 1932 sanctorum
3010 1874 3336 1931 orationibus
3372 1889 3504 1929 con-

1927 1973 2202 2029 tradicitis.
2238 1971 2427 2042 thuid
2453 1971 2592 2024 enim
2628 1969 2734 2022 Deo
2758 1966 2970 2030 dicitur,
3007 1963 3090 2021 Ne
3118 1983 3208 2020 nos
3234 1967 3422 2034 inferas
3453 1966 3506 2018 in

1929 2067 2282 2127 tentationem;
2307 2065 2369 2129 si,
2397 2072 2452 2116 ut
2474 2063 2573 2117 hoc
2590 2077 2692 2116 non
2723 2059 2831 2123 liat,
2856 2061 2908 2113 in
2927 2058 3080 2114 liberi
3107 2057 3311 2114 arbitrii
3338 2057 3506 2112 nostri

1927 2164 2009 2210 est
2039 2164 2315 2223 potestate,
2340 2153 2480 2223 quod
2502 2153 2654 2206 nobis
2678 2149 2988 2205 naturaliter
3009 2149 3222 2203 insitum
3248 2149 3370 2202 est?
3405 2146 3504 2203 Ut-

1927 2245 2051 2316 quid
2082 2246 2208 2298 dicit
2249 2245 2556 2314 Apostolus,
2614 2242 2830 2296 Oramus
2880 2249 3044 2294 autem
3091 2239 3159 2292 ad
3207 2237 3390 2304 Deum,
3443 2255 3508 2292 ne

1927 2339 2046 2408 quid
2075 2339 2272 2407 faciatis
2302 2338 2423 2391 mali
2453 2335 2471 2409 (
2497 2331 2537 2390 II
2566 2335 2682 2390 Cor.
2711 2351 2823 2396 xm,
2851 2331 2959 2402 7);
2991 2331 3037 2386 si
3076 2332 3211 2387 Deus
3239 2347 3343 2387 non
3373 2331 3506 2387 libe-

1928 2440 2010 2485 rat
2035 2447 2059 2484 a
2093 2430 2342 2500 peccatis,
2373 2431 2472 2482 nisi
2499 2428 2707 2484 veniam
2739 2424 2915 2482 dando
2943 2422 3260 2495 praeteritis?

1998 2521 2131 2576 CIX.
2159 2521 2278 2576 JUL.
2319 2521 2554 2589 Denique
2581 2519 2705 2589 quid
2747 2515 3046 2572 exhortatio
3071 2515 3234 2584 ipsius
3265 2522 3505 2580 teneret,

1928 2612 2180 2677 ostendit,
2209 2611 2536 2682 praemittens
2558 2627 2570 2662 :
2600 2607 2891 2662 Humanum
2913 2605 3134 2674 estquod
3149 2603 3281 2668 dico,
3307 2615 3510 2674 propter

1927 2704 2269 2772 inﬁrmitatem
2285 2703 2449 2756 carnis
2467 2710 2640 2754 vestra:
2661 2715 2678 2753 :
2699 2699 2826 2752 sicut
2843 2697 2973 2751 enim
2991 2695 3279 2749 exhibuistis
3293 2694 3510 2748 membra

1929 2809 2091 2853 vestra
2116 2797 2300 2852 servire
2338 2793 2668 2848 immunditiw
2694 2802 2738 2846 et
2761 2789 3014 2856 iniquitati
3053 2785 3120 2840 ad
3161 2786 3510 2856 iniquitatem;

1927 2891 2000 2946 ita
2025 2905 2159 2943 nunc
2187 2888 2410 2942 exhibete
2434 2885 2654 2940 membra
2680 2891 2843 2938 vestra
2870 2879 3053 2935 servire
3077 2875 3281 2946 iustitiw
3312 2877 3364 2930 in
3387 2893 3512 2930 san—

1929 2981 2280 3051 ctificationem
2309 2995 2328 3033 :
2373 2994 2489 3031 cum
2531 2976 2662 3030 enim
2709 2972 2836 3027 servi
2881 2969 3050 3026 essetis
3098 2967 3323 3037 peccati,
3370 2966 3514 3021 liberi

1932 3075 2099 3148 fuistis
2117 3073 2326 3146 justitite
2351 3070 2526 3143 (Rom.
2550 3084 2622 3129 vt,
2648 3067 2715 3122 l9
2736 3075 2781 3118 et
2799 3062 2914 3135 20).
2937 3061 3339 3118 Ordinatissime
3359 3074 3516 3128 pror-

1930 3182 2023 3222 sus
2047 3168 2192 3235 ipsos
2211 3164 2338 3219 dicit
2363 3162 2557 3217 liberos
2582 3158 2744 3212 fuisse
2767 3154 3007 3225 justitite,
3033 3167 3167 3222 quos
3192 3159 3517 3206 convenerat

1932 3266 1992 3314 ut
2038 3255 2278 3312 membra
2328 3267 2422 3310 sua
2464 3253 2517 3306 in
2557 3249 2703 3306 omni
2748 3245 3165 3303 sanctificatione
3192 3244 3511 3298 retinerent.

1932 3349 2130 3404 Verum
2155 3346 2274 3418 quia
2297 3360 2404 3400 non
2425 3359 2611 3413 parum
2635 3342 2720 3396 hic
2742 3337 3006 3395 immorati
3031 3352 3234 3403 sumus,
3262 3345 3321 3390 ut
3337 3345 3544 3392 esten-.-

1934 3439 2184 3496 deremus
2228 3434 2582 3492 certissimum
2633 3446 2754 3488 esse
2801 3428 2942 3499 quod
2994 3428 3236 3483 dixeram
3285 3425 3514 3497 (Supra,

1938 3553 2053 3605 cap.
2080 3534 2170 3605 73)
2191 3575 2204 3598 .
2233 3533 2356 3604 quia
2404 3539 2661 3602 negarent
2694 3530 2916 3584 liberum
2954 3527 3230 3583 arbitrium
3276 3523 3521 3579 homines

1935 3630 2028 3701 qui
2059 3635 2237 3682 vestro
2267 3625 2489 3679 fuissent
2524 3636 2773 3678 sermone
2813 3618 3091 3684 deterriti,
3142 3624 3198 3671 et
3238 3615 3289 3670 in
3333 3628 3520 3668 verum

1939 3719 2159 3775 exitium
2189 3731 2320 3770 vana
2363 3711 2644 3768 formidine
2686 3710 3060 3773 truderentur;
3103 3715 3264 3775 atque
3306 3713 3358 3758 te
3403 3717 3522 3758 esse

1942 3811 2266 3882 praecipuum
2290 3804 2494 3859 arbitrii
2531 3802 2682 3856 liberi
2722 3807 3027 3870 negatorem
3058 3814 3070 3848 :
3104 3803 3432 3850 revertamur
3455 3791 3522 3846 ad

1943 3902 2091 3957 illum
2118 3900 2335 3963 librant,
2365 3895 2456 3965 qui
2480 3903 2561 3948 est
2586 3891 2653 3946 ad
2683 3890 2952 3946 Valerium
2979 3887 3294 3949 destinatus,
3321 3893 3377 3938 ut
3397 3897 3524 3952 pro-

1943 3995 2131 4056 bemus
2157 3990 2330 4060 primo
2359 3997 2412 4042 te
2433 3999 2652 4055 negasse
2673 3981 3002 4038 conditorem
3035 3979 3198 4032 Deum
3225 3992 3240 4040 ;
3269 3990 3408 4029 nunc
3431 3989 3526 4026 au-

1946 4093 2076 4150 tem,
2106 4082 2229 4136 alibi
2259 4079 2469 4150 quidem
2497 4089 2712 4145 negare,
2735 4071 2859 4126 alibi
2880 4069 3154 4124 scelestius
3176 4067 3340 4121 multo
3368 4080 3525 4136 quam

1946 4187 2237 4244 negaveras
2262 4167 2524 4225 conﬁteri.
2555 4166 2622 4220 Et
2650 4163 2862 4234 quidem
2889 4176 3045 4231 quam
3076 4161 3127 4213 in
3165 4159 3254 4212 illo
3282 4157 3416 4211 libro
3438 4166 3528 4210 tuo

1944 4270 2126 4340 priore
2171 4264 2412 4318 absolute
2451 4261 2618 4315 Deum
2666 4255 2941 4326 negaveris
2985 4252 3312 4307 conditorem
3358 4247 3530 4302 homi-

1949 4376 2100 4424 num,
2123 4357 2254 4413 satis
2276 4369 2397 4410 cum
2423 4352 2776 4406 discuteretur
2803 4344 3081 4414 apparuit:
3112 4341 3290 4396 dixisti
3312 4340 3524 4409 quippe,

1950 4450 2090 4522 quod
2127 4467 2146 4500 ι
2177 4461 2343 4515 genus
2368 4444 2656 4498 humanum
2687 4437 2930 4492 diabolus
2968 4433 3116 4503 quasi
3165 4430 3382 4500 plantati
3414 4444 3442 4480 a
3473 4442 3533 4482 se

1952 4517 2158 4598 fruticis
2184 4539 2410 4593 fructum
2436 4534 2557 4602 jure
2581 4531 2891 4598 decerperet
2919 4544 2936 4576 ι
2960 4523 3061 4596 (De
3083 4520 3291 4590 Nuptiis
3319 4529 3365 4572 et
3396 4517 3533 4571 Con-

1953 4631 2278 4704 cupisceutia,
2307 4627 2392 4680 tib.
2420 4624 2472 4690 l,
2509 4639 2564 4676 η.
2603 4620 2728 4686 26);
2757 4616 3026 4683 multaque
3055 4610 3156 4686 alia
3185 4624 3302 4679 qua:
3345 4609 3462 4662 loco
3502 4622 3534 4660 a

1955 4697 2459 4795 te'argumentorum
2503 4713 2670 4784 posita
2699 4709 2819 4764 huic
2858 4713 3212 4773 cooperantur
3248 4701 3438 4756 errori.
3479 4697 3534 4753 In
3628 4728 3632 4732 -

1957 4817 2061 4871 hoc
2087 4791 2212 4868 vero
2240 4805 2476 4866 secundo
2496 4805 2652 4867 libro,
2686 4800 2784 4854 etsi
2815 4795 3157 4852 universitate
3181 4791 3441 4861 dogmatis
3464 4791 3536 4850 tui

1959 4907 2098 4962 idem
2130 4917 2283 4973 agas;
2317 4907 2495 4953 tamen
2522 4890 2868 4964 perniciosius
2892 4886 3076 4942 niteris
3103 4881 3388 4940 emendare
3410 4895 3538 4935 scn-

1961 4995 2202 5060 tentiam,
2232 5005 2388 5062 quam
2418 4995 2541 5043 ante
2568 4979 2852 5055 protulisti.
3501 5027 3504 5032 I

2033 5090 2167 5142 Auc.
2200 5061 2260 5138 Si
2297 5079 2390 5136 tibi
2435 5092 2618 5150 parum
2646 5081 2730 5130 est
2759 5069 3068 5142 Apostolus,
3113 5065 3203 5137 qui
3249 5064 3398 5130 dicit,
3444 5061 3543 5118 Per

1962 5195 2118 5234 unum
2148 5175 2397 5230 hominem
2427 5176 2681 5241 peccatum
2723 5162 2927 5218 intravit
2968 5162 3022 5214 in
3062 5157 3338 5223 mundum,
3369 5165 3416 5208 et
3454 5169 3546 5224 per

1965 5277 2223 5342 peccatum
2247 5279 2415 5329 mors;
2445 5271 2489 5316 et
2517 5261 2587 5312 ita
2614 5259 2668 5312 in
2693 5271 2863 5311 omnes
2892 5252 3115 5307 homines
3155 5247 3461 5320 pertransiit,
3493 5245 3546 5308 in

1965 5340 2064 5431 quo
2109 5373 2279 5414 omnes
2325 5360 2648 5427 peccauerunt
2675 5366 2692 5404 :
2723 5344 3032 5402 Ambrosius
3076 5340 3292 5409 utique,
3340 5351 3445 5391 non
3490 5343 3546 5388 ut

1967 5423 2443 5515 hlanichaaus,quo
2469 5441 2684 5497 nomine
2715 5437 2868 5502 tales,
2895 5433 3068 5504 qualis
3097 5431 3186 5483 ille
3215 5429 3381 5480 fuerat
3402 5423 3542 5484 fidei,

1970 5512 2302 5600 criminaris;
2344 5512 2437 5590 sed
2484 5540 2542 5587 ut
2579 5527 2870 5585 catholicus
2911 5521 3170 5578 intellcxrt
3211 5512 3547 5585 Apostolum,

1971 5647 2199 5703 eumque
2224 5628 2522 5697 intelligens
2540 5627 2635 5690 ait,
2668 5639 2686 5674 ι
2714 5619 2910 5676 Omnes
2936 5612 3180 5668 homines
3207 5608 3305 5703 sub
3329 5616 3549 5703 peccato

1979 5697 2259 5793 pasciinnr,
2281 5731 2504 5792 quorum
2532 5716 2644 5787 ipse
2669 5722 2815 5767 ortus
2843 5708 2894 5762 in
2921 5704 3048 5760 vitio
3074 5713 3156 5758 est
3179 5719 3198 5754 ι
3233 5698 3334 5772 (De
3374 5697 3546 5751 Ριεηὶ-
