4062 6486
611 352 750 408 H23

607 464 763 518 tentia
784 502 801 527 ,
831 461 920 515 lib.
961 459 1012 522 I,
1043 473 1155 525 cap.
1177 454 1212 510 2
1232 454 1273 527 ).
1323 455 1463 511 Ecce
1490 453 1558 510 de
1586 469 1692 524 quo
1717 464 1963 526 tanquam
1990 451 2058 508 de
2086 466 2183 506 suo

605 555 795 612 frutice
815 551 1054 609 diabolus
1077 549 1299 604 fructum
1315 548 1436 619 jure
1454 547 1753 617 decerpsit;
1781 563 1884 602 non
1906 546 1974 602 de
1997 555 2184 600 natura

605 661 760 715 quam
787 645 926 698 Deus
949 640 1203 703 condidit,
1230 638 1324 695 sed
1349 638 1417 694 de
1442 637 1572 694 vitio
1596 639 1734 710 quod
1762 638 1876 708 ipse
1904 636 2178 708 plantavit.

603 735 785 804 Neque
832 733 972 787 enim
1027 731 1118 802 qui
1162 739 1454 785 nascuntur
1504 729 1603 784 sub
1648 739 1898 799 peccato,
1959 733 2180 797 possunt

601 826 705 882 nisi
745 823 846 880 sub
879 832 1099 878 auctore
1135 836 1253 878 esse
1280 823 1517 892 peccati,
1547 820 1595 878 si
1619 837 1725 876 non
1754 827 2097 876 renascantur
2127 817 2182 874 in

599 919 834 974 Christo.

666 1007 780 1062 CX.
796 1005 824 1062 J
829 1022 912 1061 UL.
932 1005 1126 1062 Verum
1147 1003 1488 1075 suppleamus
1502 997 1736 1059 breviter
1749 1000 2173 1072 responsionem,

597 1114 713 1169 qua:
735 1099 888 1168 capiti
913 1106 1020 1164 tuo,
1049 1098 1190 1169 quod
1220 1112 1378 1166 supra
1405 1096 1676 1166 posuimus
1704 1093 1854 1166 (Cap.
1885 1093 1998 1176 74),
2017 1092 2179 1148 debe-

606 1199 710 1244 tur.
729 1191 1046 1244 Constanter
1065 1191 1241 1260 itaque
1262 1189 1586 1257 fideliterque
1608 1186 1924 1256 respondeo,
1939 1185 2056 1254 quia
2071 1199 2177 1238 non

599 1279 931 1336 invideamus
966 1279 1303 1334 liberatorem
1335 1278 1638 1332 hominibus
1677 1277 1958 1330 Dominum
1986 1274 2170 1331 .Iesum

597 1373 902 1436 Christum;
943 1367 1078 1442 quos
1113 1372 1458 1426 convenimus
1484 1411 1499 1437 ,
1553 1385 1621 1424 ne
1667 1369 1818 1424 vobis
1857 1366 2172 1434 credentes,

596 1463 982 1518 emendationis
1001 1462 1372 1532 desperatione
1401 1461 1726 1532 frangantur,
1751 1471 1804 1516 et
1833 1459 2083 1515 recedant
2109 1459 2176 1513 ab

597 1555 894 1610 eruditione
923 1549 1142 1622 Christi,
1174 1553 1322 1624 quasi
1349 1570 1408 1608 ea
1438 1553 1813 1623 prazeipientis,
1836 1569 1956 1625 quae
1984 1567 2176 1622 capere

599 1643 902 1697 mortalium
929 1651 1116 1698 natura
1141 1657 1248 1698 non
1277 1642 1480 1712 possit,
1513 1643 1708 1714 quippe
1734 1642 1872 1697 malo
1895 1653 2174 1712 aggravata

592 1735 898 1806 congenito.

667 1825 803 1881 Aue.
836 1823 940 1880 Sed
965 1832 1019 1879 et
1059 1838 1204 1878 mors
1229 1823 1506 1894 congenita
1554 1834 1670 1890 est;
1719 1831 1774 1879 et
1813 1831 1988 1878 tamen
2018 1823 2084 1878 ah
2110 1837 2172 1878 ea

594 1913 807 1978 liberat,
861 1913 950 1984 qui
999 1927 1132 1984 quos
1173 1913 1289 1968 vult
1331 1914 1562 1969 vivificat
1606 1914 1790 1986 (.Ioan.
1829 1929 1884 1981 v,
1929 1911 2036 1985 21)
2067 1931 2079 1968 :
2106 1913 2174 1968 ad

595 2020 752 2074 quem
783 2003 979 2059 debent
1008 2003 1318 2074 confugere,
1347 2004 1436 2074 qui
1463 2005 1644 2060 volunt
1667 2020 1698 2059 a
1727 2005 1865 2060 malo
1893 2004 2174 2074 congenito

592 2093 838 2158 liberari;
866 2094 1006 2163 quod
1035 2101 1095 2148 ut
1120 2093 1331 2163 faciant,
1361 2095 1480 2166 quis
1504 2095 1767 2162 attrahat,
1805 2096 1858 2150 in
1889 2095 2172 2166 Evangelio

591 2185 709 2255 lege
735 2183 842 2256 (Id.
867 2203 936 2251 vr,
966 2186 1082 2256 44).
1121 2175 1124 2180 ’
1463 2249 1470 2256 _

659 2277 796 2332 CXI.
823 2275 941 2332 Jun.
971 2276 1074 2332 Sed
1105 2285 1323 2333 currant
1359 2277 1424 2332 ad
1462 2294 1580 2334 eum
1613 2280 1700 2350 qui
1727 2279 1940 2346 clamat,
1979 2277 2173 2350 Iugum

587 2381 755 2422 maxim
780 2384 932 2422 suave
956 2377 1049 2434 est,
1081 2378 1128 2421 et
1155 2385 1280 2422 onus
1299 2383 1464 2422 meum
1489 2369 1592 2422 leve
1613 2377 1684 2423 est
1708 2369 1917 2440 (Matth.
1940 2383 2013 2433 χι,
2039 2367 2128 2440 30)
2153 2387 2168 2425 :

587 2458 678 2527 qui
705 2467 759 2513 et
781 2459 934 2512 malie
950 2458 1207 2513 voluntati
1230 2461 1246 2490 ¹
1266 2460 1476 2514 veniam
1492 2475 1589 2530 pro
1606 2460 1955 2516 intestimabili
1983 2461 2172 2516 libera-

587 2550 734 2606 litate
777 2551 996 2622 largitur
1016 2593 1032 2618 ,
1061 2560 1114 2607 et
1139 2552 1529 2618 innocentiam,
1563 2567 1718 2622 quam
1749 2561 1898 2609 creat
1937 2553 2126 2609 bonam
2148 2594 2165 2621 ,

587 2639 712 2697 facit
739 2640 1038 2696 innovando
1065 2639 1476 2711 adoptandoque
1505 2633 1800 2696 meliorem.

655 2731 791 2786 Avo.
810 2731 911 2800 Ipsi
934 2739 1059 2786 sunt
1077 2730 1341 2794 homines,
1364 2732 1555 2802 quibus
1586 2733 1787 2788 invides
1811 2733 2166 2800 liberatorem,

583 2835 718 2893 quos
745 2819 942 2877 habere
973 2821 1193 2887 malum,
1227 2837 1256 2876 a
1299 2837 1406 2894 quo
1447 2823 1760 2891 liberentur,
1805 2839 1986 2895 negas.
2029 2825 2170 2892 Quo-

583 2911 742 2967 modo
786 2927 915 2982 ergo
956 2921 1264 2969 constanter
1304 2913 1636 2984 fideliterque
1676 2917 1996 2985 reSpondes,
2027 2915 2167 2988 quod

582 3019 688 3058 non
719 3003 998 3058 invideatis
1025 3005 1362 3074 liberatorem
1405 3006 1710 3061 hominibus
1753 3007 2030 3062 Dominum
2071 3009 2166 3064 Je-

581 3109 699 3147 sum
734 3093 1034 3158 Christum;
1062 3108 1183 3147 cum
1211 3095 1384 3163 potius
1408 3095 1748 3165 pertinaciter
1788 3105 1842 3151 et
1881 3097 2166 3154 infideliter

580 3195 738 3251 agas,
775 3197 842 3237 ne
874 3181 942 3236 ab
977 3182 1067 3236 illo
1089 3183 1220 3237 salvi
1264 3183 1376 3239 fieri
1420 3183 1708 3240 credantur
1751 3187 1988 3254 parvuli,
2030 3187 2167 3243 sicut

582 3273 785 3326 salvum
825 3269 952 3326 facit
989 3273 1239 3342 populum
1280 3288 1432 3328 suum
1471 3289 1501 3328 a
1534 3275 1765 3343 peccatis
1792 3265 2007 3340 eorum;
2035 3293 2164 3347 pro-

547 3367 560 3386 ²
582 3371 702 3432 pter
723 3363 862 3433 quod
889 3379 1032 3430 eum,
1063 3361 1354 3434 Evangelio
1377 3363 1644 3435 loquente,
1684 3365 1962 3422 didicimus
1985 3369 2166 3438 appel-

579 3451 743 3508 latum
781 3467 900 3509 esse
925 3453 1102 3508 Jesum
1135 3452 1244 3526 (Id.
1269 3469 1304 3520 ι,
1338 3453 1473 3526 2|)?
1499 3453 1614 3510 Non
1653 3455 1810 3526 igitur
1847 3457 2038 3513 docere
2064 3475 2164 3529 po-

579 3544 753 3600 teritis
777 3543 1112 3599 liberatorem
1139 3543 1406 3599 Christum
1437 3561 1532 3600 vos
1559 3546 1860 3602 hominibus
1897 3563 2002 3604 non
2029 3549 2165 3604 invi-

578 3634 741 3702 dere,
772 3636 892 3706 quia
933 3635 1181 3705 parvulos
1227 3651 1332 3691 non
1371 3651 1494 3692 esse
1532 3637 1782 3694 homines
1819 3639 1964 3694 nullo
2003 3641 2162 3697 modo

577 3725 800 3796 potestis
828 3727 1130 3783 ostendere.

650 3814 807 3871 CXII.
835 3815 955 3873 IUL.
989 3819 1233 3874 Demiror
1275 3819 1456 3892 itaque
1483 3837 1670 3878 ausum
1701 3829 1752 3878 te
1777 3822 1936 3880 fuisse
1959 3837 2162 3897 ponere

577 3908 959 3973 testimonium,
983 3924 1088 3979 quo
1109 3909 1320 3976 dicitur,
1344 3910 1390 3964 Α
1412 3929 1510 3982 quo
1528 3914 1658 3966 enim
1683 3915 1795 3984 quis
1823 3915 2042 3971 devictus
2065 3926 2158 3986 est,

579 3995 697 4052 huic
715 4007 763 4052 et
787 3993 958 4052 servus
989 3998 1226 4053 addictus
1248 4009 1320 4054 cst
1347 3999 1412 4074 (Il
1434 3997 1574 4056 Petr.
1597 4017 1655 4068 ll,
1681 4003 1790 4075 l9).
1815 4005 1966 4072 Quod
1991 4007 2161 4063 mani-

577 4085 866 4142 festissime
911 4102 1010 4158 pro
1053 4089 1210 4144 nobis
1248 4089 1406 4155 facit,
1453 4095 1812 4149 asserentibus
1852 4111 1958 4151 non
2003 4113 2160 4167 posse

575 4193 898 4250 quemquam
924 4177 1213 4236 obnoxium
1234 4196 1354 4238 esse
1372 4181 1606 4250 diabolo,
1631 4185 1730 4240 nisi
1751 4188 1840 4258 qui
1858 4187 2016 4244 fuerit
2037 4199 2160 4261 post

575 4281 846 4326 certamen
877 4271 1166 4327 voluntatis
1195 4273 1446 4343 degeneri
1481 4275 1756 4332 deditione
1783 4291 2083 4349 superatus.
2110 4283 2158 4338 Α

575 4369 630 4419 te
651 4373 826 4419 autem
855 4365 1095 4434 usurpari
1133 4381 1238 4421 non
1265 4367 1486 4436 debuit,
1516 4371 1600 4425 cui
1629 4370 1973 4429 vehementer
1995 4389 2156 4445 repu-

575 4461 724 4524 gnat,
752 4455 1096 4525 persuadenti
1124 4457 1175 4511 in
1203 4473 1369 4529 regno
1388 4459 1582 4516 diaboli
1600 4475 1719 4519 esse
1744 4473 2040 4532 nascentes,
2065 4467 2156 4537 qui

573 4546 690 4601 sine
718 4547 987 4604 voluntate
1021 4550 1234 4620 propria
1274 4565 1380 4608 nec
1399 4553 1538 4609 vinci
1569 4557 1766 4627 utique,
1799 4572 1900 4613 nec
1931 4573 2155 4629 peccare

575 4645 884 4706 potuerunt.

647 4731 783 4785 Anc.
811 4729 954 4798 Quos
979 4731 1110 4788 dicis
1145 4743 1426 4790 nascentes
1457 4751 1556 4793 nec
1591 4737 1768 4808 vinci,
1811 4756 1911 4797 nec
1945 4751 2154 4802 certare

573 4820 831 4890 potuisse,
863 4821 930 4876 ab
958 4822 1047 4876 illo
1077 4824 1334 4896 originem
1362 4827 1582 4894 ducunt,
1613 4831 1664 4885 in
1693 4845 1797 4902 quo
1823 4849 2008 4890 omnes
2029 4849 2154 4906 pec-

573 4905 830 4964 caverunt
857 4929 870 4965 :
897 4911 986 4982 qui
1009 4913 1202 4980 homo,
1231 4917 1372 4986 quod
1401 4927 1482 4974 est
1507 4921 1656 4990 pejus
1679 4963 1694 4990 ,
1725 4923 1840 4978 sine
1864 4905 2152 4982 certamine

575 5003 748 5056 victus
778 5011 879 5058 est.
908 4999 1030 5059 Fuit
1050 5007 1191 5061 enim
1220 5007 1409 5072 Adam,
1437 5021 1491 5065 et
1518 5011 1570 5066 in
1595 5013 1683 5066 illo
1705 5013 1897 5070 fuimus
1921 5031 2108 5074 omnes
2133 5037 2148 5075 :

571 5092 732 5162 periit
763 5093 951 5162 Adam,
981 5103 1034 5150 et
1073 5087 1123 5151 in
1155 5097 1244 5152 illo
1267 5113 1455 5155 omnes
1485 5103 1756 5172 perierunt
1775 5104 2029 5177 (Ambros.
2058 5109 2146 5164 lib.

571 5181 604 5239 7
632 5185 684 5239 in
714 5183 841 5240 Luc.
881 5203 998 5259 cap.
1029 5185 1116 5254 15,
1148 5206 1201 5243 n.
1245 5189 1403 5264 254).
1440 5193 1608 5250 Sinite
1641 5211 1770 5268 ergo
1796 5199 2042 5268 parvulos
2069 5201 2149 5256 in-

572 5277 741 5332 veniri
767 5277 836 5334 ab
862 5293 947 5342 eo,
979 5280 1067 5350 qui
1110 5281 1254 5337 venit
1296 5297 1535 5351 quazrere
1563 5285 1703 5356 quod
1735 5289 1961 5356 perierat
1985 5288 2142 5360 (Luc.

566 5379 686 5438 xtx,
730 5369 818 5441 10)
854 5388 867 5424 :
900 5371 1132 5443 alioquin
1173 5373 1514 5431 liberatorem
1551 5377 1754 5444 Jesum,
1804 5383 2056 5451 quoniam
2093 5393 2148 5440 et

566 5459 670 5534 ipsi
694 5461 936 5520 homines
956 5473 1102 5532 sunt,
1124 5479 1344 5537 prorsus
1363 5469 1664 5526 hominibus
1685 5473 1949 5543 invidetis,
1980 5491 2148 5547 quan-

633 5635 649 5669 '
675 5637 748 5687 sic
783 5641 896 5706 (uss.
918 5645 970 5690 At
993 5613 1142 5706 editi.
1177 5641 1321 5706 nullm
1341 5642 1608 5695 cohortalis.
1633 5649 1802 5698 Marius
1824 5656 2068 5706 Mercator.
2093 5652 2142 5701 in

949 5703 1336 5775 subnotationum
1360 5709 1408 5756 in
1420 5709 1606 5775 scripta
1623 5709 1810 5765 Juliaui.
1837 5699 2039 5775 legebat
2053 5699 2144 5764 hoc

583 5770 669 5820 ps0
689 5759 812 5820 loco,
831 5761 915 5822 qui
935 5769 980 5813 et
1002 5763 1124 5816 male
1146 5765 1302 5822 aqcnti
1327 5767 1524 5818 veniam.

1249 344 1494 401 OPERIS
1530 339 1938 398 lllPERFECTI
1975 339 2247 396 CONTRA
2285 337 2640 410 JULIANUM,
2683 345 2738 401 S.
2779 345 3148 406 AUGUSTINI

3727 365 3872 424 1124

2297 459 2575 524 lacumque
2606 458 2920 530 loquacitate
2948 464 3316 526 crudelitatem
3339 472 3506 530 vestri
3531 475 3689 546 hujus
3711 496 3872 538 erro-

2293 543 2368 598 ris
2397 545 2743 617 ohtegendam
2775 568 2892 608 esse
2920 556 3170 614 credatis.

2362 637 2540 694 CXIII.
2569 641 2685 697 JUL.
2714 644 2866 713 Quod
2899 649 3108 718 quidem
3150 652 3340 710 videns
3376 665 3564 716 contra
3607 670 3662 719 te
3691 667 3874 725 valere

2293 727 2595 799 plurimum,
2643 736 2792 804 quasi
2837 738 2952 807 ipso
2997 742 3304 799 testimonio
3347 747 3723 823 interrogatus,
3771 757 3874 815 Per

2291 819 2414 888 quid
2433 835 2562 890 ergo
2591 825 2789 891 parvuli
2812 827 2862 881 in
2891 844 3057 900 regno
3083 843 3207 888 sunt
3225 819 3868 915 adversariaavpotestatis,

2289 909 2335 964 si
2367 911 2650 981 Scriptura:
2688 917 2922 972 creditur
2942 961 2957 984 ,
2988 937 3436 998 unumquemque,
3464 909 3586 987 cum
3613 909 3866 1004 vincitur,

2291 1008 2414 1056 tunc
2442 1017 2655 1059 servum
2683 1021 2804 1062 esse
2843 1009 3059 1086 victoris
3079 1055 3092 1078 ,
3121 1024 3176 1072 et
3201 1029 3406 1073 constat
3435 1021 3714 1081 infantiam
3748 1031 3872 1085 sine

2288 1106 2386 1147 usu
2409 1094 2626 1150 rationis
2653 1105 2707 1152 et
2731 1099 3013 1157 voluntatis
3042 1121 3142 1161 nec
3170 1108 3456 1180 conﬂigere
3482 1116 3741 1184 potuisse,
3769 1135 3870 1178 nec

2289 1183 2522 1240 cedere?
2547 1187 2697 1277 addis
2729 1189 2828 1262 (De
2856 1191 3064 1264 Nuptiis
3102 1205 3151 1250 et
3187 1197 3597 1272 Concupisccntia
3619 1249 3636 1274 ,
3687 1183 3777 1264 lib.
3809 1212 3866 1277 2,

2285 1291 2339 1328 n.
2371 1274 2426 1346 8)
2455 1294 2470 1331 :
2507 1296 2526 1329 ε
2555 1276 2658 1333 Per
2694 1297 2849 1335 unum
2867 1285 3061 1354 quippe
3088 1287 3338 1343 hominem
3363 1306 3622 1361 peccatum
3659 1274 3868 1356 intravit

2288 1363 2341 1418 in
2365 1368 2626 1436 mundum,
2650 1381 2696 1423 et
2723 1387 2808 1442 per
2839 1385 3095 1444 peccatum
3120 1395 3292 1448 mors;
3319 1393 3366 1436 et
3391 1384 3462 1438 ita
3490 1386 3542 1440 in
3579 1405 3752 1446 omnes
3771 1393 3867 1446 lto-

2295 1455 2452 1511 mines
2478 1463 2781 1530 pertransiit,
2805 1469 2858 1518 in
2878 1482 2976 1534 quo
3003 1484 3174 1522 omnes
3197 1487 3522 1541 peccaverunt
3555 1498 3576 1531 ι
3603 1479 3784 1550 (Rom.
3805 1499 3862 1550 ν,

2285 1547 2399 1619 IS).
2434 1567 2453 1601 ι
2489 1549 2577 1605 Sic
2610 1562 2693 1607 est
2737 1563 2930 1620 autem,
2961 1556 3102 1614 Deus
3145 1566 3474 1622 nascentium
3495 1547 3779 1641 conditor,

2285 1653 2472 1695 omnes
2495 1655 2558 1698 ex
2586 1659 2692 1698 uno
2714 1653 2838 1700 eant
2869 1647 2922 1702 in
2947 1650 3467 1725 condemnationem,
3499 1676 3728 1730 quorum
3755 1681 3862 1722 non

2282 1728 2438 1785 fuerit
2463 1737 2850 1790 renascentium
2883 1737 3162 1796 liberator.
3191 1742 3309 1814 Ipse
3346 1728 3540 1819 quippe
3567 1751 3748 1810 dictus
3778 1767 3862 1812 est

2281 1819 2472 1891 figulus
2491 1838 2556 1877 ex
2587 1826 2772 1880 eadem
2803 1843 2974 1885 massa
2995 1829 3194 1890 faciens
3215 1851 3329 1902 vas,
3355 1838 3498 1896 aliud
3519 1841 3572 1896 in
3599 1843 3858 1903 honorem

2283 1913 2571 1968 secundum
2601 1915 3054 1990 misericordiam,
3086 1926 3229 1982 aliud
3257 1928 3309 1982 in
3353 1936 3734 1992 contumeliam
3775 1955 3860 1995 se-

2281 2005 2510 2100 cundum
2529 2007 2784 2078 judicium
2813 2031 2832 2064 ι
2857 2011 2965 2086 (Id.
2990 2032 3064 2084 ix,
3086 2017 3178 2090 2i)
3201 2039 3214 2074 :
3239 2040 3258 2074 α
3282 2023 3367 2078 cui
3390 2037 3568 2082 cantat
3595 2027 3856 2100 Ecclesia,

2289 2095 2346 2150 M
2351 2097 2691 2156 isert'cordiam
2712 2113 2757 2158 et
2765 2107 3020 2178 judicium
3043 2129 3062 2163 ι
3083 2109 3260 2183 ’(Ρεαι.
3284 2131 3335 2181 c,
3360 2115 3438 2189 1).
3469 2119 3580 2176 Hoc
3605 2124 3752 2193 quod
3781 2095 3860 2181 di;

2279 2187 2374 2252 cis,
2403 2204 2499 2258 per
2523 2208 2684 2248 unum
2709 2195 2977 2253 hominem
3009 2201 3234 2260 intrasse
3261 2187 3553 2277 peccatum,
3578 2187 3684 2283 quo
3709 2219 3858 2271 testi-

2279 2283 2461 2336 monio
2523 2285 2762 2354 Apostoli
2817 2289 3165 2358 plurimorum
3230 2297 3614 2358 ineruditorum
3679 2314 3854 2362 tamen

2280 2383 2493 2441 pectora
2520 2379 2900 2446 commovistis,
2951 2383 3075 2439 licet
3117 2387 3166 2440 in
3211 2400 3400 2459 quarto
3440 2393 3577 2449 libro
3621 2396 3858 2456 breviter

2277 2465 2545 2532 quomodo
2575 2467 2969 2538 intelligendum
2995 2481 3471 2538 essetostenderim
3495 2485 3598 2557 (Ad
3615 2481 3851 2546 Turbon-

2278 2553 2444 2627 tium),
2475 2565 2648 2613 tamen
2670 2559 2948 2630 adjuvante
2969 2564 3200 2634 Christo,
3225 2569 3277 2623 in
3301 2570 3401 2628 hoc
3435 2553 3599 2644 opere
3639 2579 3854 2648 plenius

2277 2659 2622 2716 exponemus,
2643 2650 2712 2704 ita
2733 2661 2791 2706 ut
2811 2653 2862 2707 in
2888 2657 3122 2712 secundo
3141 2657 3298 2728 libro,
3322 2668 3693 2732 prtetermissis
3711 2673 3848 2738 aliis,

2279 2733 2429 2791 locus
2459 2737 2572 2807 ipse
2594 2743 2916 2809 apostolicus
2936 2757 3187 2804 contextu
3214 2767 3314 2807 suo
3347 2754 3656 2826 plenissime
3680 2733 3852 2820 disse;

2275 2837 2440 2884 ratur.

2345 2918 2478 2975 Avo.
2519 2920 2598 2976 Ad
2621 2922 2670 2977 id
2693 2923 2832 2995 quod
2853 2926 2904 2981 in
2931 2919 3118 2998 quarto
3142 2931 3278 2989 libro
3301 2943 3392 2991 tuo
3414 2937 3646 2996 breviter
3665 2953 3848 3000 osten-

2273 3009 2417 3066 disse
2460 3021 2510 3068 te
2556 3013 2708 3083 dicis,
2761 3019 2811 3072 in
2859 3031 3016 3076 sexto
3052 3038 3235 3081 nostro
3278 3029 3370 3084 tibi
3409 3047 3724 3100 responsum
3770 3049 3850 3094 est

2274 3102 2496 3172 (Contra
2541 3105 2826 3177 lulianum,
2877 3112 2963 3166 lib.
3013 3115 3066 3179 6,
3111 3133 3164 3170 n.
3207 3119 3295 3184 75,
3341 3121 3486 3194 sqq.)
3518 3141 3531 3178 :
3561 3127 3702 3195 quod
3753 3145 3846 3184 auo

2273 3201 2379 3264 tem
2423 3196 2476 3250 in
2517 3196 2618 3252 hoc
2656 3213 2818 3270 opere
2855 3201 3141 3274 polliceris,
3174 3223 3295 3264 cum
3335 3211 3574 3289 reddere
3598 3219 3842 3289 cmperis,

2271 3285 2342 3340 ibi
2367 3303 2522 3357 quam
2543 3289 2617 3345 sis
2642 3293 2954 3364 vaniloquus
2981 3299 3274 3367 apparebit.
3565 3287 3586 3304 s

2341 3376 2521 3432 CXIV.
2561 3379 2678 3436 Jun.
2719 3382 2815 3438 Hic
2839 3395 3014 3442 autem
3037 3389 3270 3447 breviter
3295 3393 3686 3466 admonuerim,
3712 3419 3842 3474 quo-

2271 3467 2414 3524 niam
2440 3470 2718 3544 sutl'ragari
2751 3475 2842 3530 tibi
2871 3492 2976 3532 non
3004 3488 3180 3550 potest
3196 3483 3260 3536 ad
3283 3485 3398 3554 ejus
3413 3493 3692 3547 sententia:
3717 3467 3842 3550 con-

2270 3559 2642 3630 firmationem,
2685 3582 2844 3638 quam
2887 3573 3064 3626 omnis
3096 3575 3346 3643 eruditio,
3387 3581 3564 3636 omnis
3599 3586 3752 3652 ratio,
3794 3595 3845 3642 et

2269 3651 2354 3706 lex
2381 3653 2473 3708 Dei
2511 3655 2776 3712 convincit
2806 3659 3214 3731 iniquissimam.
3253 3667 3490 3741 Diligens
3525 3689 3655 3743 ergo
3683 3651 3845 3731 lector

2269 3739 2506 3797 intendat
2534 3745 2675 3815 quod
2701 3751 3072 3818 pronuntiasti,
3104 3753 3268 3812 Deum
3295 3739 3416 3814 esse
3443 3739 3701 3820 factorem
3731 3783 3844 3822 ma~

2269 3832 2476 3902 lorum;
2506 3847 2558 3892 et
2585 3839 2716 3894 tales
2736 3857 2855 3896 eum
2877 3842 3129 3916 condere,
3159 3849 3249 3919 qui
3277 3851 3390 3906 sine
3411 3854 3584 3924 aliquo
3610 3861 3846 3926 propriae

2266 3927 2460 3982 merito
2494 3929 2781 3986 voluntatis
2818 3943 2941 3989 eant
2988 3936 3042 3991 in
3081 3941 3571 3999 condemnationem
3618 3962 3844 4016 prorsus

2265 4031 2472 4074 onmes.

2335 4111 2469 4204 huc.
2504 4113 2614 4170 Hoc
2645 4115 2752 4170 dixi
2785 4119 2946 4190 :quia
2979 4121 3104 4178 facit
3139 4123 3408 4181 hominum
3445 4137 3721 4198 naturam,
3749 4133 3840 4204 qui

2263 4202 2392 4296 vitio
2419 4204 2545 4296 mali
2582 4216 2732 4273 sunt,
2763 4211 2902 4279 quod
2941 4211 3055 4282 ipse
3093 4230 3198 4270 non
3226 4215 3384 4288 fecit;
3411 4229 3465 4274 et
3489 4221 3558 4277 de
3591 4239 3698 4293 quo
3727 4202 3840 4296 ipse

2263 4289 2400 4346 bene
2429 4291 2573 4358 facit,
2604 4296 2760 4351 etiam
2790 4313 2910 4354 cum
2941 4302 3204 4360 malisuut
3237 4305 3478 4364 homines
3513 4289 3650 4381 quos
3673 4289 3794 4369 facit
3821 4327 3834 4368 :

2263 4383 2384 4453 quia
2413 4385 2466 4438 in
2495 4395 2745 4456 quantum
2775 4389 3015 4464 homines
3043 4407 3182 4462 sunt,
3215 4412 3317 4452 non
3348 4398 3400 4453 lu
3429 4410 3685 4471 quantum
3715 4405 3837 4461 mali

2263 4483 2405 4542 sunt,
2435 4492 2526 4532 cos
2553 4477 2698 4536 facit.
2727 4477 2912 4552 Neque
2939 4485 3081 4541 enim
3110 4502 3230 4542 vasa
3262 4489 3312 4544 in
3340 4495 3720 4550 contumeliam
3747 4496 3838 4553 tie-

2262 4576 2401 4632 rent,
2433 4568 2532 4624 nisi
2561 4571 2684 4626 mali
2713 4583 2892 4630 essent
2919 4593 2932 4630 :
2965 4578 3053 4648 qui
3085 4587 3259 4634 tamen
3289 4598 3383 4651 per
3412 4593 3651 4640 naturam
3681 4603 3833 4657 quam

2263 4660 2384 4716 facit
2405 4662 2422 4693 ί
2453 4663 2614 4730 Deus,
2644 4667 2825 4737 utique
2855 4667 2978 4722 boni
3006 4679 3164 4736 sunt;
3191 4673 3314 4726 mali
3345 4683 3520 4729 autem
3546 4678 3834 4734 secundum

2260 4749 2466 4816 vitium,
2497 4752 2638 4823 quod
2667 4762 2851 4810 contra
2877 4765 3116 4813 naturam
3147 4761 3379 4830 quidem,
3412 4763 3506 4819 sed
3537 4773 3712 4822 tamen
3743 4784 3836 4823 na-

2262 4851 2393 4896 tura:
2433 4842 2626 4900 insevit
2661 4845 2939 4914 inimicus;
2971 4856 3026 4902 ut
3050 4863 3112 4904 ex
3152 4849 3252 4906 hoc
3281 4863 3422 4908 esset
3451 4865 3640 4912 natura
3669 4859 3833 4922 mala,

2261 4931 2362 4987 hoc
2389 4941 2502 4999 est,
2540 4935 2709 4990 malus
2749 4937 2926 4992 homo.
2963 4937 3078 4994 Non
3116 4942 3257 4996 enim
3299 4953 3473 5012 potest
3511 4961 3633 5002 esse
3671 4949 3834 5002 ullum

2257 5025 2454 5082 malum
2485 5026 2585 5082 nisi
2615 5028 2668 5081 iu
2697 5028 2877 5098 aliquo
2906 5029 3081 5096 bono;
3109 5034 3234 5102 quia
3260 5049 3364 5088 non
3395 5045 3569 5104 potest
3590 5053 3712 5094 esse
3737 5041 3834 5096 nisi

2257 5117 2310 5172 in
2349 5119 2520 5189 aliqua
2566 5125 2752 5176 natura
2783 5140 2795 5177 :
2827 5123 2998 5176 omnis
3036 5133 3211 5179 autem
3248 5135 3464 5193 natura,
3498 5129 3548 5183 in
3584 5143 3836 5200 quantum

2256 5219 2440 5263 natura
2468 5220 2569 5274 est,
2597 5211 2793 5268 bonum
2821 5223 2921 5269 est.
2953 5214 3242 5286 Diligenter
3265 5219 3540 5286 attendite,
3568 5223 3836 5292 quomodo

2254 5301 2517 5368 dicantur,
2546 5319 2663 5374 qua:
2691 5306 2834 5362 velut
2872 5309 3133 5362 contraria
3175 5309 3315 5366 inter
3347 5327 3408 5368 se
3436 5312 3536 5368 dici
3567 5315 3830 5378 videntur.

2252 5403 2306 5448 et
2333 5409 2434 5448 non
2461 5403 2586 5474 sunt
2610 5413 2621 5448 :
2647 5395 2690 5450 si
2715 5403 2890 5452 tamen
2913 5413 3018 5453 non
3045 5400 3254 5470 penitus
3277 5402 3418 5456 fumo
3442 5403 3686 5474 superba:
3705 5420 3834 5460 con-

2255 5485 2500 5540 tentionis
2527 5469 2710 5542 oculos
2741 5488 3060 5558 perdidistis.

2319 5575 2477 5632 CXV.
2507 5577 2626 5635 JUL.
2655 5581 2732 5635 Ac
2761 5597 2825 5636 ne
2858 5582 3186 5638 nesciremus
3207 5585 3228 5616 ²
3253 5583 3320 5640 de
3348 5599 3452 5655 quo
3477 5593 3718 5657 tempore
3749 5587 3830 5642 lo-

2315 5715 2334 5788 1
2353 5713 2488 5788 tiqui,
2513 5713 2644 5776 fecit.
2673 5721 2800 5788 Mss,
2823 5713 2979 5788 facit;
3115 5775 3126 5788 ι
3195 5785 3203 5788 _
3609 5781 3616 5788 _

2313 5777 2336 5808 ί
2359 5776 2490 5836 F.diti,
2514 5775 2576 5826 ac
2597 5789 2658 5826 ne
2677 5775 2922 5827 sciremus.
2949 5775 3270 5826 mandantur
3293 5790 3356 5826 ex
3383 5781 3738 5842 manuscriptis.
