4068 6496
245 352 386 412 H25

237 465 519 540 quereris;
559 463 628 518 ab
661 460 859 526 Adam,
891 471 1049 528 quem
1083 455 1162 510 ais
1198 467 1362 509 unum
1402 465 1592 508 omnes
1631 451 1826 518 fuisse,

241 574 410 630 usque
435 556 500 612 ad
531 555 710 619 ﬁnem,
736 551 826 622 qui
853 547 1101 620 baptizati
1129 561 1234 602 non
1261 552 1404 610 sunt,
1427 542 1751 600 damnationi
1776 549 1832 597 et

240 651 456 707 diabolo
483 645 744 704 obnoxios
785 642 1094 714 pronuntias
1122 638 1368 695 inveniri.
1399 635 1457 692 In
1481 651 1584 706 qua
1611 643 1828 689 senten-

239 748 313 801 tia
339 745 507 800 multo
538 751 590 798 te
627 733 980 811 perniciosius
1006 749 1196 792 curare
1231 733 1447 799 niteris,
1479 743 1636 800 quam
1672 737 1829 783 antea

237 834 552 891 vulnerasti.
597 831 731 887 Nam
775 837 834 884 ut
876 840 1185 883 removeres
1229 823 1477 879 invidiam
1517 835 1637 890 qua:
1677 819 1735 874 in
1777 826 1829 873 te

236 929 448 994 ruebat,
473 925 614 998 quod
640 924 845 979 diceres
869 920 1138 976 diabolum
1164 917 1494 973 conditorem
1521 912 1825 976 hominum;

238 1024 515 1074 correctus
557 1013 832 1070 conﬁteris
877 1010 1046 1065 Deum
1090 1007 1457 1070 conditorem,
1504 1001 1598 1056 sed
1647 1001 1827 1054 talium

240 1109 428 1182 quales
453 1105 710 1163 adscribit
736 1103 1058 1160 Manichacus
1095 1098 1318 1171 principi
1353 1094 1690 1152 tenebrarum
1714 1093 1754 1147 ¹.

313 1203 450 1260 Aes.
482 1219 502 1254 ε
533 1197 733 1255 Omnes
756 1196 1000 1251 homines
1020 1193 1120 1248 sub
1145 1199 1360 1261 peccato
1379 1187 1666 1250 nascimur,
1691 1197 1828 1253 quo-

240 1309 362 1349 rum
389 1292 502 1361 ipse
527 1299 672 1346 ortus
702 1288 756 1342 in
783 1287 912 1341 vitio
937 1293 1040 1340 est.
1071 1302 1090 1336 ›
1117 1282 1229 1338 Hoc
1253 1295 1358 1338 non
1387 1278 1520 1334 dixit
1546 1277 1828 1332 haereticus

243 1381 547 1438 immundus
566 1378 908 1439 Manichacus,
931 1375 1026 1430 sed
1047 1373 1339 1430 catholicus
1365 1379 1578 1426 sanctus
1604 1367 1829 1422 Ambro-

243 1473 356 1526 sius
383 1470 485 1540 (De
511 1468 832 1530 Pwniteutia,
860 1465 949 1520 lib.
975 1465 1026 1530 l,
1055 1480 1170 1533 cap.
1194 1463 1230 1516 2
1254 1460 1332 1515 vel
1355 1461 1430 1530 '5).
1459 1459 1624 1514 Porro
1650 1466 1826 1512 autem

240 1560 567 1618 lanichteus
596 1574 696 1615 nec
722 1572 936 1614 omnem
967 1565 1210 1610 naturam
1230 1594 1245 1619 ,
1273 1553 1326 1606 in
1352 1559 1608 1620 quantum
1642 1557 1827 1602 natura

241 1666 355 1720 est,
387 1652 520 1710 dicit
553 1653 783 1716 bonam;
811 1664 912 1704 nec
946 1663 1063 1703 eam
1099 1661 1257 1716 quam
1287 1644 1416 1699 dicit
1441 1651 1684 1697 naturam
1712 1655 1826 1694 ma-

241 1745 369 1812 lam,
391 1744 502 1798 ullo
522 1742 682 1796 modo
703 1741 833 1796 dicit
852 1739 1027 1794 sanari
1053 1751 1205 1807 posse
1225 1751 1286 1790 ac
1306 1735 1418 1790 fieri
1438 1734 1630 1788 bonam
1653 1749 1666 1785 :
1687 1729 1827 1802 quod

240 1836 503 1892 catholica
534 1834 668 1889 ﬁdes
694 1832 823 1887 dicit
849 1831 916 1887 de
940 1838 1124 1884 natura
1152 1828 1382 1882 humana
1409 1825 1718 1896 pusillorum
1745 1833 1826 1876 at-

239 1943 348 1996 que
377 1940 714 1997 magnorum,
744 1932 798 1979 et
825 1931 1007 1978 contra
1034 1919 1348 1974 Manichreos
1376 1927 1432 1973 et
1457 1925 1641 1972 contra
1672 1914 1826 1968 Pela-

241 2018 452 2090 gianos,
479 2026 732 2086 utrosque
757 2013 983 2068 diversis
1009 2011 1229 2076 morbis,
1253 2009 1344 2064 sed
1373 2008 1567 2077 pariter
1589 2008 1824 2060 insanos.

312 2107 498 2164 CXVI.
528 2107 647 2162 ιυι.
675 2107 960 2161 Enimvero
982 2103 1208 2158 credens
1237 2101 1404 2156 malos
1432 2115 1553 2155 esse
1583 2099 1827 2153 homines

239 2198 549 2254 conditione
590 2195 875 2260 nascendi,
907 2195 1056 2250 illum
1093 2193 1172 2249 eis
1213 2192 1485 2262 deputavit
1521 2198 1823 2252 auctorem,

237 2304 331 2359 per
351 2302 509 2359 quem
536 2287 658 2341 mali
681 2286 860 2356 operis
879 2285 1080 2340 crimen
1102 2299 1130 2336 a
1151 2283 1266 2338 Deo
1288 2283 1426 2336 bono
1451 2288 1823 2350 separaretur:

237 2389 292 2435 et
310 2379 560 2450 quoniam
582 2385 854 2432 erraverat
885 2376 936 2429 in
961 2374 1270 2430 deﬁnitione
1292 2371 1515 2443 peccati,
1539 2379 1596 2424 ut
1619 2376 1828 2440 putaret

239 2471 482 2526 naturale
504 2485 647 2532 esse,
670 2467 814 2537 quod
839 2467 938 2521 nisi
966 2465 1320 2521 voluntarium
1343 2477 1460 2518 esse
1482 2477 1589 2516 non
1617 2468 1823 2530 potest;

241 2569 628 2632 consequenter
650 2559 904 2629 deinceps
931 2558 1084 2612 mala:
1105 2556 1325 2626 originis
1351 2555 1547 2609 malum
1571 2562 1653 2607 est
1674 2566 1826 2607 com-

243 2662 453 2707 mentus
481 2649 774 2714 artiﬁcem;
808 2649 896 2703 hic
921 2647 1223 2717 religiosior
1249 2646 1300 2698 in
1329 2643 1519 2706 Deum,
1547 2649 1825 2696 contuma-

241 2743 356 2798 cior
385 2742 438 2798 in
465 2751 728 2798 naturam.
754 2741 836 2797 Tu
862 2754 990 2795 vero
1015 2740 1147 2794 dicis
1167 2778 1182 2805 ,
1213 2737 1382 2792 malos
1407 2735 1619 2806 quidem
1647 2733 1822 2797 nasci,

239 2833 335 2890 sed
375 2833 541 2888 Deum
580 2847 702 2888 esse
739 2840 1012 2886 auctorem
1043 2829 1305 2883 malorum
1333 2843 1348 2880 :
1377 2824 1746 2880 contumacior
1771 2831 1826 2876 tu

237 2923 291 2978 in
332 2923 535 2990 Deum,
577 2920 1017 2977 honoriﬁcentior
1060 2919 1111 2972 in
1156 2928 1398 2972 naturam
1433 2932 1447 2969 :
1481 2913 1596 2968 iure
1631 2912 1827 2981 quippe

236 3013 473 3068 auctoris
504 3013 782 3081 maiestate
810 3010 1130 3076 defenditur,
1161 3017 1348 3063 auctor
1377 3015 1554 3062 autem
1591 3003 1828 3060 fmditato

235 3102 420 3173 aperis
441 3111 740 3157 accusatur.

306 3193 444 3248 Anc.
474 3192 682 3246 Accusa
701 3206 828 3262 ergo
851 3191 1038 3254 Deum,
1061 3189 1104 3243 si
1135 3189 1327 3258 placet.
1349 3187 1526 3258 operis
1546 3185 1783 3242 fmditate
1808 3202 1822 3239 :

236 3281 671 3353 quandoquidem
695 3281 870 3350 aliqua
891 3295 1116 3350 corpora
1139 3289 1244 3333 tam
1271 3278 1409 3334 fceda
1434 3288 1739 3341 nascuntur,
1769 3284 1827 3331 ut

237 3374 492 3429 nonnulla
524 3374 574 3427 in
609 3374 690 3428 eis
718 3372 879 3427 nimia
907 3372 1244 3428 deformitate
1280 3371 1441 3426 etiam
1481 3377 1715 3424 monstra
1745 3367 1826 3421 di-

239 3473 453 3519 cantur.
483 3463 598 3518 Non
623 3464 765 3518 enim
795 3463 930 3518 alius
955 3462 1108 3524 deus,
1141 3461 1278 3518 sicut
1305 3459 1627 3515 Manichmus
1655 3458 1823 3526 ﬁngit,

239 3566 333 3610 aut
355 3554 427 3609 dii
451 3555 705 3621 minores,
728 3553 866 3610 sicut
892 3554 1041 3608 Plato
1061 3562 1224 3615 errat,
1247 3561 1373 3606 sunt
1391 3565 1674 3619 corporum
1699 3563 1829 3604 con-

241 3598 333 3610 .....
356 3598 427 3609 ....
451 3598 705 3621 ......ν..,-,
728 3598 866 3610 νη..-
894 3598 911 3608 .
935 3598 1038 3608 η-..
1063 3598 1106 3606 -.
1123 3598 1224 3615 .--,
1248 3598 1372 3606 --.η
1394 3598 1474 3606 ν--
1491 3598 1572 3619 Γ--
1591 3598 1674 3604 _-__
1706 3598 1799 3604 --η

241 3647 447 3701 ditores
478 3664 492 3700 :
527 3644 620 3700 sed
662 3646 843 3715 utique
883 3645 1024 3699 Deus
1068 3643 1239 3697 bonus
1279 3650 1334 3695 et
1366 3641 1540 3711 justus
1578 3598 1892 3740 operaturJ

241 3736 406 3792 etiam
433 3750 654 3806 corpora
687 3736 806 3791 talia
827 3737 877 3799 ';
910 3751 1028 3806 qu:e
1055 3734 1098 3788 si
1128 3733 1328 3789 referas
1355 3731 1419 3786 ad
1447 3746 1608 3801 grave
1640 3729 1827 3801 jugum

241 3844 407 3900 super
444 3829 580 3884 ﬁlios
611 3828 781 3884 Adam
812 3827 1010 3899 (Eccli.
1044 3841 1144 3890 ιι,
1178 3824 1276 3894 1),
1309 3824 1546 3879 invenies
1579 3838 1699 3877 eum
1731 3835 1830 3877 nec

244 3921 463 3988 malum,
487 3921 699 3992 qualem
723 3920 1043 3976 Manicharus
1063 3916 1386 3972 fabricandis
1406 3915 1716 3985 corporibus
1736 3915 1831 3968 ad-

245 4012 424 4078 hibet;
465 4028 563 4068 nec
602 4013 798 4067 victum
833 4011 1092 4082 malisque
1133 4008 1456 4079 implicatum
1487 4015 1646 4076 atque
1677 4015 1829 4062 cotu-

243 4103 469 4159 m‘ixtum
490 4144 508 4172 ,
537 4103 679 4174 quod
709 4103 1028 4158 Manichazus
1052 4100 1120 4156 de
1151 4100 1261 4155 Deo
1300 4098 1441 4154 bono
1475 4096 1692 4152 credere
1723 4113 1829 4150 non

242 4195 430 4259 timet;
459 4193 554 4248 sed
581 4193 739 4262 plane
760 4193 958 4262 justum
993 4202 1210 4263 propter
1241 4190 1495 4260 originale
1523 4199 1827 4259 peccatum,

243 4286 456 4356 qualem
486 4283 619 4339 ﬁdes
641 4283 899 4339 catholica
924 4284 1092 4349 novit,
1116 4299 1143 4336 a
1167 4298 1270 4354 qua
1299 4293 1475 4337 vester
1497 4296 1649 4337 error
1672 4294 1832 4335 exoro

244 4375 455 4432 bitavit.
483 4373 666 4445 Neque
689 4376 830 4430 enim
851 4416 866 4439 ,
893 4375 940 4429 si
971 4389 1129 4428 nemo
1165 4383 1470 4442 peccasset,
1504 4372 1641 4427 foeda
1671 4380 1830 4442 atque

246 4475 550 4523 monstrosa
577 4466 738 4522 etiam
766 4465 821 4520 in
849 4461 1095 4535 paradiso
1122 4478 1346 4532 corpora
1375 4469 1737 4516 nascerentur.

319 4555 526 4614 CXVII.
552 4555 674 4612 JUL.
703 4555 816 4611 Non
849 4551 1091 4618 timuisti,
1122 4551 1529 4613 scelestissime,
1547 4549 1650 4604 hoc
1675 4549 1834 4618 appli-

245 4664 372 4705 care
395 4649 527 4713 Deo,
546 4646 687 4718 quod
712 4663 779 4702 ne
798 4646 847 4702 ei
872 4644 1184 4722 admoveret
1206 4638 1547 4704 Manichzeus,
1570 4653 1835 4694 commen-

246 4748 334 4795 tus
354 4747 436 4794 est
458 4737 619 4794 alium
640 4737 971 4792 conditorem
996 4751 1010 4786 :
1033 4732 1191 4788 ambo
1210 4730 1422 4804 quidem
1445 4730 1574 4785 estis
1599 4727 1834 4784 veritatis

250 4831 472 4898 inimici,
495 4829 590 4887 sed
619 4831 902 4901 putabatur
929 4834 1054 4880 ante
1074 4834 1126 4880 te
1145 4841 1250 4880 non
1279 4837 1436 4894 posse
1456 4822 1546 4878 ille
1565 4820 1836 4892 impietate

247 4922 508 4994 superari.

319 5019 459 5071 Anc.
488 5015 625 5070 Ante
650 5026 735 5067 me
760 5018 877 5067 erat
901 5007 1238 5075 Ambrosius,
1266 5006 1356 5078 qui
1394 5021 1499 5061 non
1525 5013 1641 5061 erat
1665 5004 1834 5060 Mani-

251 5103 469 5169 chaeus;
497 5111 618 5175 ante
643 5101 814 5171 ipsum
840 5099 1091 5164 Hilarius,
1114 5098 1439 5170 Gregorius;
1467 5105 1592 5152 ante
1618 5096 1716 5152 hos
1739 5094 1838 5168 Cy-

252 5196 505 5265 prianus,
536 5201 592 5248 et
615 5192 793 5248 caeteri
811 5232 828 5259 ,
859 5204 993 5262 quos
1025 5203 1450 5244 commemorare
1475 5188 1692 5256 longum
1718 5195 1832 5254 est,

249 5285 341 5357 qui
375 5298 483 5358 non
509 5291 662 5338 erant
688 5281 984 5338 Mauicbzei.
1013 5280 1080 5335 Et
1108 5288 1285 5336 tamen
1313 5277 1609 5333 Ecclesiam
1635 5276 1835 5332 docue-

251 5385 411 5442 runt,
444 5374 586 5446 quod
624 5375 677 5429 in
717 5372 954 5430 Ecclesia
980 5370 1312 5438 didicerunt,
1350 5369 1562 5426 trahere
1589 5367 1836 5440 parvulos

251 5468 514 5540 originale
549 5475 846 5538 peccatum,
873 5474 926 5520 et
951 5463 1314 5520 exsufﬂandos
1340 5463 1393 5519 in
1418 5462 1750 5528 exorcismis,
1778 5468 1839 5515 ut

318 5647 334 5677 ⁸
361 5646 434 5707 sic
471 5654 650 5707 omnes
674 5647 779 5707 tt.
803 5638 920 5707 Εἀὶιὶ
959 5644 1150 5707 autem,
1177 5639 1264 5692 sed
1285 5639 1438 5693 alium
1459 5639 1650 5707 qualem
1669 5633 1840 5692 scribit

260 5705 549 5758 ﬂantem
572 5701 838 5767 principau
868 5700 1188 5767 latebrarum.

321 5771 340 5799 ³
364 5774 473 5816 Iss.
497 5760 608 5814 star.
636 5772 688 5814 et
720 5760 865 5822 βαι..
887 5760 1174 5821 corporalia.

1618 339 1820 400 LIBER
1862 339 2130 399 PRIMUS.

3375 349 3514 408 H96

1937 461 2191 506 eruantur
2220 450 2287 506 de
2327 463 2584 520 potestate
2623 455 2957 512 tenebrarum
2978 499 2992 524 ,
3021 465 3076 514 et
3103 461 3155 513 in
3187 474 3406 530 regnum
3433 464 3516 518 sui

1934 540 2220 596 Salvatoris
2241 552 2294 596 et
2317 542 2524 598 Domini
2548 546 2933 602 transferantur
2954 549 3170 616 (Colon.
3196 567 3231 613 I,
3259 553 3364 622 15).
3381 553 3517 622 Quo-

1936 632 2075 685 niam
2098 631 2341 686 Christus
2367 636 2409 688 si
2435 636 2597 690 etiam
2627 653 2722 705 pro
2747 639 2874 708 ipsis
2899 650 3142 696 mortuus
3168 653 3269 710 est,
3298 646 3435 714 quod
3463 655 3516 702 et

1935 731 1990 776 tu
2014 732 2230 778 coactus
2254 739 2313 778 es
2338 728 2600 793 confiteri,
2631 744 2748 798 ergo
2775 747 2944 785 omnes
2969 733 3150 786 mortui
3173 745 3289 787 sunt
3315 751 3333 788 :
3351 745 3397 790 et
3422 754 3515 806 pro

1934 807 2164 861 omnibus
2184 820 2407 864 mortuus
2425 821 2528 875 est;
2566 816 2703 880 quod
2733 815 2806 869 ait
2830 817 3114 885 Apostolus
3136 821 3202 889 (Il
3227 820 3342 875 Cor.
3366 838 3421 885 v,
3447 825 3516 878 14

1933 907 1981 953 et
2001 899 2096 965 l5)
2129 917 2142 952 :
2171 901 2257 969 qui
2284 899 2522 968 profecto
2550 905 2594 957 si
2621 907 2910 961 secundum
2932 910 3092 964 verba
3115 918 3201 965 tua
3222 913 3514 984 etiantipse

1932 988 2251 1046 Manichzens
2277 994 2397 1059 erit,
2421 993 2530 1063 jam
2562 1005 2615 1050 tu
2650 998 2774 1066 quid
2803 999 2948 1054 eris?

2004 1082 2229 1138 CXVIII.
2259 1085 2377 1139 .ltJL.
2405 1086 2483 1140 Tu
2516 1103 2643 1142 vero
2673 1089 3007 1158 justiﬁcasti,
3041 1100 3098 1146 ut
3124 1093 3376 1164 propheta
3407 1096 3511 1160 ait,

1932 1187 2169 1229 sororem
2209 1185 2350 1229 tuam
2391 1177 2678 1232 Sodomam
2715 1178 2939 1247 (Ezeclt.
2982 1198 3102 1249 xw,
3142 1185 3232 1255 5i)
3264 1202 3277 1237 :
3309 1185 3512 1241 absolvi
3587 1175 3604 1190 ’

1931 1267 2199 1335 putabitur
2220 1267 2560 1336 Manichmus,
2584 1271 2626 1323 si
2655 1272 2759 1325 tuis
2784 1271 3125 1342 blasphetuiis
3153 1285 3511 1346 comparetur.

1931 1356 2198 1413 Gloriatus
2227 1360 2276 1413 iu
2307 1361 2478 1429 primo
2505 1362 2683 1429 operis
2715 1363 2818 1417 ntei
2854 1364 2987 1418 libro
3014 1363 3220 1420 fueram
3240 1407 3253 1430 ,
3281 1366 3420 1435 quod
3447 1381 3515 1421 eo

1931 1462 2024 1503 ore
2051 1448 2335 1516 lacerarer,
2363 1466 2468 1521 quo
2497 1463 2548 1506 et
2579 1454 2816 1521 Apostoli
2848 1452 3094 1524 injurtam
3127 1457 3467 1524 pertulissent
3495 1475 3509 1509 :

1932 1555 2073 1595 nunc
2101 1556 2228 1594 vero
2265 1555 2560 1610 expavesco
2594 1545 3013 1613 magnitudinem
3044 1545 3308 1601 felicitatis
3340 1562 3512 1612 mem;

1931 1631 1998 1685 ab
2025 1646 2091 1684 eo
2116 1631 2404 1700 vituperor,
2438 1633 2526 1702 qui
2555 1635 2868 1689 criminatur
2895 1637 3084 1691 Deum.

2003 1724 2138 1779 Aue.
2171 1725 2253 1777 Ab
2279 1739 2343 1778 eo
2369 1725 2686 1793 vituperaris
2705 1769 2720 1793 ,
2749 1729 2836 1797 qui
2867 1743 2988 1783 cum
3021 1729 3301 1786 Ambrosio
3325 1739 3379 1785 et
3404 1745 3514 1786 cae-

1935 1813 2063 1867 teris
2089 1815 2246 1868 sociis
2272 1814 2416 1884 ejus,
2446 1816 2604 1870 etiam
2635 1819 2972 1886 parvulorum
3002 1821 3340 1876 liberatorem
3375 1836 3515 1891 pra:-

1931 1903 2074 1958 dicat
2095 1905 2364 1960 Christum
2398 1924 2411 1959 :
2439 1923 2594 1976 quem
2626 1919 2679 1962 tu
2718 1926 2821 1964 non
2860 1912 3034 1966 solum
3063 1915 3364 1969 criminaris
3393 1921 3514 1968 tan-

1931 2009 2090 2064 quam
2139 1998 2517 2064 mentientem,
2563 1999 2648 2054 ubi
2689 2000 2818 2054 dicit
2859 2016 2918 2056 se
2963 2003 3173 2058 venisse
3215 2005 3420 2058 salvare
3459 2014 3516 2059 et

1932 2101 2170 2156 qmerere
2199 2089 2336 2157 quod
2376 2090 2604 2160 perierat
2635 2090 2793 2162 (Luc.
2824 2109 2938 2159 xu,
2970 2092 3066 2162 10)
3094 2111 3108 2160 ;
3139 2110 3322 2150 verum
3351 2097 3514 2152 etiam

1931 2177 2251 2232 contradicis
2274 2181 2343 2245 ei,
2377 2197 2442 2235 ne
2471 2182 2751 2236 salvandos
2781 2185 3028 2253 parvulos
3054 2194 3275 2255 quatrat.

2002 2267 2186 2323 CXIX.
2211 2269 2330 2324 JUL.
2359 2271 2505 2326 Unde
2530 2273 2656 2327 mihi
2681 2274 2872 2328 accidit
2898 2283 3056 2328 tanta:
3077 2277 3412 2332 contumeliae
3434 2276 3515 2332 di-

1931 2359 2138 2426 gnitas?
2165 2359 2306 2414 Nihil
2336 2363 2388 2415 in
2418 2378 2504 2416 tne
2534 2365 2637 2418 tale
2664 2364 2910 2420 conferre
2939 2365 3202 2420 laudando
3228 2369 3512 2437 potuisses.

1931 2449 2099 2505 Seusa
2135 2466 2252 2504 mea
2283 2451 2416 2506 dicis
2442 2467 2562 2508 esse
2591 2454 2960 2523 reprobanda;
2987 2455 3080 2510 sed
3109 2456 3201 2511 Dei
3227 2472 3388 2526 opera
3413 2457 3512 2512 da-

1931 2543 2159 2596 mnanda
2201 2560 2214 2596 :
2257 2559 2342 2598 me
2386 2545 2526 2600 male
2568 2545 2873 2616 disputare;
2920 2547 3013 2602 sed
3061 2549 3224 2602 Dettm
3272 2551 3516 2619 nequiter

1931 2647 2114 2688 creare
2140 2636 2450 2704 pronuntias
2480 2653 2494 2690 :
2522 2652 2606 2690 me
2633 2652 2812 2692 errare
2838 2639 3068 2703 clamas;
3098 2639 3246 2693 illum
3279 2641 3469 2696 s:evire
3496 2657 3511 2695 :

1931 2741 2018 2780 me
2041 2727 2238 2781 asseris
2266 2729 2474 2782 nescire
2509 2729 2716 2798 legem;
2760 2731 2920 2784 Deum
2955 2745 3084 2785 vero
3118 2733 3325 2787 nescire
3353 2732 3516 2802 justi-

1930 2817 2056 2871 tiam
2090 2833 2105 2870 :
2134 2832 2219 2872 me
2245 2818 2552 2874 vociferaris
2579 2820 2898 2876 catholicum
2931 2836 3036 2875 non
3075 2837 3196 2877 esse
3215 2861 3230 2885 ,
3260 2822 3399 2892 quod
3429 2822 3516 2877 di-

1929 2921 2046 2961 cam
2067 2907 2332 2962 Christum
2356 2923 2643 2978 provocare
2660 2926 2795 2980 quos
2814 2912 3010 2976 salvet;
3036 2911 3200 2966 Deum
3222 2927 3350 2967 vero
3364 2913 3515 2982 jttras

1931 3013 2116 3054 creare
2141 3015 2277 3070 quos
2309 3000 2557 3066 damnet,
2597 3018 2697 3057 nec
2734 3004 2803 3056 ob
2842 3003 2982 3060 aliud
3022 3005 3288 3072 condere,
3321 3006 3423 3061 nisi
3457 3014 3519 3061 ut

1931 3099 2056 3144 eant
2083 3105 2270 3145 omnes
2298 3092 2351 3145 in
2378 3092 2899 3148 condemnationem.
2987 3149 2993 3152 _

2003 3185 2138 3238 Auc.
2162 3182 2274 3238 Hoc
2299 3195 2351 3238 et
2377 3185 2444 3239 de
2467 3186 2798 3253 przescieutia
2825 3185 2914 3241 Dei
2938 3185 3040 3241 dici
3069 3195 3263 3256 potest,
3285 3201 3403 3257 quae
3431 3195 3516 3242 ta-

1929 3287 2052 3328 men
2079 3289 2108 3326 a
2141 3273 2385 3329 ﬁdelibus
2422 3275 2599 3345 negari
2632 3291 2738 3330 non
2775 3284 2984 3346 potest,
3012 3287 3063 3331 et
3097 3287 3224 3346 puto
3248 3277 3388 3348 quod
3418 3291 3519 3334 nec

1930 3379 1959 3418 a
1987 3365 2155 3419 vobis.
2187 3369 2294 3420 Aut
2334 3375 2523 3436 negate
2562 3366 2729 3422 Deum
2772 3363 3049 3437 praescmm
3093 3369 3288 3424 multos
3326 3383 3385 3424 se
3416 3368 3516 3424 da-

1931 3467 2232 3511 mnaturunt
2263 3471 2383 3512 esse
2407 3472 2539 3527 quos
2566 3468 2713 3512 creat
2735 3500 2748 3519 .
2783 3474 2849 3513 ne
2884 3459 3129 3514 videatur
3163 3474 3350 3515 creare
3382 3473 3520 3530 quos

1931 3549 2182 3616 damnet;
2207 3559 2258 3604 et
2279 3550 2419 3619 quod
2442 3559 2523 3604 est
2547 3551 2839 3606 mirabilius
2863 3561 2916 3606 et
2940 3553 3356 3618 inscrutabilius,
3381 3553 3520 3606 mul-

1935 3649 2038 3707 tos,
2070 3655 2138 3696 ne
2165 3641 2363 3694 malitia
2391 3648 2556 3695 mutet
2586 3655 2771 3696 eorum
2809 3639 3159 3707 intellectum,
3188 3642 3256 3697 de
3285 3642 3383 3696 hac
3412 3642 3518 3696 vita

1934 3748 2040 3788 non
2065 3735 2081 3764 ¹
2108 3747 2295 3801 rapere
2326 3729 2492 3805 (Sap;
2531 3746 2607 3796 tv,
2640 3732 2698 3785 ll
2722 3728 2764 3801 ),
2793 3747 2925 3802 quos
2959 3732 3132 3786 malos
3171 3731 3375 3786 futuros
3409 3746 3518 3786 non

1933 3834 2109 3896 potest
2149 3823 2414 3899 ignorare.
2455 3822 2584 3878 Date
2612 3823 2868 3877 honorem
2901 3823 3010 3877 Deo
3038 3839 3052 3876 :
3079 3822 3343 3877 altitudini
3370 3822 3518 3892 judi-

1933 3917 2135 3971 ciorutn
2163 3913 2279 3985 ejus
2303 3914 2456 3968 cedat
2479 3923 2776 3968 vestrorum
2799 3914 3012 3982 crepula
3037 3917 3188 3969 ruina
3210 3915 3517 3982 verborum,

1935 4008 2085 4079 quasi
2118 4005 2280 4060 nitida
2309 4014 2364 4060 et
2390 4013 2542 4060 acuta
2564 4007 2606 4071 ³,
2635 4007 2728 4060 sed
2762 4007 2947 4059 vitrea.

2005 4098 2167 4156 CXX.
2193 4097 2308 4154 Jun.
2339 4098 2480 4153 inter
2499 4107 2550 4152 te
2571 4097 2730 4168 igitur
2745 4104 2800 4152 et
2818 4096 3165 4151 Manichaeum
3189 4107 3519 4165 prosatorem

1935 4206 2190 4248 sensuum
2218 4200 2449 4252 tuorum,
2473 4189 2628 4242 video
2648 4203 2744 4258 per
2767 4187 3060 4258 profectum
3083 4187 3396 4242 eruditionis
3417 4197 3522 4244 tua

1936 4298 2182 4354 magnam
2214 4282 2402 4336 factam
2430 4295 2549 4336 esse
2577 4279 2904 4334 distantiam.
2944 4279 3035 4334 Ille
3063 4280 3205 4335 enim
3241 4280 3364 4335 licet
3388 4278 3523 4336 duos

1937 4374 2229 4430 induxisset
2259 4380 2524 4437 auctores,
2551 4380 2728 4426 tamen
2753 4368 2904 4441 spem
2931 4371 3115 4426 salutis
3135 4387 3201 4426 ex
3221 4385 3284 4426 ea
3308 4371 3524 4441 reliquit

1937 4477 2122 4537 parte,
2153 4481 2254 4536 qua
2289 4465 2424 4519 dixit
2456 4465 2654 4519 bonum
2690 4463 2858 4518 Deum
2888 4477 3008 4518 esse
3039 4461 3424 4517 alienissimum
3453 4463 3523 4518 ab

1938 4559 2247 4629 iniquitate,
2279 4569 2334 4613 et
2364 4573 2394 4611 a
2427 4555 2742 4612 crudelitate
2773 4572 2788 4609 :
2817 4563 2873 4608 tu
2909 4568 3037 4608 vero
3075 4568 3238 4607 unum
3278 4553 3478 4608 bonum
3501 4552 3523 4586 ³

1937 4649 2150 4721 quidem
2180 4650 2368 4711 Deum,
2399 4647 2491 4702 sed
2521 4646 2765 4701 eumdem
2795 4644 3056 4699 malorum
3085 4644 3414 4700 conditorem
3445 4644 3527 4699 lo-

1937 4753 2139 4810 quens,
2179 4747 2240 4794 ut
2281 4740 2635 4792 reverentiam
2679 4734 3002 4803 divinitatis,
3042 4735 3115 4790 ita
3152 4750 3303 4805 spem
3339 4736 3526 4792 salutis

1937 4830 2173 4887 funditus
2200 4828 2478 4885 sustulisti.

2010 4923 2145 4977 Anc.
2176 4919 2449 4975 Manichaei
2481 4919 2681 4990 lingunt
2717 4918 2882 4974 Deum
2911 4915 3198 4972 crudeliter
3224 4915 3523 4982 inﬁrmum,

1937 5011 2030 5082 qui
2057 5020 2258 5082 partem
2288 5025 2458 5073 suam,
2486 5009 2832 5064 substantiam
2858 5022 3028 5072 suam,
3056 5007 3298 5063 membra
3326 5019 3528 5065 naturae

1939 5117 2052 5157 suae
2079 5101 2381 5156 dilanianda
2411 5109 2467 5157 et
2498 5099 2904 5155 contaminauda
2940 5095 3182 5156 hostibus
3216 5100 3464 5166 tradidit,
3496 5116 3526 5155 a

1940 5192 2131 5264 quibus
2155 5192 2454 5248 vastitatem
2483 5191 2583 5247 sibi
2610 5191 2888 5246 imminere
2913 5191 3200 5247 cernebat:
3229 5207 3326 5248 vos
3349 5203 3527 5247 autem

1941 5285 2031 5356 qui
2068 5285 2233 5340 Deum
2273 5283 2850 5354 omnipotentissimum
2884 5296 2993 5337 non
3028 5283 3266 5353 negatis,
3299 5283 3350 5336 in
3382 5281 3528 5351 gravi

1935 5375 2064 5448 jugo
2102 5375 2440 5447 parvulorum
2467 5373 2612 5430 credi
2638 5372 2797 5429 vultis
2825 5373 3078 5443 injustum
3097 5411 3115 5440 ,
3145 5374 3386 5444 negando
3415 5373 3526 5427 ori-

2005 5513 2022 5543 ι
2058 5509 2337 5560 nestituitur
2366 5506 2446 5569 hic
2481 5505 2712 5569 particula
2753 5516 2944 5569 negans
2957 5504 3240 5555 auctoritate
3275 5509 3382 5554 ius.
3409 5511 3522 5556 star.

1940 5571 2061 5623 clar.
2081 5578 2206 5620 Port.
2233 5577 2285 5620 et
2303 5568 2436 5618 Colb.

2007 5637 2028 5668 ³
2051 5633 2126 5682 sic
2141 5633 2278 5695 Vign.
2303 5637 2357 5682 et
2391 5628 2599 5679 uenard.
2639 5634 2691 5678 tn
2711 5634 2781 5689 3.,
2805 5625 2942 5691 quasi
2969 5623 3123 5677 nitida
3143 5632 3316 5689 acuta;
3351 5633 3529 5684 omisso

1941 5703 2031 5790 et"
2055 5700 2151 5805 ἔδυ
2171 5754 2277 5806 loco
2293 5766 2360 5819 ex
2375 5752 2711 5815 maneam-imis
2727 5749 2960 5813 addimus,
2986 5751 3172 5800 Damon.
