4062 6472
587 279 723 345 1127

586 400 761 472 ginale
788 405 1084 469 peccatum.

657 490 844 546 CXXI.
865 488 980 544 Jun.
1004 485 1117 539 Non
1139 492 1221 539 est
1238 483 1381 539 enim
1401 480 1494 553 qui
1510 480 1788 537 subveniat
1806 481 1935 546 reis,
1956 478 2170 550 quando

589 582 703 651 ipse
726 580 813 648 qui
843 587 1118 639 estunns,
1152 572 1417 631 desiderio
1450 569 1799 626 creandarum
1837 571 2172 625 miseriarum

589 671 746 724 etiam
775 682 867 719 eos
898 664 1066 735 punit,
1096 663 1147 717 in
1171 663 1366 732 quibus
1394 662 1525 716 nihil
1552 659 1693 715 aliud
1722 675 1881 730 quam
1908 661 2010 716 hoc
2034 657 2174 731 quod

587 762 701 831 ipse
730 758 856 814 fecit
885 757 1145 828 agnoscit.
1531 843 1547 854 ‘
1576 844 1588 854 .
1854 840 1876 854 .
1938 841 1950 854 .

658 855 793 906 Anc.
825 847 1078 918 Agnoscit
1112 846 1183 901 ibi
1217 845 1377 900 etiam
1408 843 1548 913 quod
1576 844 1691 912 ipse
1719 858 1823 897 non
1851 840 2017 897 fecit:
2048 854 2173 910 pec-

588 952 763 998 catum
791 944 984 1012 quippe
1012 940 1124 1009 ipse
1154 953 1259 994 non
1290 935 1433 991 fecit.
1470 935 1617 990 Alius
1643 944 1820 991 autem
1852 933 2094 988 similiter
2116 939 2176 987 ut

588 1048 683 1088 vos
704 1047 869 1086 vanus
890 1039 1071 1100 posset
1089 1030 1266 1085 dicere
1287 1030 1325 1094 ¹,
1352 1028 1518 1083 Deum
1541 1025 1805 1080 desiderio
1824 1023 2173 1079 creandarum

589 1124 920 1180 miseriarum
961 1122 1119 1177 etiam
1158 1135 1252 1176 eos
1288 1133 1504 1184 creare,
1541 1132 1675 1187 quos
1710 1115 2082 1169 damnaturum
2113 1130 2173 1172 se

587 1232 709 1273 esse
751 1215 996 1286 ignorare
1034 1229 1140 1268 non
1187 1213 1390 1282 potuit,
1433 1208 1918 1279 incomparabiliter
1956 1208 2169 1277 plures,

588 1323 748 1379 quam
774 1321 867 1361 eos
896 1320 1031 1374 quos
1058 1304 1403 1358 liberaturum
1433 1316 1492 1355 se
1519 1315 1638 1355 esse
1668 1298 1959 1371 przescivit.

660 1395 867 1451 CXXII.
896 1396 1011 1450 ιω..
1034 1395 1317 1463 Perspecta
1341 1392 1499 1462 igitur
1517 1391 1711 1462 abysso
1736 1390 2020 1460 impietatis
2044 1399 2168 1458 tum,

586 1490 715 1544 licet
755 1503 1020 1558 nunquam
1060 1486 1344 1557 quidquam
1390 1485 1557 1554 possit
1600 1483 1868 1553 profanius
1908 1482 2168 1548 inveniri;

589 1589 768 1634 tamen
797 1594 955 1649 quam
983 1578 1084 1632 hoc
1111 1577 1239 1631 nihil
1277 1575 1469 1631 habeat
1498 1574 1709 1638 virium,
1741 1583 1795 1628 et
1823 1572 1945 1643 quid
1976 1572 2043 1627 de
2068 1573 2171 1627 illis

586 1687 707 1742 qua:
739 1685 1077 1726 annesueras
1110 1668 1408 1737 colligatur,
1444 1666 1591 1721 brevi
1631 1664 1985 1733 disputatione
2014 1678 2170 1718 mon-

587 1763 861 1818 strabitur.
894 1762 1034 1817 Deus
1069 1760 1156 1829 qui
1195 1758 1297 1813 hoc
1334 1757 1589 1828 appellari
1632 1757 1846 1811 nomine
1887 1755 2081 1820 voluit,
2115 1764 2173 1811 ut

587 1852 1163 1923 omnipotentissimus,
1212 1851 1281 1904 ita
1331 1850 1490 1905 etiam
1535 1848 1859 1918 jnstissimus
1900 1847 2165 1914 creditur;

586 1959 809 2014 quorum
831 1944 875 1997 si
903 1958 1060 1998 unum
1083 1941 1328 2008 defuerit,
1354 1950 1598 1996 neutrum
1623 1939 1828 2003 aderit;
1852 1946 1909 1992 ut
1927 1938 2170 1993 conditor

581 2036 993 2106 benignissimus
1038 2032 1345 2117 hominum,
1378 2032 1448 2086 ita
1482 2031 1795 2109 meritorum
1833 2030 2167 2098 expunctor'

582 2126 954 2196 aequissimus;
985 2140 1144 2179 omne
1177 2123 1316 2194 quod
1352 2123 1506 2185 facit,
1538 2122 1736 2177 bonum
1772 2120 1924 2175 valde
1958 2128 2059 2175 est.
2089 2118 2169 2175 Ac

582 2232 679 2288 per
707 2216 825 2283 hoc,
858 2231 1016 2271 nemo
1041 2215 1350 2270 naturaliter
1379 2213 1549 2269 malus
1573 2220 1657 2268 est
1686 2230 1698 2265 :
1728 2211 1822 2266 sed
1848 2211 2168 2282 quicumque

582 2325 707 2367 reus
730 2318 832 2375 est,
864 2308 1122 2373 moribus,
1153 2324 1255 2361 non
1280 2305 1512 2361 exordiis
1540 2310 1841 2359 accusatur.

654 2401 787 2456 Anc.
819 2398 927 2454 Cur
952 2412 1080 2468 ergo
1111 2412 1271 2467 grave
1303 2396 1485 2465 jugum
1522 2408 1682 2463 super
1717 2392 1935 2448 exordia
1968 2408 2166 2464 parvu-

580 2490 753 2547 lorum
780 2489 879 2544 sub
902 2489 1015 2544 Deo
1041 2486 1407 2557 potentissimo
1435 2492 1594 2555 atque
1618 2484 1953 2554 justissima?

651 2581 883 2638 CXXIII.
913 2580 1033 2636 ιυι.
1069 2579 1180 2635 Nec
1212 2579 1407 2634 malum
1448 2580 1623 2648 itaque
1657 2579 1900 2634 naturale
1923 2586 2039 2645 est,
2066 2591 2167 2636 nec

583 2674 725 2735 Deus
754 2688 936 2728 creare
964 2687 1083 2727 reos
1114 2680 1323 2741 potest,
1356 2685 1455 2726 nec
1488 2670 1540 2724 in
1579 2684 1745 2740 regno
1771 2669 1969 2725 diaboli
1996 2670 2165 2726 collo-

580 2779 723 2823 care.
745 2765 949 2832 Quibus
969 2763 1206 2818 collectis
1225 2772 1273 2816 et
1302 2770 1356 2816 tu
1380 2760 1720 2828 Manichacus,
1744 2762 1852 2817 imo
1871 2762 2165 2818 Manichreo

579 2850 731 2927 pejor
750 2853 1047 2910 ostenderis
1073 2871 1086 2907 :
1109 2862 1162 2908 ct
1181 2853 1295 2908 sine
1320 2862 1534 2920 peccato
1556 2853 1606 2906 in
1628 2852 1772 2908 hunc
1788 2854 2044 2908 mundum
2065 2853 2164 2908 bu-

579 2946 849 3003 inanitatis
873 2945 1163 3014 ingressus,
1192 2952 1245 3001 et
1267 2942 1367 2998 sub
1389 2943 1511 3012 jure
1537 2942 1649 3007 Dei,
1680 2959 1785 2999 non
1809 2944 2024 3008 diaboli,
2053 2943 2162 2999 fru-

577 3046 696 3092 ctus
722 3028 1078 3101 fecunditatis,
1106 3043 1160 3089 et
1186 3033 1439 3088 naturalis
1468 3032 1766 3089 innocentia
1797 3034 2122 3090 claruerunt.

650 3130 786 3184 Anc.
809 3128 950 3196 Ergo
968 3134 1021 3183 et
1042 3125 1376 3191 Ambrosius,
1404 3124 1492 3194 qni
1516 3123 1669 3189 dixit,
1699 3143 1717 3176 ι
1749 3123 1806 3179 In
1834 3124 2123 3213 primordia
2138 3124 2160 3158 ³

580 3228 782 3274 natura:
821 3231 960 3280 suae,
989 3215 1078 3283 qui
1117 3214 1365 3284 baptizati
1405 3213 1600 3269 fuerint
1638 3216 1875 3285 parvuli,
1902 3231 1933 3270 a
1963 3217 2159 3274 malitia

554 3309 937 3367 reformantur
959 3327 980 3362 ι
1007 3308 1141 3381 (Lib.
1161 3308 1188 3363 1
1209 3308 1262 3362 in
1281 3306 1407 3361 Luc.
1431 3323 1471 3373 ι,
1495 3307 1583 3372 17,
1607 3323 1661 3361 n.
1682 3305 1794 3379 37),
1815 3307 2155 3377 Manichazus,

576 3411 670 3458 aut
698 3401 985 3457 Manicha'o
1011 3399 1162 3471 pejor
1186 3398 1508 3465 ostenditur,
1538 3397 1677 3455 sicut
1702 3400 2037 3469 conviciaris,
2067 3410 2160 3458 aut

575 3493 729 3551 furis.

643 3582 879 3641 CXXIV.
898 3583 1019 3639 Jun.
1043 3581 1155 3653 Hoc
1174 3581 1333 3652 igitur
1352 3581 1681 3652 consignato,
1704 3581 1828 3653 quid
1851 3598 2156 3653 processum

576 3685 727 3733 tuum
750 3684 1104 3746 consequatur
1123 3672 1357 3729 attende.
1381 3672 1697 3743 Prophetas,
1719 3683 1774 3730 et
1798 3675 2153 3745 Patriarchas,

574 3783 865 3839 omnesque
904 3775 1115 3823 sanctos
1136 3764 1347 3820 Veteris
1373 3763 1698 3820 Testamenti
1735 3775 1942 3822 constat
1975 3767 2161 3841 Bapti-p

573 3860 1043 3928 smatisexpertes
1073 3855 1263 3920 fuisse,
1297 3854 1393 3912 sed
1429 3871 1460 3911 a
1499 3856 1609 3911 Deo
1645 3857 1888 3915 conditos
1929 3861 2155 3933 propriis

575 3952 826 4020 deinceps
855 3949 1062 4003 fulsisse
1088 3946 1371 4003 virtutibus
1402 3964 1416 4001 :
1447 3947 1547 4003 sub
1574 3948 1768 4005 diaboli
1799 3966 1926 4021 ergo
1961 3968 2150 4025 regno,

574 4050 760 4097 contra
787 4039 1143 4096 testimonium
1170 4038 1321 4108 legis,
1344 4052 1462 4094 esse
1485 4039 1769 4095 credentur
1794 4043 2010 4098 aeternis
2031 4059 2156 4117 sup-

575 4132 748 4203 pliciis
772 4129 1142 4200 mancipandi;
1166 4129 1289 4199 quia
1312 4143 1379 4184 ex
1404 4129 1571 4185 Adam
1597 4145 1785 4189 omnes
1809 4136 2156 4203 pronuntian-

575 4234 662 4280 tur
688 4239 718 4278 a
746 4234 800 4280 te
830 4225 882 4277 in
910 4222 1402 4277 condemnationem
1423 4220 1446 4252 ⁸
1472 4223 1656 4277 creati.

644 4315 779 4370 Anc.
820 4313 884 4368 Et
928 4313 1072 4382 ipsos
1101 4312 1345 4383 antiquos
1380 4312 1555 4382 justos
1592 4312 1779 4370 eadem
1807 4317 1975 4387 gratia
2018 4317 2154 4376 libe.

574 4406 751 4469 ravit,
798 4403 885 4459 cui
914 4418 1009 4459 vos
1053 4403 1248 4458 bellum
1297 4402 1609 4459 indixistis:
1641 4406 1883 4474 quamvis
1928 4407 2153 4468 diversis

572 4502 657 4558 usi
688 4501 886 4557 fuerint
916 4517 1013 4571 pro
1044 4511 1282 4572 tempore
1318 4503 1689 4561 sacramentis.
1720 4504 1980 4570 Quoniam
2008 4505 2151 4575 quod

571 4594 641 4650 de
680 4593 894 4649 Christo
937 4592 1235 4659 credimus,
1287 4593 1391 4650 hoc
1440 4594 1749 4653 credebant.
1806 4594 1958 4652 Unus
2004 4597 2150 4652 enim

571 4684 730 4749 Dens,
763 4699 899 4753 unus
925 4693 979 4739 et
1006 4684 1263 4743 Mediator
1291 4686 1385 4742 Dei
1414 4695 1468 4741 et
1505 4687 1780 4743 hominum
1810 4688 1972 4747 homo
1998 4689 2153 4746 Chri-

635 4796 653 4827 ι
679 4795 984 4866 vigpierius:
1009 4793 1142 4866 alius
1161 4803 1353 4857 autem,
1387 4795 1682 4851 similiterut
1703 4811 1783 4852 vos
1813 4813 1962 4853 mus
1979 4836 1994 4862 .
2024 4802 2153 4857 alius

571 4854 945 4988 Ρῗξῗιίἶῖἤιξὸἰ
968 4864 1102 4988 ίὲὲί,
1120 4918 1399 4988 meritorum
1420 4894 1713 4988 explorator.
1732 4923 1903 4974 Verius
1919 4925 2147 4988 vignierii

570 4979 718 5030 editio
757 4987 809 5061 et
850 4986 973 5061 Μεεέ
994 4979 1108 5030 Mar.
1132 4980 1254 5061 clar.
1275 5041 1286 5052 _
1301 4989 1446 5054 Ροιι.2
1773 4979 2056 5061 expunctum.
2076 4990 2149 5061 sic

567 5053 713 5104 ευυη
730 5075 746 5099 θ
896 5041 1729 5122 .⁵ῖ’..ςπρξι’ὶεέτὲφ,.ξιῖτὶιξξςυ1ωειωξ
1748 5041 2076 5122 ﬁdem:
2098 5051 2148 5122 id

569 5103 662 5159 est.
684 5104 872 5152 meritis
892 5103 1058 5174 debita
1077 5103 1141 5153 ex
1165 5107 1405 5174 aequitatis
1429 5103 1619 5174 ratione
1641 5103 1870 5174 reddens.
1897 5118 2008 5174 Nam
2029 5103 2146 5174 quia

586 5170 879 5215 lersonarnm
902 5166 1100 5232 nomina
1114 5177 1205 5232 seu
1218 5165 1392 5232 debita
1428 5169 1694 5229 perscripta
1730 5171 1781 5219 in
1804 5171 1995 5232 tabuhs,
2020 5165 2148 5223 sole-

586 5176 879 5215 iersonarum
902 5177 1100 5214 nomina
1114 5177 1205 5214 seu
1227 5176 1392 5215 debita
1428 5176 1694 5229 perscripta
1730 5176 1781 5219 in
1804 5176 1995 5232 tabulis,
2020 5176 2144 5223 sole-

565 5176 683 5290 bant
705 5233 881 5290 puncto
901 5227 1079 5287 quibus
1097 5225 1389 5276 satisfactum
1412 5237 1517 5281 erat
1539 5232 1713 5290 negari,
1745 5232 1858 5283 hinc
1874 5234 1985 5284 data
2005 5247 2144 5285 oeca-

564 5287 656 5344 sio,
682 5287 735 5337 ut
757 5287 1040 5366 meritorum
1079 5291 1483 5366 egpunctordtqui
1517 5292 1649 5366 [glria
1684 5287 1878 5366 meritis
1897 5296 2141 5366 rependit,

566 5356 840 5399 vocaretur.
863 5349 937 5419 sic
957 5346 1312 5419 Tertullinus,
1337 5346 1714 5419 lib_.'de:corona_
1742 5355 1924 5419 militis,
1948 5346 2054 5419 cap.
2084 5358 2101 5405 l
2126 5346 2140 5407 Ξ

572 5428 596 5456 ιι
614 5412 1037 5484 ,εᾳριιηεθιιιιιιιιις
1060 5412 1297 5484 incastris
1317 5412 1497 5484 milites
1519 5413 1724 5466 laureati
1740 5449 1757 5477 ,
1780 5431 1804 5462 ι
1831 5417 1897 5467 de
1913 5412 2145 5470 donativo

565 5470 1066 5550 militious'persoluto
1085 5473 1254 5550 dicege
1276 5474 1581 5550 intelligitur.
1635 5535 1647 5548 θ
1742 5470 1796 5549 ἰ
1922 5538 1957 5550 η

628 5535 649 5566 ⁸
676 5531 835 5602 illiti;
870 5531 923 5602 in
982 5532 1265 5598 primordio.
1307 5543 1386 5586 MS.
1435 5531 1578 5602 Fort,
1627 5535 1678 5602 in
1715 5538 1987 5602 primordia
2027 5552 2046 5590 :
2089 5547 2145 5594 ιιι

562 5595 1018 5668 spndambrosium,
1053 5608 1247 5647 necnon
1272 5608 1436 5660 supra,
1463 5599 1510 5647 in
1528 5595 1611 5650 lib.
1639 5600 1662 5649 i
1702 5595 1866 5654 eontra
1884 5601 2141 5668 lulianum,

565 5670 613 5706 ιι.
653 5658 725 5707 Io.

626 5718 647 5749 δ
668 5725 741 5767 Sic
762 5724 865 5769 Mss.
887 5722 943 5767 At
965 5715 1100 5781 editi,
1123 5716 1175 5770 in
1190 5718 1597 5774 condammtione.

1286 279 1529 338 OPERIS
1565 278 1972 335 IMPEIIFECTI
2022 277 2297 336 CONTRA
2332 279 2690 345 JUIJANUM,
2732 280 2786 335 S.
2830 281 3195 341 AUGUSTI)"

3709 296 3849 355 "9.8

2282 402 2397 448 slus
2418 392 2573 448 Jesns
2603 411 2616 447 :
2641 394 2790 464 cujus
2816 396 2923 451 illis
2947 401 3331 468 pra-nuntiatus
3359 413 3457 470 cst,
3495 405 3652 463 nobis
3680 419 3859 468 autem

2278 484 2621 539 annnntiatus
2647 496 2730 540 est
2766 487 3075 545 humilitatis
3103 491 3361 549 adventus
3388 497 3711 561 ;.claritatis
3735 518 3862 560 vero

2278 574 2369 643 qui
2399 574 2452 628 in
2481 573 2585 629 fine
2628 575 2834 641 futurus
2873 588 2991 646 est,
3022 590 3077 634 et
3118 582 3226 638 illis
3261 595 3344 640 est
3387 591 3783 658 prmtiuntiatns
3808 606 3861 655 et

2277 665 2453 738 nobis.
2485 666 2553 720 Et
2581 667 2794 725 illorum
2820 680 3043 740 ergoet
3087 683 3267 730 nostra
3302 677 3353 732 in
3384 678 3495 733 isto‘
3523 697 3630 736 uno
3660 683 3862 742 ldedia-

2278 762 2395 811 tore
2419 772 2522 811 una
2549 757 2680 814 lides
2704 767 2815 826 est,
2852 769 2907 816 et
2935 762 3073 818 idem
3100 765 3318 835 spiritus
3350 766 3471 825 fidei
3501 780 3556 826 et
3584 773 3637 827 in
3672 775 3786 829 illis
3808 788 3863 832 et

2278 848 2333 904 in
2361 850 2513 906 nobis
2543 868 2556 904 :
2586 852 2726 907 unde
2751 853 2880 908 dicit
2904 857 3211 924 Apostolus,
3242 858 3495 917 Habentes
3521 874 3696 918 autem
3718 883 3862 921 eum-

2277 940 2390 994 dem
2418 942 2650 1011 spiritum
2676 943 2797 1012 ﬁdei
2815 985 2829 1009 ,
2861 946 3134 1000 secundum
3161 950 3296 1019 quod
3323 952 3569 1022 scriptum
3597 964 3671 1011 est
3688 998 3706 1024 ,
3736 956 3858 1013 Cre-

2276 1033 2404 1101 didi,
2437 1044 2642 1104 prapter
2665 1036 2801 1105 quod
2827 1037 3023 1092 locutus
3046 1056 3196 1107 sum;
3233 1050 3282 1097 et
3311 1060 3402 1098 nos
3429 1046 3721 1114 credimus,
3736 1067 3855 1118 pro—

2277 1132 2386 1192 pter
2410 1124 2545 1194 quod
2589 1135 2636 1179 et
2680 1126 2934 1196 loquimur
2959 1128 3035 1197 (ll
3061 1129 3177 1184 Cor.
3203 1147 3284 1196 Iv,
3318 1133 3441 1207 15).
3487 1135 3642 1193 Unde
3679 1150 3855 1196 autem

2275 1213 2346 1269 sit
2369 1214 2486 1269 haec
2513 1215 2665 1282 lides,
2700 1232 2766 1273 ne
2792 1220 2860 1273 ita
2892 1219 3181 1290 gloriemur
3210 1232 3459 1296 tanquam
3487 1244 3555 1285 ex
3584 1231 3738 1286 nobis
3766 1234 3853 1301 sit,

2274 1306 2520 1363 eumdem
2550 1307 2827 1365 audiamus
2870 1312 3166 1380 apostolum
3201 1333 3214 1368 :
3249 1313 3427 1371 Gratia
3450 1360 3465 1385 ,
3497 1319 3704 1390 inquit,
3735 1326 3857 1379 salvi

2276 1396 2399 1466 facti
2421 1398 2560 1450 .estis
2602 1415 2694 1466 per
2737 1399 2911 1467 ﬁdem,
2957 1411 3004 1456 et
3050 1404 3143 1458 hoc
3184 1422 3289 1460 non
3330 1424 3394 1462 ea:
3434 1410 3597 1475 vobis,
3636 1413 3730 1466 sed
3764 1412 3857 1468 Dei

2275 1486 2461 1540 donum
2489 1498 2560 1542 est
2589 1488 2801 1559 (Ep/tes.
2829 1507 2899 1558 ιι,
2926 1492 3016 1566 8).
3050 1496 3116 1550 Ει
3143 1498 3250 1553 alio
3278 1499 3400 1555 loco
3432 1519 3446 1552 :
3481 1500 3634 1567 Pax,
3663 1504 3853 1575 inquit,

2275 1580 2515 1648 fratribus
2550 1592 2597 1634 et
2632 1582 2852 1638 charilas
2889 1603 3002 1639 cum
3041 1589 3144 1657 ﬁde
3169 1606 3200 1643 α
3224 1589 3333 1645 Deo
3362 1591 3522 1648 Patre
3560 1606 3609 1650 et
3635 1596 3853 1652 Domino

2271 1665 2399 1723 Iesu
2428 1670 2624 1725 Christo
2655 1671 2767 1741 (1d.
2797 1690 2869 1734 vn.
2894 1675 3006 1748 25).
3084 1718 3094 1726 .

2343 1759 2555 1815 CXXV.
2606 1763 2727 1819 ιω..
2779 1766 2927 1833 Quod
2976 1770 3022 1823 si
3072 1770 3290 1837 dixeris,
3337 1790 3497 1844 quam
3544 1776 3622 1832 sis
3669 1791 3855 1847 aperte

2272 1848 2627 1920 Maniehmus,
2659 1855 2817 1909 etiam
2857 1859 3064 1927 patroni
3110 1861 3184 1914 tui
3215 1871 3464 1932 poterunt
3490 1868 3757 1924 conﬁteri.
3798 1872 3855 1926 Si

2273 1953 2400 1994 vero
2430 1941 2756 2000 intellexeris
2783 1956 2984 2002 tantum
3016 1951 3128 2004 veri
3162 1952 3321 2022 llegis
3350 1958 3639 2012 exercitum
3670 1973 3857 2016 contra

2272 2036 2415 2084 tuam
2443 2031 2698 2088 dimicare
2723 2039 3204 2106 sententiam,,nec
3241 2043 3343 2098 illis
3380 2054 3430 2099 te
3463 2046 3656 2104 afferre
3700 2065 3857 2120 posse

2271 2121 2636 2189 prmjudicium
2671 2127 2994 2196 :acquiesce
3039 2129 3369 2188 destructum
3411 2149 3532 2192 esse
3569 2139 3719 2208 quod
3757 2156 3857 2195 ex-

2270 2221 2542 2269 struxeras
2561 2255 2575 2282 ,
2604 2225 2661 2272 et
2689 2234 2782 2288 per
2810 2218 2912 2276 hoc
2935 2237 3042 2277 non
3081 2223 3160 2279 ire
3193 2240 3381 2282 omnes
3406 2243 3468 2284 ex
3503 2246 3609 2285 uno
3636 2232 3693 2286 in
3727 2250 3857 2289 con-

2268 2303 2663 2363 demnationem
2689 2324 2706 2376 ;
2745 2311 2840 2366 sed
2865 2328 2961 2368 eos
2987 2324 3187 2371 tantum
3216 2319 3306 2388 qui
3338 2321 3565 2380 rebelles
3589 2325 3852 2383 voluntati

2268 2395 2384 2466 Dei,
2405 2399 2522 2454 sine
2548 2403 2882 2472 poenitentia,
2911 2407 3028 2462 sine
3054 2412 3411 2481 correctione,
3435 2415 3625 2471 ultimo
3649 2417 3849 2475 fuerint

2269 2488 2373 2545 line
2400 2489 2740 2561 deprehensi.

2340 2581 2475 2637 Anc.
2516 2583 2667 2651 Adde
2703 2593 2759 2641 et
2791 2597 3111 2657 generatos,
3150 2591 3198 2648 si
3236 2609 3341 2649 non
3382 2595 3577 2654 fuerint
3615 2615 3847 2672 regene-

2265 2674 2365 2728 rati
2398 2691 2411 2727 :
2443 2676 2564 2745 quia
2595 2677 2647 2731 in
2678 2694 2786 2734 uno
2820 2695 3008 2737 omnes
3048 2698 3405 2751 peccaverunt
3441 2689 3621 2761 (Rom.
3648 2709 3703 2761 v,
3736 2695 3847 2766 I2).

2336 2765 2567 2823 CXXVI.
2597 2767 2718 2825 Jun.
2745 2770 2897 2837 Quod
2928 2782 3104 2829 autem
3135 2776 3277 2832 Deus
3305 2778 3475 2834 dictus
3498 2793 3603 2848 est,
3634 2783 3850 2855 Figulus

2265 2873 2327 2912 ea:
2354 2858 2530 2912 eadem
2558 2876 2726 2915 massa
2751 2863 2945 2933 faciens
2971 2866 3115 2921 aliud
3138 2883 3226 2922 vas
3252 2869 3307 2924 in
3335 2871 3594 2939 honorem,
3624 2878 3769 2931 aliud
3788 2880 3847 2933 in

2262 2950 2621 3004 contumeliam
2646 2950 2757 3023 (Id.
2785 2969 2857 3018 Ix,
2886 2953 3022 3026 21);
3049 2973 3078 3013 a
3110 2966 3163 3013 te
3191 2967 3596 3021 commemorari
3628 2970 3846 3025 omnino

2262 3054 2368 3093 non
2394 3041 2576 3096 debuit
2602 3060 2616 3096 :
2648 3044 2775 3115 quia
2803 3054 2861 3100 ut
2889 3063 2919 3101 a
2950 3049 3104 3104 nobis
3127 3066 3515 3124 consequenter
3539 3063 3839 3129 exponitur,

2261 3118 2335 3185 ita
2364 3131 2459 3188 tibi
2491 3142 2659 3190 totum
2696 3147 2959 3209 repugnat
2989 3157 3004 3195 :
3036 3158 3158 3197 nam
3188 3118 3429 3203 cum-alii
3471 3150 3524 3204 in
3563 3118 3837 3221 honorem,

2259 3222 2350 3277 alii
2392 3224 2445 3279 in
2492 3228 2869 3285 contumeliam
2909 3230 3023 3288 ﬁeri
3066 3234 3348 3304 dicuntur,
3391 3237 3610 3310 juvatur
3651 3260 3841 3302 sensus

2260 3313 2677 3386 Catholicorum,
2703 3336 2811 3391 quo
2839 3324 3132 3381 secundum
3158 3326 3527 3387 diversitatem
3552 3334 3839 3392 voluntatis

2260 3404 2528 3475 humanm,
2560 3411 2804 3470 diversus
2837 3415 2997 3471 etiam
3022 3433 3270 3477 vasorum
3297 3424 3471 3480 exitus
3503 3428 3836 3496 praedicatur.

2328 3500 2468 3558 Anc.
2509 3503 2849 3562 Ambrosium
2894 3510 3053 3578 audi,
3083 3513 3175 3583 qui
3198 3514 3354 3582 dicit,
3390 3535 3409 3570 ι
3440 3518 3640 3577 Omnes
3667 3523 3839 3579 homi-

2259 3606 2357 3648 nes
2381 3593 2481 3649 sub
2509 3605 2728 3664 peecato
2752 3600 3041 3670 nascimur,
3064 3619 3286 3674 quorum
3314 3607 3427 3676 ipse
3455 3619 3606 3666 ortus
3632 3613 3682 3668 in
3708 3617 3837 3671 vitio

2257 3692 2345 3739 est
2378 3702 2397 3736 ι
2429 3683 2533 3758 (De
2559 3686 2865 3744 Paenitentia
2883 3732 2897 3757 ,
2930 3692 3019 3746 lib.
3045 3695 3097 3760 1,
3121 3712 3236 3767 cap.
3262 3697 3298 3750 2
3324 3698 3401 3753 vel
3424 3701 3503 3772 ὅ).
3530 3701 3619 3760 Sic
3643 3707 3838 3777 quippe

2258 3772 2524 3830 intellexit
2551 3791 2672 3832 cum
2701 3781 2909 3836 castoris
2939 3783 3319 3857 condiscipulis
3344 3799 3399 3846 et
3427 3772 3840 3853 condoctoribns

2257 3865 2402 3932 suis,
2428 3867 2545 3922 sine
2571 3869 2677 3923 ulla
2704 3870 3037 3930 dubitatione
3063 3878 3339 3935 catholicis
3357 3923 3371 3945 ,
3400 3884 3536 3953 quod
3574 3887 3836 3957 scriptum

2257 3964 2341 4010 est
2364 3955 2432 4012 de
2461 3968 2678 4028 peccato
2705 3969 2763 4017 et
2804 3974 2973 4019 morte
2992 4006 3008 4031 ,
3037 3968 3179 4037 quod
3220 3986 3317 4041 per
3343 3989 3499 4028 unum
3534 3955 3835 4046 intraverit,

2257 4056 2312 4103 et
2339 4048 2390 4101 in
2420 4064 2608 4106 omnes
2644 4050 2889 4109 homines
2916 4061 3285 4126 pertransicrit
3313 4063 3491 4131 (Rom.
3517 4083 3582 4135 ν,
3614 4068 3739 4142 19).
3773 4073 3837 4127 Et

2257 4139 2493 4209 intellige
2523 4141 2659 4198 hanc
2696 4158 2817 4198 esse
2861 4161 3091 4203 massam
3122 4149 3189 4205 de
3225 4167 3328 4222 qua
3376 4154 3509 4210 fiunt
3532 4170 3659 4212 vasa
3674 4139 3702 4226 ,t
3724 4162 3836 4217 sive

2257 4227 2365 4295 illa,
2400 4222 2515 4286 sive
2543 4232 2666 4287 ista.
2705 4233 2836 4289 Nam
2867 4237 2913 4291 si
2942 4237 3303 4297 inscrutabilis
3331 4247 3642 4315 quaestionis
3676 4222 3834 4322 hujus

2256 4323 2354 4381 ista
2383 4334 2530 4381 esset
2570 4329 2800 4393 solutio,
2832 4346 2989 4401 quam
3022 4344 3076 4388 tu
3106 4337 3283 4405 sapis,
3325 4342 3619 4399 secundum
3648 4347 3833 4402 merita

2254 4416 2627 4483 voluntatum;
2660 4429 2766 4475 tam
2797 4424 3077 4480 manifesta
3101 4437 3265 4495 esset,
3297 4433 3522 4488 utnulla
3552 4436 3669 4505 ejus
3692 4437 3830 4492 diffi-

2254 4506 2449 4562 cultate
2488 4511 2905 4580 compelleretur
2929 4515 3218 4586 Apostolus
3255 4519 3461 4589 dicere,
3495 4523 3541 4579 ο
3565 4526 3743 4593 homo,
3780 4537 3833 4581 tu

2252 4598 2365 4668 quis
2391 4615 2446 4652 es
2478 4601 2566 4671 qui
2602 4604 2910 4673 respondeas
2936 4605 3043 4661 Deo
3074 4608 3187 4680 (Id.
3215 4627 3289 4678 rx,
3317 4612 3455 4684 20)?
3495 4615 3571 4672 De
3597 4619 3827 4674 nondum

2253 4690 2394 4745 natis
2421 4693 2562 4747 enim
2600 4695 2858 4764 agebatur
2878 4738 2892 4762 ,
2921 4711 3147 4769 quorum
3178 4718 3285 4758 non
3308 4719 3377 4760 ex
3413 4706 3696 4777 operibus,
3737 4712 3831 4766 sed

2252 4784 2542 4840 secundum
2572 4789 2899 4858 propositum
2929 4806 3084 4846 suum
3111 4794 3249 4851 Dens
3274 4812 3439 4852 unum
3465 4798 3673 4865 dilexit,
3692 4801 3831 4858 alte-

2251 4890 2371 4929 rum
2397 4876 2520 4931 odio
2549 4876 2730 4931 habuit
2759 4897 2772 4932 :
2807 4880 2944 4935 unde
2969 4882 3035 4936 ad
3065 4881 3179 4939 hate
3200 4887 3361 4941 verba
3390 4900 3703 4959 perventum
3726 4902 3831 4961 est,

2251 4975 2312 5020 ut
2333 4965 2402 5021 de
2438 4967 2624 5022 eadem
2654 4985 2827 5026 massa
2855 4981 2910 5027 et
2943 4973 3167 5032 diversis
3191 4979 3352 5045 vasis,
3383 4990 3438 5037 et
3466 4981 3535 5037 de
3568 4994 3834 5054 potestate

2251 5056 2394 5128 ﬁguli
2424 5058 2711 5116 diceretur.

2320 5144 2576 5202 CXXVII.
2603 5149 2722 5205 Jun.
2765 5152 2842 5207 'l‘u
2868 5165 3043 5210 autem
3075 5158 3165 5228 qui
3191 5173 3350 5230 supra
3375 5161 3608 5232 dixeras,
3643 5180 3832 5222 omnes

2250 5235 2332 5292 ire
2365 5238 2417 5292 in
2449 5238 2970 5311 condemnationem,
3006 5261 3107 5315 qua
3142 5251 3501 5307 testimonium
3530 5253 3710 5313 fronte
3736 5272 3832 5328 po-

2248 5330 2401 5386 suisti
2422 5371 2437 5397 ,
2463 5346 2568 5401 quo
2595 5336 2968 5402 pronuntiatur
2992 5339 3072 5396 ire
3097 5342 3231 5397 alius
3257 5344 3310 5399 in
3336 5343 3616 5418 honorem,
3647 5350 3785 5407 alius
3807 5352 3825 5383 ί

2246 5419 2302 5476 in
2341 5423 2763 5479 contumeliam?
2829 5433 2833 5439 '

2318 5512 2452 5569 Anc.
2480 5513 2585 5569 Sed
2611 5517 2779 5585 gratia
2805 5518 2997 5577 liberat
3022 5537 3051 5577 a
3081 5524 3243 5582 totius
3268 5541 3457 5585 massa:
3482 5529 3828 5613 damnatione

2314 5669 2507 5754 inditi:
2549 5669 2637 5754 ιὶςιέ
2650 5672 2783 5754 ⁸σιξιλς
2808 5675 2875 5754 lin
2917 5676 3141 5732 honorem
3158 5717 3174 5745 ,
3220 5683 3355 5737 alios.
3407 5693 3461 5737 At
3505 5693 3826 5754 manuscrtpti

2248 5739 2524 5781 constanter
2549 5733 2746 5800 habent,
2772 5738 2905 5799 alius.
3159 5733 3174 5745 .
3507 5733 3566 5766 "ﬂ.
