4062 6544
309 308 448 366 “9.9

299 438 440 493 quos
487 421 716 482 liberat;
772 432 927 487 quam
972 431 1067 470 vos
1120 413 1403 486 negando,
1453 415 1585 468 estis
1632 414 1890 468 haeretici.

301 518 576 582 Quantum
603 513 743 566 enim
778 510 1006 579 pertinet
1031 507 1098 562 ad
1127 508 1347 578 originis
1376 509 1658 574 meritum,
1690 522 1756 580 ex
1786 521 1893 560 uno

300 620 495 661 otnncs
515 605 564 658 in
583 600 1272 672 condemnationem(Rom.
1302 615 1354 663 ν,
1384 601 1474 671 I6)
1497 609 1775 670 :quantum
1800 614 1896 652 au-

303 710 414 756 tem
459 699 526 754 ad
571 697 817 770 gratiam,
847 712 963 766 qua:
1005 712 1110 750 non
1157 695 1453 752 secundum
1497 694 1680 750 merita
1716 693 1892 760 datur,

303 794 630 863 quicumque
660 790 728 844 ab
759 789 856 842 ista
883 788 1326 842 condemnatinuc
1353 787 1640 840 liberantur
1660 828 1672 847 ,
1700 785 1892 838 dicun-

305 892 396 937 tttr
435 896 558 934 vasa
593 877 970 933 miscricordize
1001 895 1014 931 :
1043 879 1130 946 qui
1160 893 1284 930 vero
1329 894 1430 929 non
1470 876 1786 937 liberantur,
1818 875 1894 928 ira

310 975 401 1029 Dei
435 981 614 1027 manet
637 987 800 1040 super
829 985 922 1024 eos
951 968 1130 1041 (Joan.
1162 986 1236 1034 ut,
1266 968 1378 1041 36),
1415 967 1633 1022 venit-ns
1659 967 1724 1021 de
1749 966 1894 1035 justo

304 1067 508 1137 judicio
537 1065 627 1119 Dei
655 1081 668 1130 ;
699 1062 842 1134 quod
871 1079 976 1116 non
1005 1061 1123 1116 ideo
1149 1060 1514 1130 vituperabile,
1541 1060 1661 1128 quia
1690 1061 1895 1112 inseru-

309 1158 472 1213 tahile
505 1164 586 1212 est
615 1171 630 1208 :
664 1163 715 1208 et
752 1161 1036 1223 prepterea
1061 1169 1182 1207 vasa
1226 1151 1317 1206 ira:
1346 1158 1746 1218 nuncupantur,
1772 1149 1895 1218 quia

308 1260 364 1306 ct
391 1250 472 1304 his
497 1249 632 1303 bene
663 1247 828 1301 utitur
853 1247 1011 1308 Deus,
1038 1255 1094 1298 ut
1119 1253 1272 1298 notas
1299 1243 1453 1298 faciat
1479 1243 1689 1296 divitias
1712 1242 1894 1312 gloria:

310 1356 446 1399 Siue,
475 1340 525 1393 in
551 1353 671 1391 vasa
704 1336 1084 1390 misericordia:
1115 1335 1289 1407 (Rom.
1318 1350 1397 1400 rx,
1421 1334 1538 1404 25).
1572 1333 1724 1401 Quod
1751 1333 1894 1388 enim

314 1433 430 1486 Deo
456 1430 725 1500 judicaute
754 1445 782 1482 a
813 1429 1022 1484 carteris
1050 1429 1305 1498 exigitur,
1339 1427 1440 1482 huc
1480 1427 1596 1481 istis
1629 1441 1693 1481 eo
1731 1428 1895 1482 mise-

309 1532 464 1576 rante
491 1523 508 1552 ί
550 1520 780 1575 donatur
810 1539 822 1574 :
854 1535 989 1590 quas
1033 1519 1426 1588 investigabiles
1458 1519 1572 1572 vias
1610 1517 1818 1571 Domini
1850 1516 1897 1572 si

303 1612 541 1666 mstimas
570 1609 973 1682 improbamlas,
1001 1607 1154 1675 audi,
1190 1608 1233 1662 0
1265 1609 1444 1674 homo,
1478 1617 1530 1660 tu
1570 1608 1680 1677 quis
1722 1624 1772 1660 es
1811 1607 1895 1676 qui

304 1700 621 1770 respondeas
648 1699 754 1752 Deo
779 1701 799 1730 ³
820 1700 843 1753 ?

377 1789 666 1845 CXXVIII.
693 1790 812 1844 JUL.
841 1788 977 1843 Nihil
1006 1789 1145 1843 enim
1176 1789 1243 1842 ita
1278 1796 1492 1858 pugnat,
1514 1803 1672 1854 quam
1694 1787 1892 1853 dicere,

305 1898 522 1948 omnes,
558 1891 611 1936 et
639 1898 745 1936 non
777 1897 985 1936 omnes.
1020 1865 1098 1935 Tu
1129 1881 1290 1946 dicis,
1324 1897 1353 1934 a
1386 1880 1546 1949 ﬁgulo
1573 1882 1682 1936 Deo
1711 1895 1897 1935 omnes

311 1975 429 2030 ﬁeri
458 1976 510 2029 in
538 1973 1040 2028 condemnationem
1067 1992 1080 2028 :
1108 1973 1390 2042 Apostolus
1411 1973 1557 2039 dicit,
1582 1988 1688 2027 non
1709 1987 1897 2027 onmes

309 2067 365 2122 in
396 2066 929 2129 condemnationem,
960 2080 1060 2120 nec
1097 2079 1286 2119 omnes
1323 2064 1374 2118 in
1415 2063 1710 2130 honorem;
1753 2063 1897 2134 quod

314 2157 369 2216 in
402 2157 520 2212 loco
547 2173 680 2221 suo,
711 2156 838 2227 quid
867 2155 1060 2210 habeat
1084 2155 1356 2225 dignitatis
1381 2155 1670 2209 absolvam.
1701 2154 1758 2209 In
1785 2154 1896 2224 ipsa

312 2257 494 2303 tamen
545 2247 974 2318 pronuntiatione
1017 2246 1325 2312 sententiae,
1372 2254 1583 2301 constat
1625 2245 1762 2299 inter
1803 2259 1898 2300 vos

310 2356 560 2410 magnam
599 2355 719 2394 esse
760 2338 1103 2402 discordiam,
1135 2353 1236 2393 nec
1262 2338 1506 2393 eumdem
1532 2354 1650 2394 esse
1679 2339 1896 2410 ﬁgulum

311 2431 365 2486 in
403 2431 904 2486 condemnationem
931 2439 1120 2485 cuneta
1159 2429 1446 2500 ﬁngentem
1466 2468 1483 2498 ,
1513 2447 1670 2502 quem
1702 2431 1898 2486 Paulus

311 2524 456 2594 dicat
484 2524 536 2578 in
565 2524 818 2578 honorem
851 2524 983 2577 alios
1033 2522 1378 2577 fabricantem
1411 2541 1426 2577 :
1465 2537 1562 2577 nec
1591 2530 1642 2578 te
1668 2522 1742 2576 illi
1774 2537 1896 2577 cre-

321 2605 473 2681 dere,
495 2616 582 2686 qui
609 2630 637 2670 a
664 2615 917 2685 magistro
941 2613 1237 2669 admirabili
1270 2598 1618 2683 praedicatur;
1645 2614 1896 2683 quoniam

320 2718 450 2764 tuus
483 2708 666 2778 ﬁgulus
700 2719 888 2763 Omnes
918 2707 969 2761 in
1010 2705 1509 2761 condemnationem
1536 2705 1722 2777 ﬁngit,
1757 2704 1902 2776 Apo-

317 2801 447 2856 stoli
478 2799 669 2870 ﬁgulus
695 2799 950 2870 plurimos
979 2798 1124 2868 ﬁngit
1154 2799 1207 2851 in
1232 2797 1476 2868 gloriam.

390 2892 527 2948 Anc.
567 2889 698 2946 Cum
735 2891 982 2945 dicuntur
1007 2904 1192 2944 omnes
1222 2905 1288 2944 ex
1327 2904 1434 2943 uno
1479 2889 1530 2942 in
1573 2887 1898 2942 condemna-

317 2983 540 3048 tionem,
572 2982 683 3054 ipsa
715 2997 887 3037 massa
916 2982 1266 3054 signiﬁcatur,
1300 2997 1367 3036 ex
1392 2997 1491 3050 qua
1525 2979 1654 3034 ﬁunt
1681 2995 1712 3034 a
1744 2980 1900 3050 ﬁgulo

313 3075 417 3130 alia
448 3090 572 3129 vasa
616 3075 668 3129 in
715 3075 995 3141 honorem,
1045 3074 1095 3128 id
1145 3082 1266 3138 est,
1306 3089 1424 3144 qua:
1461 3080 1806 3128 assumuntur
1845 3072 1899 3128 in

310 3165 572 3236 gratiam,
603 3164 706 3218 alia
736 3164 788 3217 in
818 3151 1222 3230 contumeliam,
1265 3163 1316 3216 id
1344 3171 1457 3227 est,
1491 3178 1608 3233 quae
1637 3161 1704 3216 ad
1749 3163 1899 3217 luen-

311 3257 435 3312 dum
479 3257 717 3312 debitum
763 3257 1172 3327 relinquuntur;
1227 3264 1279 3310 ut
1328 3254 1422 3310 ﬁlii
1465 3255 1652 3326 gratite
1696 3253 1749 3309 id
1796 3253 1902 3312 sibi

313 3349 504 3404 donari
550 3351 739 3415 sciant,
787 3347 926 3418 quod
972 3348 1014 3402 si
1057 3347 1380 3417 exigeretur,
1430 3359 1535 3399 non
1576 3353 1721 3400 esset
1763 3344 1902 3414 inju-

313 3452 458 3496 stum
483 3459 499 3507 ;
541 3457 604 3496 ae
632 3441 709 3495 sic
735 3456 838 3495 non
869 3428 920 3494 in
946 3454 1005 3494 se
1034 3438 1183 3510 ipsis,
1213 3437 1308 3493 sed
1339 3437 1391 3492 in
1419 3437 1646 3492 Domino
1671 3436 1903 3508 glorien-

315 3542 406 3587 tur
435 3533 492 3602 (1
526 3532 639 3586 Cor.
669 3549 706 3596 ι,
736 3533 848 3604 51).

390 3625 629 3681 CXXIX.
669 3627 788 3682 ιυι.
827 3626 896 3681 Ει
934 3625 1049 3680 hare
1089 3625 1303 3696 quidem
1343 3612 1590 3690 dixerim,
1625 3625 1686 3680 tit
1722 3625 1902 3680 statim

316 3727 637 3790 appareret,
686 3727 736 3773 te
783 3733 900 3773 esse
952 3725 1046 3771 aut
1093 3717 1369 3788 imperitia:
1416 3725 1509 3771 aut
1559 3716 1902 3786 impudentiae

316 3812 626 3882 singularis,
655 3811 742 3882 qui
775 3820 982 3866 tuorum
1007 3798 1124 3866 vice
1144 3852 1158 3875 ,
1191 3811 1475 3865 contrariis
1502 3811 1728 3865 utereris
1757 3827 1770 3863 :
1798 3825 1904 3866 ca:-

315 3911 490 3959 terum
521 3902 688 3972 pietas
713 3901 1015 3971 explanabit
1043 3910 1094 3956 et
1124 3900 1280 3968 ratio,
1311 3901 1477 3956 Deum
1507 3915 1684 3956 meum
1731 3901 1902 3956 nemio

312 4008 437 4048 nem
469 3993 521 4047 in
548 3993 924 4048 contumeliam
957 3992 1208 4046 formare.

384 4087 518 4141 Aes.
560 4075 616 4140 Si
649 4085 789 4140 Deus
831 4093 950 4138 tuus
990 4084 1042 4138 in
1086 4082 1463 4138 contumeliam
1493 4082 1759 4138 neminem
1791 4068 1902 4136 for-

312 4186 424 4230 mat
446 4217 462 4239 ,
496 4191 602 4230 non
644 4183 727 4230 est
763 4175 876 4244 ipse
914 4173 1062 4229 Pauli
1113 4173 1337 4242 apostoli
1372 4173 1510 4227 Deus
1539 4190 1552 4226 :
1585 4173 1673 4227 ille
1701 4173 1899 4242 quippe

315 4266 384 4320 de
410 4267 524 4322 Deo
553 4281 682 4322 vero
710 4267 934 4330 diccbat,
970 4265 1014 4320 0
1049 4266 1219 4332 homo,
1251 4275 1304 4319 tu
1340 4266 1450 4338 quis
1484 4282 1536 4319 es
1571 4266 1658 4337 qui
1693 4282 1903 4334 respon-

319 4357 440 4410 dens
481 4355 632 4411 Deo?
677 4355 940 4427 Numquid
972 4356 1092 4409 dicit
1119 4357 1414 4427 ﬁgmentum
1455 4356 1501 4409 ei
1535 4355 1622 4424 qui
1655 4371 1708 4410 se
1730 4355 1898 4424 ﬁnxit,

323 4449 462 4517 Quid
499 4466 576 4502 me
617 4450 774 4521 fecisti
816 4450 931 4504 sic?
968 4449 1150 4503 Annon
1193 4449 1338 4502 habet
1366 4456 1673 4525 [potestatem
1714 4448 1902 4519 ﬁgulus

318 4540 450 4601 luti,
491 4555 554 4593 ea:
590 4539 763 4593 eadem
816 4556 980 4594 massa
1031 4542 1194 4612 facere
1235 4537 1378 4592 aliud
1421 4554 1507 4592 vas
1543 4537 1596 4591 in
1637 4537 1897 4603 honorem,

315 4635 462 4688 aliud
508 4634 561 4687 in
613 4632 964 4686 contumeliam
1008 4631 1200 4706 (Rom.
1230 4648 1278 4685 Ix
1303 4673 1316 4696 ,
1351 4630 1454 4694 ΞΟ,
1481 4629 1542 4684 2|
1575 4628 1636 4698 )?
1686 4627 1790 4684 Sed
1845 4637 1897 4683 tu

312 4725 568 4780 videlicet
612 4723 802 4779 artifex
851 4739 1070 4794 magnus
1117 4723 1324 4794 profers
1374 4736 1438 4776 ex
1487 4721 1692 4774 ofﬁcina
1745 4719 1898 4774 Pela-

309 4821 468 4890 giana
496 4819 772 4874 meliorem
803 4817 958 4873 deum
980 4858 994 4885 ,
1027 4818 1114 4887 qui
1155 4815 1357 4870 nullum
1384 4828 1476 4868 vas
1514 4813 1638 4868 facit
1674 4799 1727 4866 itt
1765 4826 1897 4867 eon-

312 4911 609 4966 tumeliam.

384 5001 600 5057 CXXX.
641 5001 760 5057 JUL.
802 4999 906 5056 Sed
947 4992 1230 5070 imaginem
1269 5011 1440 5062 suam,
1476 4993 1527 5049 id
1570 5002 1671 5060 est,
1711 5007 1897 5048 omnes

317 5093 564 5147 homines
591 5091 763 5146 bonos
789 5090 1054 5155 condere,
1092 5089 1182 5158 qui
1222 5087 1380 5142 etiam
1413 5085 1433 5116 ³
1463 5085 1743 5139 demolitos
1781 5091 1897 5137 stu-

317 5183 526 5238 diorum
569 5184 863 5254 pravitate,
896 5181 1191 5237 reformare
1233 5177 1588 5233 rcmediorum
1633 5176 1900 5231 desiderat

318 5271 582 5345 largitate.
616 5274 717 5344 lpsi
759 5273 971 5344 quidem
1004 5281 1181 5328 cantat
1211 5271 1447 5325 Ecclesia
1479 5268 1896 5324 misericordiam

315 5373 368 5419 et
395 5363 650 5433 judicium
683 5354 932 5431 (Psal.c,
973 5363 1064 5434 l);
1114 5363 1236 5431 quia
1279 5370 1334 5416 et
1379 5360 1484 5414 illis
1523 5371 1605 5414 est
1643 5359 1900 5428 benignus

313 5455 405 5526 qui
440 5455 570 5509 nihil
594 5455 962 5527 deliquerunt,
991 5465 1044 5510 et
1079 5455 1223 5523 justo
1255 5453 1402 5523 punit
1439 5451 1639 5521 judicio
1677 5466 1769 5505 eos
1809 5451 1897 5521 qui

389 5608 406 5640 ³
431 5608 507 5657 sic
537 5608 865 5669 manuscrrpti.
889 5607 1008 5655 Editi
1027 5642 1040 5666 ,
1063 5604 1152 5669 hoc
1171 5603 1274 5654 istis
1297 5604 1674 5669 contmiserante.

375 5672 396 5701 ²
421 5676 471 5717 tu
491 5663 964 5718 Marianensi'codice
987 5663 1256 5730 reperitur,
1281 5675 1317 5716 ο
1340 5666 1477 5717 homo
1504 5701 1519 5729 ,
1544 5674 1594 5717 tu
1616 5663 1723 5730 quis
1741 5678 1790 5716 es
1808 5663 1831 5717 ?
1851 5665 1904 5716 tu

307 5730 417 5793 quis
455 5745 505 5794 es
524 5731 609 5793 qui
638 5732 930 5794 respondeas
957 5727 1095 5779 Deo?

374 5794 395 5826 ⁸
418 5791 577 5842 Codex
603 5791 737 5850 Mari,
759 5799 802 5842 et
811 5791 940 5854 jam.

592 5876 819 5937 Saucr.
874 5876 1151 5936 Ληουεῖ.
1188 5875 1248 5934 Χ

1689 302 1889 357 LIBER
1932 304 2195 362 PRIMUS.

3438 319 3574 373 ΗΖΘ

1999 415 2121 470 boni
2152 432 2178 470 a
2228 417 2334 470 Deo
2360 419 2557 474 conditi
2597 431 2784 492 suapte
2813 424 3080 481 voluntate
3129 429 3142 458 ¹
3175 439 3480 498 pecearuut,
3513 449 3573 485 ae

1998 508 2372 587 misericordize
2402 499 2634 567 subsidia
2671 528 3008 586 respuerunt.
3044 519 3186 574 Ilanc
3229 521 3388 590 igitur
3415 523 3577 577 misee-

1997 599 2298 662 ricordiam,
2328 610 2382 656 et
2413 602 2512 656 hoc
2531 605 2788 673 judicium
2815 618 2992 662 cantat
3022 611 3252 666 Ecclesia
3273 611 3574 668 Catltolico-

1997 704 2113 741 rum
2146 697 2437 744 :cmterum
2479 694 2530 746 in
2563 703 2736 748 vestra
2769 697 2902 752 nihil
2947 709 3120 768 potest
3158 701 3261 756 tale
3297 717 3568 770 resonate,

1995 798 2114 852 qum
2141 783 2264 837 dicit
2293 785 2408 840 sine
2433 787 2633 852 jnstitia
2652 826 2668 852 ,
2705 789 2821 843 sine
2844 791 3043 860 judicio
3063 835 3077 859 ,
3107 793 3223 848 sine
3262 794 3568 850 misericor-

1995 873 2112 935 dia,
2149 875 2310 926 Deum
2339 875 2670 931 conditorem
2710 881 3003 946 malorum,
3037 883 3266 940 formare
3305 901 3438 955 quos
3467 901 3564 955 pu-

1998 963 2142 1028 niat;
2187 971 2345 1032 atque
2383 965 2452 1018 ob
2485 964 2582 1020 hoc
2617 969 2842 1038 punire,
2877 972 3014 1040 quod
3045 988 3139 1026 eos
3169 989 3232 1028 ex
3264 975 3430 1027 Adam
3460 976 3573 1043 ipse

1996 1052 2322 1109 formaverit.

2067 1149 2201 1203 Anc.
2245 1147 2360 1202 Jam
2391 1148 2606 1218 quidem
2639 1152 2729 1205 tibi
2768 1154 3014 1222 superius
3051 1155 3116 1209 ad
3154 1157 3328 1211 omnia
3358 1159 3457 1213 ista
3487 1175 3575 1214 rc-

1996 1253 2249 1307 sponsum
2275 1248 2356 1294 est
2382 1258 2394 1295 :
2420 1249 2597 1295 tamen
2619 1251 2671 1296 et
2693 1243 2776 1296 hic
2795 1243 3026 1298 breviter
3046 1246 3187 1300 andi.
3210 1247 3324 1302 Non
3345 1249 3576 1304 abstinet

1999 1328 2136 1383 Dens
2167 1330 2360 1384 bonum
2393 1329 2720 1386 formationis
2749 1349 2858 1388 sute
2887 1337 3046 1390 etiam
3073 1338 3140 1392 ab
3164 1339 3328 1410 stirpe
3355 1340 3576 1395 damna-

1999 1433 2046 1476 ta
2086 1440 2098 1476 :
2139 1422 2231 1477 sed
2255 1423 2296 1476 si
2325 1424 2415 1477 tibi
2443 1423 2722 1494 displicet,
2749 1426 2909 1480 Deum
2937 1443 3120 1484 creare
3153 1445 3288 1499 quos
3327 1430 3571 1495 damnet;

1995 1515 2269 1570 contradie
2295 1516 2366 1580 'ei,
2397 1515 2440 1570 si
2469 1525 2638 1586 potes,
2671 1533 2736 1572 ne
2765 1528 2910 1573 creet
2935 1534 3047 1583 eos,
3080 1535 3213 1590 quos
3244 1521 3411 1574 malos
3437 1521 3577 1576 futu-

1995 1621 2103 1668 ros,
2138 1615 2192 1659 et
2221 1606 2271 1660 in
2301 1607 2628 1677 malignitate
2657 1622 2824 1678 usque
2851 1609 2903 1662 in
2935 1609 3096 1664 ﬁnem
3123 1619 3576 1680 perseveraturus,

1996 1705 2048 1750 et
2074 1698 2142 1750 ob
2165 1699 2264 1751 hoc
2291 1699 2406 1752 sine
2431 1698 2760 1753 dubitatione
2779 1700 3108 1755 damnandos
3131 1717 3248 1756 esse
3275 1690 3574 1770 prmscivit:

1996 1798 2086 1842 aut
2115 1790 2164 1844 ei
2193 1804 2452 1860 suggere,
2480 1792 2522 1844 si
2551 1791 2790 1855 videtur,
2823 1800 2879 1846 ut
2917 1801 2996 1847 tot
3033 1793 3194 1847 millia
3241 1794 3576 1862 parvulorum

1997 1896 2101 1936 non
2135 1882 2520 1953 baptizatorum
2540 1922 2556 1948 ,
2587 1898 2720 1954 quos
2750 1885 2894 1938 novit
2937 1884 3140 1954 perdite
3176 1900 3294 1942 esse
3323 1886 3575 1950 victuros,
3607 1920 3610 1921 ν

1996 1982 2050 2029 et
2076 1974 2126 2029 in
2157 1987 2413 2030 reternum
2455 1976 2664 2046 ignem,
2706 1976 2992 2032 damnante
3035 1981 3184 2047 ipso,
3215 1993 3336 2032 cum
3367 1977 3580 2032 diabolo

1997 2065 2200 2132 ituros,
2231 2067 2401 2136 rapiat
2444 2081 2511 2122 ex
2547 2066 2646 2121 hac
2675 2067 2778 2121 vita
2799 2109 2815 2133 ,
2853 2067 2978 2122 dum
3022 2078 3146 2123 sunt
3189 2069 3498 2124 innocentes
3525 2080 3582 2124 et

1997 2157 2160 2223 boni;
2210 2168 2266 2213 ut
2294 2159 2338 2213 si
2370 2175 2472 2213 non
2503 2159 2554 2213 in
2593 2175 2758 2231 regno
2797 2160 2942 2230 ejus,
2973 2170 3118 2216 certe
3162 2162 3214 2216 in
3257 2162 3374 2216 loco
3400 2151 3581 2232 aliquo

1998 2251 2246 2306 secunda:
2291 2251 2588 2320 felicitatis,
2617 2268 2774 2323 quem
2815 2253 3004 2308 talibus
3044 2253 3326 2308 a2diﬁcavit
3361 2253 3582 2308 lia-rosis

2001 2351 2215 2408 vestra,
2265 2345 2424 2398 vitam
2477 2353 2691 2399 teneant
2737 2349 3134 2415 sempiternam.
3186 2345 3360 2400 Ilabes
3405 2344 3584 2400 adhuc

1997 2439 2154 2508 quod
2181 2454 2433 2509 suggeras
2461 2439 2798 2495 consiliarius
2828 2438 2952 2507 Dei,
2996 2455 3091 2509 pro
3125 2439 3247 2494 ﬁliis
3291 2439 3406 2510 ejus
3443 2455 3582 2509 quos

1999 2531 2364 2600 regeneravit,
2407 2547 2542 2602 quos
2584 2531 2888 2600 adeptavit,
2929 2541 2983 2586 et
3013 2539 3188 2586 tamen
3220 2531 3386 2584 malos
3422 2538 3584 2600 atque

1999 2620 2331 2677 damnandos
2371 2621 2576 2676 futuros
2610 2637 2730 2677 eSsc
2759 2622 2999 2691 praevidit
3029 2640 3042 2675 :
3074 2632 3130 2676 ttt
3168 2630 3454 2692 antequam
3483 2637 3583 2676 ve-

1999 2713 2148 2767 niant
2174 2713 2226 2767 in
2258 2728 2402 2768 ream
2429 2713 2612 2780 vitam,
2642 2712 2762 2766 vita:
2793 2713 2958 2782 ipsius
2991 2712 3340 2782 productione
3367 2712 3585 2781 priven-

2003 2814 2125 2868 tur,
2159 2815 2214 2860 ct
2254 2804 2320 2859 ad
2364 2820 2584 2875 regnum
2630 2804 2786 2876 ejus,
2821 2821 2924 2858 non
2969 2804 3036 2858 ad
3081 2804 3337 2874 supplicia
3383 2813 3583 2858 :etcrna

2003 2896 2318 2966 pertineant.
2351 2895 2481 2951 Cum
2526 2896 2666 2950 enim
2701 2905 2752 2951 te
2793 2894 3050 2951 invidiose
3078 2895 3255 2950 dicere
3295 2895 3580 2965 putaveris,

2002 2990 2171 3046 Deum
2199 3004 2384 3045 creare
2424 3005 2558 3060 qttos
2603 2989 2860 3054 damnet;
2907 2990 3078 3059 cogita
3106 3001 3306 3059 quanto
3352 2988 3584 3043 invidio-

1999 3082 2111 3138 sius
2142 3081 2308 3150 possit
2329 3079 2508 3134 dicere
2533 3079 2670 3134 alius
2698 3080 2939 3134 similiter
2961 3095 3148 3143 vanus,
3173 3081 3337 3134 Deum
3364 3094 3587 3150 regene-

1999 3186 2121 3226 rare
2174 3185 2307 3241 quos
2343 3170 2560 3225 damnet
2598 3187 2612 3222 :
2651 3185 2772 3224 cum
2814 3170 2883 3224 sit
2926 3170 2978 3224 in
3021 3170 3138 3238 ejus
3182 3170 3584 3239 omnipotentia:

2000 3270 2261 3334 potestate
2275 3263 2318 3328 ',
2343 3272 2628 3331 antequam
2669 3260 2998 3315 damnabiles
3027 3260 3173 3324 ﬁant,
3197 3276 3294 3316 eos
3318 3260 3388 3318 de
3414 3269 3586 3316 tenta-

2003 3353 2234 3408 tionibus
2260 3351 2501 3406 mortalis
2524 3351 2645 3406 vita:
2683 3349 2844 3421 hujus
2883 3349 3115 3404 auferre.
3158 3351 3213 3405 Si
3257 3358 3437 3407 autem
3477 3367 3582 3406 non

2001 3453 2153 3514 poles
2193 3443 2292 3497 ista
2335 3441 2534 3507 dicere,
2581 3439 2681 3497 nec
2721 3442 2830 3495 Deo
2869 3440 3254 3505 contradicere,
3302 3457 3401 3497 nec
3444 3442 3586 3498 illius

2001 3533 2275 3604 sapientia:
2304 3542 2449 3586 tuum
2478 3531 2714 3600 praebere
2739 3531 3050 3596 consilium;
3078 3533 3195 3600 quis
3221 3530 3364 3586 enim
3388 3546 3585 3602 εοειιοο

2001 3625 2078 3678 vit
2116 3638 2330 3679 sensum
2374 3621 2618 3684 Domini,
2649 3630 2742 3675 aut
2786 3621 2904 3691 quis
2948 3621 3281 3676 consiliarius
3324 3623 3439 3691 ejus
3487 3621 3583 3677 fuit

2005 3713 2178 3788 (Rom.
2220 3729 2307 3776 xl,
2347 3710 2501 3784 54)?
2543 3712 2726 3766 desine
2773 3712 2926 3766 nobis
2976 3711 3313 3767 introducere
3357 3713 3583 3769 alterum

2003 3807 2252 3876 ﬁgulum,
2281 3806 2368 3874 qui
2413 3820 2521 3858 non
2566 3803 2691 3858 facit
2720 3818 2844 3858 vasa
2885 3805 2935 3858 in
2967 3805 3382 3870 contumeliam;
3425 3817 3480 3862 et
3515 3808 3584 3862 ab

2003 3900 2104 3954 isto
2129 3897 2215 3967 qui
2246 3912 2306 3950 ea
2337 3895 2458 3949 facit
2485 3894 2926 3964 reprehendendo
2951 3894 3143 3949 cohibe
3169 3903 3219 3949 te
3242 3912 3256 3948 ε
3281 3903 3334 3950 et
3353 3910 3585 3964 agnosce

2002 3996 2054 4043 te
2081 3988 2136 4055 ³;
2169 3988 2289 4058 quia
2319 3995 2376 4040 ut
2403 4001 2508 4040 non
2543 3977 2593 4040 té
2624 3985 2864 4054 implices
2889 3984 2992 4040 hoc
3017 3985 3313 4056 sacrilegio,
3345 3986 3463 4041 ideo
3491 3987 3585 4042 tibi

2003 4080 2130 4135 dicit
2155 4078 2440 4150 Apostolus
2465 4118 2481 4145 ,
2513 4076 2558 4130 υ
2593 4078 2779 4144 homo,
2816 4085 2870 4130 tu
2908 4077 3018 4147 quis
3064 4092 3117 4130 es
3153 4078 3241 4149 qui
3280 4078 3584 4150 respondeas

2001 4170 2110 4226 Deo
2131 4173 2156 4226 ?
3197 4186 3226 4213 ’

2072 4259 2310 4317 CXXXI.
2352 4260 2471 4316 JUL.
2512 4259 2617 4316 Sed
2638 4259 2748 4330 jam
2774 4259 3078 4330 apostolica:
3104 4261 3384 4315 sententiae
3409 4261 3586 4332 digni-

2003 4363 2084 4409 tas
2113 4363 2382 4410 asseratur
2404 4395 2419 4420 ,
2455 4368 2521 4408 nc
2551 4361 2763 4422 putetur
2793 4351 2876 4408 vel
2919 4352 2985 4408 de
3029 4353 3292 4422 aliquibus
3318 4352 3420 4408 hoc
3456 4367 3584 4409 scn-

2002 4446 2166 4512 sisse,
2187 4444 2327 4514 quod
2365 4453 2419 4498 tu
2456 4443 2523 4498 de
2557 4444 2805 4498 onmibus
2838 4443 3132 4498 aestimasti.
3156 4444 3441 4514 Apostolus
3481 4446 3584 4499 ita-

2001 4553 2104 4607 que
2131 4536 2323 4590 Paulus
2349 4535 2627 4604 dispulans
2652 4549 2771 4588 cum
2796 4535 3176 4604 quaestionibus
3203 4534 3224 4565 ⁸
3250 4534 3578 4603 Iudaeorum,

2001 4631 2090 4700 qui
2137 4628 2350 4700 generis
2393 4628 2475 4682 sui
2519 4627 2776 4696 dignitate
2825 4636 3116 4696 turgentes,
3162 4625 3582 4696 dedignabantur

2002 4719 2266 4789 coazquari
2309 4718 2408 4772 sibi
2451 4733 2517 4770 ex
2559 4715 2818 4772 Gentibus
2849 4715 3064 4779 fideles,
3095 4724 3148 4770 et
3186 4715 3445 4785 justitiam
3487 4716 3586 4772 Dei

2001 4811 2340 4869 commendat
2367 4818 2422 4864 et
2461 4810 2714 4881 gratiam,
2743 4809 3021 4880 disputans
3053 4808 3118 4862 ad
3149 4824 3330 4863 earum
3358 4809 3380 4842 ⁸
3405 4810 3584 4864 muni-

2004 4905 2264 4961 ficentiam
2295 4904 2562 4974 pertinuere
2583 4945 2596 4967 ,
2626 4901 2787 4972 quod~
2805 4911 2859 4956 et
2898 4903 3066 4972 primo
3090 4901 3304 4956 Iuda-os
3339 4902 3588 4957 nobilita-

2001 5005 2149 5052 verat
2177 4996 2304 5066 legis
2349 4995 2568 5064 agnitio,
2615 5003 2668 5048 et
2710 4991 2853 5062 quod
2897 4992 3148 5061 deinceps
3185 4993 3344 5046 etiam
3385 4992 3584 5048 Gentes

2002 5089 2300 5143 adsciverat
2340 5085 2536 5140 Christi
2581 5084 2905 5154 praedicatio.
2937 5084 3083 5140 Unus
3121 5084 3262 5139 enim
3305 5086 3584 5155 utriusque

2004 5180 2183 5252 populi
2232 5178 2477 5234 conditor
2513 5177 2846 5248 judicaturus
2887 5187 2942 5232 et
2994 5179 3109 5232 illos
3157 5193 3251 5248 per
3295 5179 3484 5249 legem,
3527 5188 3587 5233 et

2068 5355 2084 5386 ί
2109 5359 2215 5403 Mss.
2247 5359 2355 5400 Mar.
2390 5359 2515 5400 Port.
2557 5355 2608 5401 et
2629 5347 2748 5400 Clar.
2767 5386 2781 5405 .
2802 5351 3030 5402 suadente
3055 5350 3307 5403 wluntate.

2066 5417 2086 5448 ³
2111 5417 2190 5464 Ms.
2216 5422 2359 5471 Port.,
2382 5411 2688 5475 omnipotenti
2709 5419 2945 5475 potestate.

2069 5477 2089 5510 ³
2112 5483 2160 5525 tn
2182 5476 2323 5525 editis
2341 5476 2418 5524 hic
2447 5477 2674 5523 omissum
2693 5509 2706 5530 ,
2732 5481 2793 5523 te.
2832 5475 3099 5523 Restituitur
3129 5487 3194 5522 ex
3231 5483 3336 5522 uss.

2067 5540 2090 5570 δ
2114 5539 2384 5600 \‘ignierius
2422 5550 2507 5598 pro
2526 5572 2539 5594 ,
2580 5546 2690 5585 cum
2712 5534 3092 5600 narrationibus;
3119 5535 3293 5584 frustra
3331 5537 3543 5585 correxit
3563 5559 3582 5590 ~.

2007 5614 2115 5650 cum
2133 5595 2433 5663 quibusmou
2457 5605 2568 5646 Nam
2592 5598 2790 5663 respicit
2823 5595 3035 5663 ._lulia_uus
3058 5598 3104 5645 ir.
3121 5600 3414 5658 qurestiones
3431 5632 3444 5657 ,
3471 5611 3582 5659 quae

2005 5665 2069 5712 ab
2093 5655 2315 5724 apostolo
2330 5659 2576 5708 diluuntur
2597 5661 2643 5706 in
2668 5655 2868 5720 Epistula
2886 5657 2943 5724 ad
2970 5655 3211 5724 Romanos.

2067 5725 2089 5755 ⁸
2108 5717 2239 5785 Eiditi,
2263 5735 2444 5773 eorum.
2464 5728 2518 5770 At
2545 5727 2650 5769 Mss.
2666 5754 2680 5782 ,
2695 5717 2861 5769 eorum
2879 5736 2894 5779 ;
2912 5719 3110 5781 justitia:
3133 5717 3378 5770 scilisetet
3411 5723 3580 5784 gratim

2011 5787 2115 5836 Dei.

2859 5864 3302 5946 (Tremo-six.)
