4062 6536
522 303 653 355 Ηῗιι

517 415 654 468 istos
680 411 737 469 in
758 409 905 484 lege‘
934 409 1112 481 (Rom.
1134 406 1351 478 111,29);
1385 404 1509 476 qttia
1536 419 1641 457 non
1663 412 1775 459 erat
1797 400 2102 458 Judaeurum

526 506 667 561 Deus
698 514 923 570 tantum,
953 502 1046 556 sed
1075 502 1232 555 etiam
1255 496 1527 562 Gentium,
1555 495 1784 551 reddens
1809 511 1964 550 suum
1992 495 2110 549 uni-

522 598 713 667 cuique
738 596 852 650 sine
879 592 1084 657 fraude,
1112 592 1228 645 sine
1251 589 1441 660 gratia,
1474 588 1525 643 id
1554 596 1634 642 est
1660 588 1775 641 sine
1797 586 2106 657 cujusquam

518 686 829 757 acceptione
874 698 1115 753 personze
1144 679 1311 751 (quod
1338 677 1592 749 exprimit
1622 688 1813 730 nomen
1843 675 2025 746 gratizc
2054 674 2106 729 in

521 777 833 833 definitione
871 773 1151 844 justitize),
1183 775 1250 825 ita
1297 770 1364 825 de
1400 770 1605 825 semine
1643 768 1916 821 venientes
1945 765 2111 819 Abra-

520 869 665 936 ham,
688 881 808 921 cum
836 865 1078 931 nequiter
1101 864 1303 926 vivunt,
1327 860 1448 930 jure
1472 858 1813 925 condemnat,
1840 871 1903 911 ac
1925 856 1989 910 de
2010 871 2106 911 sua

520 959 833 1015 ha-t-eilitatc
877 955 1187 1026 proturbat,
1214 952 1352 1008 sicut
1392 951 1550 1006 etiam
1580 948 1815 1004 Gentiles
1851 948 1902 1001 in
1944 946 2106 1001 simili

521 1052 831 1126 operatione
888 1048 1296 1117 deprehensos;
1357 1051 1412 1099 et
1456 1059 1486 1099 e
1534 1042 1783 1111 regione,
1833 1039 2109 1109 utriusque

518 1145 701 1216 populi
742 1143 911 1198 bonas
938 1141 1236 1195 voluntates
1260 1145 1316 1193 et
1336 1150 1519 1192 veram
1560 1134 1717 1188 [idem
1759 1132 2107 1203 probitatem-

500 1253 622 1310 que
651 1237 917 1293 actionum
949 1234 1113 1290 donat
1156 1229 1361 1302 gaudiis
1401 1226 1765 1299 sempiternis.
1794 1223 2131 1295 Ουιιιριίιιιίιν

519 1330 681 1398 igitur
739 1326 988 1385 Gentium
1051 1324 1301 1394 Magister
1341 1319 1648 1377 Judmorum
1713 1324 2014 1379 tumorem,
2055 1324 2109 1369 et

521 1420 757 1477 ostendit
795 1436 901 1475 non
946 1419 997 1472 iu
1043 1413 1338 1472 seminibus
1373 1411 1588 1466 humani
1633 1408 1885 1480 generis,
1916 1407 2011 1462 sed
2054 1407 2107 1461 in

523 1511 763 1567 moribus
788 1524 909 1566 esse
935 1506 1280 1571 distantiam;
1323 1510 1375 1557 nt
1411 1517 1469 1556 se
1510 1501 1585 1555 illi
1613 1504 1980 1570 agnoscerent,
2006 1495 2107 1551 nisi

523 1601 708 1658 fideles
731 1615 852 1658 esse
893 1606 1205 1663 curassent,
1246 1594 1388 1649 nulla
1426 1589 1780 1664 pra-rogativa
1809 1587 2107 1644 circumcisi

523 1693 737 1763 generis
767 1689 1114 1745 vindicandos
1142 1702 1167 1741 -:
1209 1683 1475 1757 siquidem
1517 1681 1682 1737 Jaeob
1724 1689 1779 1735 et
1820 1680 1961 1735 Esau
2002 1693 2110 1734 una

524 1783 747 1840 seminis
794 1780 1108 1854 exceptione
1169 1774 1453 1845 concepti,
1504 1782 1559 1829 et
1606 1787 1712 1827 uua
1756 1772 1806 1825 vi
1859 1768 2110 1839 parientis

525 1875 700 1939 cll‘usi,
730 1873 973 1930 diversos
1002 1870 1221 1925 nimium
1249 1866 1422 1923 exitus
1451 1877 1547 1936 pro
1576 1863 1891 1918 meritorum
1932 1859 2110 1915 diver-

523 1966 682 2021 sitate
711 1962 1048 2037 pertulerint.
1270 1988 1277 1992 -
1316 1962 1333 1976 ³

596 2059 730 2114 Aac.
761 2056 815 2113 Si
842 2055 1133 2110 secundum
1162 2049 1476 2121 Apostolum
1519 2062 1765 2119 sapores,
1812 2061 1921 2102 non
1962 2058 2114 2101 eom-

526 2161 857 2205 tnetnorares
882 2146 983 2200 hoc
1012 2145 1130 2199 loco
1161 2142 1352 2198 merita
1376 2132 1562 2205 JacOb,
1597 2140 1685 2194 ubi
1715 2153 1836 2219 eum
1866 2137 1995 2193 dicit
2024 2137 2113 2192 ille

525 2258 632 2300 non
679 2258 746 2300 ex
785 2240 1035 2312 operibus
1080 2237 1245 2293 fuisse
1272 2235 1559 2299 dilectum;
1608 2240 1666 2287 ut
1708 2231 1933 2303 gratiam
1960 2244 2112 2285 com-

527 2334 763 2398 mendet,
811 2347 929 2403 qua:
980 2343 1089 2384 non
1135 2325 1427 2383 secundum
1468 2323 1658 2378 merita
1701 2330 1877 2378 nostra
1917 2321 2110 2376 datur:

526 2416 759 2498 alioquin
787 2439 975 2478 merces
1006 2436 1104 2475 non
1134 2420 1436 2489 imputatur,
1462 2416 1601 2471 sicut
1623 2416 1735 2484 ipse
1762 2414 1910 2481 dicit,
1937 2429 2116 2467 secun-

514 2521 647 2572 ‘tlum
703 2517 944 2590 gratiam,
1007 2514 1094 2567 sed
1129 2510 1402 2568 secundum
1430 2507 1651 2562 debitum
1687 2507 1863 2575 (Rom.
1907 2518 1989 2570 ιν,
2033 2503 2114 2576 4).

525 2608 734 2679 Quibus
760 2606 936 2663 verbis
980 2603 1105 2674 quid
1148 2601 1415 2665 Ostendit,
1458 2599 1565 2652 nisi
1592 2600 1814 2668 gratiam
1860 2611 1966 2649 nun
1997 2608 2117 2650 esse

528 2701 783 2765 debitam,
815 2698 909 2754 sed
940 2693 1262 2766 gratuitam?
1288 2693 1437 2748 Hanc
1466 2692 1643 2761 itaque
1671 2689 2113 2756 commendabat,

526 2792 618 2847 ubi
662 2789 870 2846 diccbat
900 2806 913 2842 :
944 2786 1071 2843 Cum
1119 2787 1252 2840 enim
1297 2785 1520 2839 nondum
1566 2782 1674 2836 uati
1724 2791 1914 2846 essent,
1963 2778 2120 2851 neque

526 2882 741 2954 egissent
768 2877 961 2950 aliquid
984 2877 1102 2931 boni
1127 2885 1214 2930 aut
1242 2875 1399 2938 ntali,
1434 2883 1488 2927 ut
1528 2872 1804 2927 secundum
1830 2872 2119 2926 electionem

525 2972 842 3043 prepositum
871 2970 964 3024 Dei
980 2976 1223 3035 maneret,
1244 2983 1343 3021 non
1365 2981 1427 3020 ea:
1446 2966 1699 3035 operibus,
1719 2963 1810 3019 sed
1827 2979 1892 3019 ea:
1914 2970 2121 3018 vocante

528 3068 720 3121 dictant
761 3071 855 3129 est,
894 3062 1027 3132 Quia
1051 3062 1219 3132 major
1243 3059 1418 3113 serviet
1445 3058 1629 3112 minori
1656 3054 1771 3128 (Id.
1804 3072 1881 3122 ιιι,
1909 3053 2117 3126 11-15).

526 3158 683 3212 Clara
710 3162 831 3211 sunt
852 3169 972 3225 qua:
995 3152 1291 3207 obseurare
1318 3151 1530 3205 conaris
1547 3168 1560 3203 :
1577 3148 1751 3202 fumos
1778 3147 1953 3213 tolle’,
1973 3145 2121 3201 Scri-

531 3253 807 3320 pturarum
855 3247 1033 3303 lumen
1087 3242 1325 3299 attende.
1374 3241 1554 3300 Gratia
1606 3242 1804 3313 quippe
1849 3239 2120 3296 hominem

532 3340 817 3414 prati-cuit,
865 3345 924 3392 ut
967 3336 1151 3407 diligat
1180 3335 1369 3401 Deum,
1401 3349 1504 3405 qua
1549 3332 1834 3389 dilectione
1872 3339 2124 3402 operetur

530 3433 693 3489 bona.
726 3428 880 3499 Quod
911 3436 966 3484 et
995 3428 1229 3483 Joannes
1258 3426 1531 3497 apostolus
1571 3424 1913 3495 apertissime
1941 3431 2124 3478 osten-

529 3524 629 3591 dit,
661 3522 752 3578 ubi
781 3522 892 3575 ait:
919 3518 1033 3574 Nos
1059 3518 1361 3591 diligamus,
1387 3518 1626 3590 quoniam
1666 3517 1806 3588 prior
1830 3515 2008 3570 dilexit
2032 3530 2123 3569 nos

536 3614 583 3685 (Ι
606 3612 764 3668 Joau.
795 3626 868 3676 ιν,
897 3609 1011 3681 i9).
1033 3608 1150 3665 Non
1180 3624 1306 3680 ergo
1331 3609 1623 3680 diligitnur,
1655 3608 1778 3679 quia
1806 3606 2120 3674 dileximus;

531 3706 624 3761 sed
652 3703 771 3775 quia
801 3702 983 3757 dilecti
1009 3716 1215 3768 sumus,
1244 3698 1585 3771 diligamus'.

602 3791 864 3850 CXXXII.
901 3791 1021 3848 Jun.
1058 3790 1199 3847 Esau
1239 3792 1381 3847 enim
1410 3790 1663 3861 profanus
1705 3797 1761 3845 et
1805 3788 2121 3857 fornicator,

535 3895 757 3961 propter
783 3900 940 3940 unam
979 3899 1160 3941 escam
1202 3882 1441 3938 vendens
1486 3882 1758 3955 primitiva
1799 3895 1893 3937 sua
1926 3878 2121 3952 (Hebr.

536 3974 793 4047 311,46),
842 3976 1082 4046 quiesivit
1132 3972 1557 4029 benedictionem
1588 3988 1746 4042 quam
1791 3968 2121 4042 Spreverat‘,

537 4085 642 4126 nec
674 4069 892 4136 adeptus
916 4076 1017 4133 est,
1047 4062 1349 4136 quanquam
1376 4078 1494 4120 eam
1526 4080 1648 4120 eum
1682 4064 1930 4136 lacrymis
1956 4076 2126 4133 popo-

539 4161 729 4214 st-isstt
766 4196 778 4211 .
809 4156 976 4213 Jacob
1000 4165 1178 4211 autem
1207 4155 1422 4227 quietus
1446 4164 1500 4211 et
1528 4155 1668 4209 mitis
1688 4195 1703 4220 ,
1741 4154 1999 4209 obediens
2023 4167 2120 4224 pa-

543 4262 756 4309 tenum.
804 4249 1120 4322 praeceptis,
1149 4258 1205 4305 et
1241 4246 1721 4304 sanetilleationum
1750 4248 2126 4319 appetentissi-

546 4358 686 4409 mus,
721 4341 788 4398 ad
838 4341 943 4397 hoc
980 4354 1151 4412 usque
1175 4348 1460 4410 provectus
1483 4340 1624 4407 est“,
1654 4349 1711 4394 ut
1738 4339 1876 4394 sicut
1897 4337 2126 4393 Abraha:

545 4448 603 4489 ct.
645 4433 822 4499 lsaac,
860 4433 928 4488 ita
967 4434 1127 4488 etiam
1153 4440 1209 4487 et
1230 4428 1395 4488 Iacob
1438 4432 1577 4487 Deus
1618 4433 1670 4487 in
1714 4440 1899 4486 saneto
1929 4430 2128 4502 populo

547 4529 837 4583 (licercltu.
872 4524 1003 4578 Cum
1028 4523 1189 4595 igitur
1229 4522 1477 4579 omnibus
1517 4532 1789 4579 constaret
1831 4523 2123 4594 exemplis,

545 4618 715 4675 Deum
749 4625 896 4692 justo
941 4617 1145 4689 judicio
1191 4615 1346 4671 bonis
1387 4616 1652 4672 mentibus
1700 4616 1754 4671 in
1794 4632 2128 4688 quacumque

549 4719 707 4779 gente
749 4724 899 4766 suam
926 4708 1347 4766 misericordiam
1380 4724 1487 4763 non
1517 4724 1747 4780 negare,
1791 4711 1957 4764 malas
1998 4725 2128 4764 vero

542 4810 750 4856 mentes
770 4800 913 4856 nulla
939 4799 1117 4855 sinere
1137 4799 1320 4870 stirpis
1342 4798 1618 4854 nobilitate
1644 4797 1890 4863 defendi;
1925 4800 2124 4855 intem.

539 4899 723 4961 gerent
742 4889 932 4954 Judari,
951 4888 1199 4945 Gentium
1226 4888 1383 4946 ﬁdem
1410 4906 1437 4944 a
1461 4905 1520 4945 se
1539 4889 1742 4959 despici
1766 4905 1871 4944 non
1895 4890 2125 4946 debere:

539 4979 662 5049 quia
709 4980 847 5035 sicut
896 4995 1003 5034 non
1054 4983 1416 5050 patrocinatur
1460 4979 1815 5036 lsraelitarum
1862 4988 2129 5035 stemma'

537 5071 874 5142 criminibus,
901 5071 970 5128 ita
990 5074 1146 5129 etiam
1171 5072 1316 5127 nullo
1339 5071 1718 5144 impedimento
1742 5073 1856 5129 est'
1874 5073 2127 5130 Gentium

602 5300 620 5332 ³
648 5302 728 5350 Hie
752 5304 947 5363 ex‘ttss.
971 5295 1235 5363 adjietnuts,
1261 5298 1306 5344 et
1327 5290 1441 5345 istos
1461 5290 1646 5363 iulege.
1844 5361 1849 5363 _
1901 5360 1911 5363 _
2050 5334 2056 5340 .

598 5362 778 5426 fertili,
801 5358 953 5426 [ianos
975 5356 1078 5407 tuos
1098 5356 1225 5426 tolle.
1250 5356 1545 5426 manuscripti
1562 5356 1876 5426 maereant,
1892 5360 2013 5406 tuos.

601 5424 624 5457 ³
645 5424 719 5486 sic
750 5415 855 5471 Stas.
878 5418 1002 5486 Clar.
1023 5426 1076 5486 et
1097 5425 1205 5486 agar.
1232 5424 1289 5486 at
1325 5419 1437 5467 editi
1452 5415 1716 5486 {nonnemo
1737 5415 1999 5481 diligimus,
2025 5415 2141 5481 quia

540 5484 834 5541 dileximus;
853 5480 936 5533 sed
961 5479 1073 5544 quia
1095 5476 1261 5544 dilecti
1299 5492 1464 5529 sumus
1479 5517 1494 5539 ,
1518 5476 1783 5544 diligititus.

600 5549 622 5579 ⁸
642 5546 778 5609 Editi,
798 5542 1091 5609 spertwerat.
1111 5542 1407 5609 castigantur
1431 5554 1493 5590 ex
1514 5542 1618 5609 Mss;

601 5609 621 5641 ⁸
643 5614 709 5656 tta
733 5602 781 5657 in
801 5602 908 5656 διεδ.
929 5613 982 5655 Al
1005 5606 1054 5654 in
1079 5602 1245 5666 editis,
1261 5604 1500 5666 protectus
1521 5608 1607 5651 est.

601 5671 621 5700 ⁸
644 5669 807 5720 mdes
829 5676 962 5727 stata,
986 5674 1186 5729 stcgma.
1208 5663 1282 5716 sic
1306 5663 1451 5727 supra
1469 5697 1486 5725 ,
1508 5676 1614 5728 cap.
1647 5663 1697 5725 δ,
1721 5677 1836 5727 iro,
1875 5668 2138 5724 stramime,

541 5732 848 5795 pra-ferebat.
874 5734 1117 5791 slegmate.

604 5798 623 5826 ²
649 5792 807 5842 uidex
824 5798 954 5854 itam,
980 5787 1204 5842 itaets'tmt
1226 5784 1408 5838 uullmn
1432 5784 1815 5847 ἰηιρετιὲηιιηεηηι
1848 5794 1935 5838 est.

1202 292 1447 352 Ol‘l-IiilS
1484 287 1894 346 lMPERFECTl
1933 284 2203 359 CQNTRA
2245 279 2605 343 JULIANUM.
2644 279 2701 335 S.
2754 283 3116 347 AUGUSTINI

3682 287 3863 346 “59.

2215 402 2367 474 origo
2394 401 2691 459 virtutibus.
2726 401 2839 458 lloc
2868 418 2992 474 ergo
3038 411 3204 459 totum
3244 417 3409 472 agens
3433 396 3705 457 conflictu
3739 399 3859 455 illo

2214 492 2532 562 Apostolus;
2580 493 2632 547 in
2676 492 2992 563 quibusdam
3024 501 3200 547 tamen
3232 493 3386 559 locis,
3414 491 3480 547 ad
3512 493 3852 547 inettrvan-

2211 579 2331 634 dam
2359 580 2796 637 circumcisorum
2823 582 3213 652 arrogantiam,
3244 582 3344 637 sub
3372 582 3595 636 nomine
3622 582 3851 652 gratia:

2212 673 2279 729 de
2302 676 2413 728 sola
2447 676 2540 730 Dei
2569 675 2881 747 prmjudieat
2910 685 3193 746 potestate.

2283 766 2415 821 Are.
2460 766 2599 838 Ergo
2633 767 2700 821 ad
2742 766 3121 822 incun’andam
3168 767 3611 822 circumcisorum
3659 783 3814 824 arro

2210 859 2440 928 gantiam
2466 899 2482 923 ,
2531 858 2633 915 8th
2677 859 2892 915 nomine
2931 859 3115 930 gratia:
3159 861 3414 915 mentitur
3463 858 3790 930 Apostolus
3816 877 3841 894 ο

2212 964 2333 1002 nam
2365 948 2504 1003 Deus
2528 962 2594 1003 ex
2621 949 2873 1019 operibus
2901 950 3092 1020 cligit‘,
3124 966 3230 1004 non
3259 966 3324 1006 ex
3350 950 3540 1021 gratia.
3571 948 3722 1017 Quis
3756 950 3836 1005 ita

2211 1042 2400 1110 Sapiat,
2433 1041 2531 1096 nisi
2564 1040 2849 1098 ltzeretieus
2875 1042 3125 1098 inimicus
3148 1044 3351 1113 gratim,
3380 1045 3587 1099 amicus
3615 1060 3838 1116 super-

2212 1131 2348 1189 bim?
2373 1133 2578 1190 Clamat
2603 1149 2694 1189 vas
2723 1135 3023 1202 electionis,
3048 1146 3100 1191 et
3125 1135 3329 1206 gratim,
3356 1151 3458 1207 qua
3481 1135 3609 1190 talis
3639 1135 3835 1193 factus

2212 1234 2313 1289 est,
2338 1224 2674 1295 praedicator,
2698 1241 2801 1282 non
2824 1240 2888 1283 ex
2912 1226 3165 1298 Operibus
3189 1225 3440 1281 dilectum
3457 1240 3579 1281 esse
3601 1225 3826 1282 Jaeeb:

2213 1323 2267 1371 et
2296 1328 2350 1371 tu
2382 1328 2773 1373 commemoras
2802 1333 2963 1388 opera
2997 1317 3193 1385 Jacob,
3236 1333 3301 1373 ex
3347 1319 3541 1390 quibus
3568 1334 3700 1374 eum
3732 1318 3829 1373 di-

2214 1408 2407 1464 lectum
2431 1424 2550 1465 esse
2573 1410 2883 1476 contendis;
2912 1418 2965 1465 et
2994 1408 3097 1464 hoc
3125 1408 3346 1473 faciens,
3377 1409 3509 1464 mihi
3539 1418 3591 1465 te
3618 1411 3827 1464 existi-

2213 1515 2327 1555 mas
2348 1499 2740 1567 contradicere,
2784 1515 2907 1556 cum
2947 1499 3022 1556 sis
3048 1515 3219 1554 novus
3244 1498 3630 1565 Antichristus,
3658 1500 3828 1570 eique

2212 1593 2546 1662 apertissime
2571 1591 2910 1648 contradicas
2956 1591 3009 1646 in
3048 1606 3156 1663 quo
3200 1591 3411 1647 locutus
3448 1600 3531 1647 est
3560 1588 3828 1646 Christus

2214 1682 2280 1754 (ll
2308 1682 2422 1736 Cor.
2455 1698 2573 1749 χιιι,
2607 1680 2690 1754 5).

2284 1772 2566 1829 CXXXIII.
2596 1773 2713 1832 ius.
2750 1766 2835 1831 Ut'
2862 1773 2967 1829 illis
3005 1774 3057 1828 in
3088 1773 3499 1830 cerimoniarum
3528 1783 3583 1829 et
3605 1771 3826 1828 hostia-

2214 1880 2334 1921 rum
2361 1864 2734 1921 observatione
2760 1865 3136 1938 gloriantibus,
3170 1880 3371 1936 perque
3400 1864 3504 1921 hoc
3529 1865 3822 1920 mstiman-

2217 1958 2358 2014 tibus
2376 1958 2511 2015 alias
2537 1960 2782 2015 nationes
2808 1944 2970 2014 nullis
2998 1958 3131 2030 legis
3159 1958 3349 2014 ritibus
3373 1967 3729 2013 consecratas
3751 1958 3823 2012 ad

2216 2049 2546 2104 consortium
2574 2049 2657 2104 sui
2687 2063 2788 2104 nec
2812 2063 2970 2118 posse
2997 2046 3205 2103 admitti
3231 2046 3428 2109 subito,
3461 2062 3560 2102 nec
3586 2047 3822 2112 debere,

2217 2140 2457 2208 diceret,
2509 2141 2628 2213 quia
2682 2140 2784 2197 etsi
2841 2141 2893 2196 in
2941 2137 3054 2196 illis
3109 2140 3573 2196 observationibus
3623 2139 3825 2194 fuisset

2218 2246 2425 2289 summa
2448 2234 2689 2304 jnstitim,
2714 2232 2938 2289 haberet
2965 2243 3137 2288 tamen
3162 2232 3213 2287 iu
3239 2241 3503 2303 potestate
3527 2248 3623 2287 sua
3648 2233 3820 2296 Deus,

2219 2328 2501 2396 quamdam
2531 2323 2709 2381 facere
2738 2324 3058 2396 populorum
3086 2312 3561 2379 commutationem
3586 2367 3599 2387 ,
3632 2333 3698 2378 ut
3724 2339 3823 2377 re-

2215 2414 2407 2486 jieeret
2450 2432 2585 2486 qttos
2628 2415 2809 2484 vellet,
2859 2423 2913 2472 et
2960 2428 3096 2487 quos
3142 2414 3304 2470 vellet
3345 2426 3665 2471 assumeret.
3718 2415 3822 2470 Cui

2221 2510 2401 2565 sensui
2442 2509 2733 2581 reSpondet
2797 2509 2940 2564 sub’
2991 2524 3222 2580 persona
3271 2508 3578 2564 Judxorum
3608 2549 3624 2575 ,
3684 2507 3823 2565 nihil

2221 2602 2419 2658 debere
2456 2600 2566 2673 jam
2592 2602 2732 2674 exigi
2762 2603 2829 2658 ab
2856 2602 3088 2658 hominis
3117 2604 3427 2669 voluntate;
3474 2602 3818 2674 quandoqui-

2222 2696 2342 2751 dem
2369 2696 2531 2759 Deus,
2563 2697 2709 2768 cujus
2739 2696 2842 2751 rult
2871 2703 3163 2764 miseretur,
3197 2706 3243 2752 et
3272 2713 3420 2768 quem
3447 2696 3549 2750 vult
3576 2694 3816 2750 obdurat.

2222 2790 2304 2846 Ad
2333 2790 2473 2861 quod
2502 2790 2664 2845 refert
2692 2789 2980 2860 Apostolus
2999 2831 3015 2854 ,
3048 2787 3095 2844 0
3116 2790 3287 2853 homo,
3318 2800 3374 2843 tu
3396 2789 3509 2857 quis
3541 2805 3593 2841 es
3630 2788 3718 2854 qui
3738 2802 3820 2840 re-

2222 2881 2473 2952 spondeas
2503 2880 2646 2935 Deo?
2668 2882 2734 2936 Et
2760 2880 2917 2935 infert
2946 2880 3306 2937 testimonium
3336 2874 3610 2950 prophetae
3642 2877 3813 2938 Isaizn,

2226 2966 2492 3043 Numquid
2511 2972 2650 3038 dicit,
2669 2971 2861 3043 inquit,
2884 2972 3178 3043 ﬁgmentum
3203 2971 3250 3026 ei
3263 2971 3349 3042 qui
3368 2986 3422 3024 se
3436 2969 3605 3038 ﬁnxit,
3628 2966 3819 3038 thuid

2224 3078 2305 3118 me
2345 3062 2510 3135 fecisti
2555 3063 2666 3118 sic?
2709 3062 2976 3133 Additquc
3011 3062 3078 3118 de
3108 3077 3246 3118 suo:
3277 3062 3376 3115 Aut
3403 3059 3526 3114 non’
3552 3057 3697 3113 Imbet
3721 3074 3816 3129 po-

2225 3158 2453 3209 testatem
2493 3153 2681 3225 ﬁgulus
2713 3152 2845 3208 luti“
2886 3169 2950 3208 ea:
2975 3153 3147 3208 eadem
3184 3169 3352 3207 massa
3379 3154 3543 3223 facere
3567 3150 3708 3203 aliud
3731 3164 3816 3203 vos

2224 3243 2278 3299 in
2304 3244 2577 3311 honorent,
2616 3243 2759 3299 aliud
2795 3244 2849 3298 in
2871 3244 3226 3298 contumeliam
3254 3240 3432 3315 (Rom.
3468 3257 3553 3308 ιι,
3587 3240 3673 3308 l8,
3709 3239 3809 3307 (ΞΟ,

2225 3333 2362 3406 2|)?
2407 3332 2478 3390 Et
2503 3345 2585 3391 est
2614 3350 2804 3390 sensus
2832 3334 3094 3406 ejusmodi
3119 3350 3133 3388 :
3160 3336 3292 3402 Quia
3322 3350 3422 3405 ego
3449 3331 3811 3388 commendavi

2224 3426 2554 3483 voluntatem
2584 3426 2698 3492 Dei,
2718 3428 3197 3497 auctoritatemque
3225 3422 3409 3496 gratim
3432 3424 3548 3495 ejus
3576 3422 3808 3493 exposui,

2226 3520 2410 3577 dicens
2450 3519 2595 3591 quod
2638 3519 3058 3575 misericordiam
3087 3524 3397 3588 pra-Staret,
3439 3515 3812 3586 cujuscumque

2228 3602 2719 3678 misertus'fuisset;
2748 3619 2803 3666 tu
2834 3609 2963 3665 mihi
2987 3653 3002 3678 ,
3028 3626 3062 3665 ο
3085 3606 3304 3676 «Ιιιᾶειεσ,
3331 3608 3650 3664 calumniam
3686 3622 3810 3661 con-

2227 3703 2437 3772 citasti,
2487 3704 2639 3775 quasi
2668 3704 3060 3760 commendatio
3104 3703 3306 3775 prolata
3350 3717 3380 3756 a
3416 3717 3505 3757 me
3536 3699 3811 3756 voluntatis

2228 3805 2283 3853 et
2309 3796 2583 3868 potestatis
2609 3796 2803 3852 divina:
2841 3796 2907 3851 ad
2934 3797 3200 3851 excidium
3243 3794 3465 3866 justitize
3513 3794 3651 3848 illius
3698 3808 3812 3862 pcr-

2228 3888 2423 3943 tincret
2444 3898 2459 3941 :
2481 3896 2536 3944 et
2564 3888 2687 3958 quia
2716 3886 2826 3942 dixi
2851 3928 2866 3953 ,
2898 3885 3043 3943 Facit
3070 3886 3210 3957 quod
3238 3886 3377 3951 vult;
3421 3893 3811 3956 argumentatus

2229 3995 2290 4036 es
2319 3978 2448 4035 nihil
2473 3978 2585 4050 jam
2615 3981 2824 4048 reposci
2850 3978 2919 4032 ab
2944 3977 3177 4033 hominis
3204 3978 3467 4033 voluntate
3505 3976 3732 4043 debere,
3765 3976 3810 4031 si

2231 4070 2376 4127 Deus
2404 4080 2572 4127 totum
2599 4085 2810 4141 prosua
2841 4069 3040 4127 faceret
3060 4071 3365 4135 voluntate;
3410 4085 3528 4124 cum
3574 4084 3809 4139 persona:

2230 4163 2462 4236 dignitas
2505 4165 2680 4218 locum
2730 4163 3016 4219 excluserit
3042 4162 3372 4235 quasstiouis.
3405 4161 3535 4217 Nam
3570 4161 3613 4215 si
3655 4161 3807 4215 dixis-

2231 4272 2344 4313 sem
2363 4299 2377 4324 ,
2424 4256 2573 4311 Facit
2604 4256 2743 4313 Deus
2769 4256 2911 4326 quod
2939 4256 3098 4312 debet
3137 4255 3431 4311 secundum
3466 4255 3681 4326 iustitiae
3706 4270 3805 4310 sua:

2232 4347 2396 4419 leges,
2419 4345 2574 4418 qum'
2599 4347 2666 4403 de
2688 4348 2891 4403 meritis
2909 4346 3111 4418 judicat
3127 4346 3486 4418 singulorum;
3513 4345 3639 4399 nihil
3662 4345 3806 4417 quale

2233 4430 2615 4505 nunc'objieis,
2647 4437 2834 4509 utique
2861 4436 3138 4493 retulisses
3162 4454 3176 4492 :
3203 4452 3343 4491 nunc
3369 4451 3499 4490 vero
3528 4435 3650 4505 quia
3677 4435 3801 4498 dixi,

2234 4527 2384 4585 Facit
2427 4527 2565 4583 Deus
2608 4528 2749 4599 quod
2789 4529 2930 4595 vult;
2976 4529 3174 4600 putasti
3221 4543 3307 4583 me
3348 4526 3549 4599 aliquid
3592 4525 3802 4582 furatum

2234 4634 2355 4676 esse
2385 4617 2454 4675 de
2475 4618 2697 4690 justitia:
2722 4619 2994 4690 dignitate.
3020 4617 3318 4690 Utrumque
3356 4618 3517 4689 igitur
3554 4617 3686 4672 idem
3712 4624 3800 4671 est.

2234 4712 2367 4769 Nam
2393 4726 2514 4767 cum
2542 4709 2610 4767 de
2636 4711 2748 4767 Deo
2777 4711 2896 4767 dico
2917 4753 2932 4778 ,
2971 4710 3122 4766 Facit
3159 4711 3298 4781 quod
3345 4710 3493 4775 vult;
3524 4709 3652 4764 nihil
3676 4709 3802 4765 aliud

2237 4803 2379 4867 dico,
2407 4816 2600 4871 quam,
2630 4800 2779 4857 Facit
2819 4805 2959 4868 quod
3001 4801 3200 4857 debet:
3227 4802 3348 4872 quia
3391 4801 3503 4856 scio
3533 4817 3652 4856 eum
3689 4798 3805 4855 nihil

2238 4894 2379 4950 aliud
2410 4893 2549 4951 velle
2585 4907 2745 4965 quam
2775 4892 2957 4949 debet.
2989 4892 3090 4950 Ubi
3120 4908 3249 4963 ergo
3279 4891 3696 4963 inseparabiliter
3721 4905 3805 4946 ro-

2239 4986 2417 5043 luutas
2439 4988 2675 5042 colueret
2718 4985 2954 5054 mquitati
2998 5000 3389 5058 quamcumque
3417 4984 3485 5042 de
3521 4985 3626 5041 illis
3648 4985 3804 5040 nomi-

2244 5093 2462 5145 navero,
2493 5088 2775 5150 utramque
2801 5077 3025 5149 signari.

2312 5173 2447 5227 Aco.
2470 5169 2879 5237 Quomodolibet
2908 5169 3056 5225 dicas
3086 5170 3251 5225 Deum
3273 5168 3448 5227 facere
3471 5169 3612 5240 quod
3634 5169 3803 5236 debet;

2240 5264 2460 5336 gratiam
2491 5262 2689 5318 nemini
2730 5261 2909 5332 debet,
2953 5263 3243 5335 multisque
3282 5279 3388 5319 non
3416 5262 3591 5320 reddit
3627 5262 3806 5334 suppli-

2306 5419 2326 5485 ξ
2347 5416 2440 5466 sic.
2592 5421 2705 5485 lar:
2724 5413 2914 5485 ct_clar.
2939 5417 3057 5468 Fditi
3079 5430 3215 5480 vero,
3236 5413 3396 5485 elegit.

2307 5480 2329 5511 ³
2354 5478 2601 5536 Particulo,
2626 5477 2731 5537 sub,
2755 5480 2897 5529 abest
2917 5492 2943 5527 a
2967 5486 3048 5529 Ms.
3072 5486 3186 5530 Mar.

2308 5540 2594 5608 fatenardus
2608 5538 2730 5605 legit
2753 5541 2918 5603 etiam,
2959 5548 3043 5593 aut
3072 5554 3184 5593 non.
3219 5542 3510 5608 \‘lgnierlus,
3535 5554 3710 5602 annm;
3743 5553 3805 5592 διο

2196 5652 2205 5660 ,
2249 5602 2441 5664 etiam)
2455 5598 2686 5664 ιιιεᾳιίιη⁷
2721 5609 2779 5651 Μ.

2306 5658 3025 5738 s'r‘ditifﬁquluseteadem
3066 5660 3244 5730 massa,
3295 5666 3508 5730 omisso,
3553 5663 3662 5729 luti,
3694 5664 3804 5731 quod

2244 5725 2448 5791 verbum
2470 5725 2547 5774 ex'
2563 5725 2661 5773 iss.
2678 5726 2967 5791 _adjccitr.us.

2308 5789 2329 5820 ⁸
2348 5794 2427 5838 his.
2457 5796 2581 5848 t:ar.,
2607 5786 2703 5849 qni.
