4068 6510
573 347 704 400 1135

567 462 676 526 quis
700 458 1008 512 mandaverit
1053 455 1390 523 semetipsum,
1419 461 1476 506 ut
1513 450 1888 504 ostenderetur
1911 455 1965 503 et
2007 461 2140 517 opus

568 551 798 605 hominis
841 565 933 618 per
955 548 1272 600 voiuutstcm
1307 561 1320 596 :
1351 543 1466 609 sed,
1498 545 1703 612 ingrate
1731 541 1910 602 homo,
1941 555 2142 610 μητρα-

566 652 710 694 ratur
751 640 980 693 volumus
999 655 1029 689 a
1063 635 1278 688 Domino
1307 633 1484 703 (Prov.
1519 643 1628 696 vin,
1663 649 1764 684 sec.
1789 630 1986 697 LXX);
2021 630 2144 685 ideo

567 741 849 798 utrumque
878 741 1063 782 verum
1087 735 1188 788 est,
1217 733 1270 778 et
1311 723 1432 793 quia
1465 723 1602 776 Deus
1628 731 1890 791 praeparat
1927 734 2050 774 vasa
2092 721 2142 774 in

565 820 806 892 gloriam.
830 817 1026 888 et'quia
1053 818 1160 886 ipsa
1185 832 1242 870 se
1271 824 1586 884 prmparant.
1615 814 1682 882 Ut
1701 813 1842 868 enim
1867 811 2018 866 faciat
2046 812 2144 864 ho-

567 926 678 975 mo,
709 911 850 964 Deus
878 907 1002 962 facit
1023 925 1038 970 ;
1063 905 1186 976 quia
1209 913 1264 959 ut
1287 905 1469 975 diligat
1509 903 1690 968 homo,
1731 904 1868 957 Deus
1897 903 2042 970 prior
2065 901 2148 955 di-

567 1005 699 1074 ligit.
733 1003 870 1071 Lege
901 1000 1234 1055 Ezechielem
1256 999 1272 1029 ¹
1307 997 1640 1067 propinatum,
1688 995 1825 1050 unde
1851 993 1992 1064 quod
2017 993 2146 1048 satis

567 1097 738 1148 visum
769 1103 850 1148 est
891 1107 1048 1162 supra
1096 1089 1506 1144 commemoravi
1547 1088 1764 1160 (Supra,
1811 1103 1926 1156 cap.
1975 1083 2142 1155 i255):

565 1189 663 1241 ista
691 1187 849 1241 etiam
889 1184 1090 1239 verba'
1115 1183 1382 1251 reperies,
1437 1181 1484 1234 id
1525 1191 1626 1246 est,
1667 1181 1829 1234 Deum
1877 1179 2048 1234 facere
2087 1185 2148 1232 ut

568 1287 826 1346 prmeepta
870 1276 986 1344 ejus
1031 1275 1273 1328 homines
1313 1271 1526 1334 faciant,
1577 1287 1798 1342 quorum
1841 1271 2143 1335 miseretur,

567 1385 672 1422 non
707 1376 922 1436 propter
943 1365 1128 1420 merita
1171 1379 1376 1428 eorum,
1405 1379 1522 1432 qua:
1551 1363 1688 1416 mala
1719 1361 1786 1416 ibi
1827 1375 1950 1416 esse
1993 1376 2146 1416 com-

565 1467 845 1522 memorat,
875 1457 967 1512 sed
997 1466 1212 1526 propter
1237 1471 1426 1510 nomen
1459 1470 1646 1518 suum;
1677 1457 1732 1508 ut
1761 1455 1866 1507 Deo
1891 1453 2006 1508 sine
2037 1468 2148 1508 me-

567 1552 682 1604 ritis
729 1565 913 1604 eorum
967 1547 1192 1602 faciente
1241 1555 1296 1599 ut
1343 1545 1536 1600 faciant
1583 1553 1844 1614 percepta
1884 1545 2020 1613 ejus,
2069 1544 2147 1598 in.

565 1641 760 1708 cipiaut
773 1639 958 1692 merita
971 1637 1228 1692 bonorum
1253 1635 1446 1690 habere
1457 1635 1734 1689 factorum.
1755 1634 1964 1688 Ilascest
1981 1634 2148 1703 gratia

564 1749 722 1804 quam
755 1733 978 1801 negatis,
997 1745 1101 1784 non
1130 1745 1194 1784 ex
1219 1729 1464 1798 operibus
1489 1743 1606 1796 qua:
1633 1726 1880 1786 fi-utt.,sed
1914 1735 1970 1780 ut
1999 1726 2144 1780 fiant.

635 1821 900 1878 CXXXV.
943 1821 1062 1876 Jun.
1093 1821 1228 1875 I-Iccc
1251 1819 1483 1874 ofticium
1509 1817 1689 1871 liberae
1715 1817 2030 1871 minutalia:
2063 1817 2144 1884 Si,

565 1915 755 1986 inquit,
791 1913 1108 1966 nnmdaverit
1155 1911 1266 1979 quis
1303 1908 1624 1976 semetipsum
1653 1923 1680 1960 a
1711 1907 1964 1962 societate
1991 1922 2146 1962 vaso-

565 2024 680 2062 rum
708 2007 890 2061 vilium
921 2007 1050 2076 (quo
1073 2003 1289 2056 nrunine
1317 2001 1439 2054 vitia
1467 1998 1836 2069 denotamur),
1867 1999 1960 2052 erit
1985 2015 2072 2053 vos
2095 1999 2148 2052 in

565 2099 808 2152 honorem
853 2095 1246 2162 sanctiﬁcatum,
1297 2091 1419 2146 utile
1461 2090 1700 2152 Domino,
1745 2089 1813 2143 ad
1853 2105 1996 2142 mane
2015 2105 2148 2158 opus

565 2190 750 2243 bonum
780 2197 1030 2257 paratum.
1054 2185 1176 2238 llmc
1202 2185 1361 2252 igitur
1390 2197 1532 2246 vasa,
1557 2181 1748 2236 studiis
1775 2181 2026 2254 propriis.
2055 2187 2146 2236 aut

565 2279 632 2334 ad
664 2280 816 2340 iran‘t,
846 2284 936 2331 aut
979 2275 1046 2330 ad
1075 2274 1300 2343 gloriam
1345 2281 1711 2342 praeparantur
1743 2289 1758 2326 :
1789 2271 1930 2325 Dens
1968 2279 2146 2324 autent

565 2381 747 2424 notam
775 2367 896 2422 facit
923 2366 1212 2436 potentiam
1240 2379 1389 2418 suam
1421 2364 1472 2416 in
1499 2370 1747 2431 utroque,
1777 2361 1860 2416 vel
1889 2361 2150 2414 severita-

567 2474 672 2515 tem
701 2461 752 2514 iu
782 2459 973 2529 impios
998 2458 1018 2488 ³
1047 2456 1366 2520 exserendo,
1399 2455 1482 2508 vel
1523 2453 1946 2509 benedictionem
1981 2452 2150 2507 fideli-

564 2555 666 2609 bus
721 2551 1016 2622 largiendo.
1085 2549 1346 2620 Apparuit
1397 2548 1572 2618 itaque
1639 2547 1774 2602 hanc
1831 2547 2148 2601 sententiam

565 2642 762 2714 egregii
794 2641 1157 2712 praeceptoris,
1183 2655 1279 2694 nec
1301 2639 1602 2694 Mauiehaeis
1626 2653 1780 2709 opem
1801 2639 2046 2694 sensibus
2064 2645 2148 2692 at-

567 2734 772 2798 tulisse,
802 2743 854 2786 et
881 2748 910 2786 e
931 2732 1142 2786 diverso
1171 2745 1270 2785 nos
1297 2739 1684 2799 consequenter
1703 2743 1960 2784 armasse.

635 2825 770 2880 Anc.
812 2823 946 2892 Quid
968 2821 1326 2888 calumniaris,
1357 2821 1482 2892 quid
1513 2821 1642 2876 falso
1685 2821 2004 2887 criminaris,
2051 2836 2149 2875 nec

563 2929 700 2984 quos
727 2922 782 2970 et
807 2914 995 2986 quales
1017 2913 1270 2968 Ecclesia:
1299 2911 1542 2966 doctores
1561 2911 1858 2966 criminaris
1883 2911 2150 2966 attonitis?

565 3005 680 3060 Non
712 3005 1020 3074 cujusquam
1047 3001 1342 3066 Manichmi,
1379 3001 1469 3056 sed
1497 3002 1662 3056 Sancti
1691 3001 1954 3055 Ambrosii
1974 3001 2150 3056 verbis

565 3094 659 3150 tibi
687 3094 984 3163 resltondco
1013 3109 1026 3145 :
1061 3110 1080 3142 α
1116 3092 1254 3146 Deus
1279 3106 1412 3160 quos
1439 3091 1685 3160 dignatur
1707 3099 1877 3154 vocat,
1909 3101 1962 3144 et
1990 3106 2148 3160 quem

565 3188 678 3244 vult.
701 3186 1000 3256 religiosum
1029 3183 1150 3238 facit
1179 3201 1196 3235 ι
1235 3181 1370 3252 (Lis.
1402 3183 1456 3248 7,
1485 3183 1536 3235 in
1563 3181 1689 3234 Luc.
1721 3197 1796 3246 ix,
1823 3180 1940 3252 5.8).
1965 3182 2074 3236 Iloc
2097 3183 2147 3236 in

565 3276 789 3331 veritate
817 3274 959 3336 facit,
993 3273 1094 3328 hoc
1120 3275 1172 3326 in
1203 3274 1420 3327 veritate
1441 3272 1830 3342 Scripturarum
1852 3274 2147 3328 divinarum

567 3367 828 3422 intellexit
855 3364 1164 3419 Ambrosius
1199 3382 1211 3418 :
1242 3363 1336 3418 sed
1378 3363 1652 3432 judicium,
1699 3378 1819 3418 cum
1843 3364 1974 3418 alios
2005 3363 2144 3432 nteit,

567 3467 622 3512 et
645 3459 776 3512 alios
803 3471 908 3510 non
937 3456 1078 3518 facit,
1115 3456 1380 3510 occultum
1409 3463 1508 3509 est.
1542 3455 1764 3526 Propter
1793 3455 1930 3525 quod
1959 3456 2150 3512 dicitur

571 3552 768 3606 nomini
820 3565 914 3620 per
961 3549 1249 3614 hominem,
1291 3548 1385 3602 sed
1409 3545 1430 3578 ‘
1461 3564 1563 3600 non
1595 3547 1662 3601 ab
1694 3548 1905 3602 homine
1930 3547 2024 3608 το
2053 3549 2148 3601 lio-

571 3661 672 3710 mo,
721 3655 774 3698 tu
811 3644 921 3713 quis
945 3659 1016 3708 es,
1057 3641 1142 3713 qui
1171 3642 1474 3712 respondeas
1515 3640 1669 3694 Deo?
1716 3640 1979 3711 Numquid
2029 3642 2152 3695 dicit

569 3739 860 3808 ﬁgittentum
894 3735 940 3788 ei
967 3735 1053 3806 qui
1078 3751 1130 3788 se
1159 3735 1306 3802 ﬁnxit
1325 3776 1339 3800 ,
1373 3733 1508 3798 Quid
1537 3750 1614 3786 me
1641 3734 1804 3802 fecisti
1823 3733 1940 3788 sic?
1969 3735 2150 3787 Annon

465 3817 484 3825 ’
567 3829 711 3884 liabet
731 3835 1022 3901 potestatem
1043 3827 1230 3897 ﬁgulus
1245 3827 1358 3892 luti,
1375 3842 1438 3880 ex
1457 3825 1627 3880 eodem
1645 3842 1810 3878 massa
1827 3829 1991 3896 facere
2008 3825 2151 3879 aliud

569 3937 654 3976 cas
681 3922 729 3974 in
753 3921 1010 3982 honorent,
1035 3919 1177 3971 aliud
1192 3919 1241 3972 in
1259 3919 1610 3972 contumeliam
1630 3918 1805 3984 (Rom.
1827 3934 1899 3984 Ix,
1918 3918 2007 3984 20,
2029 3919 2146 3988 21).

568 4017 733 4070 Aufer
767 4023 884 4067 tuas
913 4012 1130 4066 nebulas
1157 4012 1224 4065 ab
1263 4011 1482 4064 istorum
1526 4011 1812 4064 serenitate
1839 4009 2146 4076 verborum,

567 4109 762 4178 quibus
791 4106 883 4160 Dei
929 4103 1142 4174 quidem
1181 4102 1438 4172 judicium
1481 4101 1806 4171 significatur
1844 4101 2146 4166 occultum;

567 4200 662 4254 sed
691 4199 801 4270 ipsa
835 4204 942 4251 tam
963 4195 1103 4250 clara
1135 4203 1279 4259 sunt,
1320 4203 1375 4246 ut
1395 4207 1454 4248 se
1485 4203 1570 4246 tua
1601 4191 1822 4260 caligine
1843 4191 2148 4246 obumbrari

565 4289 948 4357 ubscurarique
973 4303 1076 4340 non
1103 4285 1299 4340 sinant.

635 4377 922 4434 CXXXVI.
961 4377 1076 4432 Jun.
1123 4376 1200 4430 Ac
1246 4390 1342 4445 per
1365 4373 1540 4428 hocet
1567 4373 1656 4428 tibi
1687 4373 2028 4429 vehementer
2051 4373 2150 4428 ob-

569 4473 692 4528 nisa
735 4477 836 4532 est,
882 4467 1086 4534 dicens,
1128 4481 1234 4520 non
1278 4479 1462 4518 omnes
1502 4463 1623 4534 fingi
1666 4465 1718 4518 in
1747 4464 2148 4519 condemnatio-

568 4579 710 4628 nem,
741 4561 793 4617 in
820 4576 977 4632 quam
1001 4567 1055 4614 tu
1085 4573 1273 4613 omnes
1294 4558 1369 4611 ire
1398 4559 1724 4626 pronuntias.
1759 4555 2151 4611 Absurdissime

566 4663 744 4710 autem
771 4651 1129 4721 argumentari
1155 4649 1316 4714 soles,
1348 4657 1404 4702 ut
1427 4647 1594 4713 dicas,
1617 4647 1720 4703 Sed
1741 4648 1792 4702 hi
1819 4664 1922 4700 non
1947 4647 2152 4718 ﬁngun-

569 4757 657 4798 tur
687 4745 740 4797 in
768 4741 1289 4806 condemnationem,
1336 4741 1424 4808 qui
1459 4749 1636 4809 pestea
1663 4739 1955 4793 liberantur
1987 4757 1999 4792 :
2027 4755 2150 4794 cum

571 4848 667 4888 nec
698 4832 775 4886 sic
799 4832 968 4902 pOssit
994 4831 1256 4884 sermonis
1285 4829 1556 4900 apostolici
1587 4830 1678 4883 tibi
1721 4830 1804 4884 vel
1844 4830 2152 4899 superficies

569 4925 876 4980 convenire.
909 4923 1036 4977 Nam
1065 4938 1186 4976 cum
1213 4923 1346 4976 dicis
1397 4931 1473 4988 ιιι,
1505 4923 1702 4976 Omnes
1731 4923 1782 4975 iu
1827 4921 2154 4977 condemna-

570 5019 768 5071 tionem
799 5023 1049 5069 creantur
1079 5014 1193 5083 lege
1219 5013 1491 5078 nascendi,
1530 5012 1621 5066 sed
1665 5013 1822 5082 aliqui
1850 5012 1993 5077 inde,
2023 5011 2146 5068 licet

570 5105 908 5178 perexiguis,
961 5103 1226 5176 mysteriis
1273 5103 1596 5168 liberantur;
1644 5118 1747 5156 non
1796 5101 1895 5156 hoc
1946 5103 2142 5157 asseris

633 5281 651 5314 ι
677 5278 955 5338 ttenardus,
1001 5275 1103 5341 lege
1131 5275 1268 5341 mihi
1299 5275 1604 5328 nec/delent.
1630 5285 1845 5329 Erratum
1867 5277 2148 5341 profectum

566 5356 631 5394 ex
668 5355 731 5392 eo
751 5341 880 5404 quod
918 5342 964 5388 in
985 5339 1403 5404 veterilzusrlihris‘
1435 5341 1678 5402 scribitur,
1711 5339 2044 5392 Itezecltielettt.
2073 5341 2148 5389 vi-

565 5398 788 5468 gnierius'
804 5401 926 5468 loco,
939 5398 1066 5468 mihi
1081 5439 1106 5468 ,_
1119 5401 1584 5468 posuit,_diligenter.

629 5464 800 5532 fEditi,
823 5466 902 5513 uli
932 5462 1022 5532 ista
1041 5462 1186 5532 etiam
1209 5464 1366 5532 uerba.
1385 5462 1546 5524 Abest,
1565 5463 1664 5526 ubi,
1684 5477 1712 5514 a
1735 5473 1837 5514 Mss.

630 5528 650 5559 ³
673 5527 746 5574 sic
767 5532 870 5574 Mss.
899 5523 1104 5587 Editi,gin
1127 5523 1302 5587 inmiis.

626 5587 648 5618 δ
673 5588 754 5635 ttic
768 5594 998 5696 sclerum
1041 5583 1273 5636 librorum
1301 5591 1584 5640 auctoritate
1621 5588 1867 5647 addimus,
1893 5599 1977 5650 per
1999 5583 2150 5634 Itami-

627 5661 692 5696 m.
717 5659 765 5695 se
807 5684 818 5694 .

564 5660 692 5696 nem.
717 5659 800 5696 εθα
807 5684 818 5694 .

571 5682 920 5778 sed
949 5707 1102 5778 aliqui
1137 5708 1352 5762 videlicet
1393 5711 1644 5776 perexigni
1699 5719 1801 5760 Mss.
1824 5747 1837 5768 ,
1879 5709 1964 5758 sed
2003 5705 2154 5770 aliqui

563 5765 694 5825 inde,
719 5765 825 5816 licet
847 5765 1114 5832 perexigui.

1223 339 1465 394 OPERIS
1505 333 1912 390 lapsuram
1955 331 2222 386 CONTRA
2261 331 2620 402 JULMNUM,
2660 334 2716 391 s.
2759 323 3122 396 AUCL'S’I‘lNI

3705 343 3856 399 “36

2251 447 2390 516 quod
2423 447 2530 510 ille.
2585 451 2672 519 qui
2705 465 2806 504 non
2849 455 3020 507 solum
3050 453 3118 508 de
3159 453 3530 510 condemnatis
3579 456 3807 534 liberari
3837 463 3852 490 '

2249 540 2520 611 prmdicat,
2543 559 2726 598 verum
2747 560 2852 600 nou
2875 561 3059 600 omnes
3087 546 3138 600 iu
3165 547 3669 604 condemnationem
3695 552 3850 623 fingi,

2249 629 2342 686 sed
2371 632 2504 686 alios
2535 633 2584 686 in
2613 636 3010 701 contumeliam,
3042 637 3176 692 alius
3206 638 3256 690 in
3287 637 3571 693 honorem.

2322 725 2456 780 Anc.
2487 724 2587 780 Ubi
2615 726 3050 797 dixitApostolus
3069 769 3084 792 ,
3135 727 3220 782 Ea:
3241 745 3342 782 uno
3359 745 3533 784 omnes
3573 731 3628 784 in
3653 733 3852 787 conde-

2252 816 2562 869 mnationem
2577 817 2753 886 (Rom.
2769 833 2824 884 ν,
2840 817 2930 889 16)
2955 835 2972 882 ;
2993 818 3160 887 ipsam
3175 835 3402 874 massam
3429 821 3846 892 demonstravit,

2251 922 2370 976 qua:
2393 915 2496 960 tota
2519 909 2697 963 vitiata
2726 925 2790 964 ex
2823 909 2990 965 Adam
3021 911 3172 966 fluxit
3197 928 3213 965 :
3242 913 3330 967 ubi
3369 921 3552 969 autem
3577 914 3728 980 dicit,
3775 931 3846 970 ex

2253 997 2338 1050 illa
2367 997 2480 1051 fieri
2513 1013 2638 1054 vasa
2669 1000 2721 1054 in
2750 999 3028 1067 honorem,
3071 1003 3293 1072 gratiam
3327 1005 3694 1070 commendat,
3739 1023 3844 1076 qua

2255 1087 2498 1142 homines
2527 1105 2660 1158 quos
2680 1099 2848 1153 creat,
2879 1091 3040 1146 etiam
3073 1091 3297 1159 liberat;
3339 1093 3427 1148 ubi
3456 1109 3610 1160 vero,
3657 1111 3728 1150 ex
3755 1097 3846 1152 illa

2252 1177 2369 1233 fieri
2398 1194 2522 1234 vasa
2551 1179 2602 1236 in
2629 1183 3026 1250 contumeliam,
3050 1184 3304 1252 judicium
3331 1186 3589 1254 OSIendit,
3611 1203 3722 1257 quo
3747 1187 3844 1244 ho-

2253 1273 2444 1336 mines,
2474 1271 2716 1342 quamvis
2743 1285 2907 1340 creet,
2945 1283 3242 1331 tamtamen
3265 1277 3470 1332 liberat.
3501 1279 3656 1346 Quod
3679 1281 3842 1335 etiam

2251 1378 2349 1418 vos
2373 1363 2440 1418 de
2469 1364 2700 1432 parvulis
2727 1365 2978 1434 cogimini
3007 1367 3270 1433 conﬁteri,
3293 1383 3520 1438 quorum
3557 1379 3710 1425 certe
3731 1387 3844 1425 om-

2253 1451 2398 1506 nium
2425 1467 2581 1506 uitam
2603 1468 2722 1509 esse
2745 1469 2974 1509 massam
2995 1469 3100 1510 non
3123 1457 3344 1525 potestis
3364 1472 3578 1527 negare,
3602 1459 3840 1528 qualine-

2251 1545 2380 1602 libct
2399 1562 2516 1602 eam
2543 1549 2740 1616 putetis
2773 1567 2786 1604 :
2815 1563 2882 1604 ex
2913 1565 3014 1619 qua
3043 1557 3220 1604 tamen
3247 1551 3383 1605 alios
3409 1551 3462 1605 in
3496 1551 3590 1605 Dei
3617 1567 3840 1622 regnum

2251 1637 2490 1706 adoptari
2521 1637 2777 1704 fatemini,
2805 1653 2940 1709 quos
2963 1639 3327 1709 proculdubio
3353 1655 3478 1694 vasa
3501 1640 3556 1696 in
3579 1640 3840 1696 honorem

2253 1729 2384 1782 facta
2415 1729 2740 1794 conceditis;
2771 1731 2908 1786 alios
2931 1746 3059 1786 vero
3103 1747 3208 1786 non
3233 1731 3500 1802 adoptari,
3543 1749 3684 1804 quos
3705 1734 3838 1790 facta

2251 1833 2375 1872 vasa
2407 1818 2458 1872 iu
2503 1819 2896 1886 contumeliam,
2931 1820 3032 1874 nisi
3073 1820 3434 1890 intelligenter
3461 1823 3836 1890 consentiatis,

2253 1909 2590 1981 impudenter
2631 1911 2855 1980 negatis.
2905 1911 3090 1981 Neque
3138 1913 3302 1980 enim,
3355 1912 3398 1966 si
3425 1929 3532 1968 non
3576 1923 3662 1969 est
3703 1915 3838 1970 ista‘

2251 2017 2408 2072 paena
2429 2003 2805 2069 damnationis,
2847 2005 2986 2060 sicut
3015 2005 3195 2069 vultis,
3227 2021 3333 2060 non
3354 2006 3458 2060 erit
3491 2006 3684 2060 saltem
3717 2021 3842 2061 con-

2253 2095 2473 2160 tutneiia
2497 2095 2742 2164 imaginis
2771 2095 2886 2162 Dei,
2917 2095 3152 2164 separari
3193 2109 3224 2148 a
3253 2110 3420 2165 regno
3447 2095 3562 2150 Dei.
3609 2095 3722 2151 Sed
3751 2113 3842 2154 vos

2251 2185 2294 2238 si
2319 2185 2460 2238 illam
2483 2193 2889 2254 perseveranter
2907 2184 2928 2216 ³
2959 2184 3224 2254 negabitis
3263 2185 3510 2254 gratiam,
3539 2186 3608 2241 ad
3637 2186 3744 2242 hoc
3766 2188 3843 2258 in-

2250 2275 2448 2330 diciutn
2479 2290 2576 2330 vos
2626 2275 2894 2344 pertinere
2932 2275 3299 2330 monstrabitis
3330 2293 3344 2329 :
3371 2275 3514 2347 quod
3559 2277 3750 2347 utique
3791 2279 3840 2332 in

2249 2367 2488 2438 parvulis
2511 2367 2768 2437 injustam
2817 2375 2980 2432 esset,
3023 2367 3070 2426 si
3107 2373 3388 2437 peccatum
3427 2367 3692 2438 originale
3739 2385 3840 2422 non

2247 2465 2416 2512 esset.
3727 2457 3734 2464 '

2322 2548 2629 2606 CXXXVII.
2653 2549 2771 2606 IUL;
2805 2549 2954 2618 Quod
2973 2559 3035 2604 ut
3063 2550 3252 2605 claruit
3278 2549 3596 2620 Apostolum
3639 2551 3842 2608 dixisse

2253 2641 2320 2695 de
2340 2641 2599 2708 moribus,
2633 2643 2704 2698 ita
2733 2650 2956 2713 apparet
2979 2652 3173 2713 quanta
3211 2643 3650 2698 testimoniorum
3687 2646 3842 2716 ιιι-εἱς

2253 2732 2428 2803 inopia
2455 2733 2684 2799 labores,
2707 2735 2794 2805 qui
2812 2735 2879 2788 ab
2901 2734 2987 2790 his
3011 2735 3294 2789 sententiis
3317 2749 3505 2790 contra
3525 2735 3751 2792 fulmina
3771 2755 3842 2792 ra-

2254 2825 2412 2879 tionis
2433 2823 2456 2856 ⁴
2484 2841 2638 2895 opem
2667 2828 2828 2896 petis,
2851 2843 2970 2897 quae
3001 2829 3092 2882 tibi
3117 2827 3494 2898 dedignantur,
3519 2827 3631 2884 imo
3657 2839 3840 2886 natura

2249 2916 2331 2971 sui
2355 2915 2636 2972 subvenire
2659 2933 2764 2972 non
2779 2918 2801 2950 ⁵
2837 2926 3079 2988 possunt.

2323 3009 2458 3062 Anc.
2489 3006 2685 3062 Contra
2717 3009 3028 3079 Apostolum
3059 3010 3346 3072 dicentem,
3378 3027 3446 3066 ex
3459 3009 3650 3066 eadem
3669 3026 3839 3066 massa

2253 3097 2394 3152 aliud
2427 3111 2517 3151 vas
2547 3098 2598 3151 in
2622 3098 2899 3166 honorem,
2925 3100 3068 3154 aliud
3095 3101 3146 3155 in
3163 3102 3542 3156 contumeliam
3569 3102 3742 3157 Deum
3769 3101 3842 3156 fa-

2253 3201 2408 3251 cere;
2433 3203 2530 3244 nec
2551 3188 2992 3256 dicentem,aliud
3021 3192 3186 3246 neciu
3209 3191 3494 3256 honorem,
3523 3208 3626 3247 nec
3647 3193 3700 3246 in
3719 3207 3840 3248 cou-

2255 3279 2526 3334 tumeliam
2547 3321 2563 3346 ,
2595 3280 2736 3349 quod
2766 3281 2947 3352 utique
2984 3281 3205 3348 diceret,
3237 3283 3280 3336 si
3314 3282 3416 3336 hoc
3444 3284 3586 3352 quod
3616 3298 3717 3337 vos
3737 3283 3759 3314 ⁸
3783 3283 3840 3338 de

2253 3369 2489 3438 parvulis
2534 3371 2777 3427 crederet
2808 3390 2823 3426 :
2854 3382 3038 3428 contra
3085 3373 3225 3428 hunc
3278 3390 3406 3444 ergo
3451 3375 3714 3428 divinitus
3765 3376 3838 3428 in-

2255 3468 2525 3516 tonantem
2559 3476 2662 3515 non
2683 3469 2771 3517 est
2793 3462 3048 3518 fulminea
3075 3465 3212 3519 ratio
3235 3475 3412 3519 vestra
3437 3508 3454 3526 ,
3483 3466 3578 3520 sed
3610 3466 3808 3521 fumea.

2323 3551 2656 3608 CXXXVIII.
2687 3553 2804 3608 Jun.
2837 3553 2904 3608 Et
2938 3553 3054 3610 luce
3081 3555 3292 3624 quidem
3323 3567 3586 3626 (plantam
3641 3567 3840 3627 spectat

2252 3645 2318 3700 ad
2341 3647 2700 3702 testimonium
2732 3647 2970 3716 Apostoli
2999 3647 3265 3716 disttutata
3289 3657 3434 3702 sunt.
3477 3649 3752 3704 Ca-tcrum
3789 3649 3837 3702 i

2255 3733 2407 3800 Isaia,
2441 3737 2582 3792 unde
2604 3738 2770 3806 ipsam
2801 3738 3120 3792 sententiam
3171 3737 3368 3792 Paulus
3423 3739 3760 3808 assumpsit,
3791 3739 3836 3792 in

2255 3836 2454 3882 tantum
2485 3844 2588 3880 non
2615 3827 2844 3882 deterret
2875 3827 3014 3881 Deus
3067 3827 3434 3882 rationabilem
3463 3838 3782 3883 creaturam
3811 3843 3838 3881 a

2254 3919 2334 3974 sui
2365 3917 2796 3972 consideratione
2819 3917 3027 3986 judicii,
3059 3925 3114 3972 ut
3138 3917 3274 3972 Sicut
3303 3933 3397 3986 per
3433 3919 3688 3973 eumdem
3713 3935 3838 3988 pro-

2255 4008 2467 4078 phetam
2489 4008 2724 4072 dixerat,
2759 4007 3008 4074 Quiescite
3044 4024 3191 4079 agere
3221 4023 3447 4078 perverse
3469 4051 3485 4075 ,
3517 4010 3698 4064 discite
3723 4010 3840 4063 bene

2255 4100 2421 4170 facere
2439 4142 2452 4165 ,
2477 4099 2730 4154 subvenite
2769 4115 3044 4168 Oppresso;
3083 4107 3129 4152 et
3149 4098 3306 4153 venite
3325 4140 3338 4163 ,
3365 4100 3566 4168 arguite
3585 4118 3667 4154 me
3683 4143 3698 4166 ,
3724 4101 3840 4154 dicit

2255 4188 2503 4244 Dominus
2524 4187 2676 4260 (Isai.
2709 4205 2744 4252 ι,
2780 4188 2963 4260 Ili-l8)
2999 4205 3013 4240 :
3043 4189 3110 4242 ita
3141 4188 3298 4242 etiam
3327 4187 3432 4252 hic,
3476 4205 3548 4244 ne
3595 4191 3724 4260 quid
3751 4205 3840 4260 po-

2259 4297 2452 4344 testate
2481 4287 2610 4351 sola,
2643 4303 2744 4342 non
2771 4285 2973 4355 jnstitia
3006 4285 3276 4340 videretur
3301 4285 3494 4342 fecisse
3513 4323 3530 4352 ,
3559 4286 3839 4356 dispensa-

2258 4382 2458 4434 tiotuun
2489 4395 2702 4440 suarum
2739 4379 2985 4448 dignatur
3027 4379 3236 4447 aperire
3282 4379 3574 4434 rationem.
3629 4379 3838 4434 Alliicto

2255 4474 2398 4528 enim
2448 4473 2498 4526 in
2525 4471 2826 4541 captivitate
2856 4472 3052 4541 populo
3094 4470 3400 4525 Jutlmorum
3444 4472 3834 4543 redemptionis

2256 4565 2574 4636 appropiare
2599 4573 2827 4633 tempus,
2859 4578 2966 4632 quo
2991 4562 3058 4616 ad
3091 4571 3284 4616 terram
3312 4577 3466 4617 suam
3507 4573 3840 4620 reverteren-

2259 4667 2362 4725 tur,
2377 4657 2752 4722 annuntiat;et
2781 4668 2991 4708 causam
3029 4653 3108 4710 vel
3137 4653 3558 4722 prmcedcntinm
3583 4669 3837 4723 angor-mn

2257 4757 2494 4815 reserat,
2523 4747 2607 4802 vel
2637 4746 2942 4800 instantium
2973 4743 3306 4814 gaudiorum.
3335 4743 3606 4814 Epulotur,
3643 4746 3836 4814 inquit,

2255 4839 2438 4892 cretum
2475 4837 2707 4906 desuper,
2742 4845 2788 4889 et
2813 4834 2967 4888 nubes
2992 4842 3233 4903 spargant
3248 4833 3546 4904 justitiam;
3569 4835 3765 4888 oriatur
3781 4849 3841 4886 ex

2259 4942 2391 4984 terra
2423 4929 2786 4994 misericordia,
2817 4936 2862 4980 et
2899 4925 3100 4997 justitia
3129 4925 3324 4978 oriatur
3348 4926 3522 4978 simul.
3573 4925 3684 4997 Ego
3731 4941 3838 4978 sum

2259 5019 2506 5072 Dominus
2535 5017 2668 5072 Deus
2696 5017 2782 5088 qui
2802 5017 2965 5070 creavi
2985 5025 3032 5068 te
3055 5056 3070 5078 ,
3095 5015 3285 5086 faciens
3307 5015 3602 5080 meliorem,
3636 5031 3840 5086 μητερα-

2257 5111 2365 5164 rari
2396 5122 2441 5163 te
2465 5110 2592 5162 sicut
2623 5111 2784 5162 futuat
2805 5107 2968 5179 ﬁguli.
2997 5105 3258 5176 Numquid
3280 5106 3368 5177 qui
3394 5117 3526 5173 arat,
3557 5108 3722 5160 arabit
3745 5116 3842 5158 lcr-

2256 5219 2366 5256 ram
2399 5217 2484 5269 per
2509 5215 2706 5251 onmem
2739 5199 2868 5250 diem
2899 5199 2923 5251 ?
2967 5195 3230 5264 Numquid
3252 5195 3374 5248 dicit
3429 5197 3594 5249 lutum
3641 5197 3804 5266 ﬁgulo
3825 5235 3838 5252 .

2261 5292 2397 5360 Quid
2421 5292 2570 5362 faris,
2600 5289 2718 5360 qtiia
2755 5307 2853 5342 non
2899 5289 3144 5358 operaria,
3173 5289 3290 5356 quia
3317 5303 3416 5341 non
3437 5287 3588 5342 halm
3615 5283 3836 5340 manus?

2321 5405 2337 5435 ¹
2365 5411 2470 5452 Mss.
2503 5401 2624 5449 Clar.
2653 5411 2704 5451 et
2722 5408 2852 5460 ttae,
2869 5397 3096 5449 liberatis.

2317 5465 2338 5495 ²
2362 5463 2476 5513 Editi
2500 5470 2744 5522 omittunt,
2767 5459 2859 5512 is'a
2879 5476 2895 5522 ;
2919 5461 3110 5511 tametsi
3138 5467 3242 5509 erat
3265 5459 3314 5508 in
3339 5461 3698 5522 manuscriptis.

2319 5527 2340 5588 ἓ
2363 5525 2501 5584 editi,
2525 5529 2918 5588 perseverantem.
2944 5532 3070 5588 9:33.,
3091 5527 3464 5588 peragieranter.

2319 5587 2340 5619 δ
2361 5581 2589 5642 Menaril.,
2615 5591 2782 5636 contra
2807 5583 3018 5646 ﬂamina
3058 5581 3346 5633 mutationis.
3382 5581 3658 5646 \‘ignierius
3676 5617 3701 5646 ,_
3732 5593 3844 5630 cort-

2256 5655 2333 5698 tra
2351 5648 2554 5712 fulmina
2574 5655 2704 5712 tanta
2722 5644 2936 5712 reficitis.
2965 5646 3139 5712 Abest,
3166 5649 3313 5702 larua,
3339 5655 3366 5690 τι
3391 5644 3748 5712 manuscriptis.

2319 5701 2435 5759 l"sic
2456 5717 2562 5758 Mss.
2599 5709 2870 5766 Viguit-rius
2893 5721 3034 5766 vero,
3061 5711 3232 5756 natura
3255 5717 3342 5756 sua
3381 5701 3622 5755 circuire.

2321 5772 2342 5803 ο
2365 5749 2586 5821 tineam
2610 5749 3002 5822 adamas:
