4062 6510
530 380 669 438 “39

528 496 662 554 mihi
693 497 711 529 ί
741 509 898 568 quem
923 492 1121 563 justum
1148 489 1316 546 nubes
1344 489 1623 558 plueruut,
1657 485 1756 543 nisi
1786 484 1907 554 quia
1930 484 1950 514 ²
1976 483 2104 536 Pro-

528 589 705 662 phetze
738 596 792 644 et
818 583 1056 655 Apostoli
1095 581 1362 637 Christum
1404 577 1866 649 praedicaverunt,
1909 573 2005 665 qui
2042 587 2109 630 ex

529 682 651 753 ipso
696 678 916 749 virginis
964 684 1116 730 utero
1161 688 1281 728 cum
1326 672 1533 743 justitia
1577 679 1735 725 natus
1783 666 1907 723 est?
1956 666 2109 723 Unde

529 786 650 828 cum
678 769 874 826 dictum
914 774 1093 831 esset,
1133 764 1406 836 Aperiatur
1447 772 1580 817 terra
1599 803 1615 829 ,
1643 771 1689 815 et
1713 759 1959 832 germinet
1989 755 2111 814 Sal—

526 870 749 916 vatorem
768 876 788 926 ;
809 872 933 920 mox
953 856 1191 915 additum
1212 863 1313 920 est,
1340 863 1385 908 et
1395 853 1597 925 justitia
1617 853 1812 907 oriatur
1835 850 2005 906 simul.
2031 849 2109 905 Ac

529 968 625 1023 per
654 952 774 1018 hoc,
794 965 854 1006 ea
884 949 1051 1021 gratia
1078 947 1099 981 ³
1125 949 1255 1002 ﬁunt
1275 947 1403 1017 justi
1432 945 1674 1001 homines
1705 944 1795 1015 qui
1821 940 2109 1007 renascun-

527 1055 613 1099 tur
643 1044 695 1098 in
723 1042 953 1108 Christo,
981 1056 1080 1114 qua
1105 1041 1271 1112 gratia
1294 1040 1466 1113 justus
1490 1040 1650 1095 homo
1679 1047 1832 1092 natus
1854 1045 1935 1092 est
1963 1034 2110 1092 Chri-

525 1145 659 1189 stus.
685 1133 834 1188 Sicut
858 1148 988 1204 ergo
1014 1132 1315 1204 exemplum
1345 1142 1427 1186 est
1452 1132 1596 1209 vitm,
1622 1137 1678 1184 ut
1698 1145 1819 1184 eum
1852 1126 2108 1183 imitando

522 1225 665 1296 juste
690 1240 908 1297 agamus
943 1242 956 1278 :
990 1224 1059 1278 ita
1086 1236 1168 1280 est
1201 1225 1361 1279 etiam
1387 1222 1691 1297 exemplum
1720 1220 1927 1292 gratim,
1966 1226 2024 1275 ut
2054 1219 2107 1273 in

527 1333 650 1372 eum
693 1315 961 1372 credendo
998 1315 1120 1370 inde
1167 1331 1262 1370 nos
1308 1314 1423 1370 ﬁeri
1471 1329 1749 1385 speremus
1791 1310 1964 1383 justos
2011 1326 2110 1382 per

524 1408 700 1482 ipsum
724 1406 776 1475 ⁸,
804 1407 943 1463 unde
970 1406 1141 1462 factus
1165 1416 1247 1462 est
1276 1407 1409 1476 ipse,
1437 1406 1525 1474 qui
1554 1408 1719 1479 factus
1743 1413 1815 1459 est
1845 1404 1989 1465 nobis
2023 1420 2108 1459 sa-

527 1490 718 1571 pientia
737 1518 768 1555 a
795 1499 926 1565 Deo,
957 1510 1003 1555 et
1021 1500 1244 1572 justitia,
1275 1507 1323 1554 et
1349 1498 1702 1570 sanctiﬁcatio,
1725 1508 1771 1552 et
1791 1498 2109 1567 redemptio;

524 1601 601 1657 ut,
632 1592 1053 1660 quemadmodum
1075 1593 1317 1664 scriptum
1348 1601 1456 1657 est,
1486 1591 1573 1663 qui
1598 1589 1878 1663 gloriatur,
1907 1590 1961 1645 in
2001 1589 2109 1645 Do-

523 1683 663 1737 mino
688 1684 993 1756 gloriatura
1021 1684 1138 1741 Cor.
1164 1700 1203 1751 ι,
1243 1674 1333 1753 30,
1374 1682 1489 1758 51).
1516 1683 1887 1755 Quoscumque
1926 1683 2107 1756 itaque

522 1774 684 1835 dente
704 1777 979 1833 mortifero
1003 1776 1365 1834 momordistis
1385 1777 1409 1810 ⁸
1425 1819 1441 1846 ,
1473 1776 1614 1833 hunc
1630 1777 1833 1848 justum
1856 1777 2105 1833 intuean-

525 1878 632 1933 tur,
659 1878 715 1925 et
737 1870 1068 1931 sanabuntur
1097 1885 1113 1926 :
1141 1870 1242 1926 hoc
1265 1879 1369 1939 est,
1397 1869 1522 1942 inde
1541 1885 1601 1927 se
1620 1868 1843 1927 credant
1861 1871 2106 1943 accipere

518 1959 815 2030 justitiam,
859 1958 1000 2026 unde
1028 1959 1240 2029 Christo
1279 1969 1362 2016 est
1397 1960 1577 2027 innata
1611 1960 1846 2031 justitia;
1891 1970 1946 2017 et
1984 1961 2106 2019 ideo

520 2066 631 2116 non
661 2052 715 2106 in
748 2066 847 2107 suo
874 2049 1116 2123 arbitrio,
1152 2067 1251 2109 nec
1288 2051 1344 2111 in
1380 2067 1481 2111 suo
1515 2053 1744 2122 merito,
1783 2052 1879 2112 sed
1904 2053 1957 2109 in
1997 2052 2105 2109 Do-

520 2138 668 2199 mino
690 2140 1005 2215 glorientur.

593 2230 773 2287 CXLI.
814 2232 934 2289 va.
965 2234 1105 2290 Ante
1130 2241 1272 2300 terra
1309 2234 1548 2306 aperitur
1584 2234 1638 2290 in
1673 2249 1915 2306 germen,
1943 2249 2101 2307 quam

442 2327 452 2336 ’
522 2337 685 2394 opera
727 2324 953 2380 colentis
998 2339 1192 2381 scmen-
1229 2325 1496 2396 accipiat:
1529 2324 1672 2397 quod
1713 2324 1768 2380 in
1816 2326 2102 2397 puerperio

517 2418 739 2491 virginis
786 2418 1146 2491 approbatur,
1197 2435 1319 2492 qua:
1366 2435 1590 2477 munere
1634 2419 1820 2476 matris
1864 2418 2097 2485 ofﬁcium

516 2513 775 2582 praevenit
808 2521 862 2568 et
885 2511 1112 2581 exclusit
1132 2501 1339 2568 uxoris.
1389 2511 1541 2579 Quod
1585 2527 1713 2584 ergo
1755 2513 1808 2589 in
1855 2528 1951 2568 usu
1994 2528 2099 2573 non

516 2611 666 2671 erat,
700 2602 753 2659 id
780 2604 1039 2663 facturum
1066 2618 1125 2661 se
1160 2604 1302 2661 Deus
1328 2605 1666 2675 omnipotens
1702 2606 2014 2676 pollicetur;
2047 2615 2103 2661 et

516 2692 684 2760 addit,
733 2694 1034 2766 prmvidens
1076 2694 1370 2751 inﬁdelium
1413 2696 1807 2763 multitudinem
1842 2714 1856 2751 :
1898 2695 1988 2753 Va:
2013 2698 2102 2770 qui

515 2776 812 2845 contradicit
842 2786 1007 2857 lictori
1030 2803 1146 2863 suo,
1170 2780 1295 2843 testa
1315 2789 1380 2844 de
1400 2790 1575 2845 samiis
1595 2799 1760 2846 terrae.
1796 2789 1851 2845 1d
1876 2799 1979 2860 est,
2010 2791 2100 2848 ναξ

514 2876 603 2934 his
636 2877 749 2950 qui,
793 2878 901 2936 Deo
929 2880 1294 2953 promittente,
1335 2879 1497 2936 fetam
1531 2881 1644 2938 ﬁeri
1686 2882 1948 2954 virginem
1992 2897 2098 2939 non

518 2969 756 3039 potuisse
782 2971 1110 3041 contendunt
1138 2989 1151 3025 :
1184 2986 1415 3044 eumque
1457 2973 1556 3043 ipsi
1584 2972 1804 3029 totidem
1835 2973 1856 3006 °
1880 2973 2009 3030 licet
2032 2974 2100 3031 de

513 3062 809 3118 seminibus
834 3079 863 3117 a
899 3063 1008 3119 Deo
1033 3064 1323 3133 institutis,
1359 3074 1534 3121 tamen
1575 3065 1965 3123 interveniente
2002 3066 2098 3122 Dei

513 3154 771 3224 potentia,
793 3153 845 3208 in
863 3154 1159 3213 visceribus
1176 3154 1443 3231 ﬁngantur
1459 3159 1731 3233 mammis,
1751 3156 1960 3229 obstipo
1986 3166 2099 3215 stu-

515 3232 607 3300 dio
634 3244 924 3313 afﬁrmant,
962 3245 1266 3317 nequivisse
1289 3262 1505 3302 carnem
1530 3232 1647 3309 sine
1677 3248 1974 3307 ministerio
1998 3250 2098 3307 viri

514 3351 584 3392 ex
607 3350 768 3392 carne
796 3336 1017 3408 virginis
1042 3336 1309 3394 fabricari.
1337 3335 1468 3395 Tale
1505 3347 1590 3395 est
1613 3340 1774 3411 igitur
1800 3341 1941 3411 quod
1967 3356 2093 3411 vos,

514 3444 550 3485 o
578 3429 905 3500 pervicaces,
937 3445 1045 3486 non
1091 3432 1288 3503 putatis
1319 3448 1405 3487 me
1430 3432 1481 3488 id
1512 3431 1688 3491 facere
1719 3437 1955 3505 potuisse
1977 3478 1994 3505 ,
2032 3451 2097 3495 ac

513 3519 645 3577 mihi
671 3519 740 3577 de
768 3521 847 3576 rei
873 3520 1190 3579 difﬁcultate
1219 3524 1561 3595 praescribitis
1590 3526 1612 3559 ⁷
1631 3567 1647 3592 ,
1677 3542 1799 3583 cum
1823 3542 1920 3584 vos
1950 3527 2096 3598 ipsos

510 3613 759 3681 manibus
782 3614 917 3671 meis
940 3623 1146 3674 constet
1173 3616 1389 3673 effectos
1412 3634 1429 3683 ;
1454 3619 1632 3689 quale,
1665 3619 1711 3675 si
1738 3620 1908 3676 lutum
1933 3619 2097 3693 ﬁgulo

511 3719 630 3772 suo,
657 3720 777 3774 cum
801 3705 869 3767 ab
893 3721 965 3779 eo,
987 3715 1264 3777 tractatur,
1296 3708 1519 3776 diceret,
1538 3710 1659 3784 Non,
1682 3711 1847 3769 habes
1868 3728 2093 3783 manus;
2126 3748 2129 3749 ν

512 3797 706 3868 quibus
731 3806 856 3865 tunc
900 3799 954 3855 in
995 3814 1089 3855 vas
1116 3784 1330 3872 aliquod
1368 3801 1715 3860 formabatur.
1761 3803 1836 3859 lta
1876 3821 2005 3877 ergo
2041 3815 2098 3863 et

514 3902 630 3955 vos,
660 3888 749 3960 qui
775 3884 1043 3962 inquiritis
1069 3892 1190 3962 quis
1218 3892 1385 3949 ﬁlium
1413 3893 1601 3966 virgini
1628 3894 1836 3952 dederit
1858 3897 1974 3954 sine
1999 3899 2096 3961 viri

513 3978 742 4042 semine.
771 3981 1075 4052 cognoscite
1103 3983 1352 4039 eumdem
1372 3999 1496 4045 esse
1520 3987 1609 4056 qui
1641 4001 1736 4042 vos
1766 3986 1893 4043 fecit
1919 4004 1985 4045 ex
2012 4004 2097 4046 see

511 4069 676 4126 mine.
716 4068 823 4128 Sed
846 4064 957 4142 jam
983 4075 1236 4144 quoniam
1275 4073 1568 4147 Scripturis
1607 4079 1808 4135 sanctis
1832 4081 2096 4151 expositio

514 4164 661 4220 varia
682 4164 831 4233 licet,
864 4174 1088 4238 utraque
1116 4176 1291 4223 tamen
1322 4169 1407 4239 pia
1434 4176 1490 4224 et
1526 4170 1776 4241 religiosa
1800 4173 2092 4241 concinuit,

511 4259 716 4330 primus
737 4257 1053 4314 terminetur
1073 4258 1208 4314 liber
1238 4277 1253 4315 :
1279 4274 1377 4315 suo
1399 4268 1575 4317 tamen
1596 4261 1701 4318 ﬁne
1724 4278 2091 4334 commoneas,

516 4358 573 4403 ut
597 4347 770 4420 opifex
797 4349 1130 4419 nascentium
1162 4350 1304 4406 Deus
1329 4351 1595 4416 credatur,
1628 4354 1989 4411 innocentium
2012 4365 2096 4413 tu-

512 4448 634 4506 tor,
683 4439 1076 4507 Catholicorum
1121 4452 1492 4515 remunerator
1514 4485 1531 4512 ,
1574 4444 2096 4520 Maniehmorumque

513 4532 793 4593 damnatur
815 4536 858 4590 ⁸.

587 4626 721 4684 Anc.
764 4627 833 4683 Ut
859 4628 1050 4696 sciant,
1078 4628 1168 4699 qui
1213 4629 1570 4702 intelligenter
1593 4632 1805 4704 legunt,
1829 4633 2095 4705 quemad-

512 4719 729 4775 modum
770 4731 993 4779 conatus
1036 4721 1209 4783 fueris
1246 4724 1411 4785 verba
1452 4727 1742 4797 apostolica
1778 4727 2095 4786 obnubilare

513 4814 679 4880 clara,
710 4823 764 4870 et
790 4823 933 4882 recta
965 4824 1292 4886 pervertere,
1323 4816 1446 4873 huic
1486 4819 1831 4890 disputationi
1878 4831 1982 4878 tua:
2025 4838 2094 4879 es

515 4906 702 4962 eadem
757 4916 969 4977 oportet
1012 4908 1252 4978 Apostoli
1310 4909 1671 4980 disputatione
1712 4914 2090 4984 respondeam.

521 4998 715 5054 Valens
744 4998 905 5069 igitur
930 4998 1121 5067 beatus
1144 4999 1341 5056 Paulus
1365 5003 1649 5073 ostendere
1666 5044 1684 5074 ,
1709 5005 1857 5076 quod
1881 5021 1944 5063 ea
1972 5023 2093 5079 qua:

576 5156 595 5230 ξ
620 5153 757 5230 editi,
780 5152 862 5211 dic
881 5166 1024 5230 quem
1043 5154 1191 5230 mtbcs
1202 5154 1639 5230 justumaomisso,
1653 5157 1788 5212 mihi.

574 5219 776 5294 tusis»
802 5229 960 5294 ηπατιτ
983 5224 1109 5294 “se:
1135 5226 1187 5269 ιιι

566 5279 604 5359 εξ
620 5279 764 5342 Editl,
804 5279 866 5331 ac
899 5292 987 5345 per
1021 5280 1113 5337 hoc
1143 5294 1176 5332 a
1203 5279 1394 5359 gratia.
1414 5283 1715 5346 Castigantur
1734 5296 1799 5336 es
1831 5288 2096 5338 manuscri-

511 5346 690 5476 μιξξὶο
714 5402 977 5455 Menardus.
1002 5409 1059 5456 At
1090 5405 1227 5469 “gn.
1258 5408 1309 5455 et
1332 5412 1438 5457 Mss.
1482 5405 1603 5458 Clar.
1638 5412 1752 5459 Har.
1798 5414 1923 5467 Part.
1943 5442 1962 5474 ,
2007 5422 2096 5476 per

508 5462 749 5530 spiritum.
1138 5462 1171 5469 ⁷

572 5528 596 5591 ξ
618 5534 703 5579 ηε.
721 5536 859 5591 Mar.,
876 5526 1195 5591 momordisti.

571 5589 601 5655 ξ,
623 5591 787 5655 vign.,
802 5589 991 5655 itidem.
1014 5597 1221 5655 Iten.__e_t
1240 5598 1369 5655 Mss,
1394 5591 1607 5655 totidem.

571 5653 595 5721 ξ
618 5652 700 5721 8ιὸ
714 5660 818 5721 Mss.
843 5652 984 5721 Editi,
1001 5667 1059 5705 ac
1080 5652 1203 5704 mihi
1225 5653 1555 5721 diﬂicultatem
1576 5656 1907 5721 praescribitis.

569 5715 597 5757 ις
634 5720 729 5790 nec
772 5713 880 5766 loco
922 5713 1206 5794 ln'nvetere
1235 5713 1440 5794 judice
1472 5713 1655 5794 ,μαιίη-
1679 5713 1817 5794 θυμέ
1845 5722 2093 5794 augustini

508 5778 877 5840 responsionem
900 5777 1183 5842 pra-ﬁgitur,
1227 5778 1434 5843 Eaplicit
1466 5778 1586 5832 liber
1612 5777 1805 5837 'Juliani
1820 5799 1839 5850 ;
1861 5777 1957 5850 quva
1982 5791 2093 5837 nota

508 5831 616 5890 ﬁnis
634 5842 899 5892 sanctioris
920 5840 1173 5893 voluminis
1195 5842 1392 5894 indicari
1414 5843 1557 5898 solet.

1131 375 1372 433 OPERlS
1411 368 1819 427 IMPERFECTI
1858 364 2128 423 CONTRA
2172 365 2529 434 .[ULIANUSL
2571 368 2629 423 S.
2670 367 3033 433 AUGUSTINI

3657 370 3797 429 Hi0

2223 481 2463 551 promisit
2495 483 2654 552 Deus,
2683 493 2872 555 potens
2890 494 2967 540 est
2993 493 3046 540 et
3076 483 3284 553 facere;
3309 485 3398 542 ubi
3423 486 3655 542 maxime
3677 502 3800 558 gra-

2215 574 2285 629 tia
2316 576 2738 645 commendatur,
2765 577 2917 647 cujus
2950 577 3078 633 estis
3101 577 3296 645 inimici
3331 596 3344 632 :
3374 590 3551 650 neque
3580 579 3724 634 enim
3748 580 3799 636 in

2215 673 2477 734 potestate
2506 667 2775 723 hominum
2805 679 2923 747 est,
2953 678 3009 724 ut
3036 671 3171 725 Deus
3202 671 3417 741 impleat
3444 686 3564 742 qua!
3595 672 3801 744 promi-

2215 756 2322 837 sit,
2366 764 2419 812 et
2457 774 2562 814 non
2606 758 2658 813 in
2707 760 2873 831 ipsius
2910 762 2996 832 qui
3042 762 3285 833 promisit
3315 780 3328 817 :
3359 763 3546 818 volens
3569 776 3703 834 ergo
3746 764 3796 819 id

2215 850 2530 919 ostendere,
2569 850 2690 913 Non
2727 862 2903 925 potest,
2945 855 3133 925 inquit,
3174 855 3402 915 excidere
3427 855 3634 910 verbum
3663 853 3802 913 Dei:

2214 955 2314 1001 non
2343 942 2474 995 enim
2499 959 2671 998 outnes
2707 945 2796 1015 qui
2836 961 2898 999 ex
2938 943 3126 1012 Israel,
3167 946 3223 1001 hi
3262 956 3380 1001 sunt
3414 945 3613 1011 Israel;
3644 964 3800 1019 neque

2213 1033 2368 1103 quia‘
2396 1043 2515 1087 sunt
2552 1051 2720 1090 semen
2758 1032 3035 1104 Abraham,
3081 1053 3253 1093 onmes
3282 1039 3412 1109 ﬁlii;
3437 1038 3528 1093 sed
3550 1039 3604 1093 in
3650 1036 3799 1093 Isaae

2212 1125 2469 1179 vocabitur
2490 1126 2577 1180 tibi
2607 1144 2810 1182 semen:
2836 1129 2932 1183 hoc
2955 1137 3048 1194 est,
3077 1144 3178 1183 non
3214 1129 3268 1183 hi
3292 1129 3380 1195 qui
3403 1128 3500 1199 ﬁlii
3529 1131 3720 1196 carnis,
3748 1129 3798 1185 ht

2213 1216 2311 1285 ﬁlii
2351 1215 2476 1283 Dei;
2502 1217 2591 1273 sed
2633 1217 2732 1289 filii
2772 1220 3121 1291 promissionis
3149 1219 3461 1291 deputantur
3480 1222 3533 1276 in
3559 1238 3730 1282 semen
3752 1224 3794 1279 ⁸.

2214 1305 2574 1365 Pramissionis
2598 1310 2733 1365 enim
2770 1310 2973 1366 verbum
3001 1312 3096 1366 hoc
3121 1320 3214 1377 est,
3258 1312 3341 1367 Ad
3365 1313 3460 1368 hoc
3484 1322 3684 1385 tempus
3708 1328 3796 1371 ve.-

2212 1399 2370 1468 niam,
2406 1409 2453 1455 et
2487 1402 2581 1456 erit
2618 1402 2794 1464 Sarra
2816 1401 3004 1460 Filius.
3026 1404 3174 1461 Tene
3201 1405 3254 1461 in
3280 1414 3461 1462 mente
3495 1404 3637 1462 filios
3677 1422 3800 1478 pro—

2209 1492 2500 1560 ‘miSsiouis,
2530 1495 2778 1563 quoniam
2822 1496 2913 1568 qui
2953 1496 3197 1568 promisit
3220 1506 3410 1569 potens
3433 1505 3596 1555 estet
3622 1497 3798 1557 facere

2216 1580 2388 1656 (Rom.
2411 1599 2485 1651 tv,
2512 1585 2627 1655 ΞΓ).
2662 1585 2780 1641 Νοη
2806 1580 2973 1643 solum
3010 1598 3195 1655 autem,
3227 1576 3416 1662 inquit,
3463 1590 3554 1649 sed
3596 1600 3645 1647 et
3687 1591 3796 1649 RB?

2212 1673 2361 1729 becca
2389 1691 2451 1730 ea:
2474 1692 2572 1732 uno
2597 1680 2860 1753 concubitu
2881 1679 3069 1735 habens
3086 1678 3255 1749 Isaac,
3288 1665 3449 1753 patris
3474 1684 3657 1739 nostri.
3671 1684 3797 1741 Cum

2210 1767 2345 1821 enim
2372 1767 2595 1822 nondum
2614 1750 2734 1824 'nati
2755 1772 2989 1844 fuissent,
3012 1781 3100 1826 aut
3125 1750 3323 1846 aliquid
3345 1776 3560 1847 egissent
3582 1777 3703 1831 boni
3719 1778 3798 1833 vel

2209 1860 2354 1928 mali,
2383 1870 2440 1916 ut
2463 1863 2737 1929 secundum
2762 1865 3052 1920 electionem
3081 1868 3397 1951 propositum
3418 1867 3513 1924 Dei
3543 1880 3793 1947 maneret,

2209 1965 2311 2005 non
2337 1966 2401 2006 ea:
2424 1954 2678 2035 operibus,
2700 1954 2790 2010 sed
2818 1971 2882 2010 ea:
2904 1965 3110 2012 vocante
3132 1957 3321 2015 dictum
3340 1969 3430 2028 est,
3466 1960 3602 2031 Quia
3629 1963 3799 2034 major

2208 2045 2385 2103 serviet
2405 2046 2605 2101 minori.
2630 2047 2696 2102 Et
2727 2048 2811 2103 hic
2833 2056 2954 2104 tene
2974 2052 3026 2104 in
3048 2061 3229 2106 mente
3257 2050 3577 2108 electionem
3599 2069 3709 2109 non
3728 2070 3797 2115 ex

2208 2137 2481 2208 Operibus,
2509 2150 2668 2209 quam
2697 2139 2929 2215 quodam
2954 2140 3114 2198 modo
3143 2142 3389 2214 exposuit
3415 2143 3679 2216 propheta
3698 2160 3800 2217 po-

2206 2234 2429 2300 sterior;
2461 2232 2604 2305 quod
2646 2234 2973 2305 subjungens
3016 2235 3302 2307 Apostolus
3331 2237 3425 2305 ait,
3475 2236 3623 2293 Sicut
3661 2240 3795 2295 scri-

2209 2333 2354 2396 ptum
2397 2332 2488 2390 est,
2532 2324 2692 2380 Iacob
2739 2325 2914 2393 dilexi,
2950 2325 3091 2381 Esau
3122 2338 3290 2382 autem
3326 2328 3443 2384 adio
3486 2329 3661 2395 habui.
3695 2330 3796 2388 Hic

2205 2418 2437 2476 occurrit
2471 2418 2714 2489 qumstio,
2745 2433 2864 2489 quae
2897 2418 3212 2487 perturbare
3242 2428 3422 2490 posset
3451 2435 3557 2477 non
3596 2422 3794 2478 intelli-

2204 2519 2393 2582 gentes
2433 2509 2768 2565 altitudinem
2788 2509 3014 2581 gratim:
3048 2526 3273 2583 eamque
3316 2512 3415 2567 sibi
3444 2512 3559 2583 ipse
3587 2531 3792 2587 propos

2205 2618 2362 2671 nens,
2392 2602 2486 2671 ait,
2520 2601 2658 2670 Quid
2685 2620 2803 2675 ergo
2847 2602 3105 2659 dicemus?
3147 2605 3396 2675 numquid
3433 2607 3674 2677 iniquitas
3717 2619 3795 2665 est

2204 2697 2344 2773 apud
2379 2695 2581 2751 Deum?
2617 2695 2779 2765 Absit.
2813 2697 2877 2763 Et
2920 2705 2977 2753 ut
3015 2696 3231 2756 doceret
3255 2697 3397 2769 quod
3432 2699 3585 2768 dixit,
3616 2702 3792 2760 absit:

2204 2788 2409 2862 Moyses
2430 2788 2471 2856 ³,
2518 2789 2671 2856 enim,
2711 2788 2902 2860 inquit,
2934 2789 3074 2856 dicit,
3110 2789 3385 2848 Miserebor
3427 2794 3511 2848 cui
3554 2796 3790 2853 misertus

2203 2900 2309 2951 ero,
2331 2892 2378 2939 et
2398 2881 2794 2937 misericordiam
2815 2883 3062 2953 prwstabo
3084 2884 3167 2939 cui
3185 2885 3468 2943 misericors
3487 2888 3651 2960 fuero.
3675 2887 3789 2962 Igi-

2204 2985 2285 3030 tur
2309 2992 2411 3030 non
2435 2975 2664 3041 volentis,
2690 2992 2846 3045 neque
2864 2976 3129 3044 currentis,
3152 2977 3242 3045 sed
3267 2976 3545 3037 miserentis
3570 2993 3644 3037 est
3668 2981 3785 3040 Dei.

2201 3068 2316 3125 Hoc
2339 3068 2384 3124 si
2403 3066 2731 3135 attenderes,
2762 3083 2867 3125 non
2893 3068 3179 3125 extolleres
3205 3080 3390 3128 contra
3419 3075 3646 3145 gratiam
3672 3092 3787 3136 me-

2202 3160 2308 3231 rita
2335 3161 2650 3231 voluntatis;
2687 3160 2774 3216 ubi
2804 3160 2978 3228 audis,
3003 3159 3123 3217 Non
3151 3162 3379 3233 volentis,
3402 3181 3560 3237 neque
3575 3183 3782 3223 curren-

2201 3253 2287 3322 tis,
2316 3254 2408 3309 sed
2434 3253 2712 3310 miserantis
2739 3261 2810 3316 est
2839 3252 2954 3308 Dei.
2979 3253 3093 3310 Non
3126 3270 3252 3326 ergo
3278 3255 3401 3311 ideo
3429 3258 3679 3315 misertus
3705 3271 3786 3318 est

2203 3343 2364 3411 Deus,
2402 3343 2524 3415 quia
2549 3343 2714 3400 voluit
2739 3353 2792 3400 et
2816 3346 3050 3400 cucurrit
3066 3344 3264 3413 Iacob;
3286 3346 3383 3404 sed
3404 3348 3526 3405 ideo
3546 3351 3709 3407 voluit
3730 3361 3786 3408 et

2201 3435 2435 3493 cucurrit
2461 3435 2648 3502 Iacob,
2678 3436 2800 3507 quia
2828 3437 3079 3493 misertus
3105 3448 3187 3493 est
3213 3439 3374 3495 Deus.
3405 3440 3630 3497 Paratur
3644 3443 3784 3500 enim

2201 3528 2445 3583 voluntas
2485 3542 2516 3581 a
2556 3527 2786 3583 Domino
2816 3526 2998 3601 (Prov.
3031 3544 3142 3596 vm,
3185 3546 3283 3584 sec.
3317 3528 3484 3605 LXX)
3510 3548 3526 3587 :
3552 3542 3653 3589 eta
3681 3534 3784 3590 Do-

2200 3619 2351 3679 mino
2373 3633 2589 3690 gressus
2619 3618 2850 3674 hominis
2878 3619 3198 3691 diriguntur,
3227 3630 3281 3683 et
3310 3621 3451 3682 viam
3483 3623 3600 3694 ejus
3642 3626 3785 3683 volet

2202 3709 2376 3781 (Psal.
2402 3727 2588 3776 xxxvi,
2606 3709 2722 3784 25).
2749 3711 2972 3781 Deinde,
2992 3713 3114 3782 quia
3134 3723 3348 3787 propter
3361 3714 3527 3772 Iacob
3547 3716 3684 3773 dicta
3700 3727 3787 3774 est

2202 3802 2302 3858 ista
2328 3803 2589 3858 sententia
2615 3803 2901 3874 generalis,
2930 3801 3055 3861 Non
3075 3804 3302 3870 volentis,
3331 3823 3489 3878 neque
3515 3810 3784 3879 currentis,

2201 3895 2290 3949 sed
2309 3894 2586 3961 ntiserentis
2613 3902 2683 3957 est
2710 3892 2802 3948 Dei
2827 3912 2847 3949 :
2872 3893 3028 3949 datur
3047 3895 3207 3951 etiam
3232 3897 3528 3968 exemplum
3557 3898 3624 3954 de
3642 3900 3789 3954 Pha-

2201 3999 2385 4053 raone,
2418 3994 2635 4057 propter
2662 3985 2713 4040 id
2745 3985 2887 4056 quod
2917 3972 3118 4041 dictum
3148 3996 3257 4055 est,
3298 3986 3436 4043 Esau
3465 3998 3631 4045 autem
3659 3993 3785 4048 odio

2200 4078 2384 4151 habui;
2432 4087 2487 4139 et
2522 4079 2819 4150 subjicitur,
2874 4079 3007 4135 Dicit
3034 4082 3168 4136 enim
3197 4081 3463 4156 Scriptura
3494 4082 3779 4152 Pharaoni,

2204 4171 2340 4240 Quia
2378 4171 2447 4226 ad
2477 4172 2569 4227 hoc
2605 4182 2652 4228 te
2677 4174 2911 4241 excitavi,
2957 4183 3012 4229 ut
3055 4175 3320 4230 ostendam
3366 4177 3421 4231 in
3450 4187 3515 4235 ,ιε
3550 4179 3783 4236 virtutem

2199 4281 2381 4331 meam,
2412 4274 2459 4321 et
2483 4274 2539 4320 ut
2563 4266 2888 4321 annuntietur
2907 4284 3086 4323 nomen
3103 4285 3267 4323 meum
3288 4270 3342 4325 in
3361 4271 3597 4327 universa
3624 4281 3778 4339 terra.

2199 4356 2327 4427 Post
2366 4355 2483 4429 hinc
2509 4357 2578 4421 ad
2613 4364 2899 4429 utrumque
2944 4360 3301 4436 concluditur,
3334 4361 3474 4433 Ergo
3503 4365 3649 4435 cujus
3676 4365 3781 4425 vult

2199 4449 2477 4516 miseretur,
2511 4457 2561 4504 et
2587 4465 2734 4521 quem
2759 4449 2866 4505 vult
2890 4450 3147 4507 obdurat:
3171 4452 3267 4508 sed
3293 4453 3581 4511 miseretur
3604 4455 3780 4526 utique

2198 4539 2491 4596 secundum
2511 4541 2756 4612 gratiam,
2783 4557 2903 4613 qua:
2925 4543 3091 4613 gratis
3110 4542 3284 4610 datur,
3308 4560 3416 4600 non
3434 4546 3638 4602 meritis
3661 4545 3777 4602 red-

2199 4633 2369 4700 ditur;
2401 4633 2628 4689 obdurat
2655 4647 2832 4690 autem
2861 4635 3153 4692 secundum
3177 4636 3459 4707 judicium,
3499 4639 3640 4710 quod
3668 4655 3776 4695 me—

2197 4726 2316 4782 ritis
2337 4725 2576 4783 redditur
2590 4725 2632 4779 ι.
2660 4725 2736 4782 De
2774 4741 2946 4781 massa
2986 4727 3180 4798 quippe
3202 4728 3451 4785 damnata
3477 4731 3653 4787 facere
3686 4745 3777 4787 vas

2198 4815 2255 4871 in
2280 4815 2562 4886 honorem,
2592 4816 2873 4875 manifesta
2903 4825 2985 4873 est
3004 4820 3185 4889 gratia
3206 4835 3220 4873 :
3245 4817 3419 4877 facere
3447 4832 3625 4877 autem
3658 4821 3778 4878 inde

2197 4924 2292 4966 vas
2321 4910 2375 4965 in
2402 4910 2799 4978 contumeliam,
2823 4908 3027 4981 justum
3062 4910 3323 4982 judicium
3361 4921 3463 4969 est.
3506 4913 3641 4973 Hinc
3666 4914 3779 4985 jam

2197 5001 2486 5073 subjiciens
2509 5001 2671 5058 verba
2696 5017 2906 5069 eorum,
2927 5003 3119 5075 quibus
3140 5002 3245 5073 hoc
3265 5004 3529 5076 displicet,
3551 5006 3626 5060 ait
3647 5024 3660 5060 :
3680 5005 3778 5060 Di-

2197 5093 2269 5151 cis
2294 5093 2461 5164 itaque
2483 5092 2627 5160 mihi,
2654 5093 2791 5161 Quid
2809 5093 2975 5149 adhuc
3003 5096 3329 5166 conqueritur
3345 5098 3371 5150 .9
3388 5114 3510 5151 nam
3534 5097 3777 5153 voluntati

2197 5185 2308 5256 ejus
2334 5184 2447 5256 quis
2473 5184 2698 5240 resistit?
2721 5184 2936 5255 Easque
2960 5185 3251 5245 cohibens:
3284 5186 3329 5242 Ο
3370 5188 3540 5261 homo,
3584 5182 3775 5260 inquit,

2198 5284 2251 5331 tu
2274 5275 2387 5348 quis
2421 5292 2474 5332 es
2505 5277 2594 5349 qui
2615 5277 2921 5349 respondeas
2947 5276 3093 5336 Deo?
3131 5277 3395 5354 Numquid
3421 5282 3543 5337 dicit
3565 5283 3777 5354 ﬁgmen-

2263 5477 2281 5541 δ
2301 5483 2409 5541 “.55-
2430 5481 2541 5531 Μ·
2567 5473 2782 5541 ﬁdem.

2261 5537 2662 5612 {sic_uss._t_?.diti,
2688 5537 2742 5591 in

2261 5600 2458 5665 frame,
2500 5600 2670 5665 Moysi.

2258 5659 2282 5694 ⁸
2304 5659 2646 5734 alterumﬁoc
2676 5664 2949 5734 membrum
2970 5669 3258 5734 sententiae,
3277 5667 3491 5734 oblita-at
3519 5676 3679 5722 autem
3707 5684 3781 5727 set

2197 5723 2412 5793 emittunt
2441 5723 2726 5793 judicium,
2766 5730 2892 5793 quod
2937 5729 3121 5793 meritis
3159 5723 3411 5793 reciditur,
3450 5746 3515 5782 ex
3550 5723 3780 5784 veterum

2198 5786 2557 5863 librorum'ﬁde
2588 5786 2907 5841 rcstituiums.
2942 5791 2987 5840 td
3022 5792 3203 5844 habent
3242 5786 3408 5845 etiam'
3431 5795 3558 5846 Beda
3592 5802 3643 5863 et
3676 5796 3780 5848 Ho-

2200 5861 2301 5900 ius.
