4062 6502
294 346 427 403 ΠΗ

291 474 402 518 tum
426 458 474 516 ei
495 460 582 531 qui
606 476 662 515 se
689 457 857 529 ﬁnxit,
892 455 1028 523 Quid
1057 472 1135 509 me
1160 454 1321 524 fecisti
1359 452 1474 508 sic?
1507 453 1689 507 Annon
1727 451 1876 505 habet

291 561 589 627 potestatem
632 551 820 622 ﬁgulus
862 549 977 616 luti,
1016 564 1079 604 ea:
1120 546 1295 603 eadem
1324 563 1491 601 massa
1530 551 1695 620 facere
1734 543 1877 597 aliud

286 646 493 719 quidem
520 660 607 699 vas
630 643 681 697 in
707 642 971 709 honorem,
1000 639 1142 695 aliud
1165 657 1216 695 ιη
1250 637 1646 694 contumeliam?
1672 635 1806 692 Vide
1831 634 1876 690 si

287 755 400 795 non
429 743 692 792 consonat
717 732 1085 804 superioribus
1113 732 1242 797 suis,
1287 738 1341 786 et
1383 729 1630 786 dissentit
1669 744 1699 783 a
1731 728 1873 783 tuis:

289 832 382 904 qui
414 839 569 900 putas
597 828 699 883 hoc
740 827 942 883 dictum
970 825 1263 882 secundum
1302 824 1486 880 merita
1519 824 1873 888 voluntatum,

286 932 476 978 contra
498 920 550 977 id
576 918 714 990 quod
740 918 854 989 ipse
880 919 977 984 ait,
998 916 1123 983 Cum
1149 917 1280 971 enim
1308 915 1530 970 nondum
1559 914 1665 969 nati
1688 922 1874 978 essent,

285 1029 380 1067 nec
405 1010 600 1081 aliquid
628 1009 843 1081 egissent
874 1009 992 1063 boni
1015 1009 1092 1063 ecl
1117 1007 1262 1073 mali,
1292 1017 1345 1062 ut
1370 1004 1648 1061 secundum
1675 1004 1877 1059 electio-

286 1121 404 1159 nem
430 1102 742 1173 propositum
768 1099 865 1156 Dei
893 1108 1132 1167 maneret,
1170 1114 1272 1161 non
1301 1113 1365 1157 ea:
1392 1095 1645 1169 aperibus,
1686 1094 1778 1151 sed
1814 1112 1879 1151 ea:

287 1203 503 1250 vocante
523 1193 714 1247 dictum
738 1200 832 1256 est,
866 1190 997 1256 Quia
1024 1190 1189 1254 maior
1210 1188 1388 1243 serviet
1417 1187 1631 1252 minori;
1666 1195 1721 1243 et
1749 1202 1879 1243 con-

290 1295 378 1342 tra
404 1285 455 1340 id
481 1282 618 1353 quod
651 1284 764 1354 ipse
793 1282 886 1347 ait,
913 1280 1084 1352 Igitur
1108 1296 1209 1335 non
1230 1279 1459 1346 volentis,
1487 1295 1645 1348 neque
1668 1296 1878 1335 curren-

294 1377 384 1444 tis,
407 1376 497 1431 sed
521 1375 799 1445 miserrntia
827 1382 900 1429 est
932 1370 1043 1427 Det.
1075 1369 1187 1429 Nec
1211 1371 1592 1429 solumcontra
1618 1369 1735 1427 lucc
1756 1386 1876 1441 quae

289 1473 704 1540 prmeesserunt,
747 1479 933 1520 verum
979 1463 1140 1520 etiam
1183 1473 1370 1518 contra
1416 1461 1506 1517 illa
1533 1477 1651 1533 qua:
1682 1461 1875 1516 subse-

289 1566 550 1629 quuntnr.
573 1555 714 1611 Vasa
738 1556 934 1627 quippe
961 1555 1054 1609 ira:
1083 1553 1231 1620 dicit,
1261 1568 1379 1625 qua:
1407 1562 1534 1608 sunt
1564 1552 1800 1623 perlecta
1824 1553 1876 1607 in

286 1649 678 1722 perditionem;
726 1648 870 1719 quod
901 1647 1154 1718 iujnstmn
1180 1656 1345 1713 esset,
1390 1646 1490 1701 nisi
1527 1647 1781 1702 omnibus
1809 1662 1876 1702 ex

286 1757 401 1797 uno
443 1741 497 1796 in
545 1739 1044 1797 condemnationem
1102 1737 1433 1794 sentientibus
1469 1736 1580 1814 jam
1627 1737 1877 1793 damnata

287 1850 470 1892 massa
506 1843 682 1889 esset:
705 1840 761 1888 et
783 1847 909 1895 vasa
937 1831 1066 1889 dicit
1094 1830 1494 1897 misericordias,
1518 1847 1641 1900 quae
1674 1846 1880 1900 praepa-

287 1924 429 1980 ravit
451 1925 505 1979 in
530 1923 787 1994 gloriam:
818 1922 886 1978 ad
915 1920 1335 1979 misericordiam
1355 1921 1550 1993 quippe
1568 1930 1875 1992 gratuitam,

288 2031 401 2071 non
421 2014 677 2082 debitam,
700 2014 925 2084 pertinet
947 2013 1015 2069 de
1038 2028 1213 2068 massa
1241 2012 1491 2073 damnata
1520 2028 1645 2069 vasa
1678 2014 1730 2068 in
1758 2014 1876 2083 glo-

288 2108 426 2163 riam
456 2121 787 2177 prreparare;
813 2122 913 2160 non
936 2105 1103 2161 solum
1124 2120 1190 2162 ea:
1211 2103 1434 2170 Iudicis,
1461 2104 1767 2171 sieutdicit;
1788 2104 1879 2158 sed

284 2199 440 2255 etiant
463 2214 526 2253 ea:
550 2195 813 2264 Gentibus,
847 2205 1066 2266 propter
1087 2195 1229 2265 quod
1253 2196 1400 2266 ponit
1428 2195 1788 2251 testimonium
1809 2195 1877 2254 de

284 2291 427 2345 Osee
442 2288 724 2361 propheta,
752 2287 935 2346 Yocavi
951 2305 1051 2342 non
1070 2285 1259 2361 plebem
1275 2304 1457 2355 meatu,
1478 2288 1668 2357 plebem
1690 2302 1877 2353 meam;

284 2392 341 2439 et
370 2383 441 2438 de
467 2382 622 2449 lsaia,
646 2379 870 2452 Propter
898 2379 1065 2435 Israel
1092 2380 1319 2451 reliquiae
1344 2380 1499 2439 saluts
1522 2380 1666 2450 fient.
1699 2378 1770 2439 Ut
1792 2395 1879 2434 an.

288 2484 397 2531 tem
426 2485 607 2532 essent
628 2475 743 2529 ista:
763 2473 1024 2545 reliquiae,
1051 2474 1219 2544 gratia
1248 2473 1343 2529 Dei
1369 2474 1566 2528 factum
1592 2488 1713 2529 esse
1738 2473 1878 2528 testi-

288 2568 473 2623 monio
488 2575 740 2638 sequente
758 2565 937 2635 docet,
965 2581 1062 2636 per
1081 2565 1328 2622 eumdem
1361 2564 1673 2636 prophetam
1701 2563 1879 2620 dicen-

291 2666 427 2726 tem,
475 2657 591 2712 Nisi
632 2656 881 2711 Dominus
921 2656 1133 2715 sabaeth
1176 2655 1460 2728 reliquisset
1502 2655 1645 2712 nobis
1686 2672 1873 2711 semen.

292 2749 501 2805 Deinde
525 2748 751 2805 ostendit
774 2748 976 2805 Gentes
1014 2763 1087 2809 ex
1124 2748 1231 2806 lide
1257 2748 1675 2819 apprehendisse
1712 2747 1878 2818 justi-

286 2843 455 2898 tiam:
483 2840 644 2898 Israel
669 2851 849 2899 autem
878 2843 999 2900 ideo
1023 2858 1128 2898 non
1149 2843 1588 2914 apprehendisse,
1613 2844 1736 2914 quia
1771 2858 1876 2901 non

285 2949 354 2990 ex
386 2935 507 3000 title,
544 2933 641 2991 sed
667 2943 916 3007 tanquam
943 2950 1012 2991 ex
1036 2936 1309 3006 operibus.
1338 2935 1498 2992 Fides
1519 2936 1663 2992 enim
1691 2935 1872 3001 habet,

284 3028 430 3097 qnmd
451 3028 735 3099 aliquando
754 3037 876 3099 post
900 3028 1061 3084 dicit:
1087 3028 1341 3095 animum
1364 3030 1527 3085 omnis
1552 3029 1642 3101 qui
1668 3030 1876 3085 invoca-

282 3121 414 3174 verit
433 3136 613 3175 nomen
640 3118 870 3187 Domini,
897 3120 1068 3177 salvus
1086 3121 1198 3177 erit.
1229 3121 1304 3178 Ad
1327 3136 1486 3193 quam
1509 3122 1734 3179 salutem
1756 3136 1878 3193 per-

290 3210 446 3280 tinet,
474 3220 532 3268 ut
558 3226 720 3281 opera
767 3212 904 3268 bona
945 3220 1000 3269 et
1036 3213 1233 3283 institis
1286 3214 1442 3272 nobs
1471 3228 1536 3270 ex
1567 3213 1678 3269 Deo
1705 3214 1871 3278 sint‘,

288 3317 397 3357 non
423 3318 489 3357 ex
517 3304 689 3358 nobis.
723 3302 950 3375 Propter
973 3304 1136 3375 quod,
1165 3303 1234 3360 de
1270 3304 1377 3361 lifts
1405 3305 1492 3376 qui
1522 3320 1627 3360 non
1656 3320 1720 3360 ex
1749 3304 1872 3370 (ide,

288 3391 387 3448 sed
417 3402 664 3463 tanquam
690 3408 756 3449 ex
782 3395 1033 3467 operibus
1069 3394 1407 3451 oti'enderunt
1432 3397 1484 3451 in
1516 3396 1748 3466 lapidem
1795 3394 1879 3451 of-

292 3485 575 3554 fensionis,
605 3487 861 3558 sequitur,
907 3494 964 3543 et
1004 3487 1138 3543 dicit
1173 3506 1187 3544 :
1229 3487 1462 3554 Fratres,
1491 3488 1620 3544 bona
1647 3487 1877 3544 voluntas

294 3577 500 3647 quidem
526 3580 688 3633 cordis
711 3580 826 3648 mei,
857 3587 905 3634 et
942 3580 1228 3651 deprecatio
1256 3579 1325 3634 ad
1353 3578 1518 3634 Deum
1559 3596 1653 3651 pro
1688 3579 1792 3634 illis
1824 3578 1878 3636 in

292 3669 513 3724 salutem
532 3686 552 3724 :
576 3670 904 3726 testimonium
924 3671 1058 3725 enim
1079 3669 1313 3742 perhibeo
1333 3669 1436 3725 illis
1453 3672 1573 3740 quia
1597 3669 1763 3724 zelum
1781 3669 1879 3725 Dei

291 3763 501 3829 habent,
528 3763 618 3819 sed
644 3780 745 3818 non
764 3762 1041 3819 secundum
1080 3763 1359 3821 scientiam.
1406 3761 1708 3834 Ignorantes
1745 3762 1879 3817 enim

286 3855 390 3910 Dei
412 3856 667 3926 justitiam
695 3865 740 3912 et
767 3873 915 3911 suam
944 3856 1198 3928 justitiam
1238 3862 1514 3926 quwrentes
1555 3854 1874 3920 constituere,

280 3947 497 4018 justitiae
524 3945 619 4004 Dei
645 3964 746 4002 non
785 3956 901 4002 sunt
937 3940 1149 4018 subjecti
1178 3945 1352 4021 (Rom.
1378 3962 1454 4014 Ix,
1485 3944 1549 4013 6;
1576 3961 1609 4000 χ
1632 3986 1647 4011 ,
1675 3946 1729 4012 5,
1764 3945 1877 4017 15).

288 4037 445 4106 Quod
475 4038 694 4093 omnino
720 4047 775 4094 et
799 4053 898 4095 vos
919 4038 1123 4094 facitis:
1145 4038 1403 4108 justitiam
1424 4039 1619 4109 quippe
1645 4046 1877 4102 restrain

290 4130 453 4184 vultis
467 4132 816 4196 constituere,
835 4130 921 4187 cui
938 4130 1081 4185 Deus
1101 4129 1392 4186 secundum
1412 4128 1881 4185 meritaretribuot

288 4221 548 4289 gratiam;
578 4236 678 4276 nec
718 4221 879 4277 vultis
902 4221 1125 4293 gratiam
1153 4221 1248 4278 Dei
1276 4219 1608 4292 pramedere,
1637 4235 1759 4292 qua:
1783 4232 1880 4275 vos

360 4349 554 4422 uniti,
585 4355 643 4422 ut
667 4363 813 4416 opera
839 4350 981 4422 bona
1018 4350 1144 4414 sint,
1184 4356 1232 4404 et
1262 4349 1457 4416 justitia
1494 4349 1631 4405 nobis
1668 4363 1736 4405 ea:
1779 4360 1882 4404 Dea

297 4418 383 4462 stt.
413 4414 709 4475 Castigaatur
741 4426 804 4464 ex
836 4414 933 4466 ﬁde
965 4423 1045 4465 Its.
1078 4423 1204 4469 Fort.

1602 339 1804 395 LIBER
1842 336 2217 396 SECUNDUS.

3440 348 3578 406 ιω

1988 451 2144 507 iaciat
2170 453 2365 515 habere
2385 454 2663 526 justitiam.
2699 457 2898 515 Deinde
2924 472 3162 517 connexa
3192 459 3406 515 sibimet
3434 464 3576 515 serie

1985 544 2376 613 disputationis,
2427 548 2492 603 ad
2540 548 2666 603 illud
2708 550 2967 619 pervenit,
3001 550 3087 605 ubi
3117 551 3212 615 ait,
3260 550 3387 604 Dico
3429 567 3573 623 ergo,

1988 633 2038 687 Ν
2045 635 2251 703 nmquid
2298 640 2481 709 repulit
2524 637 2663 694 Dens
2711 638 2902 710 plebem
2943 641 3128 696 suam?
3158 641 3298 697 Absit
3332 656 3353 697 :
3379 657 3496 695 nam
3527 649 3576 696 et

1983 741 2073 799 ego
2103 723 2339 782 Israelita
2367 746 2501 796 sum,
2528 745 2590 784 ea:
2613 730 2801 785 semine
2828 732 3103 799 Abraham,
3135 749 3198 786 ea:
3228 731 3362 787 tribu
3389 731 3583 799 Battia-

1982 817 2086 872 min
2111 834 2129 875 :
2154 835 2254 874 non
2280 821 2465 891 repulit
2506 820 2639 876 Deus
2679 821 2869 891 plebem
2906 841 3072 891 suam,
3101 841 3253 897 quam
3295 824 3567 894 praesciuit,

1984 913 2062 967 An
2089 914 2287 968 nescitis
2308 915 2361 968 in
2390 914 2503 968 Elia
2526 915 2648 987 quid
2667 916 2786 971 dicit
2822 916 3111 987 Scriptura,
3142 917 3565 987 quemadmodum

1982 1006 2272 1077 interpellat
2297 1006 2462 1065 Deum
2486 1008 2728 1064 adversus
2763 1008 2970 1064 Israel?
3016 1009 3251 1071 Domine.
3295 1009 3569 1080 prophetas

1983 1106 2095 1153 tuos
2115 1098 2422 1164 occiderunt,
2445 1109 2490 1153 et
2508 1099 2691 1154 altaria
2712 1109 2800 1153 tua
2824 1098 3161 1166 stt/foderunt,
3183 1109 3227 1153 et
3248 1117 3336 1172 ego
3362 1099 3569 1154 relictus

1981 1206 2093 1244 sum
2120 1190 2277 1257 solus,
2308 1198 2355 1244 et
2382 1200 2613 1262 qtucrunt
2640 1191 2864 1244 animam
2906 1206 3087 1253 meam.
3136 1189 3243 1245 Sed
3278 1189 3402 1258 quid
3448 1189 3571 1243 dicit

1980 1281 2059 1337 illi
2087 1299 2381 1352 responsum
2407 1280 2669 1343 divinum?
2700 1281 2902 1350 Reliqui
2927 1283 3049 1337 mihi
3089 1293 3275 1353 septem
3305 1282 3467 1338 millia
3495 1282 3570 1336 ri—

1981 1389 2174 1438 rorunt,
2204 1374 2410 1440 quinon
2434 1381 2771 1433 curvaverant
2791 1389 2923 1444 genu
2941 1381 3058 1428 ante
3074 1372 3226 1429 Baal.
3256 1371 3348 1428 Sic
3374 1388 3493 1443 ergo
3523 1382 3570 1425 et

1982 1465 2035 1520 in
2059 1467 2154 1519 hoc
2183 1476 2404 1536 tempore
2437 1466 2666 1537 reliquiae
2707 1482 2797 1537 per
2840 1467 3132 1521 electionem
3173 1466 3352 1537 gratiae
3373 1466 3391 1496 ί
3421 1468 3570 1535 factte

1979 1567 2117 1614 sunt.
2144 1558 2206 1613 Si
2235 1568 2423 1627 autem
2447 1558 2631 1629 gratia,
2670 1559 2785 1626 jam
2812 1574 2913 1612 non
2940 1574 3003 1613 ex
3041 1558 3313 1627 operibus;
3338 1557 3568 1626 alioquin

1980 1650 2147 1721 gratia
2165 1651 2281 1721 jam
2309 1667 2410 1706 non
2439 1659 2513 1706 est
2543 1652 2728 1723 gratia.
2762 1650 2965 1707 Deinde
2993 1651 3113 1706 vide
3139 1650 3265 1721 quid
3291 1650 3566 1719 adjungat.

1985 1740 2122 1807 Quid
2148 1758 2289 1813 ergo,
2313 1743 2518 1813 inquit?
2537 1742 2689 1810 Quod
2731 1744 2981 1813 qna'rebat
3028 1742 3214 1807 Israel,
3248 1741 3342 1796 hoc
3366 1757 3466 1795 non
3495 1749 3571 1795 est

1981 1844 2312 1895 consecutus:
2333 1835 2508 1893 electio
2545 1844 2716 1891 autent
2739 1844 3009 1897 consecuta
3047 1843 3143 1889 est.
3186 1832 3294 1892 Sed
3321 1832 3569 1903 superius

1981 1926 2189 1997 reapice
2208 1927 2381 1998 qualis
2404 1927 2613 1991 electio,
2640 1926 2728 1981 ubi
2759 1928 2863 1980 ait:
2891 1926 3134 1999 Reliquite
3161 1942 3252 1996 per
3274 1925 3571 1981 electionem

1980 2020 2158 2093 gratia:
2180 2021 2329 2090 facta:
2341 2028 2457 2076 sunt
2476 2035 2496 2074 :
2510 2020 2555 2074 si
2568 2028 2737 2074 autem
2756 2020 2941 2089 gratia,
2956 2021 3070 2090 jam
3097 2036 3198 2074 non
3225 2034 3288 2074 ea:
3310 2017 3567 2087 operibus.

1980 2112 2049 2169 Et
2068 2113 2170 2169 hoc
2196 2111 2363 2168 refert
2387 2110 2475 2167 ad.
2498 2111 2647 2177 illud,
2697 2111 2836 2167 unde
2878 2110 3166 2181 disputatio
3190 2110 3289 2166 ista
3321 2108 3562 2181 profecta

1981 2216 2099 2264 est:
2127 2204 2253 2262 Cum
2280 2205 2411 2260 enim
2437 2204 2662 2259 nondum
2688 2203 2795 2258 uati
2822 2212 3006 2270 essent,
3033 2219 3192 2274 neque
3218 2200 3413 2273 aliquid
3437 2201 3571 2271 egis-

1981 2308 2089 2355 sent
2110 2299 2228 2353 boni
2252 2308 2339 2351 aut
2369 2295 2514 2365 ntali,
2540 2305 2594 2350 ut
2618 2296 2897 2352 secundum
2926 2296 3221 2351 electionem
3249 2296 3569 2368 propositum

1982 2388 2078 2444 Dei
2101 2397 2360 2452 maneret;
2389 2404 2492 2443 non
2515 2404 2581 2442 ea:
2600 2386 2855 2457 operibus.
2884 2386 3010 2442 [huc
3036 2396 3117 2441 est
3142 2386 3334 2441 electio
3357 2387 3566 2457 gratim,

1980 2497 2086 2537 non
2109 2498 2174 2536 ex
2196 2481 2462 2550 operibus,
2498 2497 2599 2552 qua
2621 2480 2643 2514 ³
2666 2481 2798 2536 llunt
2820 2494 2947 2534 vasa
2967 2479 3020 2534 in
3047 2479 3330 2545 honorem,
3357 2488 3417 2534 ut
3430 2480 3571 2535 bona

1981 2588 2141 2644 opera
2173 2571 2368 2627 faciant
2390 2589 2401 2626 :
2426 2572 2549 2642 quia
2568 2572 2707 2627 bona
2722 2586 2887 2642 opera
2904 2570 3301 2642 subsequuntur
3320 2571 3567 2642 gratiam,

1982 2683 2089 2724 non
2120 2666 2457 2738 prmcedunt;
2486 2664 2738 2736 quoniam
2758 2663 2926 2734 gratia
2957 2663 3051 2718 Dei
3084 2663 3210 2718 facit
3235 2671 3292 2719 ut
3316 2678 3379 2719 ea
3408 2663 3573 2718 facia-

1982 2776 2132 2827 mus;
2164 2774 2265 2816 nec
2289 2759 2675 2814 constituamus
2709 2758 2969 2829 justitiam
3020 2765 3280 2823 nostram,
3331 2756 3428 2813 sed
3477 2756 3573 2812 Dei

1978 2852 2181 2922 justitia
2205 2852 2276 2908 sit
2299 2851 2352 2906 in
2380 2850 2557 2917 nobis,
2587 2850 2638 2905 id
2664 2857 2768 2914 est,
2799 2864 2958 2920 quam
3004 2848 3170 2904 donat
3213 2850 3355 2906 Deus
3392 2848 3570 2905 nobis.

1981 2945 2162 3001 (ἔωθενὶ
2182 2961 2293 3001 vero
2314 2944 2548 2999 excaecati
2569 2941 2876 3016 sunt(Rom.
2896 2944 3042 3008 xui,
3061 2943 3154 3013 7):
3185 2942 3289 2998 hoc
3319 2951 3402 2999 est
3422 2941 3573 3013 judi-

1980 3037 2143 3103 cium,
2179 3050 2287 3108 quo
2317 3036 2448 3090 ﬁunt
2469 3051 2593 3090 vasa
2625 3036 2679 3089 iu
2709 3035 3119 3100 contumeliam;
3147 3046 3214 3091 es
3239 3049 3345 3106 quo
3366 3034 3571 3105 judicio

1980 3126 2182 3182 dictum
2208 3134 2312 3191 est,
2347 3125 2485 3180 Esau
2511 3135 2677 3179 autem
2707 3125 2826 3179 odio
2845 3125 3019 3179 habui.
3049 3122 3126 3180 Ex
3146 3139 3253 3194 quo
3273 3125 3474 3195 judicio
3493 3124 3576 3180 di-

1981 3226 2125 3274 ctum
2151 3225 2234 3272 est
2257 3215 2421 3271 etiam
2441 3215 2727 3280 Pharaoni,
2759 3214 2956 3269 Adhoc
2985 3223 3033 3270 te
3056 3215 3286 3270 excitavi.
3305 3213 3459 3270 Unde
3479 3228 3576 3285 ap-

1982 3318 2135 3380 paret
2159 3322 2254 3363 vos
2274 3307 2353 3363 sic
2375 3306 2754 3376 intelligentes,
2773 3306 2857 3362 vel
2884 3306 3059 3377 potius
3084 3320 3191 3361 non
3210 3304 3575 3376 intelligemus

1981 3398 2322 3470 Apostolum,
2342 3413 2407 3454 ex
2429 3397 2681 3468 operibus
2703 3406 2888 3453 contra
2918 3397 3143 3467 gratiam
3165 3396 3309 3452 velle
3330 3397 3570 3467 gloriari,

1982 3501 2036 3547 et
2062 3502 2292 3546 vestram
2311 3490 2571 3559 justitiam
2594 3490 2834 3545 volentes
2858 3490 3205 3554 constituere,
3231 3489 3451 3559 justititn
3476 3489 3576 3545 Dei

1983 3597 2091 3638 non
2118 3596 2240 3638 esse
2264 3580 2558 3650 subjectos.
2581 3579 2691 3636 Nos
2719 3595 2850 3636 vero
2874 3581 3041 3636 Deum
3071 3580 3286 3649 quidem
3317 3580 3573 3650 parvulo-

1983 3687 2101 3728 rum
2129 3671 2374 3744 0pit‘tcem
2404 3670 2791 3741 prmdicamus:
2818 3669 2914 3727 sed
2939 3685 3007 3728 ex
3034 3669 3222 3727 eadem
3253 3685 3433 3728 massa
3455 3687 3575 3728 me-

1984 3763 2130 3820 dium
2158 3764 2332 3819 locum
2358 3763 2520 3827 vasis,
2553 3762 2644 3817 ubi
2686 3776 2790 3819 nee
2825 3762 2878 3817 iu
2907 3762 3170 3818 honorem
3212 3762 3363 3830 ﬁant,
3393 3778 3491 3819 nec
3519 3764 3576 3820 in

1984 3854 2386 3919 contumeliam,
2413 3867 2572 3925 quem
2598 3868 2702 3909 non
2718 3852 2872 3909 dedit
2892 3853 3199 3923 Apostolus,
3222 3867 3328 3909 non
3353 3853 3573 3919 damus;

1984 3946 2128 4021 quod
2151 3960 2248 4002 vos
2293 3944 2539 4002 faciendo
2581 3944 2883 4002 suaderetis
2919 3944 3180 4016 judicium
3219 3944 3335 4013 Dei,
3370 3944 3418 4000 si
3446 3959 3575 4001 eum

1984 4038 2357 4097 tantummodo
2378 4038 2812 4105 Manichzeorum,
2842 4045 2898 4094 et
2939 4052 3055 4094 non
3076 4037 3315 4093 omnium
3353 4037 3570 4094 literati;

1986 4147 2169 4203 corutu
2189 4132 2382 4189 datum
2391 4140 2558 4189 torem
2572 4131 2948 4188 demonstrare
2968 4130 3218 4201 possetis.

2050 4290 2074 4351 εί
2098 4286 2371 4351 vignierius
2390 4285 2471 4336 hic
2491 4290 2544 4336 et
2564 4283 2686 4335 intra
2705 4286 2752 4333 iu
2773 4295 2837 4336 eo
2856 4282 2985 4333 Pauli
3296 4286 3577 4334 constanter

2460 4405 2576 4473 περ

1218 4671 1698 4789 LIBER
1755 4672 2636 4787 SECUNDUS.

353 4859 604 4927 ttet‘ellitnr
619 4865 748 4914 uber
766 4865 937 4927 iubant
959 4866 1017 4917 ad
1041 4867 1228 4918 Florum
1250 4868 1511 4924 secundus.
1533 4868 1617 4925 qui
1635 4866 1700 4916 de
1722 4864 1819 4916 illis
1841 4870 1917 4915 est
1939 4860 2149 4927 Apostoll
2168 4861 2348 4919 verbis,
2376 4862 2435 4910 ad
2456 4868 2691 4927 nomanos
2712 4876 2760 4926 ν,
2789 4870 2882 4927 per
2903 4873 3053 4927 unum
3074 4860 3313 4927 hominem
3330 4871 3583 4927 peccatum

287 4925 489 5004 nihilne
501 4927 747 5004 mundum
765 4922 980 5004 intrarit.
1002 4939 1149 5004 et'per
1173 4936 1423 5004 peccatum
1440 4922 1570 5004 mars
1587 4942 1605 4989 ;
1623 4932 1754 5004 etita
1772 4928 1826 5004 id
1838 4922 2000 5004 omnes
2021 4922 2250 5004 homines,
2278 4923 2632 5004 stella-tinuum
2648 4924 2725 4994 hic
2746 4922 2933 5004 reiecto
2952 4923 3190 4975 catholico
3374 4926 3583 5004 ‘seeup-

289 4984 404 5034 dum
427 4999 574 5050 quem
618 4991 911 5055 augustiaus
956 4992 1002 5040 in
1045 4984 1417 5055 libro'seeundo
1453 4992 1518 5042 de
1548 4984 1734 5055 Nuptiis
1767 4995 1819 5041 et
1859 4985 2283 5055 concupiscentia,
2323 4985 2493 5055 capite
2530 4985 2764 5055 vigesimo
2802 4984 3042 5055 septimo,
3081 4998 3140 5055 ea
3176 4990 3328 5055 verba
3361 4984 3445 5055 de
3470 4984 3583 5055 Adge

295 5044 493 5118 peeeaio
514 5044 834 5118 generatione
859 5053 908 5118 in
932 5066 1103 5104 clunes
1125 5054 1276 5117 ipsius
1298 5062 1518 5118 posteros
1535 5044 1821 5118 transmisso
1837 5044 2098 5118 exposuit)
2120 5046 2297 5118 frustra
2323 5044 2562 5118 biliorare,
2579 5044 2642 5118 'ut
2662 5044 2929 5118 secundum
2951 5046 3254 5118 Pelagianam
3270 5049 3497 5101 Increshn
3519 5051 3584 5101 de

298 5108 539 5172 exemplo“
547 5113 750 5175 peccati,
776 5126 874 5167 non
898 5115 948 5164 in
964 5108 1396 5181 omnes'postei‘os,
1418 5116 1508 5168 sed
1530 5117 1581 5167 in
1599 5120 1859 5179 peccantes
1879 5108 2065 5163 tantum
2080 5108 2353 5161 imitatione
2377 5109 2673 5160 transeuntis
2690 5146 2705 5172 ,
2730 5108 3085 5175 intelliganer

1746 5240 2118 5299 mw

376 5360 416 5413 Ι.
455 5359 724 5422 Ιυωιηυε.
766 5364 1059 5425 Commode
1102 5369 1378 5426 nobiseum
1419 5380 1690 5442 ageretur,
1722 5370 1764 5425 si
1795 5378 1887 5423 aut

297 5453 441 5522 apud
468 5455 707 5512 eruditos
729 5457 936 5528 judices
960 5464 1232 5534 negotium
1255 5464 1494 5521 veritatis
1514 5466 1648 5541 tueri
1672 5465 1889 5522 daretur

299 5543 566 5613 incultas;
608 5556 699 5603 aut
742 5553 868 5621 quia
918 5552 1020 5608 hoe
1066 5554 1280 5609 interim
1320 5565 1562 5626 negatur,
1607 5556 1692 5615 vel
1739 5557 1887 5616 nullo

297 5635 667 5706 imperitorum
696 5641 1185 5700 obverberaremur
1214 5647 1459 5703 tumultu.

370 5731 727 5787 Aecusrisus.
767 5732 926 5789 Tales
968 5744 1117 5792 certe
1155 5737 1393 5794 eruditos
1430 5739 1636 5809 judices
1670 5743 1884 5814 quatris,

297 5822 385 5892 qui
424 5822 526 5877 nisi
568 5822 768 5881 fuerint
803 5826 1001 5883 exculti
1031 5836 1085 5883 et
1112 5828 1288 5884 ornati
1320 5829 1619 5889 liberalibus
1649 5836 1885 5904 discipli-

1994 5362 2100 5430 nis,
2136 5379 2309 5434 neque
2352 5365 2715 5436 ignoraverint
2748 5368 2875 5438 quid
2917 5369 3182 5425 senserint
3221 5367 3381 5425 etiam
3424 5368 3583 5440 hujus

1993 5454 2178 5511 mundi
2204 5456 2222 5488 ¹
2251 5456 2573 5527 pitiIOSOphi,
2603 5457 2672 5513 de
2703 5458 2809 5514 tuis
2841 5457 2999 5515 dictis
3034 5459 3275 5529 judicare
3312 5475 3418 5514 non
3461 5475 3586 5530 pos-

1994 5544 2128 5601 sint.
2152 5546 2300 5602 Talis
2330 5547 2415 5602 bic
2444 5555 2559 5603 erat
2579 5547 2916 5615 Ambrosius,
2946 5564 3105 5620 quem
3132 5548 3366 5617 judicem
3396 5550 3441 5604 si
3475 5565 3582 5606 non

1990 5638 2207 5711 refugis,
2229 5637 2472 5697 dubitare
2498 5656 2605 5696 non
2630 5641 2814 5707 debes,
2839 5640 3131 5713 justissima
3150 5651 3202 5697 te
3226 5657 3347 5697 esse
3362 5641 3583 5697 damna-

1992 5739 2123 5786 tum.
2173 5729 2269 5786 ille
2294 5731 2436 5787 enim
2462 5732 2594 5790 dixit
2621 5780 2635 5804 ,
2671 5755 2690 5790 ι
2718 5735 2915 5793 Omnes
2944 5734 3189 5805 homines
3216 5736 3315 5792 sub
3348 5748 3579 5807 peccato

2050 5849 2183 5900 'llss.
2218 5848 2332 5899 Mar.
2368 5859 2416 5902 et
2448 5862 2597 5909 Fort.
2624 5850 2768 5901 uadi.
