4062 6516
580 391 715 449 11ίὸ

573 505 862 560 nascimur,
893 518 1111 573 quorum
1139 502 1250 570 ipse
1279 510 1426 555 ortus
1455 501 1506 554 in
1535 500 1662 554 vitio
1691 509 1770 555 est
1791 518 1809 551 ι
1846 498 1943 571 (De
1966 497 2140 551 Panti—

575 599 748 659 tentia,
778 598 865 666 lib.
895 597 945 659 l,
971 611 1086 663 cap.
1113 595 1147 646 2
1175 596 1250 646 rel
1272 594 1346 664 5)
1375 611 1387 646 :
1415 602 1474 647 ut
1517 593 1598 646 his
1624 593 1796 646 verbis
1827 593 1966 657 suis,
1989 590 2144 645 Chri-

573 696 712 742 stum
739 685 1085 747 Salvatorcm,
1121 684 1220 738 hoc
1247 693 1348 746 est,
1376 683 1554 738 .lcsum
1581 681 1886 736 ostenderet
1911 681 2142 751 parvulis

573 777 927 831 necessarium
957 792 969 827 :
1003 776 1086 830 cui
1119 783 1173 828 tu
1200 790 1319 828 cum
1348 774 1698 838 contradicis,
1738 771 2006 828 fatendum
2050 771 2142 826 tibi

572 875 676 930 est,
708 866 778 920 ita
820 874 872 919 te
900 864 1095 919 habere
1124 865 1258 918 velle
1283 864 1490 934 judices
1517 864 1775 930 eruditos,
1806 871 1862 917 ut
1889 862 2021 917 nolis
2051 861 2144 915 ha-

573 957 699 1012 bere
721 955 927 1026 judices
955 955 1245 1010 catholicos
1273 955 1610 1009 christianos.

647 1045 710 1099 ll.
749 1045 868 1100 JUL.
909 1045 976 1099 Et
1003 1045 1124 1114 quia
1153 1044 1444 1099 obtollendi
1475 1045 1491 1076 ¹
1519 1060 1570 1098 ιη
1607 1044 1964 1099 Ecclesiarum
2005 1042 2147 1097 salu-

569 1144 678 1188 tem
724 1136 905 1205 troprci
949 1135 1140 1190 danma
1190 1137 1531 1204 perpetimur,
1580 1135 1722 1204 quod
1774 1135 1924 1188 bona:
1971 1149 2144 1188 causa:

569 1224 846 1294 prudentia
875 1227 1204 1297 cognitorum
1243 1227 1390 1282 miris
1428 1237 1542 1281 erat
1579 1228 1813 1280 delatura
1845 1227 2141 1296 suffragiis;

569 1313 656 1368 vel
684 1313 812 1370 nihil
841 1315 982 1370 aliud
1018 1315 1084 1370 ad
1113 1317 1134 1348 ¹¹
1163 1316 1508 1370 contumelias
1538 1325 1748 1369 nostras
1777 1316 1915 1384 vulgi
1947 1316 2144 1369 valeret

566 1405 832 1459 assensio.
859 1405 934 1460 De
965 1404 1047 1460 his
1075 1421 1224 1475 ergo,
1264 1421 1393 1475 quas
1422 1405 1564 1470 dixi,
1597 1405 1866 1459 hominum
1907 1407 2144 1475 partibus

568 1509 674 1548 una
718 1496 872 1551 nobis
918 1497 1212 1566 prodesset,
1245 1498 1409 1552 altera
1441 1496 1570 1550 nihil
1599 1507 1836 1562 noceret,
1865 1497 1910 1550 si
1937 1505 2028 1550 aut
2056 1497 2142 1551 illa

569 1595 883 1656 potestatem
931 1588 1222 1656 obtineret,
1263 1598 1352 1643 aut
1395 1591 1493 1643 ista
1523 1589 1915 1644 verecundiam.
1947 1589 2141 1644 Verum

567 1678 694 1748 quia
719 1694 894 1733 rerum
919 1689 1002 1734 est
1025 1695 1209 1750 magna
1231 1679 1490 1747 confusio,
1512 1691 1565 1736 et
1584 1680 1894 1735 stolidornm
1917 1681 2143 1738 maxima

569 1768 886 1830 multitudo:
915 1772 1210 1842 eripiuntur
1235 1773 1488 1828 Ecclesiae
1517 1773 1870 1843 gubernacula
1901 1773 2140 1840 rationis,

568 1869 628 1916 ut
656 1874 836 1918 erecto
864 1879 1028 1920 cornu
1059 1865 1284 1920 veliﬁcet
1314 1865 1500 1936 dogma
1537 1867 1810 1936 populare.

638 1955 774 2010 Acs.
814 1955 867 2011 Si
897 1956 997 2012 hoc
1025 1957 1162 2026 quod
1190 1958 1496 2022 asscrimus,
1527 1958 1714 2026 dogma
1745 1957 1996 2027 populare
2023 1966 2139 2024 est;

566 2059 675 2099 non
695 2053 777 2100 est
796 2061 922 2116 ergo
943 2046 1130 2116 dogma
1155 2037 1559 2102 Manichaeorum
1587 2047 1708 2112 hoc,
1734 2048 1874 2116 quod
1901 2049 1952 2102 in
1980 2063 2144 2118 popu—

565 2135 630 2189 lis
656 2135 959 2193 christianis
980 2147 1157 2193 mente
1185 2139 1386 2206 perdita
1413 2153 1705 2209 oppugnas.
1730 2138 2140 2194 Manichaeorum

563 2227 760 2297 quippe
788 2227 1108 2283 dementiam
1153 2229 1203 2282 in
1241 2229 1423 2297 paucis
1461 2233 1651 2284 merito
1677 2230 1973 2285 contemnis
2003 2249 2014 2284 :
2048 2230 2142 2286 sed

563 2315 731 2372 habes
769 2328 822 2372 ct
867 2327 1030 2384 tuam,
1070 2334 1172 2389 qua
1213 2320 1426 2375 nomine
1463 2320 1890 2384 Manichtcorum,
1923 2336 2015 2376 cos
2044 2337 2142 2392 p09

563 2407 719 2476 pulos
746 2425 880 2480 quos
903 2410 1112 2480 judices
1137 2411 1355 2482 refugis,
1383 2412 1607 2468 reddere
1636 2414 1791 2469 nobis
1817 2416 2027 2470 conaris
2054 2416 2139 2469 iu-

561 2499 762 2566 fcstos;
803 2502 952 2571 quasi
997 2504 1201 2572 possint
1243 2505 1423 2574 populi
1465 2513 1550 2559 tua
1587 2506 1908 2575 loquacitate
1935 2507 2140 2576 decepti

561 2589 907 2646 Manichmum
949 2592 1130 2648 dicere
1173 2594 1542 2661 Ambrosium,
1574 2595 1922 2651 Manicltmum
1962 2596 2141 2652 dicere

561 2679 883 2752 Cyprianum
905 2725 920 2750 ,
952 2684 1039 2752 qui
1069 2692 1288 2754 pr0ptcr
1315 2687 1538 2741 salutem
1587 2687 1746 2742 etiam
1798 2689 2140 2758 parvulorum

563 2771 860 2829 docuerunt
893 2787 1014 2830 esse
1049 2775 1304 2844 originale
1333 2785 1629 2846 peccatum.
1655 2777 1809 2832 Tales
1840 2785 2014 2832 autem
2045 2793 2140 2847 po-.

563 2863 720 2932 pulos
767 2880 871 2920 non
921 2863 1063 2932 fecit,
1106 2867 1202 2922 sed
1250 2868 1450 2925 invenit
1477 2867 1826 2934 Ambrosius;
1859 2885 1962 2922 non
1995 2869 2136 2934 fecit,

561 2954 662 3010 sed
709 2955 908 3012 invenit
953 2959 1113 3014 etiam
1159 2959 1274 3028 ipse
1295 2960 1594 3032 Cyprianus
1626 2977 1640 3015 :
1669 2961 1800 3016 tales
1827 2961 2051 3030 populos
2088 2962 2138 3018 in

565 3048 624 3102 Et
645 3049 806 3104 clesia
848 3050 1051 3106 invenit
1077 3053 1233 3106 etiam
1268 3063 1417 3121 pater
1448 3061 1588 3120 tuus,
1611 3053 1821 3123 quando
1845 3053 2140 3122 baptizatus

562 3153 626 3194 es
651 3138 694 3205 ³,
722 3149 779 3194 ut
825 3140 1038 3207 dicitur,
1083 3143 1380 3210 parvulus;
1428 3143 1560 3197 tales
1603 3152 1872 3212 postremo
1919 3144 2141 3212 populos

563 3230 856 3286 catholicos
886 3231 1161 3286 invenistis
1185 3242 1238 3286 et
1264 3248 1378 3288 vos.
1405 3233 1742 3303 Compescite
1762 3247 1891 3298 vos;
1917 3231 2141 3289 fatemur

565 3319 758 3390 dogma
808 3329 1044 3375 nostrum
1089 3335 1209 3376 esse
1259 3323 1554 3393 populare:
1587 3323 1708 3392 quia
1757 3325 1979 3393 populus
2028 3325 2141 3394 ejus

563 3423 770 3476 sumus,
799 3411 888 3481 qui
929 3419 1208 3481 pr0pterca
1247 3422 1330 3468 est
1367 3413 1662 3483 appellatus
1683 3413 1856 3481 Iesus,
1883 3416 2003 3484 quia
2029 3416 2140 3470 sal--

564 3516 687 3556 vum
711 3500 836 3556 facit
861 3504 1109 3572 populum
1138 3518 1290 3558 suum
1316 3519 1349 3562 a
1381 3505 1614 3575 peccatis
1637 3521 1822 3560 eorum
1846 3505 2058 3580 (Matth.
2087 3523 2138 3572 ι,

563 3596 656 3666 2|)
686 3613 699 3650 :
728 3609 760 3650 a
785 3610 892 3666 quo
918 3596 1114 3666 populo
1142 3611 1262 3652 cum
1291 3611 1540 3667 separare
1567 3598 1814 3667 parvulos
1843 3599 2019 3666 vultis,
2049 3613 2142 3656 vos

563 3687 710 3757 ipsos
730 3686 902 3756 potius
929 3686 1205 3756 separatis.

637 3777 724 3836 Ill.
763 3779 882 3836 let.
924 3781 998 3836 lta
1023 3796 1144 3838 cum
1171 3781 1517 3851 prudentibus
1543 3797 1728 3854 parum
1759 3783 1912 3849 licet,
1944 3783 2141 3838 vilibus

565 3881 744 3928 autem
786 3872 1060 3943 quodlibet
1097 3875 1256 3928 etiam
1295 3873 1419 3929 licet
1457 3872 1510 3940 ‘.;
1558 3875 1880 3930 seditionum
1926 3873 2142 3930 decreto

565 3963 783 4022 exclusa
823 3973 904 4018 cst
938 3963 1004 4019 de
1031 3963 1284 4020 Ecclesiis
1310 3979 1535 4020 censura
1561 3966 1809 4020 virtutum
1838 3983 1851 4020 :
1882 3966 2142 4037 nobisque

570 4054 670 4112 hoc
689 4053 830 4124 apud
862 4053 1104 4111 homines
1131 4055 1274 4126 vulgi
1304 4055 1488 4121 ofﬁcit,
1517 4055 1656 4125 quod
1679 4057 1916 4110 accessio
1945 4057 2144 4112 erroris

565 4159 686 4200 esse
727 4145 1031 4211 renuimus;
1062 4146 1226 4216 vulgi,
1267 4146 1506 4216 inquam,
1535 4146 1624 4216 qui
1664 4147 1944 4202 sententiae
1979 4148 2143 4202 meri-

567 4243 682 4310 tum
732 4236 798 4292 de
850 4237 1292 4312 prOSpcritatibus
1343 4237 1662 4312 ponderans,
1711 4252 1832 4310 eam
1883 4237 2143 4292 veriorem

567 4328 814 4392 resumat,
842 4321 1002 4398 quam
1033 4311 1272 4397 pluribus
1300 4311 1509 4397 placere
1535 4327 1894 4397 conspexerit.

639 4421 775 4475 Αυσ.
815 4418 1079 4490 Numquid
1107 4418 1429 4474 Manichmus
1467 4418 1702 4488 pluribus
1730 4419 1903 4490 placet
1917 4417 1946 4474 ?.
1969 4434 2146 4476 nonne

570 4510 710 4588 sicut
729 4510 1027 4592 parricidae,
1051 4517 1104 4565 et
1123 4509 1296 4590 pauci,
1322 4517 1377 4564 et
1399 4509 1614 4580 pessimi
1641 4509 1799 4564 sunt?
1820 4509 1995 4565 Nolite
2019 4526 2146 4582 ergo

571 4601 640 4658 de
685 4601 947 4671 paucitate
993 4599 1240 4670 gloriari;
1289 4607 1361 4666 et,
1410 4599 1548 4670 quod
1598 4608 1679 4655 est
1723 4599 1939 4666 vanius,
1969 4601 2146 4656 dicere

569 4691 714 4763 quod
762 4691 998 4761 pluribus
1037 4691 1242 4761 placeat
1284 4690 1476 4760 dogma
1522 4699 1784 4769 nostrum,
1822 4700 1876 4746 et
1915 4691 2148 4770 objicere

571 4783 724 4837 nobis
753 4781 1142 4836 detestabilium
1170 4780 1357 4851 dogma
1381 4795 1690 4850 paucorum.

647 4870 734 4936 ιγ.
773 4870 894 4934 ,Ιυιη
935 4869 1193 4940 Quodque
1221 4871 1294 4924 ait
1333 4871 1383 4930 in
1415 4871 1698 4940 Epicurum
1729 4871 1949 4934 Tullius.
1974 4873 2146 4928 mani-

572 4965 710 5018 festo
741 4969 1052 5034 argumento
1077 4977 1183 5014 non
1221 4960 1326 5030 dici
1369 4961 1456 5016 illa
1486 4962 1770 5035 subtiliter,
1799 4964 1940 5032 quod
1967 4965 2146 5034 cujus-

574 5053 782 5110 cemodi
808 5055 830 5086 ⁵
859 5053 1102 5114 homines
1129 5053 1322 5122 passim
1351 5053 1450 5109 sibi
1477 5069 1542 5118 ea
1573 5055 1884 5126 proﬁtentur
1913 5055 2146 5126 placere.

637 5169 653 5200 ¹
679 5169 752 5216 Sic
772 5173 877 5229 Mss.
904 5171 958 5215 At
983 5164 1281 5229 \fignierius,
1307 5171 1362 5229 Et
1381 5163 1465 5229 qui
1486 5163 1746 5229 attollendi.
1813 5225 1824 5229 Α
1975 5207 1988 5214 -

637 5231 658 5260 ⁸
677 5228 943 5284 Menardus,
969 5225 1016 5277 si
1045 5225 1164 5276 nihil
1184 5227 1267 5275 ad.
1299 5225 1584 5288 \‘iguierius,
1615 5225 1840 5277 nihilad.
1865 5234 2152 5279 conetnmus

575 5298 705 5351 Mss,
729 5291 800 5340 vel
821 5289 943 5340 nihil
961 5288 1097 5340 aliud
1113 5288 1179 5339 ad
1206 5301 1224 5338 :
1247 5289 1296 5337 id
1319 5297 1413 5347 est,
1427 5288 1544 5337 nihil
1562 5288 1688 5351 aliud
1710 5289 1993 5338 incommodi
2010 5289 2152 5340 all‘er-

573 5361 670 5412 ret,
693 5349 872 5422 praeter
893 5353 1066 5432 damqa
1091 5353 1300 5432 tropus,
1330 5351 1460 5432 quod
1490 5349 1702 5416 iudicum
1733 5352 1991 5420 sententiis
2025 5353 2150 5426 erigi

574 5413 734 5465 causa:
755 5419 932 5462 nostra
953 5413 1226 5462 debuisset.
1295 5417 1300 5424 ‘
1351 5413 1368 5432 ἲ
1510 5413 1516 5416 ‘
1577 5413 1580 5416 '
1747 5417 1750 5420 ~
2101 5413 2104 5426 ε

637 5477 659 5509 ³
683 5482 830 5528 vetus
855 5474 1010 5533 codex
1041 5481 1196 5534 Mar...
1235 5470 1500 5534 baptizatus
1529 5478 1615 5523 est.
1652 5479 1706 5522 At
1739 5473 1788 5522 in
1811 5473 1972 5534 priore
1995 5485 2149 5534 opere

574 5546 740 5602 contra
756 5535 1015 5602 lulianum,
1039 5533 1123 5602 lib.
1153 5533 1202 5602 t’,_
1223 5546 1277 5602 n.
1298 5533 1376 5592 ti,
1415 5535 1506 5596 ipsi
1527 5535 1712 5584 Juliano
1733 5534 1922 5596 dicitur,
1957 5533 2151 5602 audivi-

571 5599 678 5650 ntus
695 5605 739 5649 te
759 5595 1048 5662 infantnlnm
1072 5595 1378 5662 baptizatum.

636 5662 658 5694 δ
681 5661 754 5710 sic
775 5658 878 5709 at'ss.
905 5659 1020 5716 Editi
1047 5669 1184 5715 vero,
1209 5658 1363 5712 decet.

634 5725 656 5756 ⁵
681 5722 795 5770 mliti
817 5755 832 5779 ,
872 5721 999 5782 quod
1034 5716 1398 5782 hujuscemodi;
1435 5725 1486 5766 ct
1533 5717 1652 5782 infra
1673 5755 1686 5777 ,
1735 5720 1782 5768 in
1830 5720 2149 5782 responsione

573 5777 839 5894 Auguziini,’
861 5777 904 5832 et
927 5781 1037 5834 ideo
1059 5777 1402 5842 Induat-emat“.
1430 5787 1484 5830 Αι
1509 5777 1614 5830 ttss'.
1636 5789 1841 5856 utroque
1867 5777 1988 5843 loco,
2009 5777 2146 5844 cujus

575 5857 702 5894 remo
759 5877 772 5891 .
1751 5885 1760 5894 .

575 5857 772 5896 remeat.

1205 389 1448 446 OPERIS
1485 387 1886 444 lllPliRFECTl
1926 385 2194 442 CONTRA
2232 383 2590 454 JLLHNUM,
2632 387 2690 442 S.
2732 387 3093 445 AUGUSTI)"

3701 390 3825 450 IHI

2257 493 2308 550 Id
2355 497 2459 561 isti,
2505 512 2641 554 sicut
2683 502 2879 568 omnia,
2921 517 3070 557 more
3110 503 3424 573 pervcrso‘,
3452 503 3522 560 ad
3550 507 3824 576 sapientia:

2251 595 2438 657 putati
2465 589 2822 644 testimonium
2847 593 3131 662 pertinere.

2323 679 2457 735 Anc.
2499 679 2602 734 Sed
2624 679 2852 735 Tullium
2879 683 3003 737 vicit
3030 692 3190 759 atque
3211 685 3438 742 convicit
3457 689 3481 720 '
3503 687 3555 742 in
3584 675 3688 744 hac
3709 704 3826 745 scn-

2254 769 2415 822 tcntia
2443 767 2532 823 ille
2557 770 2646 840 qui
2672 771 2817 838 dicit,
2840 771 3068 826 Laudat:
3095 772 3388 841 Dominum,
3420 793 3594 832 omnes
3624 789 3828 848 gentes;

2251 859 2454 913 laudate
2498 876 2632 925 eum,
2677 877 2850 916 omnes
2897 863 3072 932 populi
3109 863 3278 937 (Psal.
3305 881 3453 942 cm,
3483 870 3558 940 l).
3593 869 3744 938 Quos
3775 879 3828 926 tu

2249 951 2462 1020 qumris,
2506 965 2610 1004 non
2641 952 2898 1008 veraciter
2935 953 3148 1022 decere,
3194 955 3288 1011 sed
3327 943 3830 1018 subtiliteriiﬁillere

2248 1042 2456 1110 aliquos
2481 1056 2688 1110 eorum,
2719 1053 2773 1098 et
2801 1054 2990 1098 vestra:
3022 1044 3219 1100 addere
3255 1048 3530 1116 paucitati,
3563 1049 3830 1106 subtilita-

2253 1139 2358 1185 tem
2417 1147 2699 1201 paucorum
2747 1134 3184 1205 pltilOSOphorum
3239 1138 3575 1194 smeularinm
3631 1141 3829 1210 prsidi-

2249 1224 2440 1289 cando,
2468 1233 2522 1278 et
2550 1240 2646 1280 nos
2675 1213 3116 1296 reprehendendo
3142 1229 3281 1298 quod
3313 1244 3418 1286 non
3445 1230 3694 1285 dicantur
3729 1248 3826 1287 no-

2250 1321 2359 1368 stra
2407 1314 2688 1382 subtiliter,
2723 1325 2777 1370 et
2815 1316 2934 1372 ideo
2965 1317 3324 1388 cuiuscemodi
3361 1320 3604 1377 homines
3629 1325 3826 1395 passim

2248 1405 2345 1458 sibi
2377 1420 2436 1459 ca
2467 1406 2814 1476 proﬁteantur
2839 1409 3067 1477 placere.
3087 1409 3170 1464 Me
3193 1419 3365 1466 tamen
3390 1412 3676 1483 aliquoties
3693 1397 3829 1470 dixi-

2246 1495 2335 1561 sti,
2369 1495 2500 1549 nihil
2541 1497 2706 1567 magis
2746 1513 2925 1567 agere,
2967 1515 3124 1568 quam
3170 1509 3226 1554 ut
3267 1517 3371 1556 non
3413 1503 3682 1574 intelligar
3709 1505 3828 1578 (a):

2249 1585 2518 1652 quomodo
2563 1601 2690 1655 ergo
2733 1587 2788 1640 id
2825 1587 2964 1662 quod
2997 1588 3245 1656 defendo,
3277 1591 3600 1648 multitudini
3631 1595 3826 1664 placet,

2249 1675 2350 1728 nisi
2396 1677 2517 1746 quia
2563 1671 2844 1732 multitudo
2889 1679 2989 1733 ista
3038 1681 3298 1738 catholica
3343 1691 3454 1752 est,
3498 1687 3586 1741 cui
3635 1689 3830 1744 merito

2247 1775 2420 1821 vestra
2448 1768 2665 1824 haeresis
2693 1770 2978 1840 displicet?
3451 1757 3458 1762 ’

2318 1859 2382 1915 ν.
2421 1860 2522 1916 Jut.
2581 1862 2818 1918 Delectat
2854 1865 2998 1919 enim
3037 1879 3260 1936 prorsus
3295 1868 3550 1926 subantes
3591 1873 3824 1938 animas,

2248 1949 2507 2006 infamare
2525 1952 2775 2023 quidquid
2795 1971 3028 2025 unquam
3055 1965 3108 2010 et
3126 1972 3346 2028 usquam
3373 1969 3682 2018 sanctorum
3705 1964 3821 2030 fuit,

2251 2055 2318 2094 ne
2343 2041 2604 2096 clarorum
2633 2059 2850 2113 operum
2879 2046 3206 2117 castigentur
3233 2051 3512 2120 exemplis.
3821 2051 3826 2056 ’

2319 2131 2452 2186 Anc.
2493 2130 2754 2188 Subantes
2782 2149 2912 2205 ergo
2935 2135 3127 2190 anima:
3153 2148 3275 2208 post
3303 2148 3354 2194 te
3383 2141 3558 2210 potius
3581 2157 3824 2214 cummt,

2249 2223 2339 2293 qui
2371 2223 2641 2280 libidinem
2672 2226 2891 2282 laudas:
2916 2242 3036 2282 nam
3067 2239 3228 2284 castae
3251 2232 3442 2288 animai
3471 2235 3820 2306 vituperando

2246 2323 2491 2384 arguunt,
2515 2316 2654 2385 quod
2683 2318 3045 2388 expugnando.
3068 2320 3370 2377 laudantur.

2323 2405 2413 2462 Vl.
2449 2406 2569 2462 JUL.
2601 2407 2838 2464 Delectat
2863 2426 3078 2480 prorsus
3097 2422 3150 2469 et
3175 2416 3384 2485 penitus
3409 2415 3592 2484 afﬁcit,
3615 2434 3826 2494 causari

2247 2494 2662 2553 imbecillitatem
2710 2508 2931 2568 natum,
2957 2502 3134 2559 dicere
3161 2501 3374 2561 carnem
3405 2510 3702 2578 congenitis
3725 2513 3825 2580 ob,

2247 2584 2459 2640 noxiam
2485 2601 2605 2641 esse
2629 2590 2880 2656 peccatis,
2900 2606 2999 2646 nec
3020 2593 3070 2646 in
3087 2594 3360 2651 voluntate
3379 2595 3613 2654 hominis
3639 2616 3824 2656 emcn-

2247 2676 2476 2732 dationis
2499 2679 2743 2734 clfectnm
2775 2681 2970 2750 locare,
3001 2685 3095 2740 sed
3124 2688 3418 2745 studiorum
3443 2691 3669 2747 crimina
3699 2693 3823 2748 ol'ﬁ-

2245 2769 2325 2822 cia
2355 2783 2545 2824 vocare
2572 2772 2926 2827 membrorum
2953 2791 2966 2826 :
2989 2775 3305 2832 catholicam
3329 2779 3466 2837 hanc
3492 2781 3650 2837 ﬁdem
3678 2799 3821 2853 esse,

2251 2865 2308 2912 ut
2337 2857 2560 2914 liberum
2592 2863 2907 2917 conﬁteatur
2928 2865 3224 2934 arbitrium,
3251 2869 3346 2924 sed
3373 2885 3468 2940 per
3491 2873 3636 2943 quod
3661 2871 3826 2932 homo

2251 2949 2450 3008 malum
2477 2949 2652 3006 facere
2675 2963 2913 3023 cogatur,
2939 2955 3132 3010 bonum
3155 2957 3290 3013 velle
3319 2975 3424 3014 non
3455 2963 3640 3030 possit.

2315 3042 2453 3101 Alte.
2494 3043 2636 3110 Quid
2669 3046 2823 3102 nobis
2863 3046 3128 3113 irasceris,
3155 3050 3248 3120 qui
3275 3053 3662 3109 emendationis
3687 3056 3822 3113 elic-

2244 3143 2388 3190 ctum
2425 3143 2570 3191 tanto
2595 3138 2794 3193 certius
2823 3139 3141 3210 appetimus,
3170 3142 3382 3211 quando
3411 3143 3619 3199 ﬁdelius
3643 3161 3762 3202 eum
3785 3163 3822 3204 δ

2245 3225 2471 3280 Domino
2501 3228 2762 3296 petimus?
2786 3228 3004 3284 Frustra
3035 3231 3270 3286 inﬂatam
3301 3233 3534 3304 linguam
3567 3251 3699 3292 voce
3725 3253 3820 3292 su-

2245 3315 2520 3384 perbiente
2556 3317 2744 3372 dilatas
2768 3336 2782 3372 :
2807 3319 3051 3374 nolumus
3087 3336 3322 3390 prorsus,
3351 3325 3600 3380 nolumus
3627 3328 3701 3382 eis
3725 3344 3824 3383 an-

2246 3407 2513 3461 numerari
2538 3407 2628 3477 qui
2656 3408 2934 3464 conﬁdunt
2971 3410 3028 3466 in
3061 3412 3254 3466 virtute
3280 3429 3374 3468 sua
3419 3414 3606 3482 (Paul.
3639 3433 3817 3485 nvm,

2247 3496 2279 3550 7
2303 3496 2343 3566 ).
2371 3496 2561 3551 Anima
2587 3507 2764 3553 nostra
2793 3499 2905 3552 Deo
2927 3499 3039 3554 sitit
3060 3499 3081 3532 ³
3111 3501 3279 3572 (Psal.
3309 3518 3441 3572 un,
3463 3505 3544 3576 2),
3567 3507 3652 3561 cui
3673 3507 3818 3574 dicit,

2245 3583 2471 3656 Diligam
2499 3594 2565 3654 te,
2595 3586 2830 3653 Domine,
2861 3589 3016 3642 virtus
3041 3607 3150 3644 mea
3180 3589 3348 3666 (Psal.
3379 3609 3508 3660 xvn,
3535 3595 3614 3668 2).
3641 3598 3822 3654 Potest

2246 3679 2387 3732 enim
2429 3678 2586 3734 homo
2626 3679 2822 3734 bonum
2852 3681 3022 3746 velle;
3051 3681 3146 3738 sed
3177 3696 3502 3755 praeparatur
3521 3689 3764 3745 voluntas
3785 3705 3816 3746 a

2246 3770 2473 3826 Domino
2520 3769 2726 3840 (Prov.
2765 3788 2878 3838 vni,
2926 3789 3025 3828 sec.
3073 3773 3261 3848 LXX)
3300 3794 3314 3830 :
3351 3778 3402 3831 in
3445 3779 3642 3834 malum
3694 3797 3820 3836 vero

2247 3862 2419 3920 libens
2469 3863 2638 3938 vergit
2683 3864 2904 3931 vitiata,
2967 3875 3184 3938 propter
3239 3869 3380 3939 quod
3443 3878 3524 3925 est
3581 3871 3821 3927 sananda

2247 3962 2454 4018 natura.
2845 3971 2860 3984 ο

2326 4042 2436 4098 Vll.
2476 4043 2594 4099 Jun.
2637 4042 2813 4100 Vanos
2840 4059 2968 4105 vero
2997 4045 3270 4104 hominum
3299 4047 3680 4120 hmrcticosque
3707 4065 3824 4107 ser-

2249 4137 2574 4207 mones,.qui
2608 4146 2852 4198 asseram
2877 4138 3042 4194 Deum
3087 4140 3287 4209 justum
3332 4141 3396 4196 ad
3445 4141 3638 4197 bonum
3688 4158 3822 4213 opus

2251 4231 2474 4286 liberum
2511 4229 2780 4286 hominem
2819 4231 3147 4301 condidisse,
3175 4243 3230 4288 ct
3256 4247 3374 4290 esse
3403 4235 3455 4288 in
3485 4235 3822 4303 uniuscujus-

2249 4337 2351 4398 que
2395 4331 2656 4398 potestate
2693 4324 2946 4398 recedere
2972 4340 3002 4379 a
3033 4325 3192 4393 malo,
3221 4341 3284 4389 ac
3312 4327 3500 4400 studiis
3541 4327 3824 4397 Splendere

2250 4415 2487 4481 virtutis,
2529 4425 2584 4470 ut
2623 4415 2704 4470 his
2745 4417 2833 4484 qni
2874 4415 3066 4488 ﬂagitia
3109 4419 3162 4473 in
3205 4420 3608 4476 necccssitatem
3649 4421 3824 4476 carnis

2249 4504 2567 4574 refundunt,
2611 4506 3021 4562 sollicitudinum
3067 4518 3120 4562 et
3173 4508 3424 4586 timorum
3476 4509 3695 4564 aculeus
3747 4511 3826 4565 in-

2253 4595 2461 4667 ﬁgatur.

2323 4691 2458 4745 Auc.
2497 4688 2610 4766 Non
2653 4688 2878 4750 dicimus
2915 4689 3186 4744 hominum
3230 4705 3396 4744 vanos
3441 4689 3824 4761 ha‘reticosquc

2253 4795 2548 4846 sermones,
2573 4781 2659 4851 qui
2687 4791 2932 4836 asserunt
2961 4781 3124 4835 Deum
3147 4781 3347 4851 justum
3377 4779 3442 4836 ad
3469 4781 3666 4836 bonum
3695 4798 3826 4852 opus

2253 4873 2478 4928 liberum
2519 4871 2788 4926 hominem
2826 4871 3147 4927 condidisse.
3197 4872 3378 4930 Talem
3425 4873 3620 4944 quippe
3657 4873 3826 4928 Adam

2252 4963 2507 5034 condidit,
2537 4964 2588 5016 in
2610 4979 2715 5031 quo
2745 4963 2937 5034 ieiunus
2966 4979 3152 5040 omnes
3177 4981 3190 5018 :
3221 4963 3316 5018 sed
3349 4963 3619 5032 peccando
3651 4965 3828 5034 pcrdi-

2251 5053 2330 5116 dit
2355 5069 2434 5119 se,
2457 5063 2510 5112 et.
2538 5067 2724 5108 omnes
2751 5054 2802 5114 in
2829 5071 2904 5108 se.
2925 5053 3076 5118 Unde
3097 5069 3238 5108 nunc
3259 5069 3362 5108 non
3389 5065 3470 5110 est
3493 5056 3546 5110 in
3570 5065 3830 5126 potestate

2254 5144 2478 5197 ﬁliorum
2512 5143 2742 5198 hominis
2777 5160 2804 5196 a
2833 5144 2974 5198 malo
3003 5145 3249 5213 liberari,
3281 5145 3385 5200 nisi
3413 5135 3580 5216 gratia
3619 5147 3709 5201 Dei
3738 5146 3828 5202 det

2253 5241 2568 5304 potestatem
2595 5233 2734 5289 ﬁlios
2765 5235 2856 5289 Dei
2883 5235 2998 5290 ﬁeri
3025 5233 3204 5305 (Joan.
3233 5251 3271 5304 I,
3307 5235 3416 5307 12).
3445 5237 3670 5307 PrOptcr
3697 5237 3824 5300 hoc,

2309 5413 2332 5486 _'
2364 5412 2508 5473 miti,
2532 5409 2656 5462 sicut
2677 5410 2835 5461 omnia
2855 5423 3096 5474 perversa.
3129 5410 3454 5462 Emendantur
3477 5424 3540 5461 ex
3565 5415 3830 5462 manuscris

2252 5481 2477 5606 pi'f‘mm
2493 5569 2512 5606 ,Ι
2531 5533 2617 5606 sed
2662 5531 2864 5605 Tullium
2899 5531 3044 5598 vineit
3076 5542 3216 5606 atque
3258 5531 3508 5595 com-incit.
3563 5541 3692 5596 Mss,
3722 5533 3829 5584 risit

2251 5604 2394 5660 atque
2415 5601 2630 5646 convicit.
2778 5601 2784 5605 ‘
3148 5601 3157 5606 '
3379 5613 3388 5624 ι

2256 5726 2278 5728 ξ
2319 5661 2353 5728 ³.
2377 5659 2529 5718 aditi,
2587 5666 2741 5728 Deum
2783 5657 2898 5728 sitit.
2937 5665 3000 5728 _At
3051 5665 3220 5728 uss.,_
3247 5665 3346 5728 Deo
3384 5655 3502 5728 sitit.
3552 5655 3828 5728 alludit.“

2255 5718 2488 5772 Psalmum
2517 5717 2653 5778 tm,
2701 5719 2761 5780 9.,
2811 5719 2892 5768 ubi
2935 5717 3110 5782 legere
3150 5717 3304 5778 solet,
3346 5718 3496 5769 siticit
3543 5718 3630 5775 tibi
3667 5718 3828 5770 anima

2253 5793 2396 5906 meai)
2422 5839 2534 5898 vide
2557 5837 2637 5908 lib.
2667 5841 2686 5890 l
2715 5839 2777 5893 dc
2802 5841 2982 5904 nuptiis
3004 5848 3056 5892 et
3073 5843 3478 5906 Coucupiscentia,
3502 5855 3550 5892 n.
3575 5842 3652 5893 21.
