4062 6494
286 343 427 398 IIIS

281 467 394 506 non
424 449 506 504 his
535 450 622 520 qui
653 446 846 520 ﬂagitia
869 489 882 510 ,
913 447 1046 500 sicut
1071 444 1232 510 dicis,
1269 443 1320 498 in
1351 445 1718 498 necessitatem
1746 458 1863 498 car-

281 547 370 600 nis
404 542 725 606 refundunt;
765 541 858 594 sed
889 539 972 594 his
997 539 1083 608 qui
1121 549 1178 592 ut
1209 539 1260 592 in
1291 538 1610 592 tentationes
1643 537 1868 606 ﬂagitio-

283 651 407 692 rum
454 649 560 688 non
613 632 941 698 inferantur,
1001 645 1187 700 preces
1234 631 1340 685 Deo
1386 629 1644 692 fundunt,
1695 627 1871 696 ﬁgitur

285 727 507 782 aculeus
551 723 922 779 sollicitudinis
963 732 1016 777 et
1041 721 1276 786 timoris,
1318 736 1386 775 ne
1411 721 1748 776 consentiant
1775 732 1870 772 su-

282 816 618 892 perhissimis
632 825 686 870 et
701 815 808 878 Deo
824 812 1195 883 ingratissimis
1206 809 1646 882 disputationibus
1657 806 1869 863 vestris.

359 907 497 963 VIII.
524 905 641 962 11η..
677 905 970 968 Postremo,
1003 905 1054 958 in
1082 902 1336 958 Ecclesiis
1355 916 1472 971 quae
1498 914 1744 969 magnum
1773 898 1870 953 ho-

286 1017 478 1058 norent
506 1001 522 1031 ¹
554 1009 607 1054 et
637 1013 885 1066 magnum
928 997 1180 1066 populum
1226 993 1562 1064 possideant,
1594 991 1870 1062 prmdicari

289 1103 491 1151 tantam
520 1091 624 1146 vim
652 1105 773 1145 esse
811 1091 1048 1159 peccati,
1095 1097 1152 1142 ut
1191 1097 1314 1140 ante
1356 1085 1717 1140 membrorum
1760 1083 1871 1138 for-

289 1199 458 1248 mam,
489 1191 611 1238 ante
639 1181 843 1235 initium
871 1179 1262 1248 adventumque
1285 1177 1500 1241 animze,
1527 1175 1686 1245 jactis
1711 1175 1872 1230 semi-

295 1277 458 1331 nibus
495 1273 872 1343 supervolans,
926 1271 976 1324 in
1018 1277 1282 1325 secretum
1329 1268 1512 1321 matris
1543 1266 1788 1332 invadat,
1819 1275 1872 1319 et

295 1382 422 1422 reos
448 1364 608 1420 faciat
629 1363 924 1418 nascituros
951 1400 965 1426 ,
994 1369 1220 1427 ortuque
1246 1359 1360 1427 ipso
1383 1356 1648 1426 antiquior
1684 1370 1871 1424 exspe-

293 1466 407 1512 ctet
431 1455 580 1526 culpa
601 1453 946 1508 substantiam
966 1468 980 1516 ;
997 1466 1115 1520 quae
1135 1449 1217 1504 lex
1241 1448 1439 1517 peccati
1467 1447 1874 1501 hahitansdein-

293 1563 426 1618 ccps
455 1549 507 1602 in
548 1545 803 1602 membris
823 1585 838 1610 ,
881 1543 1152 1611 captivum
1183 1539 1450 1594 hominem
1479 1546 1634 1608 cogat
1669 1537 1872 1592 servire

289 1639 637 1702 criminibus,
682 1652 786 1691 non
831 1633 1180 1704 castigatione
1223 1631 1276 1685 in
1304 1629 1744 1700 turpitudinibus,
1776 1627 1872 1683 sed

291 1728 659 1786 misericordia
686 1727 981 1797 digniorem
1007 1742 1020 1777 :
1049 1720 1479 1793 quandoquidem
1505 1719 1645 1790 quod
1674 1734 1772 1774 nos
1796 1719 1874 1772 vi-

293 1823 366 1877 tia
393 1836 571 1892 pravae
608 1819 896 1874 voluntatis
924 1831 1044 1873 esse
1072 1815 1330 1881 dicimus,
1372 1814 1424 1869 id
1467 1815 1518 1868 in
1563 1813 1800 1868 Ecclesia
1842 1827 1872 1866 a

291 1913 426 1967 viris
453 1921 506 1966 et
530 1909 744 1966 feminis
769 1907 1078 1979 magnisque
1105 1905 1442 1977 pontificibus
1461 1903 1732 1975 originalis
1753 1917 1874 1974 pas-

295 2003 381 2059 sio
406 2009 756 2070 nuncupatur.

368 2094 501 2149 Anc.
530 2088 836 2160 Respondet
871 2087 964 2150 tibi
994 2088 1309 2144 Ambrosius
1339 2085 1574 2157 pontifex
1614 2099 1871 2154 magnus,

297 2181 668 2240 hmresiarcha:
692 2181 853 2236 vestri
874 2181 1198 2236 excellenter
1222 2195 1315 2235 ore
1339 2179 1602 2244 laudatus,
1626 2187 1679 2232 et
1702 2177 1831 2232 dicit
1857 2193 1872 2231 :
1919 2173 1923 2179 ’

304 2286 324 2318 ‹
355 2266 490 2322 Male
518 2265 629 2321 Eva
653 2265 931 2337 parturivit
949 2305 965 2331 ,
995 2272 1054 2318 ut
1082 2275 1262 2334 partus
1289 2263 1613 2332 relinqueret
1635 2261 1876 2315 mulieri-

296 2358 401 2426 bus
430 2356 818 2421 Itmreditatem,
849 2364 1006 2424 atque
1033 2354 1392 2423 unusquisque
1432 2352 1878 2421 concupiscentiae

300 2449 575 2518 voluptate
597 2456 898 2511 concretus,
920 2455 973 2500 et
997 2444 1316 2514 genitalibus
1336 2443 1628 2498 visceribus
1651 2441 1875 2512 infusus,

303 2550 360 2604 et
385 2539 685 2611 coagulatus
715 2539 766 2592 in
796 2537 1072 2607 sanguine,
1104 2536 1159 2590 in
1191 2535 1379 2606 pannis
1407 2535 1700 2593 involutus.
1734 2533 1879 2602 prius

301 2635 515 2690 subiret
539 2634 843 2689 delictorum
884 2631 1182 2700 contagium
1204 2669 1220 2697 ,
1261 2644 1418 2698 quam
1449 2627 1622 2688 vitalis
1661 2625 1880 2695 spiritus

300 2740 498 2788 munus
519 2723 747 2790 hauriret
775 2742 794 2776 ι
821 2720 958 2792 (Lib.
987 2721 1048 2774 de
1069 2720 1221 2775 Sacr.
1243 2735 1412 2790 regeri.
1437 2735 1524 2784 seu
1542 2717 1604 2772 de
1630 2715 1876 2788 Philos.).

298 2814 546 2872 Sananda
567 2822 650 2870 est
675 2814 868 2881 itaque,
896 2811 1125 2877 Iuliane,
1151 2811 1401 2872 humana,
1427 2808 1539 2862 Deo
1565 2808 1876 2874 miserante,

296 2918 526 2970 natura:
557 2922 662 2963 non
683 2948 698 2973 ,
726 2916 778 2962 te
824 2904 1053 2972 inaniter
1080 2903 1440 2968 declamante,
1473 2909 1720 2971 tanquam
1751 2915 1878 2962 sana

290 3001 587 3062 laudanda.

373 3092 467 3148 IX.
495 3092 614 3148 Jun.
640 3090 764 3146 llaec
788 3104 915 3160 ergo
936 3085 1353 3144 Manicbzeorum
1377 3091 1554 3141 scorta
1575 3081 1879 3152 dogmatum

299 3183 783 3257 'nnpurissimorum
805 3180 1173 3243 lenocinantur
1198 3177 1415 3240 auribus
1434 3177 1479 3231 ὀ

379 3278 517 3332 Anc.
543 3271 904 3334 Ambrosium,
927 3271 970 3324 si
993 3267 1176 3334 audes,
1203 3267 1486 3322 criminare
1509 3263 1878 3324 Manichaeum.

303 3364 540 3420 Attende
575 3363 627 3417 in
666 3376 822 3433 quem
853 3359 1028 3422 dicas,
1074 3356 1214 3427 quod
1241 3356 1318 3410 vis
1347 3354 1510 3411 videri
1542 3363 1788 3423 tanquam
1829 3352 1882 3406 in

308 3472 402 3518 me
429 3455 602 3512 dicere
627 3471 640 3509 :
666 3463 719 3508 et
743 3453 787 3507 si
809 3451 944 3506 ullus
965 3450 1058 3504 tibi
1080 3449 1162 3503 vel
1187 3447 1278 3502 Dei
1309 3445 1487 3511 timor,
1512 3444 1595 3498 vel
1622 3443 1884 3496 humanus

313 3549 487 3621 pudor
513 3555 622 3614 est,
665 3545 981 3602 conticesce.
1022 3541 1106 3596 Me
1152 3548 1362 3610 oportet
1400 3553 1520 3592 cum
1558 3535 1752 3590 talibus
1797 3544 1883 3588 tua

311 3639 583 3704 convicia,
629 3652 732 3692 non
761 3635 930 3691 solum
969 3633 1251 3704 patienter,
1293 3643 1476 3683 verum
1516 3627 1674 3682 etiam
1702 3633 1885 3695 gratu-

310 3733 489 3794 lanter
511 3727 732 3784 audire:
771 3725 864 3781 sed
905 3734 960 3780 tu
995 3722 1160 3778 debes
1189 3724 1240 3775 in
1280 3720 1474 3774 talibus
1511 3715 1807 3772 lacerandis
1833 3723 1888 3770 et

309 3823 545 3888 humana
572 3819 890 3875 erubescere
919 3823 974 3871 et
994 3814 1171 3869 divina
1199 3810 1399 3882 judicia
1431 3808 1739 3864 formidare.

381 3914 452 3971 X.
505 3913 626 3983 IUL.
675 3912 801 3977 Ilaec
848 3910 903 3964 in
948 3917 1173 3976 utroque
1219 3920 1351 3960 sexu
1395 3903 1596 3974 positos
1645 3901 1889 3955 inimicos

305 4015 520 4063 nostros
577 4003 749 4060 urtica
801 3998 1132 4063 commovit,
1181 4011 1299 4066 qua:
1354 3994 1481 4048 οιὶηι
1543 3991 1752 4062 quidem
1806 3989 1889 4047 vi-

309 4100 384 4163 tio
425 4097 577 4154 mala:
616 4091 1018 4156 consuetudinis
1059 4088 1280 4144 mordax
1322 4086 1376 4152 ⁸,
1422 4095 1600 4142 tamen
1640 4082 1890 4138 exhorta-

312 4193 519 4248 tiouum
556 4186 868 4243 salutarium
913 4183 1061 4240 velut
1107 4179 1421 4252 quibusdam
1466 4177 1752 4238 curabatur
1794 4190 1891 4238 un-

314 4283 548 4356 guentis.
1055 4339 1074 4349 ,

393 4375 526 4429 Anc.
568 4371 748 4427 Urtiea
793 4375 1058 4440 pungente
1104 4365 1305 4435 prurit,
1348 4361 1441 4418 sed
1484 4359 1574 4431 qui
1621 4359 1892 4418 libidinem

319 4463 523 4520 laudat.
549 4463 607 4520 Si
633 4471 805 4516 autem
830 4467 1042 4531 propter
1062 4458 1252 4512 malam
1275 4453 1735 4518 consuetudinem,
1757 4451 1894 4505 sicut

318 4555 465 4626 sapis
484 4553 507 4586 ‘
533 4553 726 4608 clamat
745 4552 920 4616 homo,
949 4549 1066 4604 Non
1087 4549 1222 4620 quod
1245 4547 1377 4613 volo,
1407 4545 1538 4614 [acia
1561 4543 1780 4606 bonum;
1806 4541 1895 4595 sed

317 4647 458 4718 quod
481 4647 600 4700 nolo
627 4645 814 4699 malum
835 4685 848 4708 ,
879 4643 972 4697 hoc
998 4659 1093 4714 ago
1121 4640 1294 4714 (Rom.
1333 4654 1406 4692 vu
1426 4679 1438 4702 ,
1475 4637 1561 4708 I9)
1593 4655 1606 4691 :
1640 4644 1783 4690 certe
1810 4635 1896 4690 vel

317 4741 372 4794 in
400 4741 503 4796 isto
532 4737 772 4795 fatemini
805 4737 1084 4794 humanam
1110 4733 1433 4787 voluntatem
1466 4729 1607 4786 vires
1636 4726 1895 4780 bonorum

316 4844 540 4906 operum
569 4825 891 4898 perdidisse.
923 4825 1008 4881 cui
1044 4822 1145 4878 nisi
1180 4821 1374 4876 divina:
1401 4817 1583 4888 gratia:
1619 4815 1898 4878 subveniat

318 4920 663 4992 adjutorium,
695 4916 818 4988 quid
844 4917 894 4972 ei
925 4915 1142 4986 prodest
1164 4914 1436 4983 copiosum
1459 4919 1512 4966 et
1536 4918 1780 4964 ornatum
1806 4923 1899 4962 cu-

319 5012 536 5082 juslibet
559 5010 892 5067 exhortantis
921 5004 1230 5077 eloquium?

389 5145 407 5175 ¹
439 5142 687 5193 Menardus
706 5141 859 5203 primo
875 5140 1112 5196 ediderat,
1131 5148 1358 5203 mgnum
1631 5132 1901 5203 \fignierius

325 5190 800 5266 correxiiﬁnmoqnom
841 5201 1068 5252 bonorum
1101 5190 1304 5266 copiam.
1340 5197 1464 5266 Libri
1488 5190 1753 5266 vergdarss.
1777 5190 1893 5266 dar.

326 5273 440 5316 uxr.
461 5273 513 5315 et
525 5255 876 5323 tiortfhabent,
912 5274 1139 5327 magnum
1160 5255 1414 5327 'Itonorem.
1450 5263 1499 5304 tn
1537 5255 1898 5327 editionenanni

326 5314 448 5376 5618
469 5314 529 5376 ad
550 5314 679 5376 eram
700 5314 876 5376 codicis
896 5314 1112 5374 notatum
1135 5329 1211 5372 est
1234 5335 1248 5370 :
1280 5338 1303 5366 ι
1319 5326 1474 5379 Forte,
1511 5329 1735 5380 magnum
1758 5314 1898 5366 borio-

330 5406 356 5436 «
378 5395 556 5451 ruma
590 5389 822 5451 malorum
836 5385 1080 5451 populum
1100 5382 1382 5451 possidrqnt:
1401 5397 1424 5426 ι

388 5453 409 5482 ³
441 5437 576 5512 edin,
625 5449 780 5500 scoria
812 5437 1560 5512 άὸρὴιαιωηζίηψηνξεείεποηυῃ
1605 5437 1900 5512 μενωσῑηαιμν

320 5498 738 5562 ambat)th
757 5498 898 5571 Mss:
909 5515 1065 5560 scorta
1087 5498 1358 5570 damnatum
1372 5500 1803 5568 impurissimorum
1829 5498 1900 5551 Ie-

319 5572 606 5626 nocr'namur
629 5571 845 5622 auribus.

727 5621 848 5706 φάε
869 5634 987 5682 dum
1007 5630 1213 5706 ,ηυεααιη
1235 5628 1347 5706 sie

319 5697 526 5767 ιῃριξάετ.
549 5687 950 5767 νῆεςῃίἐτίιιξφιας
984 5687 1100 5743 dum
1121 5692 1354 5763 quosdam
1363 5688 1490 5767 vitiio
1502 5687 1644 5740 multa
1657 5691 1902 5738 consuetu-

323 5756 452 5810 dinis
473 5753 678 5808 mordet.
706 5753 1012 5820 castigantur
1037 5769 1102 5808 ex
1124 5753 1468 5816 manuscriptis.

386 5820 408 5852 ⁸
432 5822 503 5871 sic
523 5827 630 5871 Mss.
655 5819 793 5884 aliti,
809 5817 988 5884 εὰτὴιὶις.

1593 330 1789 387 ΗΒΕ.Ιῖ
1830 329 2201 389 SECUNDUS.

3404 343 3542 400 Hi6

2053 446 2140 500 XI.
2174 445 2290 499 Juc.
2323 444 2390 500 At
2419 463 2557 502 nunc
2587 459 2864 522 postquam
2893 467 2989 523 pro
3013 453 3364 512 medicamine
3389 460 3550 528 erepit

1974 536 2152 592 oll‘erri
2176 578 2188 600 ,
2219 547 2275 591 et
2311 537 2649 596 delectationi
2694 545 2916 598 accessit
2956 547 3276 612 auctoritas,
3324 557 3380 602 ut
3422 562 3550 601 con-

1975 643 2134 682 sensu
2164 629 2180 659 ¹
2209 644 2344 697 pene
2373 631 2590 698 mundi,
2623 634 3040 704 membripotens
3065 638 3242 706 regina
3269 639 3546 705 mentium,

1975 719 2322 788 expugnatrix
2355 721 2664 784 honestatis,
2695 731 2748 776 et
2777 726 2966 778 invicta
2989 726 3287 780 animorum
3311 729 3548 783 omnium

1975 810 2288 880 captivatrix
2317 810 2586 879 turpitudo
2621 811 3008 870 baecharetur:
3040 817 3194 871 nobis
3227 827 3426 887 quanto
3455 818 3550 874 ho-

1975 903 2196 988 nestior,
2228 909 2374 956 tanto
2400 902 2582 957 durior
2611 905 2818 960 tuenda:
2845 907 3084 962 veritatis
3105 923 3262 962 causa
3285 909 3420 964 facta
3444 917 3547 964 est.

1975 996 2107 1063 Quia
2137 1003 2320 1050 contra
2347 996 2648 1066 prmcipites
2689 1001 2912 1067 populos
2949 1007 3004 1054 et
3043 1001 3156 1054 suis
3181 1002 3432 1057 remediis
3469 1003 3552 1056 in-

1975 1086 2154 1141 feusos
2173 1128 2187 1151 ,
2230 1103 2336 1140 non
2366 1087 2588 1141 multum
2618 1088 2760 1142 valet
2785 1090 2971 1147 raritas
3013 1091 3254 1146 oratione
3282 1093 3550 1147 medican-

1975 1180 2126 1232 tium.
2157 1178 2293 1246 Quid
2323 1179 2516 1248 igitur?
2548 1178 2807 1234 horumne
2831 1181 3050 1244 intuitu,
3087 1183 3324 1252 receptui
3359 1199 3550 1238 canere

1975 1268 2306 1333 debebimus,
2327 1278 2380 1323 et
2397 1269 2748 1324 contumelias
2771 1280 2982 1325 nostras
2998 1271 3164 1326 ultum
3187 1273 3263 1326 ire
3283 1273 3490 1328 silentio
3506 1276 3548 1336 ',

1976 1374 2039 1414 ac
2075 1359 2142 1416 de
2185 1361 2526 1414 conscientia:
2568 1369 2723 1429 portu
2752 1361 2977 1416 aliorum
3019 1363 3197 1417 ridere
3243 1362 3552 1432 naufragia?

1977 1451 2173 1506 Verum
2200 1451 2516 1506 contradicit
2543 1452 2668 1507 huic
2704 1453 2849 1518 odio,
2877 1454 3048 1524 primo
3075 1455 3370 1526 benignitas
3394 1471 3551 1525 quam

1975 1541 2154 1610 generi
2184 1542 2442 1600 debemus
2467 1542 2729 1609 humano;
2757 1544 3009 1613 deinceps
3038 1560 3180 1614 spes,
3214 1546 3366 1610 tldcs,
3394 1561 3551 1614 quam

1976 1630 2232 1687 habemus
2257 1633 2310 1686 in
2341 1633 2537 1697 Deum,
2577 1633 2666 1702 qui
2692 1643 2840 1688 extra
2882 1634 2932 1688 id
2962 1635 3102 1704 quod
3135 1635 3439 1705 frequenter
3461 1635 3554 1689 de-

1975 1733 2215 1794 speratus
2233 1732 2529 1793 temporum
2550 1725 2746 1780 levavit
2763 1726 2976 1791 ruinas;
3002 1727 3352 1782 constantiam
3377 1736 3552 1782 tamen

1977 1830 2324 1886 quamusque
2351 1815 2418 1870 ad
2439 1816 2624 1871 mortis
2651 1816 2836 1872 horam
2863 1819 3100 1873 exerceri
3129 1819 3316 1883 voluit,
3347 1818 3556 1873 etiamsi

1977 1905 2154 1961 nullus
2193 1907 2245 1962 in
2287 1908 2691 1976 praesentiarum
2734 1917 3048 1978 sequeretur
3093 1908 3312 1964 elfeetus
3356 1916 3555 1964 aeterna

1978 1998 2410 2052 remuneratione
2439 1997 2674 2052 donavit.

2051 2090 2182 2144 Anc.
2213 2089 2486 2156 Quomodo
2516 2089 2655 2144 levat
2698 2089 2840 2145 Deus
2875 2090 3055 2145 ruinas
3083 2090 3342 2145 malarum
3369 2090 3556 2145 volun-

1980 2187 2145 2232 tatum
2170 2179 2287 2249 (per
2307 2193 2439 2248 quas
2465 2179 2644 2249 utique
2666 2188 2904 2248 tempora
2923 2181 3310 2249 vituperantur,
3341 2179 3554 2249 quando

1980 2279 2124 2326 recte
2153 2270 2570 2344 vituperantur),
2614 2272 2714 2327 nisi
2744 2272 2910 2326 bonas
2949 2272 3248 2326 voluntates
3285 2271 3556 2342 operando

1981 2362 2034 2416 in
2065 2361 2313 2416 cordibus
2352 2361 2665 2416 hominum?
2692 2363 2796 2417 Aut
2834 2363 2877 2416 si
2921 2371 3174 2432 possunt,
3219 2362 3347 2431 ipsae.
3377 2377 3436 2416 se
3479 2361 3556 2416 Ie-

1981 2463 2127 2521 vent,
2158 2455 2293 2509 sicut
2314 2455 2710 2510 dementissime
2729 2455 3029 2521 sentiendo,
3055 2470 3240 2524 magna
3265 2455 3415 2508 ruina
3437 2453 3560 2516 facti

1982 2548 2135 2602 estis.
2167 2546 2314 2602 Unde
2345 2562 2438 2616 pro
2469 2547 2619 2602 vobis
2648 2547 2818 2616 ipsum
2856 2561 3103 2616 rogamus
3130 2587 3142 2600 .
3173 2555 3332 2616 atque
3357 2546 3558 2600 utinam

1983 2640 2060 2694 sic
2095 2640 2255 2694 etiam
2298 2639 2366 2694 de
2407 2650 2490 2706 te,
2521 2639 2964 2710 quemadmodum
3013 2639 3080 2694 de
3125 2638 3288 2694 fratre
3315 2639 3561 2694 Turbau-

1985 2733 2057 2787 tio
2084 2731 2180 2805 (α),
2213 2747 2312 2787 nos
2337 2732 2588 2788 exaudire
2613 2732 2880 2804 dignetur.

2055 2825 2170 2880 X-ll.
2200 2825 2320 2880 Jun.
2364 2825 2473 2879 Hac
2515 2825 2672 2894 igitur
2702 2825 2823 2879 ﬁdei
2866 2824 3230 2880 consolatione
3269 2823 3562 2894 gaudentes

1985 2915 2359 2970 immineamus
2387 2923 2564 2983 empto
2589 2915 2758 2984 Operi,
2785 2923 2840 2968 et
2864 2913 3277 2984 disputationum
3304 2914 3563 2983 promissa

1985 3006 2271 3062 reddamus
2308 3024 2322 3059 :
2367 3020 2472 3060 non
2524 3005 2856 3074 ambigentes
2905 3004 3005 3058 hoc
3049 3003 3223 3072 ipsum
3273 3005 3556 3057 maximam

1985 3112 2104 3152 esse
2131 3096 2332 3166 prmmii
2355 3106 2588 3165 partem,
2621 3096 2742 3164 quia
2780 3095 2833 3147 in
2858 3093 2974 3161 ejus
2992 3093 3254 3162 dogmatis
3284 3108 3406 3149 arce
3433 3108 3563 3148 eon-

1985 3186 2238 3250 stitimus,
2269 3185 2408 3256 quod
2437 3200 2555 3239 cum
2585 3193 2688 3238 tam
2717 3183 3004 3237 multorum
3032 3183 3185 3246 livor,
3215 3181 3308 3236 sed
3339 3181 3565 3250 plurium

1987 3295 2136 3337 error
2160 3286 2459 3348 oppugnet;
2494 3286 2668 3332 tamen
2697 3277 2766 3331 ita
2796 3291 2954 3345 supra
2980 3289 3136 3330 casus
3160 3275 3329 3329 evasit
3359 3274 3567 3345 ancipi-

1986 3381 2088 3439 tes,
2119 3380 2179 3426 ut
2203 3369 2520 3425 invincibilis
2539 3369 2681 3423 cluat
2709 3367 3046 3436 possessione
3071 3367 3329 3422 victorize.

2057 3463 2192 3518 Auo.
2225 3463 2343 3532 ipse
2370 3461 2461 3515 tibi
2487 3461 2582 3515 das
2604 3460 2831 3530 palmam
2853 3469 3036 3514 contra
3063 3468 3140 3513 tot
3160 3459 3424 3514 antistites
3450 3460 3565 3524 Dei,

1988 3554 2077 3622 qui
2105 3564 2227 3607 ante
2271 3567 2400 3617 nos,
2449 3565 2510 3605 ea
2545 3566 2664 3620 qua:
2691 3565 2994 3620 oppugnas,
3025 3549 3076 3602 in
3105 3549 3341 3604 Ecclesia
3371 3548 3568 3604 Christi

1987 3645 2315 3708 didicerunt,
2343 3650 2501 3712 atque
2525 3641 2852 3702 docuerunt,
2885 3641 3127 3694 bibentes
3171 3648 3226 3693 et
3263 3639 3569 3693 ministran-

1990 3746 2070 3792 tes
2107 3736 2173 3791 de
2213 3736 2232 3767 ³
2279 3735 2512 3789 fontibus
2556 3732 2716 3788 Israel
2765 3731 2933 3802 (Psal.
2966 3747 3125 3796 van,
3153 3730 3265 3801 27).
3294 3730 3408 3784 .lloc
3441 3744 3569 3799 ergo

1989 3829 2130 3901 quod
2157 3829 2315 3892 facis,
2350 3843 2456 3882 non
2483 3836 2566 3881 est
2597 3825 2833 3880 victoriae
2860 3824 3198 3893 possessione
3233 3823 3440 3886 cluere,
3473 3819 3570 3876 sed

1992 3921 2044 3975 in
2097 3918 2298 3974 odiosae
2347 3917 2662 3986 arrogantia:
2727 3915 2961 3970 cloacam
3023 3913 3330 3969 deformiter
3379 3912 3568 3969 liuere.

1990 4010 2182 4066 Cluere
2207 4009 2429 4079 quippe,
2476 4007 2677 4077 pollere
2707 4015 2788 4060 est
2827 4023 2838 4059 :
2885 4005 3154 4076 quomodo
3197 4013 3372 4058 autem
3422 4012 3570 4073 potes

1992 4102 2228 4158 victoria:
2269 4100 2604 4171 possessione
2653 4099 2887 4168 pollere,
2936 4097 3026 4166 qui
3077 4098 3286 4152 conaris
3312 4095 3571 4152 catholica

1994 4193 2262 4262 dogmata,
2292 4191 2532 4260 antiqua,
2563 4198 2614 4244 et
2643 4189 2835 4243 invicta
2864 4187 3136 4257 polluere?

2066 4283 2205 4339 XIII.
2236 4282 2354 4338 .Iuc.
2385 4281 2516 4336 Nam
2543 4281 2620 4348 si,
2652 4290 2709 4334 ut
2734 4288 2788 4334 et
2816 4279 3060 4349 superior
3086 4293 3264 4334 sermo
3287 4276 3568 4348 patefecit,

1995 4385 2051 4432 et
2095 4385 2374 4432 secuturus
2411 4373 2651 4436 docebit,
2681 4371 2932 4442 quidquid
2981 4371 3114 4426 ratio
3161 4379 3272 4437 est,
3319 4369 3572 4440 quidquid

1997 4470 2246 4536 eruditio,
2275 4466 2528 4538 quidquid
2552 4465 2777 4535 justitia,
2813 4463 3068 4533 quidquid
3097 4463 3294 4532 pietas,
3322 4460 3574 4531 quidquid

1997 4559 2420 4614 testimoniorum
2448 4570 2718 4610 sacrorum
2737 4595 2753 4620 ,
2783 4554 2904 4607 huic
2932 4551 3072 4622 quod
3107 4560 3316 4606 tuemur
3341 4551 3573 4620 dogmati

1998 4650 2352 4718 suifragatur:
2384 4646 2512 4700 nihil
2536 4644 2678 4698 aliud
2709 4642 2907 4696 Inimici
2930 4641 3095 4696 nostri
3128 4650 3238 4696 toto
3268 4640 3573 4709 adipiscun-

1999 4749 2086 4796 tur
2109 4749 2334 4805 conatu,
2375 4753 2532 4809 quam
2568 4745 2624 4791 ut
2666 4735 2835 4790 doctis
2879 4734 3172 4804 quibusque
3201 4732 3576 4802 imprudentis-

1999 4833 2118 4888 simi
2147 4831 2187 4895 ‘,
2215 4830 2416 4885 sanctis
2439 4824 2909 4890 contumacissimi,
2940 4825 2994 4878 in
3023 4823 3187 4879 Deum
3219 4821 3576 4893 profanissimi

1999 4939 2116 4978 cum
2125 4923 2432 4992 probentur.

2070 5016 2204 5071 AUC.
2235 5012 2337 5067 Sed
2381 5011 2508 5065 falsa
2547 5009 2818 5080 loqueris:
2850 5023 2971 5062 nam
3007 5021 3178 5076 neque
3204 5004 3339 5061 ratio
3359 5047 3372 5070 ,
3405 5019 3578 5074 neque

2001 5119 2126 5159 sana
2153 5103 2400 5170 eruditio,
2434 5116 2605 5172 neque
2625 5099 2850 5170 justitia,
2885 5113 3056 5167 neque
3086 5097 3272 5166 pictas,
3296 5111 3468 5166 neque
3492 5111 3578 5150 sa-

2001 5214 2088 5252 cra
2119 5197 2271 5252 testia
2294 5196 2413 5250 onia
2434 5203 2611 5250 vestro
2633 5191 2860 5261 dogmati
2888 5189 3268 5258 suifragantur;
3299 5186 3424 5250 imo,
3469 5185 3582 5239 lucc

2002 5288 2199 5350 omnia,
2230 5287 2367 5339 sicut
2393 5283 2444 5338 hi
2465 5283 2553 5352 qui
2579 5290 2723 5336 recte
2745 5281 3038 5349 intelligunt
3062 5277 3314 5344 iudicant,
3345 5283 3577 5328 vestrum

2003 5379 2193 5450 dogma
2223 5376 2558 5430 subvertuut.
2588 5373 2742 5426 Ratio
2767 5371 2958 5440 quippe
2978 5367 3148 5424 cernit
3175 5368 3259 5420 vix
3287 5364 3352 5418 ad
3381 5360 3582 5432 aliquid

2067 5560 2085 5592 ι
2119 5559 2192 5607 sic
2213 5564 2318 5608 Mss.
2342 5554 2479 5618 Editi,
2502 5562 2753 5618 concessu.-
2788 5607 2799 5618 ,
2859 5606 2870 5617 ,
2919 5605 2948 5618 η
3012 5604 3044 5618 _,

2068 5622 2088 5652 ³
2121 5605 2192 5667 Sic
2214 5605 2318 5668 atss.
2343 5605 2478 5675 aliti,
2501 5620 2685 5663 nostras
2704 5606 2870 5660 ulcisci
2887 5605 3088 5658 silattio.

2069 5683 2090 5744 ξ
2123 5681 2256 5739 mliti,
2281 5680 2346 5728 in.
2375 5687 2500 5744 Mss,
2525 5676 2602 5724 de.
2628 5734 2639 5744 .

2067 5743 2092 5776 ι
2124 5752 2227 5791 Mss.
2245 5737 2360 5788 Mar.
2385 5747 2436 5788 et
2454 5737 2593 5794 Clar.,
2621 5737 2688 5784 im

2073 5805 2145 5868 (τι)
2175 5814 2336 5865 supra,
2363 5801 2443 5850 lib.
2475 5801 2525 5860 ε,
2550 5812 2654 5862 cap.
2684 5801 2726 5848 ι.

2789 5729 3033 5783 emissum.
