4062 6544
1187 380 1430 441 uPEltlS
1466 370 1875 434 IlIPERFECTl
1915 368 2187 427 CONTRA
2225 365 2582 432 mutuati,
2623 368 2680 423 s.
2725 366 3091 424 AUGUSTle
3655 371 3825 428 ,με

2280 479 2421 536 XVI.
2442 480 2562 537 Jun.
2590 481 2790 536 Verum
2810 480 3135 538 imbecillum
3155 495 3312 539 cmca:
3333 481 3604 553 opinionis
3625 496 3828 555 patro-

2208 573 2408 630 cinium
2454 571 2765 642 multiplicat
2801 583 3046 643 peccata,
3097 588 3199 628 non
3242 574 3456 632 minuit.
3496 574 3598 632 Hic
3636 577 3828 649 igitur

2209 666 2526 721 miscrorum
2549 664 2783 735 pruritus
2805 672 2859 721 et
2879 675 3071 736 sponte
3094 668 3497 737 :egrescentium
3519 669 3563 737 ⁸,
3594 671 3831 728 nullum

523 394 657 452 1M7

524 507 636 565 veri
679 520 738 562 se
774 517 931 575 posse
977 497 1254 574 pervenire
1296 493 1543 549 tarditate
1582 488 1906 560 impediente
1945 493 2099 540 natu-

525 614 632 654 ras:
663 595 887 652 eruditio
932 604 1138 660 prunam
1179 585 1373 641 laboris
1414 583 1572 637 habet
1614 583 1668 636 in
1710 579 1897 636 eadem
1935 577 2102 633 tardi-

524 698 633 743 tate
658 695 856 741 natum
889 700 903 736 :
925 680 1128 751 justitia
1152 678 1345 732 clamat
1386 690 1490 729 non
1517 672 1582 729 ad
1612 687 1671 727 se
1715 672 2003 741 pertinere,
2045 675 2104 723 ut

525 777 697 832 Adam
723 774 813 828 ﬁlii
840 772 987 843 gravi
1013 771 1141 841 jugo
1172 776 1480 838 premantur
1503 781 1535 820 a
1564 764 1653 821 die
1680 765 1862 820 exitus
1887 762 1954 818 de
1978 778 2105 817 ven-

527 878 605 922 tre
633 865 815 920 matris
842 878 973 929 suae,
1018 860 1133 916 siue
1159 860 1267 914 ullo
1294 859 1486 913 merito
1514 867 1850 929 peccatorum
1886 871 1901 909 :
1932 855 2106 925 pietas

524 959 778 1014 adversus
819 955 921 1010 hoc
947 953 1168 1020 malum,
1196 950 1433 1006 divinum
1472 951 1653 1021 poscit
1690 948 1944 1003 auxilium
1973 964 1988 1002 :
2019 961 2107 1001 sa-

527 1065 618 1105 cra
650 1045 972 1113 testimonia,
999 1051 1059 1100 ut
1086 1042 1188 1098 hoc
1216 1042 1328 1111 ﬁat,
1360 1039 1648 1095 humanum
1675 1040 1966 1095 admouent
1992 1036 2111 1092 ani-

473 1130 484 1221 ἷ
524 1157 694 1196 mum.
736 1194 739 1197 .

594 1230 734 1288 XIV.
766 1229 884 1288 Jun.
923 1230 993 1285 Et
1017 1228 1231 1300 quidem
1271 1241 1432 1299 quam
1473 1223 1606 1281 nihil
1635 1223 1868 1279 habeant
1907 1222 2113 1278 Tradu-

451 1353 455 1358 λ
526 1326 688 1393 claui,
718 1322 861 1397 quod
885 1322 936 1378 vi
967 1337 1069 1393 qua
1098 1328 1461 1392 proteruntur,
1483 1317 1708 1373 rationis
1732 1322 2024 1387 opponant,
2051 1321 2113 1371 ut

460 1415 469 1441 ’
525 1417 630 1471 alia
652 1429 840 1472 eorum
869 1413 1090 1484 scripta,
1122 1412 1193 1466 ita
1222 1410 1277 1466 hi
1306 1418 1489 1464 contra
1517 1422 1653 1479 quos
1675 1407 1884 1477 agimus
1912 1413 2113 1461 testan-

528 1515 619 1563 tur
647 1507 831 1571 libelli,
865 1505 957 1575 qui
987 1503 1175 1559 directi
1215 1501 1284 1557 ad
1312 1501 1593 1556 militarem
1636 1498 1806 1553 virum
1829 1496 1902 1569 (a)
1933 1495 2112 1570 (quod

529 1600 691 1654 etiam
711 1598 824 1667 ipse
851 1594 1088 1666 proﬁteri
1114 1592 1336 1664 potest),
1364 1591 1483 1646 aliis
1508 1589 1678 1660 magis
1702 1589 1929 1659 negotiis
1952 1603 2113 1659 quam

531 1689 722 1745 litteris
749 1696 1087 1760 occupatum,
1123 1684 1448 1756 impotentia:
1475 1692 1661 1741 eontra
1701 1699 1798 1738 nos
1826 1691 2115 1755 precantur

530 1780 809 1845 auxilium,
836 1795 901 1837 ac
940 1795 1037 1851 pro
1066 1793 1127 1834 se
1153 1792 1362 1833 sursum
1389 1777 1641 1831 deorsum
1683 1774 2073 1844 plebecularum
2093 1814 2112 1842 ,

533 1878 628 1927 aut
648 1871 924 1936 ruralium,
950 1878 1040 1924 aut
1066 1867 1400 1923 theatralium
1420 1866 1551 1922 scita
1573 1865 1969 1932 commendant,
1993 1879 2116 1936 quae

534 1978 643 2033 quo
680 1962 787 2017 sint
815 1959 1147 2037 promulgata
1174 1958 1422 2026 consitio,
1453 1956 1675 2012 historia
1695 1956 1838 2012 nulla
1875 1971 2118 2012 comme-

534 2062 729 2109 morat.

608 2145 744 2202 Anc.
786 2141 905 2207 Non
935 2141 1258 2213 impotentiae
1298 2149 1484 2197 contra
1508 2154 1606 2195 vos
1645 2153 1927 2209 precamur
1961 2137 2121 2194 auxi-

542 2235 669 2290 lium
697 2251 713 2288 :
739 2233 831 2289 sed
855 2248 954 2306 pro
991 2232 1140 2288 vobis
1170 2233 1365 2303 potius,
1396 2240 1451 2287 ut
1486 2231 1554 2287 ab
1583 2247 1715 2286 ausu
1740 2231 1998 2301 sacrilego
2022 2246 2118 2286 co-

541 2323 829 2382 hibeamini
854 2363 870 2389 ,
901 2321 1207 2379 christiana}
1256 2322 1505 2393 potentim
1550 2322 1823 2377 laudamus
1863 2321 2118 2378 ofﬁcium.

540 2415 677 2471 Vide
701 2430 829 2472 sane
849 2414 1296 2486 quemadmodum
1323 2412 1526 2469 mrales
1549 2422 1602 2471 et
1626 2413 1910 2470 theatrales
1933 2413 2081 2470 dicas
2103 2450 2120 2480 ,

544 2503 869 2578 Cyprianum
890 2545 906 2571 ,
947 2514 1001 2559 et
1044 2504 1404 2573 Ambrosium,
1435 2511 1491 2560 et
1514 2511 1592 2560 tot
1616 2504 1852 2560 eruditos
1878 2504 1932 2560 in
1956 2517 2124 2575 regno

549 2596 644 2653 Dei
672 2598 875 2652 scribas
901 2597 1079 2652 socios
1098 2612 1305 2652 eorum.

619 2688 738 2745 XV.
780 2688 900 2745 ius.
933 2688 1065 2744 Illud
1102 2697 1277 2745 tamen
1307 2703 1638 2760 nequaquam
1669 2688 1890 2744 iuﬁciari
1934 2702 2125 2760 possu-

544 2795 667 2835 mus
687 2821 702 2846 ,
734 2780 875 2850 quod
906 2779 1188 2849 plurimum
1210 2821 1226 2845 ,
1252 2789 1308 2835 ut
1337 2779 1444 2835 dixi
1464 2821 1480 2848 ,
1510 2779 1676 2834 turbis
1715 2780 1939 2849 placeat,
1971 2778 2126 2834 luteis

546 2878 726 2925 tamen
756 2871 773 2903 ⁸
813 2870 1004 2926 delicta
1033 2871 1318 2926 voluntatis
1352 2871 1613 2942 imputare
1641 2881 1877 2938 naturae,
1904 2879 1959 2926 et
1990 2870 2127 2928 inla-

548 2961 782 3017 matione
812 2963 1073 3017 seminum
1108 2977 1318 3017 morum
1349 2962 1695 3037 petulantiam
1727 2962 1999 3018 vindicare
2027 2980 2041 3016 :
2069 2970 2128 3018 ut

551 3069 822 3125 nunquam
847 3055 963 3125 quis
988 3054 1274 3110 emendare
1301 3065 1542 3122 conetur,
1572 3055 1712 3126 quod
1744 3065 1920 3125 sperat
1942 3058 1963 3087 '
1987 3055 2042 3111 in
2068 3069 2129 3112 se

552 3148 670 3215 ipso
699 3147 921 3200 alterum
950 3155 1280 3215 perpetrare.

622 3236 759 3292 Aue.
791 3235 922 3303 Quis
954 3236 1045 3290 tibi
1068 3235 1203 3290 dixit
1227 3236 1270 3303 ³,
1301 3235 1442 3306 quod
1479 3228 1615 3292 alter
1638 3246 1908 3306 perpetret
1938 3253 2128 3308 pecca-

553 3334 666 3380 tum
693 3325 1047 3396 cujusquam?
1071 3326 1511 3397 Quandoquidem
1549 3329 1711 3383 etiam
1740 3329 1828 3384 ille
1863 3330 1953 3400 qui
1981 3330 2127 3398 dicit,

555 3415 678 3471 Iam
703 3433 803 3471 non
829 3433 918 3488 ego
946 3432 1127 3487 θρονοί·
1163 3416 1312 3484 illud,
1346 3418 1438 3472 sed
1473 3419 1531 3472 id
1557 3419 1692 3488 quod
1725 3419 1783 3473 in
1820 3436 1901 3474 me
1939 3420 2133 3476 habitat

560 3518 819 3578 peccatum
843 3522 862 3563 :
886 3508 1139 3563 continuo
1158 3507 1462 3579 subjiciens,
1489 3509 1608 3564 Scio
1630 3511 1760 3565 enim
1785 3512 1901 3582 quia
1922 3528 2022 3566 non
2042 3515 2134 3567 Ita-

557 3600 679 3652 bilat
708 3598 759 3651 in
798 3614 898 3666 me,
935 3598 1031 3653 hoc
1058 3608 1130 3653 est
1157 3600 1211 3654 in
1248 3616 1400 3654 carne
1431 3616 1562 3664 mea,
1602 3599 1786 3654 bonum
1812 3601 2000 3674 (Rom.
2037 3618 2130 3670 vit,

555 3691 646 3758 17,
676 3687 808 3763 18);
831 3691 1061 3747 ostendit
1085 3706 1239 3745 suum
1267 3706 1388 3747 esse
1413 3692 1665 3763 quidquid
1696 3692 1822 3747 illud
1854 3704 1935 3748 est
1965 3712 1979 3748 :
2010 3695 2132 3764 quia

556 3789 613 3837 et
637 3781 748 3851 ipsa
779 3796 905 3837 caro
932 3781 1000 3837 ad
1026 3797 1149 3837 eum
1177 3782 1427 3852 pertinet,
1457 3784 1546 3853 qui
1573 3800 1636 3838 ex
1661 3798 1825 3841 carne
1849 3795 2055 3841 constat
2081 3796 2137 3841 et

557 3871 769 3943 Spiritu.
795 3871 864 3927 Et
884 3881 1061 3929 tamen
1080 3889 1185 3928 non
1209 3874 1289 3929 vis
1314 3889 1432 3929 cum
1459 3874 1742 3932 Ambrosio
1760 3891 1969 3947 sapere,
1992 3879 2136 3949 quod

566 3965 671 4021 hoc
698 3965 920 4029 malum,
950 3981 1059 4036 quo
1083 3981 1212 4022 caro
1236 3967 1563 4037 concupiscit
1589 3967 1844 4024 adversus
1870 3971 2134 4040 spiritum,

558 4056 998 4125 prtevaricatione
1024 4054 1047 4088 ‘
1089 4058 1244 4127 primi
1289 4056 1518 4113 hominis
1560 4059 1613 4114 in
1651 4069 1894 4117 naturam
1921 4064 2138 4117 verterit

556 4146 853 4217 (Ambros.,
877 4147 965 4202 lib.
993 4148 1023 4202 7
1052 4148 1103 4202 in
1126 4147 1250 4203 Luc.
1273 4165 1367 4212 xu,
1390 4149 1503 4218 52).
1532 4150 1635 4206 Sed
1656 4158 1711 4206 et
1736 4161 1791 4207 tu
1813 4167 1933 4209 cum
1959 4154 2138 4211 dicere

561 4239 739 4294 soleas
766 4238 817 4292 in
849 4237 933 4293 his
957 4239 1264 4309 apostolicis
1290 4240 1467 4296 verbis
1495 4241 1802 4313 violentiam
1829 4245 1983 4299 malae
2005 4261 2139 4301 con-

561 4328 860 4384 suetudinis
896 4330 1161 4399 exprimi,
1188 4330 1316 4398 quid
1341 4339 1455 4397 est,
1482 4332 1623 4401 quod
1653 4332 1813 4388 modo
1838 4331 2016 4390 dicere
2042 4352 2139 4391 vo-

475 4446 480 4450 -
561 4422 786 4488 luisti,-t
814 4421 884 4478 Ut
928 4438 1197 4493 nunquam
1231 4424 1351 4494 quis
1392 4424 1681 4481 emendare
1724 4439 1965 4494 conetur,
1997 4431 2137 4500 quod

556 4512 662 4568 scit
685 4512 737 4567 in
762 4528 821 4567 se
844 4512 1068 4568 alterum
1090 4516 1436 4586 perpetrare?
1463 4535 1484 4570 ι
1510 4516 1642 4573 Cum
1667 4518 1801 4573 velis
1825 4520 1848 4552 ⁸
1874 4519 2056 4591 utique
2080 4535 2140 4577 se

559 4605 735 4677 ipsum
761 4606 1047 4663 emendare
1073 4622 1195 4663 eum
1216 4608 1306 4679 qui
1331 4608 1478 4674 dicit,
1508 4608 1632 4664 Non
1653 4626 1745 4682 ego
1771 4624 1952 4681 aperor
1973 4612 2140 4669 illud:

558 4707 613 4755 et
642 4698 747 4756 hoc
774 4701 909 4756 velis
940 4700 1052 4757 ﬁeri
1082 4701 1280 4757 viribus
1306 4703 1533 4773 propria:
1560 4702 1885 4769 voluntatis;
1916 4719 2036 4761 eum
2062 4705 2143 4759 vi-

568 4791 695 4847 deas
720 4807 880 4862 quam
917 4793 989 4847 sit
1026 4792 1268 4849 voluntas
1295 4792 1412 4865 ejus
1453 4794 1661 4850 inﬁrma
1699 4795 1787 4864 qui
1816 4795 1978 4863 dicit,
2019 4795 2142 4853 Non

567 4882 705 4953 quod
723 4881 857 4951 volo,
888 4898 1004 4955 ago.
1029 4882 1191 4938 Istum
1221 4885 1430 4955 saltem,
1457 4900 1660 4957 quaso,
1692 4887 1983 4957 permittite
2004 4886 2142 4943 divi-

566 4989 693 5029 num
725 4988 948 5044 poscere
988 4975 1264 5043 auxilium,
1292 4976 1345 5032 in
1376 4992 1480 5049 quo
1503 4977 1763 5034 defecisse
1787 4979 2005 5036 cernitis
2028 4994 2142 5036 suae

558 5068 847 5124 voluntatis
873 5068 1180 5126 arbitrium.

623 5260 946 5336 ﬂorea-ardua,
969 5261 1154 5336 turbis
1180 5262 1336 5328 placet
1338 5301 1381 5336 _,
1413 5263 1601 5336 Judgeis
1851 5268 2142 5336 vlgnierius,

734 5323 910 5397 placet,
933 5321 1112 5397 nam.
1336 5321 1390 5378 lit
1422 5328 1566 5390 paulo
1588 5335 1697 5397 post
1728 5330 1877 5397 iidem
1897 5321 2143 5397 ferebant;

558 5391 610 5460 et
626 5384 1036 5460 quamquam};
1064 5386 1308 5440 hominum
1336 5384 1527 5441 moram
1546 5384 1857 5455 petulantiam
1879 5384 2141 5445 vindicare:

557 5451 858 5510 Castigantur
881 5462 944 5510 ex
967 5455 1074 5501 Mss.

621 5509 642 5540 ²
675 5508 832 5569 Forte,
856 5508 995 5562 sciat.

620 5569 644 5637 ξ
672 5570 753 5637 sic
776 5578 881 5637 Mss.
915 5573 1033 5623 Editi
1050 5586 1188 5637 vero,
1212 5573 1341 5637 quod
1364 5572 1449 5626 tibi
1465 5574 1590 5627 dixi.

620 5630 645 5708 ξ
675 5632 811 5708 gitti,
966 5630 1422 5708 prqmrirdtioncm.
1445 5646 1570 5701 Mss,
1594 5638 2004 5703 prwvaricatione.

620 5692 643 5761 ξ
676 5692 811 5761 miti,
826 5692 981 5761 uelit}
1002 5696 1359 5761 refragantibus
1376 5705 1486 5751 Mss.

558 5753 701 5864 ﬂ
714 5753 837 5807 Libri
858 5757 923 5809 de
942 5760 1122 5822 Nuptiis
1132 5753 1211 5813 “et
1244 5763 1654 5824 tioucupisccntia,
1678 5762 1736 5814 ad
1755 5765 1980 5817 oonﬁtcm
2001 5761 2141 5815 Vale-

2211 765 2399 812 oontra
2434 756 2604 826 ipsam
2643 757 2905 813 rationem
2944 758 3141 814 valebit
3182 759 3391 829 pondus
3427 761 3628 817 ali’erre
3658 781 3675 816 :
3712 766 3825 819 sed

2209 848 2334 921 quia
2364 848 2635 904 nonnullis
2654 847 3047 919 Scripturarum
3068 851 3218 918 locis,
3239 861 3295 907 et
3314 853 3546 908 maxime
3569 856 3828 923 apostoli

2212 941 2364 999 Pauli
2393 941 2735 998 sermonibus
2761 941 3067 997 conﬁrmari
3111 952 3358 998 asserunt
3398 945 3645 1000 naturale
3673 961 3828 1016 pec-

2213 1044 2389 1093 catum
2413 1077 2431 1102 ,
2458 1051 2684 1106 quorum
2714 1036 3104 1107 expositionem
3135 1035 3187 1090 in
3229 1038 3522 1092 secundum
3549 1038 3827 1095 volumen

2213 1127 2413 1194 distuli,
2441 1127 2662 1196 ejusque
2682 1125 2966 1182 reddendae
2987 1134 3197 1196 tempus
3219 1134 3303 1182 est
3322 1128 3377 1194 ';
3403 1127 3639 1182 breviter
3654 1129 3828 1198 prius

2219 1217 2317 1292 (ut
2343 1217 2437 1278 ﬁat
2464 1219 2631 1279 lector
2659 1214 3026 1292 instructior),
3061 1227 3116 1273 et
3144 1233 3266 1288 quae
3297 1218 3406 1272 sint
3430 1228 3570 1284 acta,
3603 1230 3660 1274 et
3685 1235 3828 1289 qua:

2216 1310 2324 1366 sint
2364 1309 2572 1381 agenda
2618 1307 2964 1379 distinguam.
3010 1306 3295 1363 Ostensum
3336 1317 3422 1365 est
3460 1323 3628 1377 ergo,
3673 1308 3828 1366 nihil

2217 1415 2381 1472 posse
2410 1415 2508 1470 per
2550 1409 2760 1455 sanctas
2798 1399 3100 1469 Scripturas
3137 1399 3387 1468 probari,
3429 1399 3579 1470 quod
3595 1399 3827 1471 justiti:

2216 1506 2333 1559 non
2369 1490 2538 1562 possit
2584 1489 2722 1546 tueri
2753 1505 2771 1545 :
2800 1490 2925 1559 quia
2952 1491 2999 1545 si
3046 1490 3101 1544 in
3142 1489 3260 1560 lege
3302 1489 3399 1545 Dei
3440 1499 3526 1545 est
3570 1490 3859 1559 perlecta.

2216 1581 2384 1638 forma
2406 1581 2650 1652 justitim,
2678 1580 2807 1636 nihil
2835 1594 2934 1650 per
2969 1595 3086 1635 eam
3116 1580 3422 1637 adversaria
3450 1581 3588 1651 ejus,
3620 1579 3678 1636 id
3704 1590 3825 1644 est,

2218 1673 2474 1745 injustitia
2499 1674 2693 1729 sinitur
2718 1672 2928 1729 virtutis
2950 1673 3229 1742 acquirere
3255 1691 3272 1729 :
3301 1687 3364 1727 ac
3388 1688 3485 1742 per
3510 1671 3636 1737 hoc,
3667 1672 3821 1743 quod

2219 1768 2359 1822 ratio
2387 1767 2583 1837 arguit,
2615 1780 2719 1821 non
2747 1773 2927 1836 potest
2962 1764 3252 1832 auctoritas
3279 1762 3570 1820 vindicare.
3605 1764 3821 1821 Deinde

2219 1859 2500 1930 probatum
2531 1866 2614 1913 est
2636 1899 2650 1922 ,
2683 1857 2849 1912 Deum
2891 1857 3046 1912 nobis
3088 1866 3275 1921 notum
3322 1869 3443 1910 esse
3472 1854 3816 1910 virtutibus:

2221 1949 2379 2020 hujus
2401 1963 2530 2023 ergo
2568 1947 2825 2019 justitiam
2857 1954 2916 2002 ut
2939 1946 3374 2016 omuipotentiam
3411 1943 3815 2010 conﬁtendam;

2221 2045 2372 2114 cujus
2411 2044 2456 2098 si
2484 2042 2794 2097 admittatur
2835 2040 3138 2107 excidium,
3170 2038 3421 2108 majestas
3446 2038 3664 2108 incipiet
3704 2045 3820 2091 tota

2223 2145 2442 2203 nutare;
2468 2135 2591 2207 quia
2614 2135 2687 2191 ita
2716 2135 2856 2190 Deus
2878 2133 3061 2204 justus
3081 2141 3185 2200 est,
3216 2141 3276 2186 ut
3300 2131 3346 2187 si
3376 2131 3701 2202 probaretur
3718 2130 3818 2202 ju—

2223 2239 2340 2286 stus
2375 2244 2481 2285 non
2520 2244 2673 2294 esse,
2716 2228 3125 2285 convinceretur
3165 2226 3308 2282 Deus
3336 2241 3441 2280 non
3478 2239 3648 2282 esse:
3677 2238 3819 2279 con—

2224 2323 2536 2392 clusumque
2563 2329 2678 2386 est,
2722 2334 2820 2375 nos
2849 2319 3018 2377 Deum
3047 2318 3409 2389 aequissimum
3453 2316 3506 2371 in
3549 2314 3819 2371 Trinitate

2224 2416 2498 2483 venerari;
2542 2424 2596 2471 et
2635 2412 3032 2470 irrel'utahiliter
3071 2411 3350 2481 apparuit,
3395 2423 3504 2465 non
3541 2421 3707 2481 posse
3743 2407 3815 2462 ab

2227 2524 2293 2566 eo
2321 2516 2597 2581 peccatum
2626 2506 2856 2562 alienum
2879 2504 3113 2576 parvulis
3137 2501 3417 2573 imputari.-

2301 2601 2437 2657 Aue.
2462 2601 2641 2668 Quare
2666 2613 2774 2653 non
2807 2584 2990 2652 fateris
3009 2598 3077 2652 ab
3100 2593 3469 2664 omnipotente
3487 2591 3633 2662 justo
3649 2603 3819 2661 grave

2225 2691 2410 2764 iugum
2438 2706 2601 2761 super
2629 2689 2766 2745 ﬁlios
2796 2689 2963 2745 Adam
2989 2703 3022 2743 a
3063 2687 3152 2743 die
3174 2687 3349 2742 exitus
3385 2683 3454 2740 de
3489 2692 3677 2738 ventre
3704 2696 3821 2736 ma~

2233 2786 2331 2839 tris
2355 2797 2560 2849 eorum,
2587 2782 2703 2838 sine
2729 2782 2835 2837 ullo
2853 2781 3058 2853 peccati
3085 2778 3276 2834 merito
3300 2791 3403 2832 non
3430 2775 3668 2846 potuisse
3687 2787 3819 2830 eon-

2230 2873 2399 2935 Ititui.

2301 2966 2470 3024 XVII.
2510 2965 2632 3022 JL'L.
2678 2963 2786 3021 Sed
2834 2971 2893 3019 ut
2946 2961 3015 3018 de
3073 2960 3385 3018 deﬁnitione
3428 2957 3682 3030 justitiaa,
3742 2957 3816 3012 ita

2234 3060 2396 3116 etiam
2426 3058 2495 3113 de
2522 3057 2726 3128 peccati
2757 3055 3061 3111 conditione
3084 3053 3369 3108 dissertum
3397 3058 3498 3117 est,
3524 3049 3666 3121 quod
3694 3062 3821 3120 peo-

2234 3160 2409 3207 catum
2438 3151 2680 3220 apparuit
2708 3147 2840 3202 nihil
2867 3161 2985 3202 esse
3009 3144 3150 3201 aliud
3176 3160 3334 3216 quam
3360 3142 3553 3199 malam
3578 3144 3821 3198 rolunta.

2237 3254 2366 3308 tem,
2395 3243 2482 3299 cui
2521 3251 2667 3298 esset
2703 3240 2927 3297 liberum
2954 3239 3021 3294 ab
3045 3253 3113 3294 eo
3139 3237 3280 3309 quod
3307 3250 3468 3309 prave
3493 3236 3818 3308 appetiverat

2235 3333 2531 3387 abstinere.

2307 3424 2442 3481 Anc.
2491 3423 2604 3479 IIoc
2633 3429 2712 3478 est
2756 3421 2976 3477 omnino
3025 3428 3303 3491 peccatum
3350 3418 3505 3490 primi
3550 3418 3811 3487 hominis,

2236 3514 2379 3570 unde
2429 3514 2482 3568 in
2526 3513 2772 3567 homines
2820 3511 2944 3566 mali
2989 3512 3138 3581 origo
3180 3509 3477 3567 descendit.
3519 3508 3582 3565 Ei
3625 3510 3815 3579 quippe

2235 3605 2390 3659 valde
2415 3604 2641 3660 liberum
2660 3603 2777 3672 fuit,
2803 3601 2870 3657 ab
2897 3617 2962 3656 eo
2990 3601 3129 3671 quod
3154 3616 3315 3671 prave
3337 3602 3664 3671 appetiverat
3687 3600 3811 3656 abs-

2246 3700 2419 3754 tinere
2449 3714 2464 3751 :
2509 3697 2631 3768 quia
2668 3694 2904 3752 nondum
2933 3702 3050 3750 erat
3076 3694 3282 3758 vitium,
3314 3707 3422 3764 quo
3471 3706 3596 3748 caro
3620 3706 3813 3746 concu-
3873 3736 3883 3746 .

2238 3790 2471 3861 pisceret
2511 3788 2767 3843 adversus
2797 3787 3086 3857 spiritum:
3124 3785 3359 3843 nondum
3401 3783 3610 3840 dicebat
3634 3824 3651 3851 ,
3698 3781 3815 3837 Non

2239 3881 2374 3951 quod
2398 3880 2532 3947 volo,
2564 3895 2660 3951 ago
2686 3894 2705 3934 :
2735 3878 2970 3933 nondum
3001 3876 3203 3946 positus
3241 3875 3293 3930 in
3320 3889 3485 3930 carne
3508 3876 3707 3943 peccati
3737 3873 3814 3928 ul-

2238 3970 2350 4028 lum
2396 3970 2758 4027 necessarium
2803 3967 3030 4024 habebat
3071 3964 3320 4021 auxilium
3351 3962 3421 4019 de
3467 3964 3813 4021 similitudine

2240 4064 2417 4122 carnis
2461 4064 2692 4135 peccati.

2312 4153 2497 4211 XVIII.
2553 4154 2671 4209 JUL.
2727 4153 2804 4210 Ac
2860 4165 2957 4221 per
3014 4150 3117 4204 hoc
3164 4146 3527 4203 illustrissimo
3577 4148 3809 4204 testimo-

2241 4251 2333 4307 nio
2377 4249 2687 4322 perdoctam
2733 4255 2856 4313 est,
2905 4246 2958 4300 in
3000 4242 3344 4301 nascentibus
3388 4259 3496 4300 non
3548 4255 3667 4299 esse
3694 4257 3809 4312 pec-

2242 4353 2417 4399 catum
2439 4382 2456 4410 ,
2485 4340 2626 4412 quod
2657 4341 2709 4396 iu
2751 4339 2835 4395 his
2864 4353 2998 4395 usus
3033 4336 3323 4392 voluntatis
3368 4352 3474 4391 non
3503 4345 3707 4409 poterat
3731 4336 3807 4391 in-

2242 4430 2432 4486 veniri.
3538 4416 3545 4425 ’

2314 4525 2450 4581 Auc.
2476 4523 2543 4579 Et
2564 4521 2704 4578 unde
2723 4536 2883 4595 grave
2899 4521 3105 4593 jugum,
3130 4520 3230 4576 nisi
3255 4520 3378 4591 quia
3403 4519 3474 4575 ita
3501 4535 3604 4574 non
3629 4519 3807 4575 habent

2248 4615 2536 4670 voluntatis
2561 4628 2737 4682 usum,
2768 4622 2828 4668 ut
2849 4614 3094 4669 obnoxiae
3111 4612 3131 4644 ³
3155 4620 3332 4667 tamen
3355 4612 3584 4666 habeant
3607 4611 3806 4682 originis

2244 4704 2543 4761 vinculum.

2316 4796 2460 4853 XIX.
2490 4796 2609 4853 Jun.
2651 4796 2900 4853 Liberum
2930 4805 3105 4853 autem
3135 4793 3412 4851 arbitrium
3438 4794 3619 4865 negari
3648 4793 3709 4848 ab
3735 4792 3808 4847 liis

2244 4889 2334 4961 qui
2359 4888 2541 4945 dicunt
2570 4898 2787 4959 peccata
2819 4904 2940 4945 esse
2963 4888 3245 4951 naturalia,
3277 4886 3447 4941 lucida
3474 4896 3557 4941 est
3584 4884 3805 4955 disputa-

2248 4980 2392 5035 tione
2432 4989 2802 5035 monstratum.
2852 4978 3005 5047 Quod
3051 4978 3263 5049 quidem
3307 4977 3538 5044 Poenus,
3580 4991 3685 5031 non
3721 4990 3809 5030 suo

2246 5085 2514 5137 sermone,
2546 5086 2613 5126 ne
2651 5071 2828 5125 minus
2853 5068 3101 5138 ponderis
3129 5069 3347 5124 haberet
3369 5107 3388 5137 ,
3433 5067 3523 5121 sed
3556 5065 3807 5137 Evangelii

2247 5163 2589 5228 testimonio,
2629 5161 2779 5232 quasi
2819 5160 3178 5222 auctoratius,
3207 5159 3524 5230 denegavit,
3548 5156 3684 5227 quod
3718 5170 3812 5211 nos

2248 5255 2601 5326 exponendo,
2647 5252 2970 5327 evangelica:
3018 5251 3346 5308 reddidimus
3379 5248 3641 5323 dignitati.
3682 5251 3809 5319 Apo-

2244 5347 2373 5405 stoli
2403 5361 2615 5417 quoque
2646 5345 2796 5401 Pauli
2822 5343 3181 5399 testimonium
3213 5342 3415 5412 laqueis
3434 5339 3808 5397 calum-maturis

2249 5441 2542 5500 exemimus
2562 5480 2579 5509 ,
2626 5446 2684 5496 et
2708 5437 2970 5495 bonorum
2998 5449 3248 5493 vasorum
3277 5434 3491 5507 ﬁgulum
3530 5433 3696 5493 Deum
3722 5446 3809 5486 no-

2311 5639 2331 5673 ⁸
2364 5637 2500 5698 aditi,
2522 5634 2850 5698 crescentimn.
2869 5641 2997 5698 Mss_.,
3018 5631 3396 5698 wgresceruium.

2311 5701 2332 5779 ἐ
2520 5697 2704 5761 distuli,
2726 5691 3179 5764 quwrendi'teiﬁpus
3195 5701 3281 5749 est.
3297 5691 3619 5747 Fanendanttn‘
3638 5704 3697 5743 ex
3717 5702 3804 5743 ma-

2246 5770 2521 5823 nusa'iptis.

2319 5824 2340 5857 ³
2370 5826 2441 5899 sic
2463 5830 2565 5879 Mss.
2592 5830 2643 5874 At
2668 5822 2804 5885 editi,
2824 5819 3097 5872 obnoxium.
