4062 6494
599 319 728 374 “Si

595 428 811 484 nomine
837 441 932 483 suo
951 439 1296 497 personarum
1323 439 1458 493 opus
1480 405 1712 476 indicant
1738 440 1750 475 :
1785 426 2032 489 parentes
2071 416 2166 486 igi-

597 530 704 590 tur,
743 521 830 591 qui
877 527 1143 573 conventu
1184 531 1282 570 suo
1310 529 1522 570 causam
1569 512 1742 576 fecere
1785 517 2023 580 peccato,
2048 507 2167 578 jure

595 609 946 674 damnabiles.
977 605 1186 674 Ambigi
1231 620 1358 674 ergo
1395 606 1504 672 jam
1551 617 1654 660 non
1683 609 1884 671 potest,
1917 599 2168 669 coniuges

595 712 800 762 mterno
849 699 1108 769 supplicio
1151 697 1459 766 mancipari,
1503 709 1728 765 quorum
1771 692 1952 748 labore
1992 700 2167 745 actum

595 803 676 848 est
703 802 761 847 ut
785 791 850 846 ad
881 790 1210 846 dominatum
1239 789 1590 844 exercendum
1629 789 1681 841 in
1713 787 1953 852 homines
1981 783 2166 840 diabo-

596 886 680 940 lus
711 883 1031 954 perveniret.
1056 881 1205 950 Quod
1223 882 1266 935 si
1287 881 1612 938 concesseris
1637 897 1651 944 ;
1683 879 1812 944 illud
1833 887 1998 932 totum
2027 875 2167 946 quod

593 987 748 1032 antea
767 975 1001 1032 tenuisse
1015 974 1281 1028 videbaris
1300 971 1598 1042 amittes,id
1620 980 1722 1038 est,
1737 969 1875 1040 quod
1895 969 2168 1022 hominem

593 1069 689 1122 Dei
731 1067 1102 1137 opusdixeras.
1141 1064 1453 1128 Necessario
1494 1063 1689 1134 quippe
1744 1061 2000 1132 sequitur,
2047 1059 2167 1129 quia

592 1175 687 1230 per
707 1157 1138 1223 commixtionem
1177 1170 1460 1225 corporum
1490 1155 1638 1224 origo
1677 1150 2090 1222 progenitiscst,
2124 1148 2168 1202 si

591 1266 687 1321 per
713 1249 972 1320 originem
1013 1247 1208 1301 malum
1252 1247 1314 1302 in.
1349 1245 1674 1308 hominibus,
1717 1257 1812 1312 per
1837 1241 2048 1306 :malum
2082 1239 2169 1308 jus

591 1342 785 1397 diaboli
825 1342 878 1400 in
916 1340 1181 1404 homines,
1213 1338 1486 1400 diabolum~
1522 1351 1641 1400 esse
1681 1342 1952 1396 auctorem
1996 1330 2168 1384 homi-

594 1450 744 1500 num,
772 1449 800 1488 a
828 1449 934 1503 quo
965 1441 1046 1486 est
1071 1432 1219 1501 origo
1248 1429 1597 1484 nascentium.
1635 1444 1653 1478 ι
1705 1426 1830 1480 Post
1855 1440 1970 1498 qua:
2001 1421 2168 1492 ipsius

591 1526 767 1580 denuo
785 1526 940 1580 verba
957 1523 1175 1593 repetivi
1199 1540 1210 1576 :
1243 1541 1262 1576 ‹
1283 1521 1412 1576 Nam
1435 1519 1569 1574 sicut
1587 1516 2006 1587 peccatum,sive
2023 1515 2172 1584 hinc,

591 1618 708 1672 sive
745 1617 868 1672 inde
897 1617 1152 1683 trahatur,
1175 1628 1308 1684 opus
1342 1620 1426 1672 est
1451 1611 1674 1674 diaboli;
1712 1610 1790 1665 sic
1831 1609 2013 1672 homo,
2052 1606 2165 1660 sive

590 1708 743 1772 hinc,
775 1709 886 1762 sive
921 1707 1041 1762 inde
1067 1715 1328 1769 nascatur,
1357 1719 1490 1774 opus
1510 1711 1592 1757 est
1621 1702 1733 1756 Dei.
1755 1720 1785 1774 ,ι
1829 1701 1905 1755 Ac
1925 1698 2169 1770 protinus

597 1799 861 1854 insurrexi
889 1798 988 1854 hoc
1013 1798 1170 1852 modo
1199 1813 1213 1849 :
1249 1815 1267 1847 ε
1296 1795 1425 1850 Cum
1456 1794 1598 1858 illam
1627 1807 1811 1852 vocem
1853 1790 2061 1846 timoris
2090 1790 2166 1850 tui

592 1889 786 1958 cogito,
813 1903 914 1957 qua
935 1887 1067 1942 dicis
1095 1886 1304 1955 nuptias
1338 1885 1531 1942 malum
1563 1897 1670 1940 non
1708 1897 1846 1948 esse,
1874 1881 2002 1935 istos
2036 1879 2167 1934 alios

591 1994 867 2034 sermones
906 1987 1026 2036 tuos
1050 1977 1164 2032 sine
1197 1978 1302 2030 risu
1338 1975 1675 2030 considerare
1704 1988 1808 2036 non
1841 1986 2075 2042 possum.
2108 1970 2166 2026 Si

589 2069 732 2123 enim
758 2067 931 2123 credis
957 2083 988 2122 a
1025 2068 1132 2122 Deo
1155 2067 1397 2122 homines
1424 2065 1560 2130 ﬁeri,
1587 2073 1640 2119 et
1663 2079 1781 2119 esse
1803 2062 2056 2132 coniuges
2082 2063 2165 2116 in—

590 2165 878 2222 nocentes;
902 2156 1021 2212 vide
1041 2171 1197 2226 quam
1221 2165 1362 2210 stare
1385 2169 1486 2208 non
1508 2154 1696 2223 possit,
1718 2153 1854 2207 trahi
1875 2169 1940 2207 ex
1957 2151 2040 2206 his
2061 2152 2167 2206 ori-

587 2249 762 2319 ginale
785 2257 1082 2317 peccatum.
1111 2246 1271 2302 Certe
1300 2261 1406 2300 non
1434 2253 1620 2318 peccat
1656 2244 1757 2298 iste
1784 2245 1872 2314 qui
1909 2243 2162 2307 nascitur,

587 2353 694 2394 non
726 2347 908 2409 peccat
943 2339 1028 2393 ille
1059 2338 1148 2408 qui
1177 2338 1380 2407 genuit,
1415 2351 1518 2390 non
1545 2342 1728 2405 peccat
1757 2335 1844 2389 ille
1867 2334 1954 2403 qui
1982 2333 2164 2388 condi-

586 2428 665 2495 dit
697 2447 711 2484 :
759 2443 852 2498 per
881 2443 1013 2497 quas
1053 2429 1216 2492 rimas
1251 2428 1388 2484 inter
1428 2435 1503 2484 tot
1541 2425 1786 2497 praesidia
1825 2425 2160 2492 innocentiae,

585 2527 862 2589 peccatum
891 2519 1043 2588 lingis
1068 2516 1407 2587 ingressum?
1439 2536 1468 2576 ι,

660 2613 798 2668 Anc.
835 2611 954 2667 Jam
995 2610 1076 2664 his
1110 2609 1285 2664 verbis
1311 2609 1434 2675 tuis,
1475 2609 1634 2665 etiam
1675 2623 1794 2663 cum
1829 2607 2168 2678 ipsoslibros

593 2709 718 2756 tuos
749 2703 1017 2772 legissem,
1046 2700 1387 2770 respondisse
1412 2715 1497 2754 me
1519 2699 1714 2754 sufﬁcit
1739 2699 1961 2768 (Supra,
1990 2708 2164 2752 contra

585 2791 876 2858 lulianum,
920 2791 1007 2850 lib.
1041 2792 1094 2856 5,
1125 2809 1177 2848 n.
1220 2790 1434 2862 54-57).
1461 2791 1656 2846 Verum
1683 2800 1735 2846 et
1767 2790 1852 2846 hic
1879 2791 2158 2858 admoneo,

584 2883 896 2954 Apostolum
929 2882 1103 2952 potius
1132 2881 1452 2936 audiendum
1479 2896 1620 2946 esse,
1647 2897 1804 2950 quam
1837 2889 1908 2947 te,
1940 2881 2028 2950 qui
2057 2895 2160 2935 non

583 2977 844 3032 occultam
874 2975 1085 3041 rimam,
1118 2974 1212 3030 sed
1254 2974 1643 3043 apertissimam
1679 2973 1894 3043 januam
1937 2973 2163 3027 demon-

583 3068 790 3133 stravit,
815 3082 916 3135 qua
945 3073 1206 3134 peccatum
1242 3065 1446 3118 intravit
1474 3065 1526 3117 in
1557 3065 1818 3126 mundum,
1848 3072 1895 3116 et
1921 3079 2010 3132 per
2044 3079 2161 3133 pec-

584 3167 749 3212 catum
769 3171 902 3216 mors
913 3170 932 3216 ,'
973 3163 1020 3208 el
1041 3155 1112 3206 ita
1133 3155 1184 3207 in
1207 3170 1376 3207 omnes
1403 3153 1626 3206 homines
1652 3153 1962 3224 pertransiit,
1984 3151 2036 3205 in
2066 3169 2162 3222 quo

585 3261 754 3311 antae;
780 3253 1104 3315 peccaverunt
1125 3242 1299 3316 (Rom.
1321 3260 1374 3310 v,
1399 3243 1486 3312 12)
1520 3262 1532 3295 :
1560 3259 1678 3313 qum
1704 3243 1861 3298 verba
1884 3244 2018 3312 ejus,
2041 3259 2160 3298 eum

585 3335 879 3396 secundum
909 3351 1037 3402 vos,
1073 3351 1177 3389 non
1205 3334 1493 3406 secundum
1524 3335 1723 3404 ipsum,
1761 3349 2024 3404 exponere
2053 3350 2162 3390 cce-

583 3427 745 3496 peris,
773 3435 896 3481 tunc
917 3426 1189 3496 apparebit
1215 3425 1297 3478 cui
1324 3425 1621 3480 rectitudini
1655 3424 1896 3480 veritatis
1927 3425 2162 3496 loquaci-

582 3522 692 3574 tate
723 3514 1106 3570 tortuosissima
1134 3515 1429 3570 relucteris.

658 3603 825 3672 XXV.
866 3603 985 3672 ιω..
1029 3605 1178 3674 llunc
1203 3619 1330 3675 ergo
1355 3604 1422 3662 de
1451 3620 1613 3671 opere
1667 3621 1786 3660 meo
1823 3606 1997 3675 priore
2034 3622 2162 3662 cnn-

583 3703 788 3758 textum
811 3735 828 3761 ,
859 3695 912 3749 in
941 3694 1044 3750 hoc
1069 3695 1306 3750 secundo
1335 3695 1472 3749 libro
1493 3710 1590 3750 suo
1619 3695 1750 3768 sibi,
1780 3696 1903 3750 licet
1927 3712 2048 3750 cum
2081 3699 2162 3751 in-

581 3787 938 3857 terpolatione
959 3788 999 3852 ί,
1031 3787 1306 3859 proposuit
1341 3785 1442 3860 (De
1477 3785 1686 3857 Nuptiis
1713 3796 1758 3840 et
1787 3786 2158 3858 Concupiscet:-

580 3881 674 3946 tia,
724 3879 811 3933 lib.
842 3879 898 3946 2,
936 3897 988 3933 η.
1021 3880 1229 3950 44-49).
1261 3878 1390 3934 Nam
1419 3887 1473 3933 et
1498 3889 1971 3934 commemoratam
2002 3895 2032 3934 a
2072 3896 2158 3934 me

580 3970 952 4026 formationem
993 3973 1256 4042 corporis,
1307 3981 1359 4026 et
1403 3971 1698 4040 ingressum
1745 3972 1956 4036 animm,
1999 3989 2155 4042 quam

581 4077 772 4124 novam
827 4064 878 4118 in
929 4079 1248 4138 unoquoque
1294 4079 1326 4122 ει
1366 4064 1483 4122 Deo
1515 4063 1801 4130 conditam,
1853 4074 1956 4118 tam
1996 4066 2158 4138 ratio,

577 4173 736 4228 quam
783 4157 912 4228 legis
962 4173 1126 4212 sacrae
1163 4156 1530 4227 Ecclesia‘que.
1559 4155 1834 4220 catholica:
1882 4155 2160 4226 conﬁrmat

579 4250 888 4316 auctoritas,
921 4258 976 4303 ut
997 4264 1176 4322 spero,
1203 4257 1318 4302 arte
1341 4248 1594 4322 praeteriit
1617 4251 1662 4303 '.

655 4341 784 4401 Auo.
825 4339 924 4406 Qui
973 4321 1100 4409 legit
1145 4354 1237 4394 sex
1285 4321 1449 4392 libros
1501 4353 1672 4405 meos,
1715 4338 1906 4408 quibus
1935 4338 2154 4408 refutavi

579 4443 808 4502 quatuor
831 4441 949 4486 tuos
969 4473 982 4498 ,
1011 4430 1077 4486 de
1109 4446 1333 4499 quorum
1361 4433 1532 4502 primo
1558 4446 1676 4504 qua:
1713 4430 1898 4495 voluit,
1930 4438 1984 4485 et
2021 4431 2157 4488 sicut

578 4523 785 4590 voluit,
844 4521 932 4576 ille
982 4520 1426 4592 decerpsit,.cui
1472 4520 1720 4590 respondi
1771 4519 1822 4574 in
1871 4519 2007 4576 libro
2055 4521 2156 4591 isto

578 4628 735 4682 quem
793 4626 932 4667 nunc
973 4610 1168 4668 frustra
1211 4610 1530 4686 redarguere
1585 4611 1950 4682 loquacissima
2003 4612 2154 4665 vani-

578 4711 688 4758 tate
735 4704 972 4768 conaris;
1021 4703 1098 4756 sic
1141 4717 1227 4764 me
1273 4702 1362 4756 tibi
1393 4703 1444 4756 in
1474 4701 1630 4757 tertio
1657 4717 1776 4756 meo
1816 4701 2156 4774 respondisse

577 4796 846 4866 reperiet,
895 4803 953 4854 ut
995 4794 1204 4857 videat,
1252 4809 1358 4852 non
1407 4809 1490 4848 me
1517 4802 1628 4859 arte
1659 4794 1975 4863 prmteriisse
2013 4792 2154 4863 quod

577 4887 746 4950 dicis;
795 4883 886 4939 sed
935 4884 1082 4940 illum
1141 4893 1335 4954 potius,
1384 4885 1535 4953 cujus
1575 4883 1833 4938 chartulm
1868 4883 2156 4952 responde-

576 4979 698 5034 bam
725 5021 740 5044 ,
783 4979 886 5034 hoc
932 4979 999 5034 de
1038 4994 1197 5050 opere
1245 4989 1334 5032 tuo
1385 4977 1616 5032 noluisse
1671 4974 1996 5040 transferre,
2042 4975 2154 5029 sive

576 5071 752 5126 studio
795 5071 1101 5136 brevitatis,
1129 5071 1239 5126 sive
1265 5071 1385 5142 quia
1417 5071 1681 5141 pertinere
1711 5083 1814 5122 non
1849 5067 2049 5137 putavit
2085 5065 2152 5121 ad

575 5177 813 5218 causam.

647 5251 838 5307 XXVI.
879 5252 997 5309 Jun.
1037 5249 1154 5308 Jam
1186 5251 1416 5322 reliqua,
1447 5251 1570 5306 licet
1595 5249 1860 5319 aliquibus
1887 5249 2150 5304 sermoni-

573 5343 672 5399 bus
711 5344 908 5398 variata
929 5384 946 5410 ,
989 5343 1278 5400 contexuit.
1308 5339 1504 5397 Contra
1544 5341 1638 5396 has
1667 5357 1794 5412 ergo
1823 5341 2151 5411 objectiones

583 5451 730 5491 meas
762 5435 892 5490 nihil
923 5450 1027 5506 quo
1059 5444 1426 5505 repercuterer
1451 5434 1767 5505 excogitavit
1796 5451 1808 5487 :
1837 5432 1930 5488 Sed
1962 5447 2148 5488 verum

633 5591 651 5624 ι
685 5591 823 5650 rditt,
847 5589 1026 5654 scilicet
1063 5603 1172 5641 cum
1203 5587 1597 5654 interpellatione.
1635 5593 1690 5638 At
1727 5595 1850 5648 Mss,
1885 5585 1978 5638 sibi
1992 5627 2006 5650 ,
2045 5586 2153 5640 licet

569 5663 678 5701 cum
701 5651 1080 5715 mterpolatr'one.

571 5711 894 5826 “figuram
915 5727 1070 5778 spero,
1105 5717 1192 5766 iste
1215 5711 1460 5778 prteteriit.
1485 5719 1614 5774 uss,
1639 5717 1689 5762 ut
1719 5723 1878 5775 spero,
1900 5716 2004 5763 arte
2025 5723 2150 5776 pra:-

1252 312 1489 370 omus
1517 277 1923 368 rursusne“
1996 305 2262 364 CONTRA
2302 304 2660 372 .lULlANUll,
2701 307 2760 361 s.
2805 307 3169 364 AUGUSTINI

2233 3061 2240 3069 ’
2266 3071 2619 3143 prebenderat
2643 3071 2665 3103 ³
2712 3089 2727 3126 :

3707 309 3862 360 “3'2

2283 416 2691 486 mecollcgisse,
2734 415 3148 486 argumentandi,
3173 415 3346 486 inopia
3384 414 3678 478 confessus,
3725 417 3866 470 dicit

2275 507 2402 562 mihi
2429 507 2493 561 ad
2524 508 2635 562 haec
2660 507 2834 562 omnia
2860 508 3169 578 Apostolum
3198 506 3519 576 respondere
3547 506 3591 570 ⁸,
3617 507 3700 575 qui
3735 521 3868 576 pro-

2273 599 2500 670 nuntiet,
2549 615 2646 670 per
2694 615 2856 653 unum
2891 599 3160 654 hominem
3203 605 3476 668 peccatum
3515 597 3750 651 intrasse
3803 598 3858 652 in

2274 690 2415 746 liunc
2442 691 2718 746 mundum.
2749 692 2804 746 In
2834 706 2940 762 quo
2977 691 3112 758 loco,
3153 691 3271 761 quis
3310 705 3429 744 eum
3467 689 3712 745 eruditus
3763 704 3857 743 sa-

2274 801 2398 840 num
2427 785 2673 852 habuisse
2700 797 2854 856 caput
2881 785 3246 858 testimet,qui
3279 797 3382 848 non
3407 783 3732 850 intellexerit
3759 793 3860 838 aut

2276 876 2644 946 praetereunda
2669 877 2768 944 sibi
2796 892 2915 931 esse
2941 884 3122 932 contra
3152 890 3270 946 qum
3301 874 3429 928 nihil
3463 883 3671 944 poterat
3695 873 3856 928 inve-

2275 965 2410 1032 nire,
2449 973 2542 1019 aut
2569 980 2914 1038 quacumque
2942 963 3290 1035 exc0gitanda
3334 979 3452 1034 quae
3492 962 3724 1017 referret
3763 963 3864 1017 ob—

2270 1056 2446 1126 jectis,
2500 1057 2567 1112 ad
2618 1074 2842 1130 quorum
2893 1055 3346 1124 confirmationem
3398 1055 3639 1125 Apostoli
3692 1055 3862 1109 verba

2274 1151 2636 1224 conjungeret.

2345 1243 2479 1298 Auo.
2519 1242 2621 1298 Sed
2652 1243 2841 1310 melius
2867 1242 3041 1296 verbis
3064 1240 3373 1312 apostolicis
3401 1237 3663 1294 refelleris
3692 1253 3862 1309 quam

2274 1336 2406 1389 meis
2425 1353 2439 1390 :
2463 1350 2564 1391 nec
2593 1344 2766 1390 tamen
2784 1343 2837 1389 et
2861 1332 3163 1404 apostolicis
3181 1331 3329 1386 cedis
3349 1348 3364 1387 :
3393 1330 3485 1386 sed
3503 1330 3674 1385 mavis
3693 1329 3864 1384 etiam

2275 1425 2385 1495 ipsa
2416 1435 2734 1494 pervertere,
2764 1441 2919 1494 quam
2944 1429 2994 1478 te
3022 1424 3304 1492 corrigere.

2343 1515 2554 1584 XXVII.
2596 1516 2714 1571 Jun.
2754 1515 2983 1584 Qumsivi
3026 1528 3154 1585 ergo
3196 1512 3752 1584 censequcntissime,
3803 1521 3860 1567 ut

2273 1609 2446 1663 omnis
2475 1624 2682 1664 mecum
2711 1608 2939 1663 eruditio
2964 1607 3378 1682 recognoscat’,
3403 1595 3680 1676 peccatum
3709 1605 3866 1674 quod-

2272 1713 2406 1770 Opus
2433 1709 2514 1754 est
2543 1699 2694 1754 mala:
2717 1699 3022 1767 voluntatis;
3053 1707 3108 1754 et
3135 1713 3268 1768 Opus
3295 1696 3730 1764 diabolidicitur,
3763 1711 3860 1765 per

2271 1789 2397 1860 quid
2438 1790 2762 1862 inveniretur
2808 1791 2862 1858 in_
2903 1790 3121 1866 parvulo
3154 1807 3167 1843 :
3205 1789 3250 1843 si
3287 1803 3381 1858 per
3409 1787 3775 1852 voluntatem;
3806 1795 3858 1840 at

2272 1865 2468 1936 nullam
2499 1883 2550 1952 in
2581 1899 2646 1940 eo
2671 1882 2852 1950 fuisse,
2883 1865 3041 1938 etiam
3068 1882 3172 1946 hic,
3193 1897 3312 1937 cum
3340 1896 3444 1952 quo
3467 1881 3696 1952 agimus,
3723 1894 3856 1933 cou-

2268 1974 2448 2041 ﬁletur
2479 1993 2493 2029 :
2521 1975 2566 2030 si
2597 1992 2690 2047 per
2715 1977 2954 2048 nuptias;
2983 1975 3075 2030 sed
3104 1975 3198 2029 has
3225 1975 3490 2044 pertinere
3510 1975 3575 2029 ad
3597 1989 3742 2044 Opus
3766 1989 3856 2044 pa-

2269 2079 2501 2135 rentum,
2530 2084 2688 2126 nemo
2714 2070 2801 2142 qui
2837 2069 3060 2136 dubitet,
3094 2083 3228 2139 quos
3257 2069 3307 2122 in
3342 2071 3439 2122 hac
3464 2067 3856 2123 commixtione

2273 2174 2378 2213 non
2409 2174 2658 2228 peccasse
2697 2149 3028 2232 prmmiserat
3066 2143 3200 2212 :‘aut
3229 2157 3275 2212 si
3299 2157 3660 2213 concessionis
3689 2156 3856 2225 hujus

2269 2251 2554 2328 paeniteret
2582 2250 2984 2320 disputatorem,
3019 2249 3154 2304 sicut
3185 2263 3465 2328 processus
3491 2249 3674 2317 Operis
3703 2246 3854 2301 indi-

2269 2325 2453 2406 c'abat;
2485 2341 2826 2411 proﬁteretur
2851 2357 2969 2397 esse
3001 2357 3122 2397 reos
3147 2325 3391 2411 parentes
3415 2384 3428 2408 ,
3461 2357 3687 2412 quorum
3717 2356 3854 2396 con-

2268 2440 2428 2487 ventu
2457 2447 2676 2502 regnum
2719 2433 2771 2486 in
2817 2432 3100 2503 imaginem
3139 2433 3230 2487 Dei
3267 2432 3479 2486 diabolo
3521 2439 3850 2501 pararetur:

2269 2533 2322 2580 et
2364 2523 2560 2590 addidi,
2610 2524 2923 2578 necessariis
2968 2522 3380 2596 disputationum
3427 2521 3724 2596 gradibus,_
3755 2537 3854 2593 per

2267 2613 2523 2685 originale
2549 2622 2822 2684 peccatum
2849 2600 3118 2668 auctorem
3147 2627 3429 2682 corporum
3458 2611 3726 2666 diabolum
3761 2612 3855 2668 de-

2269 2703 2407 2766 ﬁniri
2437 2724 2450 2760 :
2479 2707 2600 2778 quia
2629 2706 2673 2760 si
2703 2721 2794 2775 per
2815 2706 3070 2778 originem
3093 2705 3286 2776 malum
3316 2705 3368 2758 in
3397 2704 3724 2776 hominibus,
3757 2721 3854 2776 per

2267 2796 2462 2864 malum
2495 2795 2584 2866 jus
2626 2795 2820 2866 diaboli
2852 2795 2903 2849 in
2945 2783 3224 2860 homines;
3255 2795 3506 2866 diabolus
3537 2805 3618 2851 est
3658 2805 3852 2851 auctor

2267 2890 2562 2957 hominum,
2594 2905 2622 2943 a
2653 2905 2756 2961 quo
2774 2898 2854 2944 est
2876 2891 3022 2960 origo
3049 2891 3398 2944 nascentium.
3431 2891 3560 2956 Quae
3589 2891 3848 2964 quoniam

2267 2981 2319 3035 in
2346 2989 2498 3036 antro
2528 2981 2938 3036 Manichaeorum
2967 2979 3328 3036 Traducianos
3353 2995 3471 3035 esse
3501 2982 3714 3035 clusura
3745 2981 3848 3036 de-

2774 3073 2905 3126 verti
2945 3072 3183 3136 clavcm,
3229 3079 3287 3126 ut
3331 3071 3622 3141 prmberem
3673 3072 3848 3140 captis

2267 3161 2550 3234 eﬁ‘ugium;
2577 3161 2958 3233 admonuique;
2988 3172 3044 3216 ut
3072 3161 3118 3216 si
3147 3177 3270 3217 vere
3295 3177 3324 3216 a
3349 3163 3456 3217 Deo
3476 3161 3720 3217 crederet
3745 3162 3850 3218 ho-

2266 3254 2436 3308 mines
2463 3253 2596 3320 ﬁcri,
2627 3269 2863 3323 pureque
2886 3253 3232 3308 conﬁteretur
3257 3268 3376 3308 esse
3406 3254 3662 3324 conjuges
3693 3255 3850 3308 innec

2265 3352 2466 3408 centes,
2500 3343 2816 3414 intelligeret
2852 3343 2988 3398 trahi
3029 3359 3134 3398 non
3171 3358 3330 3414 posse
3371 3359 3436 3398 ex
3465 3343 3550 3398 his
3589 3345 3850 3416 originale

2265 3447 2560 3507 peccatum.
2609 3456 2628 3490 ι
2658 3437 2816 3492 Certe
2845 3453 2950 3492 non
2989 3445 3191 3507 peccat,
3225 3456 3244 3490 ι
3281 3438 3520 3508 inquam,
3563 3456 3582 3489 ι
3613 3425 3712 3492 iste
3751 3439 3846 3508 qui

2266 3532 2519 3599 nascitur,
2559 3546 2664 3586 non
2695 3541 2878 3602 peccat
2907 3531 2994 3586 ille
3024 3531 3122 3601 qui
3141 3531 3341 3600 genuit,
3377 3513 3488 3585 non
3525 3539 3711 3600 peccat
3737 3531 3843 3586 iste

2263 3622 2352 3692 qui
2379 3622 2621 3687 condidit
2649 3640 2661 3676 :
2696 3639 2790 3692 per
2812 3637 2944 3692 quas
2985 3622 3168 3688 rimas,
3217 3622 3356 3676 inter
3384 3629 3459 3677 tot
3485 3621 3732 3694 praesidia
3763 3623 3851 3676 in-

2264 3715 2541 3778 nocentia),
2567 3723 2845 3781 peccatum
2873 3712 3028 3783 lingis
3053 3713 3346 3782 ingressum
3364 3711 3400 3764 r
3425 3730 3443 3764 ι
3476 3711 3612 3780 Quid
3643 3711 3842 3780 potuit,

2263 3819 2416 3876 rogo,
2451 3805 2706 3874 sanctius,
2738 3804 2862 3875 quid
2893 3801 3086 3870 verius,
3114 3803 3238 3874 quid
3283 3801 3526 3869 lucidius,
3558 3801 3684 3871 quid
3715 3801 3846 3857 bre-

2261 3897 2398 3961 vius,
2427 3896 2735 3966 firmiusque
2755 3896 3022 3972 componi,
3047 3911 3204 3965 quam
3229 3903 3346 3964 post
3373 3895 3466 3948 tria
3487 3903 3695 3963 sumpta
3718 3909 3854 3964 qua:

2263 3989 2478 4056 inimico
2510 3988 2838 4043 concedente
2882 4002 3243 4057 susceperam,
3279 3985 3528 4041 inferrem
3560 3995 3844 4055 quartum,

2263 4081 2318 4154 in
2358 4098 2462 4154 quo
2502 4091 2614 4148 erat
2643 4097 2848 4136 summa
2887 4079 3199 4135 conclusio?
3225 4079 3357 4134 Nam
3404 4093 3524 4132 cum
3557 4091 3661 4131 uno
3702 4092 3848 4131 non-

2263 4190 2552 4244 nunquam,
2598 4181 2688 4227 aut
2731 4173 2942 4228 duobus
2980 4173 3224 4242 sumptis,
3275 4171 3486 4226 tertium
3529 4171 3844 4226 necessario

2260 4267 2557 4336 colligatur,
2586 4265 2828 4335 qualege
2858 4264 2987 4319 mihi
3019 4274 3139 4334 post
3159 4265 3258 4318 tria
3286 4279 3562 4332 concessa,
3589 4273 3848 4335 quartum

2259 4357 2398 4426 quod
2429 4356 2510 4411 his
2538 4357 2813 4422 adhaeret,
2861 4372 2968 4425 non
2996 4357 3180 4412 liceret
3213 4355 3446 4411 inferre?
3495 4356 3564 4410 Et
3591 4356 3691 4411 hoc
3715 4357 3840 4427 qui-

2261 4447 2382 4514 dem
2427 4447 2480 4502 in
2523 4448 2756 4502 secunda
2801 4448 3159 4518 disputatione
3201 4467 3216 4504 :
3261 4456 3510 4503 creterum
3553 4448 3605 4502 in
3637 4447 3836 4517 priore,

2260 4541 2492 4612 quinque
2519 4541 2645 4595 mihi
2675 4549 2765 4595 aut
2791 4541 3019 4611 amplius
3047 4541 3442 4608 conceduntur,
3485 4551 3604 4610 post
3633 4554 3748 4610 qute
3775 4539 3838 4594 ﬁt

2261 4634 2490 4706 legitima
2521 4634 2818 4704 invictaque
2839 4635 3129 4699 conclusio.

2331 4727 2464 4781 Ave.
2506 4724 2639 4780 Vide
2687 4713 2844 4794 quam
2895 4739 2989 4794 per
3041 4724 3201 4778 multa
3243 4723 3468 4794 vageris,
3523 4723 3720 4778 timens
3769 4737 3836 4778 ne

2259 4818 2500 4888 Apostoli
2549 4817 2712 4876 verba
2757 4816 2871 4872 sine
2931 4817 3032 4871 tuis
3072 4805 3393 4886 prmjudiciis
3429 4815 3607 4871 audita
3655 4826 3705 4871 te
3740 4817 3837 4872 da-

2259 4919 2461 4976 mnent,
2489 4909 2625 4962 sicut
2647 4907 2755 4978 jam
2780 4908 3012 4962 Ecclesia
3039 4909 3295 4963 catholica
3309 4907 3582 4979 iudicante
3611 4909 3832 4963 damna-

2259 5007 2399 5054 runt.
2441 4999 2546 5054 Sed
2588 5014 2811 5053 excurre
2839 5014 2946 5068 quo
2973 4999 3227 5086 volueris,
3265 5013 3538 5053 remorare
3581 5007 3836 5068 quantum

2257 5091 2513 5158 volueris,
2544 5091 2829 5160 multiplica
2859 5104 3016 5161 gyros
3047 5099 3162 5144 tuos
3191 5104 3616 5160 quaquaversum
3648 5089 3834 5144 volue-

2259 5183 2334 5239 ris
2364 5201 2378 5238 :
2410 5182 2848 5254 quandocumque
2891 5181 2968 5236 ad
2986 5181 3172 5237 eadem
3214 5184 3376 5238 verba
3419 5183 3661 5238 veritatis
3689 5182 3836 5237 navis

2322 5339 2342 5371 ι
2365 5336 2500 5395 Fditi,
2522 5335 2810 5399 respondere
2831 5335 3022 5400 debere.
3039 5337 3202 5396 Abest,
3220 5335 3410 5397 debere,
3431 5349 3460 5388 ι
3483 5339 3833 5400 manuscriptis.

2321 5401 2340 5432 ³
2363 5399 2434 5462 Sic
2457 5405 2561 5448 Mss.
2586 5398 2642 5449 At
2664 5398 2931 5460 Menardus,
2956 5405 3344 5462 recognosceret;
3367 5399 3640 5462 \‘ignierius
3665 5433 3682 5460 ,
3705 5398 3836 5448 reco-

2255 5459 2454 5526 gnoscit.

2321 5524 2342 5556 ³
2375 5519 2641 5582 Menardus,
2680 5519 3003 5584 traducimus
3043 5533 3145 5584 esse
3181 5520 3402 5573 clusuras
3435 5519 3834 5584 deprehenderat.

2257 5585 2547 5648 vignierius,
2583 5581 2904 5634 Trndncianos
2925 5589 3074 5634 essent
3115 5583 3381 5648 (vel,_essct
3403 5581 3618 5648 clusum)
3646 5581 3838 5648 chasma

2257 5643 2657 5710 deprehenderat.
2681 5651 2858 5710 Omnes
2881 5653 3008 5704 Mss,
3040 5643 3373 5710 ⁸Τνιὶιῂιεὶιιηω
3403 5659 3504 5696 esse
3531 5643 3725 5710 clusgtra
3751 5644 3836 5710 d_e-

2257 5703 2592 5770 prehenderat.
2619 5713 2777 5770 Porro,
2802 5703 3015 5770 clusum,
3039 5707 3129 5758 hoc
3153 5706 3256 5759 loco
3293 5709 3422 5759 idem
3457 5707 3586 5770 quod
3608 5703 3836 5766 clausula,

2261 5769 2351 5822 Seu
2373 5769 2612 5821 conclusio
2633 5769 2980 5832 disputationis.
