4062 6530
297 341 438 396 H53

291 453 624 507 [altat-iurum
677 461 883 507 tuarum
940 449 1258 521 pervenerit,
1305 450 1420 506 sine
1451 450 1612 506 dubio
1649 451 1866 506 naufra-

287 546 462 616 gahis.
1637 553 1640 556 ‘

363 636 460 692 XX
474 637 602 690 \‘lll.
630 637 746 692 JUL.
787 636 904 692 aiam
931 637 1088 705 igitur
1116 636 1180 692 ad
1203 651 1321 691 eum
1349 646 1738 692 convertamur.
1769 635 1871 689 De-

292 727 451 782 deras
497 727 648 791 mihi,
701 735 970 795 peccatum
1011 743 1146 796 opus
1189 743 1306 782 esse
1344 728 1669 782 voluntatis:
1721 726 1866 796 potui

292 819 470 873 statim
515 816 694 872 dicere
739 828 1166 887 consequenter,
1211 818 1468 873 Voluntas
1510 826 1689 871 autem
1743 832 1862 886 qua:

293 917 502 979 peccet,
533 910 584 962 in
603 908 848 978 parvulis
873 909 1015 962 nulla
1045 917 1155 974 est;
1185 919 1458 978 peccatum
1488 909 1644 978 igitur
1674 909 1724 961 in
1751 923 1865 977 par-

293 1001 469 1055 vulis"
500 1015 607 1054 non
649 1009 748 1054 est.
779 999 975 1054 Verum
1012 1010 1068 1054 ut
1097 1000 1336 1069 pluribus
1374 998 1692 1069 premereris
1719 999 1872 1052 testi-

293 1093 414 1157 bus,
445 1091 765 1160 interrogavi
811 1091 1030 1157 sensim,
1066 1106 1168 1160 per
1194 1090 1318 1161 quid
1350 1091 1448 1144 hoc
1477 1099 1758 1158 peccatum.
1778 1089 1868 1142 in-

295 1183 568 1237 veniretur
615 1181 664 1234 in
707 1182 971 1252 parvulo;
1021 1196 1089 1235 ne
1132 1179 1268 1235 forte
1318 1195 1410 1249 per
1452 1180 1778 1234 voluntatem
1806 1179 1871 1232 ’ἲ

301 1273 434 1328 Post
461 1273 622 1342 quod,
656 1282 706 1326 te
731 1272 1068 1337 connivente,
1097 1271 1304 1340 suscepi
1331 1271 1525 1324 nullam
1550 1272 1598 1324 in
1627 1286 1690 1325 eo
1713 1270 1873 1326 fuisse

297 1366 646 1420 concientiam
669 1363 956 1418 voluntatis
985 1380 998 1414 :
1030 1362 1264 1433 adjunxi,
1297 1378 1362 1416 ne
1394 1378 1488 1431 per
1518 1362 1738 1431 primum
1760 1363 1873 1416 eul-

299 1473 422 1527 pam
475 1457 832 1511 membrorum
874 1456 1189 1510 lineamenta
1235 1454 1500 1508 traxisset.
1544 1453 1647 1508 Sed
1700 1453 1814 1507 haec
1841 1468 1873 1508 a

299 1548 411 1601 Deo
443 1545 754 1610 informari,
805 1553 858 1598 et
902 1559 992 1614 per
1037 1543 1138 1598 hoc
1183 1543 1320 1599 bona
1360 1557 1480 1598 esse
1509 1557 1868 1597 con-eesseras.

294 1637 467 1692 Petivi
500 1637 737 1700 tertium,
765 1637 940 1688 utrum
985 1649 1082 1702 per
1105 1635 1397 1703 ingressum
1425 1633 1636 1698 animm,
1669 1639 1872 1686 reatum

295 1727 579 1780 advectum
627 1733 860 1794 putares.
901 1722 1004 1778 Sed
1045 1723 1181 1777 hanc
1212 1737 1330 1778 esse
1359 1737 1571 1786 novam,
1619 1737 1684 1776 ne
1721 1721 1874 1791 quid-

294 1834 458 1887 quam
485 1817 776 1872 seminibus
813 1815 1012 1872 debere
1053 1818 1351 1870 constabat.
1394 1815 1551 1869 Intuli
1589 1814 1866 1884 deinceps,

297 1929 368 1967 ne
396 1912 417 1944 ³
447 1913 591 1984 (quia
623 1911 752 1966 nihil
789 1911 878 1964 tibi
918 1910 986 1965 de
1030 1910 1110 1964 his
1144 1917 1470 1964 remanserat
1517 1907 1869 1978 arguendum)

298 2005 530 2073 nuptias,
583 2003 632 2056 id
683 2010 765 2057 est
806 2000 1243 2056 cotnmixtionetu
1290 2014 1616 2068 corporum,
1666 1999 1862 2053 diaboli

298 2111 438 2167 opus
465 2085 720 2148 vacares?
762 2093 865 2148 Sed
911 2093 1006 2146 has
1035 2093 1302 2162 pertinere
1337 2092 1402 2147 ad
1441 2100 1718 2162 parentum
1748 2106 1875 2160 ope-

297 2201 415 2240 ram
441 2227 456 2249 ,
493 2195 543 2238 te
568 2199 779 2254 quoque
803 2193 1089 2247 annuente,
1124 2182 1429 2237 monstravi.
1464 2182 1568 2236 Illis
1594 2181 1749 2251 igitur
1768 2195 1878 2236 om-

294 2278 453 2333 nibus
483 2293 600 2347 quae
625 2291 783 2345 supra
808 2271 1034 2330 diximus
1056 2274 1335 2341 absolutis,
1372 2274 1626 2343 cenjuges
1646 2273 1733 2343 qui
1761 2271 1874 2328 fne-

296 2376 421 2422 rant
459 2383 618 2423 causa
667 2366 890 2437 peccati,
926 2365 1112 2420 tradux
1141 2376 1228 2420 tua
1268 2366 1478 2421 diabolo
1515 2363 1872 2434 mancipabat.

295 2459 428 2514 Post
455 2474 572 2528 qua:
608 2459 808 2520 omnia,
850 2457 989 2527 quod
1038 2458 1130 2511 tibi
1177 2458 1563 2528 prepinquabat
1603 2457 1794 2526 impegi
1826 2455 1870 2524 ⁸,

299 2557 360 2603 ut
388 2549 618 2604 dicerem
645 2547 862 2602 credere
889 2556 939 2602 te
965 2547 1230 2602 diabolum
1254 2557 1523 2603 auctorem
1549 2561 1860 2616 corporum,

302 2642 390 2695 cui
419 2639 804 2698 commixtionis
837 2654 1074 2709 operam,
1127 2640 1244 2694 sine
1283 2655 1387 2709 qua
1417 2640 1564 2709 origo
1592 2653 1875 2707 corporum

301 2745 427 2787 esse
467 2747 572 2786 non
603 2738 823 2801 poterat,
854 2730 1187 2799 deputasses.
1219 2731 1286 2785 Et
1321 2729 1434 2785 hazc
1460 2730 1669 2800 quidem
1695 2728 1879 2798 dispun

301 2825 456 2887 ratio,
489 2839 593 2893 quo
623 2823 808 2878 morbo
847 2836 1135 2892 oppressus
1155 2837 1324 2889 esses,
1353 2822 1584 2877 ostendit
1617 2841 1632 2874 :
1663 2821 1750 2874 illa
1777 2835 1875 2873 au-

297 2925 407 2970 tem
436 2914 692 2978 secunda,
719 2922 773 2969 et
802 2923 853 2968 te
874 2913 1230 2968 miserabilem
1260 2927 1381 2966 cum
1410 2909 1674 2982 ejusmodi
1705 2910 1876 2965 sensi-

297 3006 431 3071 bus,
459 3015 514 3061 et
554 3004 854 3060 Catholicos
891 3004 1050 3058 etiam
1092 3002 1295 3058 timoris
1333 3002 1405 3056 tui
1452 3001 1701 3070 suffragio
1744 2999 1876 3054 invi-

297 3107 418 3151 ctos
447 3096 704 3167 probavit.
727 3094 804 3150 Te
829 3095 968 3149 enim
993 3093 1173 3160 dante,
1199 3109 1228 3147 a
1259 3094 1368 3148 Deo
1397 3091 1511 3148 fieri
1539 3090 1801 3154 homines,
1822 3097 1878 3145 et

295 3202 420 3244 esse
457 3187 711 3258 conjuges
757 3186 1087 3251 innocentes,
1134 3199 1194 3239 ac
1225 3183 1473 3253 parvulos
1507 3196 1600 3251 per
1639 3196 1700 3236 se
1746 3179 1876 3234 nihil

298 3279 511 3348 operari
557 3295 572 3332 :
621 3277 706 3332 his
752 3277 919 3331 tribus
961 3276 1206 3345 sumptis,
1239 3273 1635 3330 irrefutahiliter
1672 3273 1876 3328 illatum

298 3376 401 3432 est,
433 3383 552 3422 cum
583 3382 688 3422 non
717 3375 898 3436 peccat
928 3366 1017 3421 ille
1043 3366 1129 3436 qui
1158 3365 1411 3430 nascitur,
1442 3379 1546 3418 non
1577 3374 1762 3433 peccat
1787 3363 1878 3417 ille

303 3457 393 3527 qui
435 3457 628 3526 genuit,
677 3473 782 3511 non
807 3465 994 3527 peccat
1024 3457 1123 3511 iste
1150 3456 1240 3526 qui
1267 3455 1522 3520 condidit,
1555 3455 1753 3508 nullam
1784 3468 1876 3508 re-

305 3549 567 3604 mansisse
607 3549 814 3614 rirnatn,
864 3564 957 3618 per
995 3563 1152 3618 quam
1200 3555 1472 3617 peccatum
1514 3546 1766 3603 doceatur
1794 3545 1877 3598 in-

303 3653 568 3708 gressum.
601 3638 714 3694 Tibi
739 3653 863 3709 ergo
889 3639 935 3692 si
973 3638 994 3670 ⁵
1023 3637 1266 3708 diSplicet
1289 3636 1428 3706 quod
1456 3636 1735 3690 collectum
1765 3643 1877 3701 est;

304 3731 479 3786 abnue
507 3731 648 3801 quod
675 3730 884 3797 dedisti,
911 3739 964 3784 et
991 3731 1079 3785 dic
1102 3739 1193 3784 aut
1222 3729 1366 3783 illum
1398 3743 1647 3798 peccasse
1674 3728 1760 3798 qui
1788 3742 1880 3797 ge-

301 3824 444 3888 nuit,
467 3831 562 3876 aut
582 3822 726 3876 illum
754 3821 842 3891 qui
867 3821 1123 3886 condidit,
1153 3829 1243 3874 aut
1274 3821 1429 3874 istum
1456 3820 1545 3890 qui
1573 3831 1727 3874 natus
1755 3825 1839 3874 est
1862 3835 1877 3874 :

297 3921 362 3968 ex
390 3914 581 3983 quibus
610 3929 768 3968 unum
797 3915 1038 3967 insanum
1068 3921 1170 3978 est,
1198 3912 1340 3966 aliud
1367 3911 1738 3978 Manichzeum,
1773 3919 1883 3967 ler-

299 4003 430 4057 tium
477 4019 637 4073 supra
691 4004 1010 4059 Manichzeos
1048 4020 1062 4056 :
1103 4003 1366 4069 insanum,
1405 4003 1450 4056 si
1487 4001 1685 4056 dixeris
1713 4001 1882 4056 delin-

297 4113 460 4165 quere
503 4097 793 4166 parvulos;
837 4095 1205 4162 Maniclneum,
1243 4095 1287 4150 si
1327 4095 1659 4150 accitsaveris
1692 4093 1880 4164 conju-

297 4201 392 4255 ges
411 4228 426 4243 .
452 4203 610 4255 supra
637 4185 976 4250 Manichzcos,
1003 4186 1047 4240 si
1068 4186 1267 4255 peccati
1297 4187 1459 4239 Deum
1481 4183 1763 4238 :estimaris
1785 4199 1884 4238 au-

301 4284 527 4328 ctorem.
555 4275 706 4341 Quod
746 4275 790 4330 si
833 4275 946 4330 ιιωο
985 4276 1164 4329 omnia
1194 4284 1298 4328 tam
1325 4275 1495 4330 aliena
1527 4282 1649 4327 sunt
1672 4289 1700 4327 a
1733 4288 1878 4338 vero,

304 4373 365 4418 ut
387 4365 559 4418 adhuc
589 4380 650 4419 ea
678 4374 880 4420 metuas
905 4366 1072 4420 libere
1100 4365 1374 4429 confiteri;
1402 4380 1503 4435 qua
1530 4363 1878 4434 impudentia,

309 4459 471 4513 homo
502 4458 737 4511 omnium
774 4458 1154 4524 amentissime,
1201 4457 1304 4513 hoc
1335 4457 1477 4528 quod
1520 4472 1551 4512 a
1586 4457 1738 4512 nobis
1766 4456 1880 4511 illa-

306 4561 418 4606 tum
443 4560 544 4614 est,
577 4549 814 4617 persistis
837 4542 1063 4619 negare?

375 4644 510 4696 Avo.
551 4638 682 4694 Cum
714 4639 778 4692 ad
808 4640 961 4694 Verba
997 4639 1238 4710 Apostoli
1281 4639 1524 4706 veneris,
1552 4637 1623 4693 ibi
1661 4653 1765 4692 non
1805 4637 1881 4692 ri-

299 4747 442 4786 mam
471 4731 732 4798 iuvenics,
772 4730 865 4786 sed
891 4732 1276 4800 apcrtissimam
1300 4731 1538 4801 januam,
1567 4745 1668 4799 qua
1699 4744 1884 4800 pecca-

301 4833 411 4878 tuut
450 4825 667 4878 intravit
707 4825 759 4879 in
805 4826 1055 4879 mundum
1103 4842 1116 4878 :
1163 4842 1318 4895 quam
1357 4825 1633 4880 conaberis
1668 4824 1880 4894 quidem

299 4916 577 4982 claudere;
621 4917 718 4973 sed
763 4933 830 4972 cx
877 4933 972 4973 ore
1022 4917 1300 4972 infantium
1348 4929 1506 4988 atque
1552 4918 1878 4982 lactentiunt,

304 5009 622 5062 salvatorem
686 5012 865 5078 potius
913 5007 1204 5074 Christum,
1237 5026 1393 5078 quam
1450 5018 1500 5064 te
1552 5009 1880 5065 laudatorem

304 5097 674 5167 qumrcntium,
699 5108 753 5153 et
776 5114 880 5152 non
909 5098 1264 5154 aufractuosis
1289 5099 1757 5170 disputationibus,
1787 5098 1881 5154 sed

307 5193 466 5246 mutis
506 5193 716 5248 ﬂetibus
753 5195 1019 5248 miseriam
1047 5209 1195 5248 suam
1236 5194 1400 5247 multo
1437 5194 1635 5250 certius
1698 5201 1883 5247 conte-

307 5283 557 5338 stautium
583 5281 756 5354 (quam
782 5282 1041 5353 profecto,
1057 5285 1099 5339 si
1128 5284 1280 5354 primi
1302 5283 1532 5338 hominis
1552 5281 1812 5338 rectitude
1831 5288 1884 5336 et

371 5397 388 5428 ³
426 5395 559 5458 mliti,
585 5407 617 5444 a
635 5395 860 5458 parvulis.
890 5397 1203 5458 Emendantut
1235 5410 1262 5446 a
1284 5404 1390 5446 Mss.

367 5459 388 5489 ³
423 5457 557 5520 Editi,
579 5456 643 5505 an
663 5470 746 5520 per
771 5457 1052 5508 voluntatem
1069 5457 1094 5509 ε)
1115 5465 1170 5508 At
1190 5457 1493 5520 manuscripti
1517 5456 1640 5518 loco,
1655 5469 1718 5506 an
1735 5494 1751 5518 ,
1777 5467 1885 5504 con-

301 5524 490 5568 stanter
513 5519 707 5574 habent,
735 5533 811 5568 ne.

367 5582 389 5613 ³
424 5582 666 5640 \‘ign.,on
688 5593 765 5630 ne.
842 5588 901 5628 Μ.

364 5641 386 5673 ι
420 5639 556 5704 Editi,
581 5639 774 5704 induxi.
799 5650 977 5704 omnes
1000 5649 1104 5690 Mss.
1125 5675 1140 5701 ,
1163 5641 1355 5704 impegi.

329 5706 383 5813 αξ
419 5703 553 5775 P.di.i,
575 5701 662 5752 tibi
684 5715 800 5767 ergo
822 5700 1060 5767 displicet,
1085 5700 1263 5754 omisso
1289 5700 1366 5766 ἓξ,
1413 5703 1538 5766 quod
1562 5717 1622 5753 ex
1649 5709 1729 5753 Ms.
1758 5708 1882 5751 Port.

365 5777 578 5813 Iecunus.

300 5777 578 5830 adjecunus.

1624 335 1822 392 ΗΒΕῐί
1862 335 2235 394 SECUNDUS.

3417 355 3552 410 1154

1977 451 2246 507 beatitudo
2272 455 2570 519 mansisset,
2602 459 2750 512 nullo
2789 462 2948 515 modo
2979 462 3029 516 in
3069 461 3312 532 paradiso
3345 463 3551 521 habere

1983 541 2324 614 potuissent),
2353 560 2471 600 cum
2497 555 2580 600 tua
2609 559 2712 603 tota
2735 549 3050 620 loquacitate
3070 553 3314 609 vinceris.

2047 631 2238 686 XXIX.
2277 633 2395 690 Jun.
2436 636 2672 703 Quatuor
2699 639 2786 695 hic
2809 656 3155 710 personarum
3195 659 3353 698 causa
3383 643 3550 698 verti-

1980 732 2097 787 tur;
2134 723 2224 777 Dei
2254 725 2480 794 opiticis,
2507 728 2729 784 duorum
2768 741 3040 800 parentum
3069 735 3135 790 de
3159 737 3351 805 quibus
3380 745 3551 790 mate-

1977 815 2053 870 ria
2082 825 2362 884 prmstatur
2382 821 2644 886 operanti,
2682 830 2737 876 et
2775 824 2976 892 parvuli
3005 826 3094 894 qui
3124 830 3377 882 nascitur.
3414 827 3553 882 Dicis

1979 916 2032 960 tu
2062 907 2114 960 in
2145 905 2247 962 hoc
2273 909 2438 962 choro
2479 909 2713 966 habitare
2741 922 3012 982 peccatum
3037 934 3051 970 :
3076 915 3346 987 interrogo
3375 934 3490 988 ego,
3521 933 3551 972 a

1976 1011 2082 1066 quo
2122 999 2232 1064 liat,
2282 1007 2456 1052 utrum
2487 1015 2515 1052 a
2544 1001 2683 1066 Deo;
2712 1017 2872 1073 negas
2897 1023 2911 1058 :
2944 1020 2973 1058 a
3003 1013 3151 1074 patre
3173 1023 3187 1069 ;
3213 1007 3428 1062 totidem
3458 1023 3554 1064 ne-

1975 1102 2107 1157 gas:
2139 1104 2166 1142 a
2199 1097 2396 1155 matre;
2428 1089 2564 1146 idem
2588 1108 2785 1164 negas:
2817 1109 2845 1145 a
2871 1097 3124 1163 parvulo;
3153 1112 3350 1168 negas:
3376 1107 3433 1155 et
3456 1100 3553 1154 ad-

1977 1179 2084 1235 huc
2131 1196 2236 1235 non
2289 1190 2442 1261 putas
2483 1181 2644 1239 fuisse
2687 1186 3018 1253 conclusum,
3063 1190 3183 1258 quia
3237 1206 3342 1246 non
3388 1193 3554 1261 possit

1975 1287 2095 1327 esse
2128 1273 2266 1328 inter
2314 1258 2414 1328 hes
2439 1283 2685 1345 quatuor,
2725 1276 2864 1346 quod
2901 1277 2970 1333 ab
3010 1280 3094 1334 his
3121 1290 3346 1352 quatuor
3379 1258 3554 1338 nullus

1976 1364 2223 1419 admittit.
3311 1411 3322 1421 .

2047 1457 2182 1512 Anc.
2223 1455 2486 1526 Quidquid
2515 1457 2595 1513 vis
2639 1457 2828 1514 dicas:
2871 1461 2937 1514 ad
2964 1460 3122 1516 verba
3167 1462 3406 1532 Apostoli
3448 1463 3546 1516 ali-

1978 1545 2219 1615 quando‘
2257 1557 2511 1601 venturus
2554 1562 2646 1612 es;
2695 1556 2748 1603 et
2797 1550 3032 1619 quisquis
3078 1564 3140 1604 ea
3191 1567 3284 1620 per
3333 1552 3554 1606 istarum

1977 1637 2492 1706 argumentationum
2546 1646 2752 1693 tuarum
2799 1640 2917 1694 loca
2969 1640 3174 1709 singula
3221 1641 3551 1709 recordatur,

1976 1740 2096 1795 qua:
2136 1741 2234 1780 nos
2270 1727 2482 1782 assidue
2526 1739 2742 1798 propter
2772 1729 2986 1784 lectoris
3019 1729 3287 1786 fastidium
3314 1741 3556 1802 repetere

1975 1817 2244 1881 nolumus,
2269 1818 2382 1887 ipsa
2406 1832 2500 1871 sua
2522 1817 2617 1872 tibi
2642 1819 3007 1874 recordatione
3027 1820 3334 1890 respondet.

2049 1906 2217 1962 XXX.
2257 1907 2378 1966 JDL.
2419 1908 2498 1962 Ad
2529 1908 2658 1978 quid
2683 1925 2811 1978 ergo
2829 1911 3261 1980 persuadendum
3293 1920 3384 1966 aut
3407 1910 3554 1968 Scri-

1978 2007 2161 2066 pturas
2194 1997 2432 2067 releges,
2472 2007 2565 2052 aut
2600 1999 2844 2054 conscios
2882 2001 3211 2064 nominabis,
3252 2003 3342 2072 qui
3380 2003 3556 2062 adhuc

1976 2088 2118 2157 quod
2155 2088 2324 2142 sentis
2365 2102 2468 2141 non
2509 2098 2663 2157 potes
2701 2089 2964 2144 deﬁnire?
3013 2091 3156 2157 Quid
3191 2100 3245 2146 te
3276 2091 3458 2162 juvat,
3498 2101 3558 2146 ut

1979 2177 2149 2230 Adam
2188 2177 2383 2232 doceas
2421 2163 2895 2248 deliqu‘isse,qued
2935 2194 3034 2249 ego
3072 2180 3282 2249 penitus
3318 2196 3424 2235 non
3465 2197 3555 2237 re-

1977 2267 2142 2322 fello?
2161 2267 2478 2336 Qumrimus,
2500 2268 2667 2322 Adam
2698 2277 2822 2324 ante
2848 2278 2926 2324 tot
2945 2272 3137 2326 smcula
3161 2281 3390 2337 mortuo,
3419 2288 3551 2343 pec-

1978 2367 2174 2424 catum,
2198 2374 2303 2428 quo
2324 2360 2374 2412 in
2396 2359 2592 2415 diaboli
2618 2361 2706 2430 jus
2733 2363 2825 2417 Dei
2848 2362 3020 2433 imago
3045 2365 3433 2432 transcribitur,
3459 2381 3557 2436 per

1979 2451 2105 2521 quid
2134 2451 2431 2508 inveniatur
2459 2453 2512 2508 in
2545 2455 2788 2524 parvulo.

2051 2545 2188 2601 Aea.
2226 2544 2334 2600 Cur
2363 2561 2462 2601 nec
2502 2555 2555 2600 tu
2593 2546 2830 2602 admittis
2869 2548 2921 2601 in
2959 2563 3182 2619 regnum
3210 2548 3328 2613 Dei,
3353 2549 3554 2604 nullum

1981 2635 2267 2690 habentem
2306 2637 2597 2693 secundum
2637 2646 2688 2692 te
2724 2639 2971 2693 meritum
3010 2638 3244 2709 peccati,
3273 2639 3557 2709 imaginem

1980 2725 2117 2781 Dei?
2157 2725 2263 2782 Cur
2307 2729 2636 2783 ministratur
2683 2729 2924 2798 sanguis,
2965 2729 3055 2799 qui
3101 2729 3168 2784 de
3213 2729 3560 2786 similitudine

1979 2817 2156 2873 carnis
2184 2820 2382 2887 peccati
2415 2819 2466 2872 in
2493 2819 2862 2874 remissionem
2891 2817 3040 2874 fusus
3075 2827 3156 2874 est
3197 2829 3556 2890 peccatorum,

1978 2923 2139 2979 quem
2178 2909 2324 2965 bibat
2362 2912 2632 2980 parvulus,
2662 2921 2720 2966 ut
2757 2911 2954 2968 habere
2993 2915 3160 2981 possit
3196 2913 3389 2976 vitam,
3420 2913 3464 2968 si
3491 2912 3559 2969 de

1980 3000 2210 3056 nullius’
2248 3002 2451 3071 peccati
2482 3003 2686 3073 origine
2715 3003 2932 3058 venitin
2963 3003 3228 3058 mortem?
3255 3004 3310 3058 Si
3335 3008 3432 3058 hoc
3467 3004 3560 3059 tibi

1980 3090 2264 3162 displicet,
2291 3101 2472 3161 aperte
2519 3109 2651 3164 nega
2696 3094 2970 3163 parvulum
3021 3093 3345 3160 Christum',
3378 3102 3560 3164 aperte

1981 3198 2114 3253 nega
2159 3199 2255 3253 pro
2303 3184 2534 3252 parvulis
2561 3193 2858 3250 mortuum,
2901 3185 2992 3254 qui
3034 3200 3164 3238 unus
3193 3199 3286 3255 pro
3331 3183 3559 3237 omnibus

1981 3286 2205 3329 mortuus
2231 3285 2303 3329 est
2332 3291 2350 3328 :
2395 3275 2532 3330 unde
2557 3274 2856 3346 eolligitur‘
2894 3275 3035 3345 quod
3074 3275 3204 3330 dicit
3242 3275 3552 3344 Apostolus,

1982 3365 2120 3436 Ergo
2158 3382 2327 3419 omnes
2365 3366 2552 3420 mortui
2586 3376 2722 3432 sunt,
2752 3375 2798 3419 et
2837 3382 2928 3435 pro
2967 3351 3199 3420 omnibus
3236 3376 3462 3420 mortuus
3488 3375 3561 3420 eu

1983 3457 2063 3528 (ll
2087 3457 2204 3511 Cor.
2231 3473 2288 3522 γ,
2323 3457 2408 3522 14,
2442 3456 2555 3528 15).
2599 3457 2692 3510 Dic
2729 3465 2932 3526 aperte,
2975 3457 3163 3510 Mortui
3205 3457 3406 3526 parvuli
3450 3471 3558 3510 non

1983 3557 2141 3616 sunt,
2182 3550 2270 3619 qui
2309 3558 2582 3619 peccatum
2638 3549 2841 3602 nullum
2883 3549 3118 3613 habent;
3159 3558 3330 3602 morte
3370 3563 3466 3617 pro
3503 3562 3562 3602 se

1983 3638 2197 3702 Christi,
2241 3639 2293 3692 in
2332 3653 2435 3707 qua
2473 3637 2829 3706 baptizentur,
2873 3655 2976 3692 non
3014 3653 3148 3708 epus
3188 3639 3400 3692 habent.
3441 3627 3560 3692 1am

1983 3729 2069 3783 dic
2105 3728 2399 3793 evidenter,
2440 3728 2580 3798 quod
2631 3729 2856 3783 latenter
2903 3730 3098 3792 sentis,
3139 3728 3388 3798 quoniam
3429 3729 3561 3784 satis

1984 3819 2164 3891 prodis
2204 3831 2286 3874 tua
2327 3805 2685 3889 disputatione
2722 3805 2864 3890 quod
2903 3820 3072 3875 sentis
3099 3838 3127 3888 ε,
3158 3808 3274 3885 dic,
3319 3821 3557 3890 inquam,

1985 3908 2231 3980 parvulos
2260 3908 2452 3962 frustra
2490 3909 2602 3964 ﬁeri
2625 3909 2944 3964 christianos
2968 3927 2981 3964 :
3009 3909 3103 3964 sed
3130 3909 3272 3977 vide,
3304 3919 3480 3963 utrum
3509 3919 3560 3965 te

1985 4000 2158 4070 ipsum
2187 3992 2414 4056 debeas"
2446 3999 2624 4056 dicere
2650 3999 3023 4056 christianum.

2055 4089 2248 4145 XXXI.
2303 4091 2421 4146 JUL.
2475 4092 2528 4146 Si
2593 4108 2688 4161 per
2736 4092 3169 4146 commixtionem
3236 4101 3557 4162 parentum:

1985 4181 2212 4237 damna“
2250 4183 2461 4252 nuptias
2511 4183 2870 4251 professione,
2911 4199 3040 4253 quas
3095 4179 3561 4254 argumentatione

1985 4271 2342 4338 condemnas;
2374 4279 2430 4328 et
2454 4273 2608 4328 deme
2636 4275 2788 4328 nobis
2815 4275 3070 4338 laborem,
3099 4283 3203 4345 quo
3233 4284 3282 4330 te
3316 4277 3562 4331 convici-
3637 4263 3644 4272 ’

1985 4378 2104 4419 mus
2140 4380 2260 4419 esse
2296 4364 2663 4419 Manichacum.
2704 4367 2795 4420 Sin
2835 4375 3011 4420 autem
3054 4373 3106 4419 tu
3148 4381 3252 4420 non
3310 4367 3361 4420 id
3398 4367 3563 4422 audes

1985 4456 2186 4522 dicere,
2218 4471 2280 4510 ac
2308 4457 2544 4512 ratione’
2576 4467 2858 4511 contumax
2901 4457 3378 4511 concumbentibus
3407 4457 3563 4511 incli-

1986 4549 2130 4603 naris
2145 4550 2187 4614 ⁸,
2215 4557 2274 4602 ιιι
2301 4564 2394 4617 per
2430 4559 2860 4619 argumentorum
2888 4548 3147 4602 hactenus
3182 4538 3411 4602 inaudita
3438 4563 3564 4617 por-

1989 4651 2163 4706 tenta,
2206 4641 2354 4694 dicas
2393 4637 2666 4694 libidinem
2705 4639 3022 4694 diabolicam
3061 4653 3204 4706 esse,
3247 4654 3470 4708 eamque
3509 4639 3562 4693 in

1985 4747 2146 4787 sensu
2181 4732 2485 4786 coeuntium
2525 4731 2772 4800 positam,
2795 4731 2860 4784 ad
2899 4731 3221 4800 voluptatem
3261 4741 3560 4800 parentum,

1986 4822 2051 4876 ad
2080 4830 2280 4877 reatum
2307 4821 2571 4891 pertinere
2594 4822 2952 4885 nascentium;
2980 4830 3122 4874 tuam
3141 4821 3356 4891 quidem
3379 4837 3564 4874 anteu—

1989 4914 2114 4966 tiam
2142 4921 2196 4966 et
2223 4905 2600 4982 turpitudinem
2629 4911 2844 4980 prodis:
2873 4911 2964 4965 sed
3006 4926 3197 4981 precor
3224 4927 3289 4966 ne
3321 4910 3412 4965 tibi
3450 4921 3564 4965 tau-

1988 5010 2098 5056 tum
2129 5016 2376 5073 arroges,
2415 5010 2471 5055 ut
2505 5010 2660 5072 putes
2690 5001 2843 5056 nobis
2881 5001 3104 5056 liberum
3144 5017 3247 5055 non
3286 5016 3407 5057 esse
3445 5016 3562 5056 cum

2053 5200 2068 5232 ι
2103 5201 2174 5248 sic
2193 5205 2300 5248 uss.
2335 5197 2469 5261 Editi,
2499 5196 2705 5261 quando.

2050 5267 2071 5300 ι
2102 5261 2173 5309 sic
2191 5268 2293 5310 Mss.
2321 5259 2436 5308 Editi
2458 5255 2594 5317 vero,
2619 5257 2740 5308 side
2766 5255 2916 5306 nulla.

2051 5331 2073 5362 ι
2104 5323 2185 5372 Hic
2205 5323 2354 5372 verba
2382 5320 2478 5376 illa,
2519 5327 2682 5383 aperte
2703 5332 2824 5381 nega
2845 5317 3097 5383 parvulum
3139 5317 3396 5376 Christum,
3421 5317 3566 5365 resti-

1988 5391 2185 5439 tuuntur
2209 5397 2273 5432 ex
2297 5389 2400 5430 Mss.
2429 5389 2538 5430 Mar.
2571 5383 2689 5429 Clar.
2711 5389 2830 5430 Fert.

2048 5437 2071 5482 ἶ
2102 5449 2173 5496 sic
2195 5453 2300 5495 Mss.
2325 5443 2443 5492 Clar.
2473 5449 2524 5504 et
2544 5451 2652 5491 Μετ’.
2681 5451 2760 5492 Ms.
2787 5447 2930 5500 Port.,
2955 5438 3158 5504 collegit.
3187 5437 3431 5500 [colligit]

2049 5512 2071 5544 ⁵
2105 5507 2390 5569 Vignierius,
2415 5503 2686 5569 debeamus.

2051 5574 2072 5605 θ
2106 5561 2240 5625 Editi,
2265 5561 2482 5636 (langues.
2509 5567 2670 5628 Aptius
2692 5572 2816 5622 tus-5.,
2851 5561 3046 5613 danmo.

2049 5636 2483 5694 7Forte,rattom.‘
2569 5685 2598 5694 ,,
2697 5686 2708 5694 ,
2776 5685 2805 5694 ,.
2903 5683 2914 5694 .
2988 5689 3025 5694 ,-

2048 5697 2071 5728 ⁸
2103 5678 2368 5748 ὲόἰίὶζίεαηι
2390 5685 2668 5738 cadentibus
2690 5683 3115 5748 inclinarit.__M_ss.,
3163 5678 3571 5730 commutentqu

1991 5744 2272 5814 inclinatis}
2293 5753 2342 5802 id
2367 5759 2461 5812 est,
2483 5751 2566 5812 qui
2585 5750 2763 5810 nuptiis
2781 5756 2833 5797 et
2853 5744 3035 5795 libidini
3062 5751 3244 5793 vanam.
