4062 6480
611 321 746 377 1155

604 437 808 492 honore
847 432 939 489 Dei
979 430 1309 488 nascentium
1349 428 1708 484 innocentiam
1737 427 2016 495 contueri;
2057 444 2179 484 cum

603 530 700 585 tibi
739 530 896 585 liceat
935 533 991 581 et
1029 524 1194 578 libeat
1225 562 1240 590 ,
1272 537 1392 577 eum
1432 521 1771 576 accusatione
1810 523 1926 590 Dei,
1966 536 1997 576 a
2036 530 2183 581 reatu

602 635 760 692 quem
800 618 934 673 dicis
960 615 1214 682 libidinis,
1248 613 1637 670 libidinantium
1665 615 1903 670 membra
1934 620 2180 686 put-gare.

671 715 803 767 Anc.
844 707 1095 775 Quolibet
1133 707 1336 775 pruritu
1383 705 1674 771 libidinem,
1710 704 1763 759 id
1802 715 1903 771 est,
1929 709 2185 780 concupi-

598 800 853 856 scentiam
879 797 1056 852 carnis
1088 796 1295 862 laudes,
1325 797 1454 852 dicit
1491 794 1608 851 eam
1647 796 1882 851 Joannes
1910 798 2183 866 apostolus

598 907 626 945 a
654 891 811 946 Patre
835 904 942 944 non
964 902 1103 954 esse,
1128 887 1222 942 sed
1243 902 1306 941 ex
1333 887 1530 942 mundo
1555 902 1675 942 esse
1700 886 1752 956 (Ι
1776 885 1933 940 Joan.
1961 897 2020 954 tt,
2051 886 2143 957 16)
2164 905 2177 940 :

598 990 813 1051 propter
841 994 998 1049 quam
1029 987 1175 1033 recte
1202 977 1398 1033 dicitur
1429 977 1675 1031 diabolus
1707 977 1955 1046 princeps
1998 977 2181 1045 mundi

596 1086 717 1127 esse
746 1068 925 1143 (Joan.
948 1086 1042 1133 xu,
1062 1066 1175 1140 51).
1198 1067 1331 1123 Nam
1360 1070 1561 1123 scimus
1590 1067 1730 1137 quod
1758 1066 2013 1121 mundum
2041 1067 2179 1124 Deus

591 1161 798 1218 iecerit.
848 1161 962 1215 Hoc
1001 1175 1129 1230 ergo
1169 1159 1313 1214 malo
1351 1158 1797 1228 concupiscentiae
1834 1159 2012 1212 carnis
2042 1158 2180 1215 bene

590 1254 761 1309 utitur
807 1252 1058 1323 pudicitia
1101 1251 1429 1320 conjugalis;
1461 1250 1684 1320 ejusque
1727 1249 1851 1303 mali
1894 1250 2101 1305 reatum
2145 1266 2178 1305 a

591 1345 934 1400 nascentibus
949 1351 1172 1398 tractum
1196 1340 1354 1396 solvit
1380 1341 1711 1411 regeneratio
1728 1342 2037 1410 Spiritualis.
2059 1342 2172 1398 Hoc

589 1435 842 1506 quamdiu
884 1449 989 1488 nou
1029 1433 1195 1503 sapis,
1225 1446 1332 1487 non
1366 1431 1683 1497 catholicus,
1715 1430 1812 1486 sed
1858 1430 2176 1502 Pelagiauus

590 1526 802 1581 futurus
839 1538 931 1590 es;
972 1532 1027 1578 et
1061 1522 1350 1591 Scripturis
1388 1522 1617 1586 sanctis,
1657 1522 2046 1591 quantumlibet
2082 1537 2175 1578 cas

590 1616 884 1674 defendere
913 1617 1007 1671 tibi
1032 1614 1284 1681 videaris,
1306 1613 1733 1669 contradicturus
1766 1630 1849 1670 es.
1887 1614 1969 1669 Me
1996 1622 2172 1669 autem

588 1710 801 1780 quoties
841 1716 1060 1779 propter
1089 1707 1190 1763 hoc
1229 1707 1313 1762 cui
1339 1706 1683 1774 contradicis,
1713 1706 2062 1762 Manichmum
2092 1706 2174 1762 di-

590 1800 705 1865 cis;
752 1798 992 1870 prot‘ecto
1020 1806 1077 1854 et
1101 1799 1252 1854 illum
1294 1798 1451 1865 dicis,
1483 1799 1573 1868 qui
1612 1798 1881 1854 hominem
1918 1798 2171 1855 membris

590 1889 910 1962 genitalibus
936 1890 1190 1956 infusum,
1209 1899 1262 1945 et
1282 1890 1727 1959 concupiscentiae
1755 1891 2027 1960 voluptate
2051 1907 2173 1946 con-

589 1990 826 2047 cretum,
864 1988 990 2036 ante
1026 1979 1154 2035 dicit
1190 1979 1440 2049 excipere
1476 1979 1796 2035 delictorum
1834 1981 2168 2051 contagium,

586 2086 746 2143 quam
773 2070 949 2125 vitalis
984 2071 1207 2140 Spiritus
1245 2085 1439 2125 munus
1478 2069 1716 2135 haurire.
1747 2070 2065 2126 Ambrosius
2090 2081 2172 2128 est

584 2163 690 2221 iste
737 2163 928 2234 (Libro
957 2164 1021 2218 de
1041 2163 1371 2219 Sacramenta
1399 2163 1812 2234 regenerationis,
1839 2180 1926 2219 seu
1951 2164 2015 2218 de
2035 2164 2168 2218 Phi-

584 2257 816 2327 losophia
833 2255 878 2330 ),
918 2256 1127 2312 Juliane
1178 2274 1195 2313 :
1238 2256 1582 2312 Ambrosium
1622 2256 1971 2311 Maniclneum
2009 2256 2163 2323 dicis,

582 2347 795 2405 insane.
1200 2364 1205 2369 ‘

656 2441 873 2497 XXXII.
912 2441 1031 2497 Jun.
1072 2440 1203 2496 Nam
1247 2452 1368 2498 cum
1414 2439 1747 2511 pronuntias,
1777 2440 2166 2511 concupiscen-

581 2533 713 2589 tiam
749 2533 926 2588 caruis
953 2548 980 2587 a
1023 2533 1259 2604 principe
1297 2521 1635 2586 tenebrarum
1666 2533 1719 2587 in
1760 2532 1974 2587 homine
2003 2532 2167 2589 fuisse

578 2625 891 2696 plantatam,
921 2638 1148 2695 eamque
1187 2638 1307 2680 esse
1345 2624 1541 2679 diaboli
1579 2623 1845 2691 fruticem,
1871 2641 1938 2681 ex
1979 2638 2039 2681 se
2067 2625 2169 2682 hu-

575 2731 797 2772 manum
851 2728 1021 2787 genus
1073 2716 1225 2787 quasi
1278 2726 1436 2786 poma
1498 2717 1715 2787 propria
1772 2717 2161 2785 proferentem;

574 2807 818 2862 absolute
842 2806 1057 2877 quidem
1087 2806 1351 2876 proderis,
1384 2807 1525 2876 quod
1555 2820 1661 2861 non
1705 2805 1897 2873 Deum,
1929 2806 2024 2862 sed
2049 2807 2164 2862 dia-

575 2901 755 2956 bolum
782 2900 931 2956 dicas
956 2900 1231 2955 hominum
1257 2899 1588 2956 conditorem
1616 2918 1631 2955 :
1659 2914 1767 2971 quo
1793 2899 2041 2971 dogmate
2071 2901 2163 2957 im-

572 2994 832 3063 piissimo,
852 3002 907 3048 et
925 2992 1293 3063 coniugiorum
1318 2993 1611 3064 negotium,
1642 2992 1694 3048 id
1714 3000 1817 3061 est,
1848 2994 2159 3064 genitalium

572 3083 856 3149 admistio,
888 3092 938 3138 et
980 3097 1106 3137 caro
1134 3086 1327 3137 cuncta
1354 3082 1657 3138 damnatur.

643 3176 778 3232 AUG.
817 3175 934 3230 Non
956 3174 1241 3230 damnatur
1267 3192 1279 3229 :
1307 3174 1404 3231 sed
1432 3189 1539 3231 non
1571 3192 1601 3230 a
1632 3185 1684 3232 te
1709 3178 1861 3249 quasi
1885 3192 2014 3234 sana
2043 3179 2159 3236 lau-

568 3267 782 3335 detur‘,
823 3274 881 3321 ut
916 3267 1079 3323 etiam
1119 3275 1172 3323 te
1208 3267 1500 3325 conﬁtente
1524 3311 1538 3336 ,
1565 3285 1597 3324 a
1634 3285 1733 3327 suo
1768 3272 2057 3330 Conditore
2092 3288 2157 3331 ac

570 3359 853 3415 Salvatore
879 3369 1119 3415 sanetur.
1149 3353 1283 3416 Nam
1323 3360 1428 3418 hoc
1457 3361 1512 3418 in
1543 3364 1737 3435 quibus
1765 3381 1872 3421 non
1910 3366 1998 3436 tit,
2035 3369 2155 3427 sine

569 3451 674 3506 ulla
699 3449 1031 3506 dubitatione
1056 3451 1413 3508 damnabitur.

636 3540 878 3597 XXXIII.
917 3542 1038 3598 JUL.
1077 3541 1212 3598 Cum
1239 3560 1372 3599 vero
1408 3554 1531 3615 post
1557 3545 1660 3602 hoc
1687 3550 2023 3622 sacrilegium
2050 3551 2150 3608 ad-

558 3632 758 3706 iungis,
785 3642 840 3688 et
878 3632 1034 3698 dicis,
1065 3632 1303 3704 proﬁteri
1334 3645 1385 3690 te
1424 3636 1743 3694 diabolicam
1784 3641 1998 3711 quidem
2030 3640 2151 3700 esse

559 3726 887 3797 gignentium
925 3726 1210 3798 conjugum
1250 3727 1598 3799 voluptatem,
1638 3731 1957 3790 diabolicam
1995 3736 2147 3807 geni-

559 3817 745 3873 talium
797 3819 1249 3884 commotionem;
1289 3818 1385 3874 sed
1433 3827 1610 3876 tamen
1652 3830 1707 3877 et
1744 3823 1856 3893 ipsa
1906 3827 2147 3885 membra

557 3923 677 3979 qua:
706 3916 1011 3977 moventur,
1044 3915 1099 3965 et
1127 3909 1380 3983 coniuges
1405 3913 1493 3985 qui
1516 3913 1790 3985 voluptate
1815 3908 2141 3991 afficiuntur,

560 4012 687 4053 reos
718 4013 821 4053 non
850 4014 971 4055 esse
996 4016 1013 4067 ;
1042 4015 1231 4056 verum
1271 4017 1368 4073 pro
1393 4002 1477 4058 his
1505 4006 1751 4062 omnibus
1775 4023 1941 4065 novos
1971 4013 2144 4067 homi-

555 4098 675 4157 nes,
709 4088 760 4145 id
787 4098 888 4151 est.
912 4090 1046 4147 rude
1082 4106 1218 4162 opus
1256 4092 1311 4148 in
1349 4096 1693 4151 nascentibus
1729 4097 1942 4156 deitatis
1978 4112 2142 4160 accu-

553 4194 643 4235 sas
673 4197 687 4232 :
732 4178 863 4235 nihil
891 4180 1107 4252 quidem
1137 4180 1206 4237 de
1232 4182 1646 4240 Maniehmorum
1678 4186 1950 4258 impietate
1974 4191 2141 4263 depo-

553 4272 669 4337 nis;
700 4272 793 4328 sed
819 4281 922 4327 tam
947 4273 1231 4328 immanem
1260 4274 1389 4330 moti
1410 4277 1600 4347 capitis
1615 4280 1852 4336 ostendis
1877 4280 2142 4353 furorem,

552 4370 609 4414 ut
637 4362 1051 4432 eonsequentius
1078 4361 1384 4430 fovendum,
1408 4380 1567 4435 quam
1597 4371 1975 4438 amputandum
1994 4375 2139 4445 judi-

548 4459 784 4519 caretur,
812 4451 914 4507 nisi
943 4453 1267 4509 voluntatem
1292 4469 1355 4511 ac
1383 4456 1615 4512 studium
1654 4459 1707 4514 in
1739 4460 1839 4517 hac
1876 4478 1936 4519 re
1965 4474 2131 4533 tuum,

548 4550 602 4596 et
624 4543 912 4598 multorum
958 4544 1185 4609 eversio,
1213 4552 1267 4600 et
1296 4554 1382 4627 tua
1411 4545 1719 4620 obstinatio,
1747 4563 1803 4609 et
1829 4553 2134 4627 Scriptura-

546 4647 666 4686 rum
693 4633 1063 4705 multiplicatio
1088 4623 1417 4706 loqueretur.

620 4726 754 4780 Auc.
797 4725 903 4779 Has
932 4726 1283 4783 contumelias
1316 4744 1421 4784 non
1453 4731 1789 4804 indignanter
1820 4739 2005 4796 audire
2032 4739 2131 4797 de-

547 4814 669 4878 beo,
718 4831 840 4871 cum
892 4815 974 4872 his
1020 4818 1271 4875 Ecclesim
1318 4821 1644 4893 doctoribus,
1692 4830 1780 4901 qui
1828 4846 1923 4901 per
1967 4850 2129 4890 unum

545 4906 818 4962 hominem
846 4908 898 4962 in
941 4909 1197 4965 mundum
1229 4912 1478 4972 introisse
1523 4927 1816 4990 peccatum,
1850 4924 1929 4979 sic
1968 4927 2128 4982 intel-

545 4994 734 5067 ligunt,
779 5004 839 5053 ut
864 5008 1041 5055 rectus
1068 5001 1357 5071 Apostolus
1384 5005 1637 5078 loquitur,
1668 5028 1773 5067 non
1798 5024 1854 5069 ut
1882 5016 2127 5075 Julianus

541 5089 982 5159 perversissimus
1002 5093 1270 5162 opinatur.
1303 5094 1357 5150 In
1389 5097 1472 5154 his
1496 5109 1640 5168 sunt,
1656 5111 1714 5157 ut
1739 5104 1870 5159 alios
1899 5117 2122 5177 taceam,

539 5178 670 5235 Mer
701 5179 1028 5252 Cyprianus,
1064 5185 1245 5241 Gallus
1286 5187 1547 5259 llilarius,
1589 5191 1748 5250 italus
1785 5197 2122 5270 Ambrosius,

538 5270 759 5329 Griecus
795 5272 1085 5343 Gregorius
1114 5294 1128 5330 :
1157 5288 1187 5331 a
1231 5280 1425 5350 quibus
1466 5284 1843 5344 eruditissimis
1887 5292 2121 5360 pruden-

540 5362 867 5434 tissimisque
900 5365 1203 5435 iudicibus,
1244 5370 1431 5440 quales
1470 5380 1522 5428 te
1560 5388 1668 5430 non
1706 5377 1948 5437 invenire
1985 5398 2121 5441 vana

534 5456 953 5526 prmsumptione
989 5461 1357 5531 conquereris,
1391 5462 1615 5522 haeresis
1638 5478 1827 5526 .vestra
1866 5474 2013 5543 prius
2037 5486 2122 5533 est

529 5545 782 5604 damnata
810 5563 970 5621 quam
995 5561 1141 5606 naua.

529 5700 928 5816 ωυζίῖτέὶῖϐωα
971 5719 1104 5771 nm,
1143 5707 1271 5761 velut
1299 5724 1332 5762 a
1372 5716 1440 5774 te,
1481 5715 1622 5776 quasi
1664 5730 1786 5771 stata
1838 5721 2116 5781 laudatur:

1290 313 1534 371 Ol‘EilIS
1572 310 1981 371 l‘iPEllFECTl
2022 312 2297 369 CONTRA
2337 312 2700 387 JULIANUM,
2742 320 2802 376 S.
2842 321 3214 383 AUGUSTINI

3741 333 3887 393 “5’6

2368 429 2607 488 XXXIV.
2647 435 2766 492 ιω..
2806 437 2948 509 Lege
2976 448 3033 496 ct
3055 442 3120 497 de
3151 441 3252 499 hoc
3277 455 3525 515 quartum
3555 448 3737 517 operis
3776 456 3888 510 mei

2291 522 2484 578 librum
2516 542 2527 578 :
2560 535 2615 580 et
2638 538 2892 596 quantum
2920 531 3152 600 diabolo,
3179 550 3337 604 quem
3377 546 3586 606 patrem
3615 548 3762 595 tuum
3797 544 3883 598 di-

2289 616 2400 681 cis,
2441 630 2505 671 ae
2542 616 2744 672 libidini
2793 622 2948 676 matri
3002 625 3159 692 tuaa‘,
3194 625 3299 687 sub
3336 629 3658 685 criminandi
3696 635 3883 703 specie

2288 706 2583 763 blandiaris
2600 752 2614 778 ,
2647 710 2930 785 intelliges.

2360 799 2497 856 Avo.
2540 801 2665 871 Legi
2704 803 2862 858 etiam
2891 814 3136 876 quartum
3174 817 3344 879 tuum,
3374 820 3430 868 et
3464 827 3601 868 meo
3630 824 3789 870 sexto
3815 818 3881 874 ad

2287 888 2404 959 ejus
2428 890 2519 945 tibi
2540 901 2733 949 cuncta
2762 897 3053 965 respondi;
3094 900 3215 970 quis
3251 911 3428 958 autem
3457 914 3707 961 nostrum
3740 912 3884 964 vice-

2285 979 2379 1045 rit,
2407 980 2613 1050 judicet
2642 984 2760 1054 pius
2784 985 2955 1042 lector
2979 989 3283 1048 amborum.

2356 1068 2577 1129 XXXV.
2608 1074 2726 1131 lue.
2757 1077 2952 1133 Verum
2975 1080 3084 1150 jam
3112 1083 3351 1153 Apostoli
3381 1086 3544 1142 verba
3574 1088 3878 1158 videamus,

2283 1178 2443 1233 quem
2474 1166 2604 1221 mihi
2630 1170 2699 1224 ad
2728 1172 2926 1238 omnia,
2958 1189 3115 1244 quem
3146 1190 3305 1246 supra
3337 1181 3515 1248 posui,
3549 1177 3897 1252 respondere

2282 1255 2503 1313 dixisti:
2546 1259 2628 1313 Ad
2661 1263 2831 1316 omnia
2870 1265 2969 1318 ista
3009 1267 3126 1320 huic
3167 1271 3426 1337 respondit
3463 1272 3769 1342 Apostolus,
3796 1279 3879 1343 qui

2281 1362 2439 1417 neque
2478 1350 2785 1407 uoluntatem
2821 1356 2992 1426 arguit
3040 1358 3259 1425 parvuli,
3285 1375 3401 1431 qua:
3436 1364 3649 1433 prapria
3687 1365 3747 1418 in
3792 1364 3876 1420 illa

2282 1441 2510 1495 nandum
2547 1452 2621 1497 est
2657 1444 2725 1498 ad
2762 1448 3110 1516 peccandum;
3164 1467 3320 1521 neque
3356 1456 3579 1523 nuptias,
3621 1457 3677 1509 in
3714 1474 3878 1527 quan-

2284 1547 2393 1586 tum
2429 1537 2622 1606 nuptiae
2658 1548 2806 1605 sunt,
2844 1555 2959 1611 qua
3004 1542 3190 1597 habent
3227 1562 3258 1597 a
3296 1544 3406 1600 Deo
3443 1556 3546 1601 non
3583 1549 3759 1604 solum
3794 1552 3873 1606 in-

2279 1624 2608 1694 stitutionem,
2637 1641 2808 1683 rerum
2835 1632 2985 1686 etiam
3015 1632 3449 1705 benedictimtem;
3486 1655 3651 1708 neque
3689 1654 3875 1710 parcit.

2279 1722 2372 1781 tes,
2401 1716 2455 1770 in
2484 1728 2727 1787 quantum
2761 1732 2997 1790 parentes
3018 1734 3153 1790 sunt,
3179 1726 3391 1781 invicem
3416 1728 3557 1784 licite
3577 1741 3734 1801 atque
3754 1734 3874 1804 legi-

2277 1806 2396 1861 time
2414 1806 2483 1860 ad
2505 1812 2845 1879 pracreandas
2867 1814 3003 1883 filias
3026 1817 3286 1889 conjugati
3299 1834 3318 1872 :
3332 1820 3439 1886 sed,
3460 1839 3479 1871 ‹
3510 1820 3619 1877 Per
3637 1839 3823 1890 unum,
3846 1843 3865 1878 ι

2275 1897 2456 1970 inquit,
2478 1910 2499 1953 ά
2531 1901 2781 1958 hominem
2811 1916 3067 1976 peccatum
3090 1909 3292 1965 intravit
3320 1912 3374 1966 in
3401 1916 3675 1982 mundum,
3702 1926 3755 1970 et
3783 1935 3868 1988 per

2279 2007 2302 2043 s
2346 2005 2607 2064 peccatum
2630 2012 2803 2064 mars;
2831 2007 2877 2052 et
2905 2000 2979 2053 ita
3019 2001 3072 2056 in
3097 2006 3270 2058 omnes
3296 2005 3523 2061 homines
3548 2012 3865 2078 pertransiit,

2278 2094 2302 2134 ε
2343 2083 2396 2137 in
2426 2100 2524 2154 quo
2544 2096 2715 2142 omnes
2745 2101 3085 2159 peccaverunt,
3120 2113 3139 2147 ι
3176 2094 3353 2166 (Rom.
3381 2114 3432 2163 ν,
3463 2099 3575 2169 12).
3608 2101 3765 2168 Quod
3789 2105 3869 2159 isti

2271 2173 2320 2228 si
2347 2176 2608 2230 catholicis
2638 2178 2844 2234 auribus
2871 2183 3220 2255 mentibusque
3242 2188 3573 2265 perciperent,
3597 2192 3868 2248 adversum

2274 2263 2427 2332 ﬁdem
2452 2267 2769 2338 gratiamque
2796 2269 2984 2326 Christi
3008 2273 3213 2331 rebelles
3238 2263 3435 2334 animos
3463 2297 3566 2335 non
3600 2283 3863 2353 haberent,

2271 2369 2429 2425 neque
2460 2368 2760 2413 conarentur
2786 2361 3023 2429 inaniter,
3049 2365 3121 2419 ad
3144 2383 3291 2422 suum
3325 2372 3589 2443 proprium
3618 2384 3670 2428 et
3701 2377 3866 2431 herc-

2270 2447 2423 2500 ticum
2468 2464 2671 2503 sensum
2713 2451 2822 2507 haec
2858 2456 3142 2524 apostolica
3185 2460 3334 2514 verba
3382 2472 3486 2516 tant
3530 2465 3769 2520 dilucida
3814 2478 3863 2522 et

2271 2544 2374 2588 tam
2412 2539 2679 2608 manifesta
2707 2553 3010 2610 catwertere,
3047 2557 3322 2606 asserentes
3367 2554 3463 2606 hoc
3510 2554 3625 2609 ideo
3670 2557 3860 2612 dictum

2267 2640 2396 2694 esse,
2423 2629 2559 2699 quod
2587 2630 2751 2685 Adam
2778 2637 3054 2703 peccaverit
3094 2639 3334 2709 primum,
3362 2642 3415 2697 in
3438 2659 3541 2714 quo
3568 2645 3634 2700 de
3656 2657 3858 2717 ca'tcm,

2264 2718 2490 2788 quisquis
2514 2734 2723 2789 peccare
2747 2723 2922 2792 voluit,
2952 2730 3194 2797 peccandi
3221 2730 3408 2787 invenit
3433 2738 3724 2806 exemplum
3744 2754 3768 2803 ;
3806 2748 3860 2794 st

2266 2820 2524 2878 peccatum
2551 2813 2741 2869 scilicet
2767 2832 2869 2871 non
2898 2824 3220 2890 generatione
3246 2824 3309 2878 ab
3334 2825 3426 2881 illa
3453 2845 3554 2884 uno
3582 2830 3638 2884 in
3660 2848 3853 2902 omnes,

2262 2902 2352 2956 sed
2387 2903 2527 2958 illius
2560 2907 2713 2963 unius
2746 2910 3030 2969 imitatione
3069 2919 3326 2973 transiret.
3356 2919 3483 2976 Cum
3524 2928 3773 2998 profecta,
3811 2929 3854 2982 si

2263 2992 2539 3067 Apostolus
2577 2999 2660 3053 hic
2699 3001 3027 3060 imitationem
3065 3008 3278 3084 intelligi
3317 2992 3569 3084 valuisset,
3616 2992 3721 3075 non
3759 2992 3852 3093 per

2260 3096 2421 3139 unum
2448 3086 2725 3157 hominem,
2748 3093 2840 3147 sed
2865 3113 2956 3166 per
2980 3097 3238 3155 diabolum
3262 3104 3451 3174 potius,
3474 3107 3527 3162 in
3552 3109 3689 3165 hunc
3708 3086 3851 3167 inun-

2259 3175 2381 3230 dum
2429 3189 2690 3249 peccatum
2736 3183 2973 3254 intrasse,
3023 3201 3070 3245 et
3113 3209 3205 3263 per
3242 3211 3414 3253 omnes
3461 3201 3688 3258 homines
3732 3222 3848 3276 per-

2259 3269 2498 3324 transisse
2516 3270 2742 3328 dixisset.
2762 3274 2842 3331 De
2861 3278 3064 3335 diabolo
3082 3284 3268 3357 quippe
3282 3289 3526 3361 scriptum
3546 3300 3640 3359 est,
3664 3312 3685 3347 ι
3720 3269 3848 3351 lmi-

2261 3372 2283 3412 t
2328 3370 2500 3417 tantur
2545 3381 2691 3435 eum,
2736 3369 2825 3442 qui
2871 3383 2992 3427 sunt
3039 3390 3104 3430 ea;
3140 3387 3284 3447 parte
3330 3383 3493 3450 ipsius
3539 3403 3559 3436 ι
3591 3385 3747 3458 (Sep.
3778 3405 3840 3456 ιι,

2252 3450 2368 3523 25).
2401 3451 2509 3508 Sed
2554 3456 2689 3525 ideo,
2738 3477 2760 3513 ί
2814 3478 2904 3533 per
2949 3481 3108 3521 unum
3142 3468 3392 3526 hominem
3428 3492 3447 3526 »
3487 3450 3617 3531 dixit
3642 3520 3656 3543 ,
3684 3450 3718 3534 a

2252 3545 2508 3614 generatio
2544 3549 2715 3620 utique
2743 3552 3002 3611 hominum
3047 3563 3215 3632 coepit,
3246 3573 3301 3617 ut
3327 3581 3417 3635 per
3464 3545 3835 3639 generationem

2251 3634 2451 3691 doceret
2474 3638 2595 3693 iisse
2622 3658 2713 3708 per
2736 3660 2909 3701 omnes
2934 3649 3182 3721 originale
3203 3634 3515 3731 peccatum]
3529 3658 3608 3717 De
3628 3660 3841 3735 Nuptiis

2250 3736 2300 3782 et
2326 3726 2764 3803 Concupiscentia,
2788 3738 2876 3792 lib.
2900 3739 2956 3805 2,
2980 3758 3033 3796 n.
3056 3743 3169 3816 45).

2324 3822 2459 3879 Anc.
2502 3825 2691 3883 Dixisti
2719 3831 2882 3886 verba
2926 3832 3047 3915 libri
3088 3838 3213 3903 mei,
3240 3838 3325 3896 dic
3353 3833 3463 3913 jam
3493 3846 3840 3916 quemadmo-

2248 3909 2375 3967 dum
2405 3916 2714 4007 accipienda
2762 3921 2869 3978 sint
2898 3910 3018 3996 quas
3058 3927 3129 3983 ibi
3172 3933 3324 4000 posui
3354 3909 3522 3991 vverba-
3547 3937 3835 4007 Apostoli:

2246 4008 2308 4057 ut
2331 4006 2500 4077 magis
2545 4012 2820 4083 magisque
2848 4017 3213 4077 manifeSteris
3251 4022 3553 4097 ha‘reticus,
3583 4006 3833 4087 laudato-

2245 4106 2360 4150 rem
2401 4107 2453 4153 te
2479 4098 2851 4171 supponenda,
2883 4117 2941 4161 ut
2967 4109 3179 4167 auferas
3207 4118 3438 4183 parvulis
3465 4119 3828 4180 'Salvatorem.

2314 4185 2558 4281 LXXXVI.
2603 4191 2723 4248 lue.
2766 4196 2923 4252 Abuti
2948 4206 3000 4255 te
3032 4201 3293 4273 imperitia
3320 4205 3608 4267 faventium
3642 4214 3754 4281 tibi,
3777 4227 3831 4273 ct

2240 4273 2554 4336 delitescere
2575 4284 2674 4338 sub
2694 4286 3036 4359 ambiguitate
3062 4297 3367 4368 verborum,
3390 4302 3713 4378 quicumque
3737 4309 3823 4365 ille

2240 4365 2401 4424 fuerit
2443 4386 2668 4443 operum
2715 4391 3019 4438 nostrorum
3063 4389 3303 4445 eruditus
3341 4392 3529 4462 lector,
3562 4398 3820 4472 intelligit.

2239 4459 2528 4562 Reliquum
2571 4483 2699 4524 vero
2756 4472 2974 4544 vulgus,
3024 4478 3090 4534 de
3141 4497 3247 4552 quo
3297 4459 3557 4556 prapheta
3599 4459 3824 4562 loquitur

2237 4553 2304 4609 ad
2341 4556 2529 4625 Deum,
2557 4559 2850 4619 ﬁstimasti
2877 4567 3102 4624 homines
3130 4573 3257 4627 sicut
3295 4553 3456 4647 pisces
3481 4581 3639 4636 maris
3669 4553 3820 4657 illa-

2236 4643 2390 4701 bacuc
2412 4664 2450 4714 ι,
2485 4651 2611 4721 14);
2643 4663 2821 4710 mutua
2854 4664 3242 4731 praegressiOne
3267 4666 3550 4739 decipitur,
3581 4689 3644 4730 ac
3678 4643 3820 4731 salu-

2235 4737 2405 4794 tiferae
2438 4741 2776 4801 discretionis
2823 4749 3117 4820 ignarum',
3153 4764 3321 4812 totum
3368 4737 3518 4830 putat
3575 4766 3820 4840 conjungi

2233 4843 2391 4899 posse
2412 4833 2590 4898 rebus.
2616 4837 2758 4907 quod
2780 4840 2970 4896 viderit
2993 4846 3213 4903 vocibus
3238 4865 3358 4907 esse
3378 4833 3819 4928 sociatumﬂui‘d

2234 4935 2361 4977 vero
2389 4924 2458 4979 sit
2483 4939 2840 4998 consequens,
2866 4935 2990 5003 quid
3023 4952 3346 5012 repugnans,
3370 4947 3669 5022 quibuSque
3693 4924 3819 5009 con-

2231 5015 2399 5068 cessis
2427 5016 2551 5085 qnid
2582 5018 2663 5073 lex
2696 5018 3116 5096 inexpugnabilis
3145 5042 3199 5087 et
3227 5015 3527 5094 veneranda
3564 5045 3819 5103 orationis

2299 5288 2433 5344 Anc.
2472 5289 2663 5348 Adhuc
2707 5295 2903 5355 circuis
2940 5305 3230 5370 qumrendo
3276 5309 3606 5386 dialecticos,
3633 5330 3688 5376 et
3735 5324 3815 5379 vi-

2227 5378 2388 5432 tando
2430 5382 2820 5444 ecclesiasticos
2856 5391 3085 5460 judices.
3121 5400 3213 5457 ch
3236 5402 3343 5472 jam
3375 5378 3642 5478 quomodo
3670 5418 3817 5472 acci-

2226 5470 2474 5540 piendum
2503 5474 2589 5542 sit,
2617 5475 2723 5532 Per
2747 5497 2905 5537 unum
2938 5487 3192 5547 hominem
3232 5510 3491 5568 peccatum
3530 5506 3732 5564 intrauit
3761 5510 3817 5564 in

2287 5610 2321 5700 ξ,
2339 5611 2703 5700 sient'tslshndar.
2738 5627 2847 5672 star.
2890 5631 3015 5676 rort.
3070 5634 3126 5679 Αι
3163 5631 3298 5697 editi,
3332 5650 3365 5688 a
3408 5637 3609 5695 libidine
3640 5646 3815 5700 matris

2222 5676 2336 5730 tuas,
2359 5673 2611 5725 mendose.

2254 5734 2459 5826 in;
2490 5741 2816 5826 praeﬁcae
2846 5745 3105 5826 decipitur,
3144 5768 3201 5807 ac
3239 5759 3489 5826 salutifera
3525 5765 3815 5824 discretione

2222 5802 2472 5858 signatura.
2499 5802 2817 5857 Emendautur
2842 5821 2901 5858 ex
2923 5802 3028 5861 st'ss.
