4062 6494
254 307 394 364 illi?

248 423 501 475 mundum
527 436 545 476 :
574 419 763 476 melius
796 417 1043 473 videlicet
1072 414 1173 472 hoc
1203 415 1523 487 intelligens,
1557 432 1715 487 quam
1748 416 1841 473 ille

252 531 345 584 qui
372 514 526 577 dixit,
561 511 745 566 Omnes
763 511 816 564 in
851 509 1013 564 Adam
1038 510 1341 577 moriuntur,
1368 509 1486 579 quia
1512 527 1531 561 ι
1570 526 1658 577 per
1685 525 1843 564 unum

255 624 277 656 ι
323 604 581 658 hominem
611 611 871 673 peccatum
897 600 1101 654 intravit
1130 600 1183 653 in
1219 599 1352 653 [tunc
1381 598 1646 665 mundum,
1677 606 1723 652 et
1752 614 1843 669 per

256 716 279 749 ο
326 704 587 766 peccatum
612 708 785 757 mors;
815 701 860 746 et
884 691 953 745 ita
989 691 1043 744 in
1068 707 1237 745 omnes
1266 691 1489 747 licinines
1527 690 1838 762 pertransiit,

254 807 276 841 ι
323 788 377 841 in
407 801 509 855 quo
537 800 713 839 omnes
733 792 1082 849 peccaverunt.
1125 802 1144 836 ι
1180 780 1331 838 Illius
1351 783 1506 854 igitur
1530 782 1680 851 culpa
1706 798 1841 838 mors

248 877 480 933 carnium
504 884 579 931 est
607 874 940 947 (Ambrosius,
961 872 1047 928 tib.
1070 874 1104 928 4
1127 874 1179 927 in
1208 872 1330 927 Luc.
1358 889 1428 938 tv,
1453 872 1566 942 '58).
1602 871 1668 927 Et
1698 870 1837 927 idem

247 970 366 1039 ipse
394 966 522 1023 alibi
546 983 560 1020 :
604 964 730 1019 Fuit
756 965 942 1028 Adam,
971 972 1018 1018 et
1044 964 1094 1019 in
1115 964 1206 1018 illo
1234 964 1425 1035 [nimus
1452 979 1661 1029 omnes;
1691 962 1838 1033 periit

247 1060 441 1125 Adam,
473 1067 522 1114 et
561 1057 615 1114 in
658 1057 749 1112 illo
778 1073 950 1111 omnes
979 1057 1233 1129 perierunt
1277 1053 1414 1129 (Lib.
1448 1054 1479 1108 7
1503 1055 1558 1108 in
1586 1053 1712 1109 Luc.
1746 1069 1836 1121 xv,

249 1151 370 1219 24).
410 1148 727 1206 Ambrosius
772 1155 855 1202 cst
898 1147 1008 1211 ille,
1052 1162 1159 1200 non
1197 1147 1515 1217 quicumque
1555 1145 1622 1201 de
1661 1146 1838 1217 vulgo,

255 1244 414 1317 cujus
439 1242 736 1314 imperitam
766 1239 1154 1296 multitudinem
1198 1254 1304 1293 non
1338 1238 1601 1294 valentem
1630 1237 1698 1294 de
1736 1238 1841 1294 tuis

154 1314 181 1411 ί
260 1314 997 1408 disputationibusjudicare,
1028 1332 1185 1386 nimis
1231 1331 1337 1386 alta
1379 1330 1588 1386 cervice
1615 1339 1668 1385 et
1712 1344 1839 1400 pro—

254 1440 406 1487 terva
445 1428 621 1485 fronte
645 1425 945 1483 contemnis
973 1441 988 1479 :
1020 1422 1336 1480 Ambrosius
1357 1432 1461 1489 est,
1490 1424 1727 1494 inquam,
1754 1423 1841 1478 cui

253 1524 403 1579 nulla
430 1536 507 1579 ‘ex
550 1529 700 1593 parte
734 1520 787 1574 in
832 1519 961 1591 ipsis
998 1517 1188 1573 litteris
1224 1517 1589 1584 smcularibus,
1615 1516 1683 1572 de
1719 1516 1841 1587 qui-

251 1615 359 1671 bus
387 1615 612 1670 multum
642 1611 859 1676 inflaris,
906 1610 1165 1682 sequaris;
1212 1610 1263 1664 in
1303 1608 1676 1671 ecclesiasticis
1714 1618 1842 1663 vero

248 1708 375 1779 quis
401 1707 491 1762 ille
516 1706 603 1772 sit,
631 1703 751 1760 audi
795 1703 879 1759 vel
902 1702 1020 1772 lege
1058 1699 1326 1771 Pelagium
1365 1699 1641 1755 doctorem
1671 1708 1839 1767 lumn,

253 1807 312 1855 et
359 1797 468 1854 noli
506 1810 689 1852 amare
723 1808 939 1851 sensum
977 1808 1008 1847 a
1046 1806 1207 1848 sensu
1245 1791 1375 1846 tanti
1413 1789 1569 1862 hujus
1607 1789 1844 1847 doctOris

247 1890 510 1946 alienum.
1160 1890 1167 1896 ’

317 1979 585 2037 XXXVII.
626 1978 744 2035 Jun.
787 1977 855 2034 Ft
892 1976 995 2033 hoc
1031 1982 1114 2032 est
1149 1982 1369 2057 propter
1404 1973 1548 2045 quod
1588 1973 1840 2042 maxime,

252 2071 573 2126 miserantes
602 2068 989 2125 Ecclesiarum‘
1029 2068 1234 2133 ruinas,
1254 2066 1322 2120 ad
1349 2064 1581 2120 virorum
1612 2063 1846 2134 pruden-

244 2165 321 2219 tia
345 2163 629 2219 illustrium
658 2174 1012 2232 provocamus
1040 2174 1289 2223 examen,
1321 2166 1379 2213 ut
1408 2170 1515 2212 non
1543 2156 1668 2227 quid
1697 2155 1845 2211 dica-

249 2263 362 2319 tur,
395 2253 491 2309 sed
519 2252 645 2324 quid
674 2258 1067 2322 consequenter
1087 2250 1294 2305 dicatur
1311 2255 1584 2319 appareat.
1612 2247 1669 2303 Si
1698 2252 1843 2304 enim

241 2346 345 2402 sub
372 2345 462 2400 tali
484 2326 709 2399 concilio
728 2342 1145 2412 disceptaretur;
1175 2341 1268 2395 tibi
1298 2341 1478 2411 utique
1500 2354 1606 2394 non
1633 2339 1839 2405 liceret,

244 2444 343 2491 aut
366 2434 509 2507 quod
550 2428 846 2505 'negaveras
890 2432 1110 2498 inferre,
1156 2439 1249 2486 aut
1287 2430 1432 2500 quod
1479 2428 1846 2484 affirmaveras

249 2528 517 2598 denegare
556 2544 572 2583 :
614 2526 666 2580 in
712 2525 848 2580 libro
889 2538 1017 2579 vero
1070 2532 1181 2588 tuo,
1228 2537 1388 2593 quem
1438 2522 1579 2576 nulla
1624 2520 1845 2591 pudoris

251 2634 483 2677 censura
521 2618 758 2689 castigat,
804 2627 859 2672 et
898 2616 1041 2689 quod
1089 2616 1343 2673 Catholici
1371 2615 1576 2682 dicunt,
1604 2623 1658 2669 et
1701 2612 1845 2684 quod

251 2711 555 2779 Manichmi,
570 2710 895 2766 conﬁdenter
914 2710 1244 2780 agglomeras
1259 2709 1302 2776 ’,
1325 2706 1426 2763 hac
1455 2707 1566 2762 sola
1593 2705 1843 2776 opinione

257 2810 564 2870 contentus,
591 2803 633 2856 si
660 2800 1001 2871 respondisse
1026 2800 1254 2866 dicaris;
1287 2799 1411 2870 quid
1436 2806 1614 2855 autem
1650 2797 1846 2853 habeat

246 2892 506 2966 ponderis
527 2892 700 2949 oratio
740 2902 848 2960 tua,
881 2891 1008 2964 quid
1036 2891 1375 2957 constantia},
1414 2891 1649 2962 cogitare
1677 2890 1838 2946 etiam

254 2987 496 3056 ineptum
525 2996 698 3056 putas.

320 3079 458 3136 Auc.
491 3078 664 3150 Rogo,
682 3077 767 3133 dic
780 3078 891 3149 jam
914 3077 1184 3148 quomodo
1204 3076 1603 3148 intelligendum
1626 3075 1717 3143 sit,
1740 3075 1844 3131 Per

245 3185 410 3224 unum
429 3169 682 3224 hominem
709 3178 967 3240 peccatum
987 3169 1187 3223 intrauit
1212 3169 1265 3223 in
1287 3169 1534 3224 mundum
1554 3184 1574 3225 :
1595 3168 1722 3241 quid
1748 3167 1845 3223 δάε»

250 3264 359 3319 huc
381 3264 745 3328 calumniaris,
767 3262 1102 3326 conviciaris,
1127 3262 1527 3333 tergiversaris?
1545 3261 1603 3318 Si
1632 3262 1683 3316 in
1714 3274 1844 3316 con-

250 3357 399 3424 cilia,
427 3355 578 3427 cujus
603 3355 800 3411 videris
823 3353 1131 3410 desiderare
1149 3354 1429 3425 judicium,
1461 3346 1712 3411 sederent
1741 3354 1844 3426 Cy-

255 3447 510 3518 prianus,
549 3446 814 3513 Hilarius,
843 3446 1157 3500 Ambrosius
1176 3480 1192 3511 ,
1220 3443 1507 3516 Gregorius
1526 3487 1540 3510 ,
1574 3446 1802 3500 Basilius
1825 3486 1841 3512 ,

255 3540 496 3597 Joannes
516 3528 1156 3609 Constantinopolitanus,
1190 3541 1246 3592 ut
1273 3538 1406 3591 alios
1432 3546 1665 3604 taceam;
1690 3553 1845 3592 uuln-

255 3630 390 3703 quid
416 3629 701 3695 doctiores,
731 3629 1120 3699 prudentiores,
1147 3628 1446 3683 veraciores
1467 3627 1677 3699 judices
1701 3644 1845 3699 quae-

255 3738 383 3780 rere
407 3720 665 3778 auderes?
681 3721 781 3792 lpsi
802 3729 984 3776 contra
1005 3718 1250 3791 dogmata
1274 3728 1451 3774 vestra
1470 3720 1720 3787 clamant,
1745 3719 1845 3789 ἱμςί

256 3817 472 3888 scriptis
499 3815 611 3871 suis
635 3823 807 3871 vestra
837 3813 1033 3885 scripta
1061 3812 1421 3870 condemnant
1452 3831 1465 3867 :
1497 3812 1623 3884 quid
1652 3815 1847 3884 quaeris

252 3907 524 3980 amplius?
547 3906 659 3962 Hoc
677 3906 787 3977 jam
810 3906 862 3961 in
891 3905 1066 3978 primo
1084 3914 1138 3962 et
1157 3905 1393 3961 secundo
1417 3906 1671 3960 librorum
1702 3920 1848 3960 meo.

254 4015 373 4055 rum
400 3997 531 4054 satis
549 3997 728 4065 docui,
750 4011 885 4069 quos
905 4004 1089 4052 contra
1119 4005 1239 4053 tuos
1258 4005 1485 4067 quatuor
1502 4010 1602 4066 ego
1621 4010 1712 4050 sex
1735 3994 1848 4051 edi-

252 4091 312 4149 di
331 4111 344 4147 :
363 4091 457 4148 sed
479 4106 606 4147 ecce
626 4089 803 4146 adhuc
825 4097 876 4146 te
893 4089 1078 4145 audire
1099 4098 1314 4160 paratus
1335 4104 1474 4153 sum;
1492 4088 1577 4142 dic
1590 4088 1700 4159 jam
1718 4104 1849 4158 quo-

255 4185 420 4241 modo
444 4185 514 4239 sit
527 4183 917 4254 accipiendum,
936 4181 1077 4252 quod
1097 4197 1188 4253 per
1209 4197 1367 4235 unum
1392 4179 1644 4235 hominem
1669 4195 1849 4252 pecca-

262 4287 371 4333 tum
392 4278 593 4332 intravit
617 4280 670 4332 in
693 4276 962 4332 mundum.

337 4368 624 4426 XXXVIII.
655 4368 769 4425 ιω..
802 4369 1039 4439 Denique
1082 4367 1199 4423 sine
1226 4366 1565 4439 cunctatione
1609 4365 1849 4422 tribuens

264 4479 386 4534 qua:
404 4461 639 4534 poposci,
655 4460 884 4531 quidque
902 4476 968 4517 ex
985 4460 1066 4515 liis
1082 4460 1383 4516 confectum
1400 4471 1544 4517 esset
1560 4460 1845 4530 aspiciens,

265 4554 537 4626 profiteris
552 4560 605 4608 te
621 4552 686 4608 ad
703 4553 803 4609 hoc
817 4552 954 4625 quod
968 4553 1349 4619 exstruximus,
1368 4552 1690 4608 imbecillum
1706 4566 1847 4618 esse;

263 4644 568 4716 apostolum
587 4644 807 4700 Paulum
824 4644 926 4699 illis
940 4644 1185 4699 omnibus
1201 4659 1318 4715 quae
1334 4644 1591 4708 diximus,
1609 4643 1846 4711 obviare;

264 4751 424 4808 quem
449 4744 624 4792 tamen
645 4735 851 4790 inducis
867 4735 1049 4791 eadem
1071 4752 1190 4808 quae
1219 4743 1271 4790 tu
1289 4734 1534 4799 dederas,
1551 4735 1853 4790 conceden-

265 4839 393 4884 tem.
421 4828 517 4884 Ais
541 4829 684 4885 enim
706 4870 722 4895 ,
761 4846 780 4881 ‹
818 4830 1107 4900 Apostolus
1131 4844 1305 4899 neque
1330 4829 1654 4884 voluntatem
1680 4826 1853 4900 arguit

268 4920 492 4992 parvuli,
513 4936 633 4991 qua:
648 4921 861 4991 propria
878 4921 929 4976 in
948 4921 1038 4975 illo
1057 4920 1287 4976 nondum
1308 4930 1390 4977 est
1404 4920 1470 4976 ad
1489 4921 1813 4991 peccandum
1825 4939 1846 4973 ι

268 5011 369 5080 (De
395 5010 605 5084 Nuptiis
628 5021 675 5067 et
700 5009 1139 5083 Concupiscentia,
1170 5012 1255 5069 lib.
1280 5014 1335 5080 2,
1366 5031 1419 5068 η.
1445 5014 1535 5087 45)
1564 5030 1703 5085 :quo
1727 5014 1852 5070 dato

270 5101 377 5171 jam
414 5102 712 5158 convictum
737 5111 854 5166 cst,
897 5118 997 5159 nec
1026 5118 1184 5173 posse
1222 5104 1274 5157 in
1305 5104 1394 5159 illo
1422 5103 1708 5175 quodpiam
1735 5110 1855 5160 esse

278 5202 549 5263 peccatum
573 5237 587 5261 ,
619 5195 768 5265 cujus
797 5196 941 5251 nulla
981 5196 1084 5251 alia
1131 5196 1367 5252 conditio
1411 5206 1495 5253 est
1517 5237 1533 5264 ,
1561 5197 1855 5253 secundum

233 5315 238 5319 -
276 5286 637 5342 definitionem
681 5303 893 5359 quoque
938 5297 1122 5358 tuam,
1162 5305 1321 5361 quam
1366 5289 1613 5346 voluntas
1661 5289 1856 5344 admit-

275 5376 420 5433 tendi
455 5374 600 5449 quod
632 5374 832 5449 justitia
861 5387 1044 5447 vetat,
1076 5387 1132 5436 et
1156 5379 1301 5437 unde
1327 5381 1552 5438 liberum
1580 5390 1663 5437 est
1687 5380 1857 5436 absti-

273 5481 425 5523 nete.

336 5647 355 5680 ι
387 5645 461 5695 sic
482 5651 588 5697 uss.
620 5644 759 5707 Pditi,
784 5650 1015 5698 Ecclesia

272 5679 759 5834 αϋῦιὲἕῖἓείῖιῗιῗ
779 5679 1032 5773 Et“
1046 5705 1244 5774 etquod
1281 5707 1534 5764 ιωιίιιιαιὲ
1564 5708 1861 5779 conﬁtentur,

1603 296 1805 355 Lmen
1845 282 2220 360 SECUNDUS.

3402 328 3539 385 1158

2025 417 2159 474 Auc.
2191 417 2318 476 time
2355 420 2595 480 deﬁnitio
2621 432 2822 499 peccati
2850 442 2935 491 est
2976 434 3093 507 ejus
3113 479 3128 503 ,
3154 435 3296 509 quod
3324 458 3428 497 non
3452 453 3541 499 est

1949 507 2291 577 etiampmna
2314 515 2538 582 peccati.
2566 516 2699 574 Nam
2723 522 2812 577 ubi
2839 526 2995 581 mala:
3019 507 3421 587 consuetudinis
3441 547 3539 588 vo-

1948 613 2040 694 ces
2064 614 2184 694 esse
2212 605 2535 663 contenditis
2557 609 2574 640 ί
2595 649 2610 674 ,
2641 619 2800 682 atque
2828 625 2899 669 ita
2927 632 3085 673 voces
3119 622 3284 677 vestri
3312 623 3537 694 dogma-

1948 690 2016 744 tis
2037 690 2308 749 suffocatis
2327 697 2353 729 '
2369 737 2384 761 ,
2416 697 2501 752 dic
2520 740 2536 764 ,
2566 701 2612 754 si
2632 704 2794 760 audes
2814 747 2829 774 ,
2861 711 3128 777 quomodo
3153 690 3412 772 voluntati
3440 718 3538 774 ho-

1948 783 2106 837 minis
2146 783 2374 840 llbcrum
2400 789 2470 842 sit
2496 790 2763 853 abstinere
2791 814 2820 851 a
2851 801 3026 865 malo,
3057 804 3145 858 ubi
3187 805 3373 873 audis,
3411 808 3536 864 Non

1945 874 2082 939 quod
2107 875 2241 941 volo,
2266 893 2362 947 ago
2390 894 2411 932 :
2440 893 2531 934 aut
2554 899 2682 954 nega
2705 901 2824 943 esse
2852 891 3069 959 malum,
3092 895 3181 949 ubi
3211 899 3382 963 audis,
3410 900 3535 956 Non

1944 964 2079 1034 quod
2104 965 2236 1032 volo,
2264 969 2398 1049 facio
2425 970 2605 1025 bonum
2624 991 2644 1037 ,ο
2669 977 2756 1030 sed
2778 980 2913 1049 quod
2938 983 3054 1036 nolo
3081 987 3290 1053 malum,
3318 988 3412 1043 hoc
3437 1007 3534 1062 ago

1949 1053 2123 1125 (Rom.
2152 1066 2247 1121 Vn,
2284 1059 2367 1124 15,
2400 1060 2512 1131 19).
2541 1063 2647 1119 Sed
2675 1067 2856 1138 utique
2885 1075 3244 1144 agnoscimus,
3275 1078 3375 1135 hoc
3402 1053 3532 1151 pec-

1944 1155 2121 1201 catum
2150 1162 2360 1216 poenam
2387 1165 2509 1207 esse
2536 1156 2772 1223 peccati;
2804 1168 2858 1213 et
2885 1160 3005 1215 ideo
3030 1163 3439 1226 discernendum
3466 1171 3534 1226 ab

1945 1236 2033 1292 illa
2057 1237 2367 1298 deﬁnitione
2392 1245 2627 1312 peccati,
2658 1247 2746 1302 ubi
2767 1250 3014 1308 voluntas
3040 1254 3139 1310 hoc
3166 1261 3446 1315 committit
3470 1262 3492 1294 ³
3514 1302 3530 1329 ,

1944 1326 2087 1384 unde
2115 1329 2353 1385 liberum-
2368 1338 2452 1387 est
2473 1334 2762 1392 abstinere.
2783 1339 3022 1413 Intelligo
3045 1346 3186 1415 quod
3213 1347 3352 1414 dico;
3372 1359 3429 1404 et
3447 1326 3534 1407 die

1940 1418 2050 1488 jam
2068 1436 2271 1491 quaiso,
2290 1425 2558 1494 quomodo
2582 1427 2652 1481 sit
2666 1431 3053 1501 accipiendum,
3075 1435 3179 1491 Per
3196 1455 3351 1493 unum
3371 1439 3536 1496 homi-

1944 1525 2060 1563 nem
2086 1522 2345 1580 peccatum
2364 1514 2570 1570 intravit
2590 1517 2641 1571 in
2664 1521 2926 1577 mundum.

2016 1599 2261 1656 XXXIX.
2293 1601 2411 1659 Jun.
2445 1604 2588 1677 Ergo
2626 1608 2671 1663 si
2700 1610 2987 1680 Apostolus
3014 1631 3119 1669 non
3158 1620 3332 1690 arguit
3359 1620 3411 1676 in
3443 1622 3535 1680 illo

1947 1691 2214 1761 propriam
2242 1694 2589 1763 voluntatem,
2606 1714 2764 1769 quam
2796 1702 3039 1775 intelligit
3067 1722 3165 1763 nec
3188 1724 3305 1765 esse
3332 1715 3536 1783 potuis-

1946 1795 2038 1847 se;
2068 1786 2372 1852 pronuntiat
2400 1787 2600 1859 utique,
2632 1806 2732 1846 nec
2757 1793 2966 1863 signum
2998 1796 3048 1849 in
3077 1812 3144 1852 eo
3171 1800 3412 1857 criminis
3435 1818 3534 1873 ap-

1947 1884 2157 1940 parere,
2187 1888 2249 1928 ea
2272 1876 2517 1932 maxime
2529 1877 2802 1948 judicante
2821 1883 3046 1952 justltia,
3074 1902 3191 1958 quae
3217 1905 3323 1944 non
3352 1890 3533 1963 impu-

1949 1970 2025 2017 tat
2048 1973 2346 2033 peccatum,
2366 1967 2465 2022 nisi
2485 1983 2516 2022 a
2536 1984 2641 2038 quo
2664 1970 2885 2027 liberum
2911 1983 2993 2028 est
3017 1977 3304 2036 abstinere.
3338 1981 3534 2039 Verum

1947 2067 2055 2108 non
2100 2054 2202 2110 hoc
2243 2057 2417 2113 solum
2444 2058 2694 2116 tribuisse
2721 2072 3005 2121 contentus
3026 2107 3042 2133 ,
3072 2068 3259 2135 addis,
3295 2089 3314 2123 ι
3352 2071 3535 2143 Neque

1949 2145 2160 2213 nuptias
2178 2148 2350 2221 arguit
2365 2150 2670 2219 Apostolus,
2693 2150 2744 2206 in
2762 2164 3012 2223 quantum
3036 2162 3231 2228 nuptiae
3251 2168 3395 2229 sunt,
3413 2178 3535 2234 quae

1949 2234 2144 2292 habent
2174 2250 2204 2290 a
2236 2237 2348 2293 Deo
2375 2253 2481 2294 non
2508 2240 2677 2295 solum
2707 2242 3090 2301 institutionem
3113 2289 3128 2314 ,
3158 2264 3344 2304 verum
3369 2252 3535 2307 etiam

1948 2327 2374 2385 benedictionem
2412 2349 2432 2384 ι
2468 2330 2568 2407 (De
2598 2331 2806 2405 Nuptiis
2834 2345 2880 2389 et
2905 2335 3337 2408 Concupiscentia,
3359 2341 3445 2396 tib.
3475 2342 3533 2411 2,

1948 2434 2004 2472 κ.
2032 2417 2145 2492 45).
2171 2418 2322 2488 Quod
2352 2436 2448 2492 per
2471 2437 2529 2477 se
2547 2423 2729 2478 solum
2755 2439 2908 2495 atque
2936 2438 3116 2497 pesset
3136 2428 3202 2483 ad
3223 2443 3535 2502 expugnan-

1947 2509 2074 2566 dum
2098 2521 2372 2581 peccatum
2398 2515 2642 2571 naturale
2666 2514 2916 2572 sulficcre
2939 2534 2952 2570 :
2975 2519 3097 2590 quia
3119 2520 3162 2573 si
3189 2521 3289 2575 scit
3307 2521 3539 2593 Aposto-

1948 2604 2154 2673 lus,ut
2178 2607 2312 2673 scit,
2342 2622 2450 2662 non
2475 2621 2595 2664 esse
2624 2609 2834 2679 nuptias
2856 2611 3185 2680 arguendas,
3216 2613 3283 2668 ad
3310 2629 3535 2685 quarum

1949 2697 2378 2753 conciliationem
2404 2705 2460 2753 et
2483 2699 2836 2756 ministerium
2862 2709 2917 2756 et
2937 2703 3348 2760 instrumentum
3377 2708 3539 2776 perti-

1950 2789 2083 2845 net‘
2112 2805 2142 2845 a
2175 2791 2287 2846 Deo
2327 2792 2565 2848 instituta
2590 2802 2643 2849 et
2667 2794 2945 2852 benedicta
2969 2811 3194 2853 sexuum
3234 2814 3354 2854 cum
3384 2802 3537 2856 volu-

1949 2888 2096 2952 ptate
2133 2883 2476 2951 commixtio;
2506 2899 2610 2940 non
2647 2895 2822 2957 potest
2846 2887 2915 2943 de
2941 2887 3023 2944 his
3048 2888 3310 2945 diabolica
3340 2893 3539 2962 germi-

1950 2989 2080 3028 nare
2107 2975 2375 3043 possessio
2391 2975 2433 3042 ⁵,
2453 2991 2554 3032 nec
2568 2979 2769 3033 fructus
2793 2993 2977 3034 earum
2999 2994 3122 3035 reus
3143 2988 3246 3045 est,
3263 2981 3403 3052 apud
3418 2997 3535 3038 eam

1946 3067 2182 3122 maxime
2217 3067 2474 3138 justitiam
2496 3109 2512 3136 ,
2542 3084 2661 3140 quae
2702 3079 2981 3138 peccatum
3010 3087 3115 3128 non
3143 3073 3406 3144 imputat,
3435 3075 3540 3132 nisi

1947 3156 2096 3213 unde
2119 3156 2345 3213 liberum
2369 3168 2453 3214 est
2473 3159 2764 3216 abstinere.

2017 3248 2152 3305 Anc;
2182 3247 2340 3317 Noli,
2385 3245 2609 3305 obsecro
2630 3292 2645 3316 ,
2674 3265 2794 3306 cum
2829 3251 2919 3307 tali
2960 3253 3233 3324 voluptate
3274 3256 3540 3314 cemmix-

1947 3339 2150 3396 tionem
2166 3340 2450 3411 conjugum
2480 3340 2534 3395 in
2562 3342 2808 3411 paradiso
2828 3344 3088 3414 suspicari
3105 3343 3147 3409 ⁸,
3169 3346 3384 3417 qualem
3402 3361 3542 3408 nunc

1949 3429 2077 3485 facit
2103 3430 2267 3486 libido
2286 3472 2302 3499 ,
2331 3445 2449 3501 qua:
2474 3445 2582 3486 non
2623 3431 2690 3487 ad
2721 3442 2907 3487 nutum
2935 3434 3223 3491 voluntatis
3264 3439 3499 3510 exsurgit
3522 3480 3540 3506 ,

1948 3538 2068 3594 quae
2093 3532 2302 3578 mentes
2324 3524 2484 3579 etiam
2510 3534 2837 3593 sanctorum,
2859 3526 3156 3583 cohibenda
3182 3530 3420 3600 quidem,
3443 3531 3542 3588 sed

1948 3622 2127 3672 tamen
2151 3615 2453 3687 importuna
2473 3617 2743 3672 sollicitat.
2769 3618 2920 3673 Absit
2941 3626 3046 3673 uta
3072 3619 3317 3675 fidelibus
3338 3631 3391 3677 et
3415 3639 3541 3692 pru-

1948 3705 2199 3763 dentibus
2216 3707 2336 3763 talis
2350 3706 2594 3777 voluptas
2611 3707 2862 3779 paradisi,
2883 3710 3000 3765 talis
3021 3710 3108 3765 illa
3128 3726 3229 3782 pax
3246 3721 3301 3769 et
3319 3711 3542 3772 felicitas

1950 3800 2234 3870 cogitetur.
2850 3817 2855 3823 ·

2020 3889 2133 3945 XL.
2164 3888 2285 3945 Jun.
2314 3887 2733 3947 Consideremus
2759 3898 2813 3946 et
2839 3891 3074 3958 tertium,
3103 3909 3210 3965 quo
3237 3895 3542 3967 benignitas

1951 3988 2041 4036 tua
2064 3981 2114 4035 in
2135 3980 2506 4051 acquiescendi
2529 3981 2783 4039 facilitate
2803 3992 3071 4039 cernatur.
3101 4002 3121 4037 ι
3145 3984 3327 4057 Neque
3346 4002 3542 4057 paren-

1952 4081 2053 4137 tes,
2074 4073 2126 4127 in
2152 4082 2405 4144 quantum
2438 4083 2683 4143 parentes
2706 4085 2833 4131 sunt
2859 4074 3088 4131 invicem
3117 4077 3260 4134 licite
3284 4088 3443 4151 atque
3466 4081 3542 4136 le-

1952 4165 2135 4236 gitime
2160 4166 2223 4220 ad
2252 4166 2613 4235 procreandos
2643 4167 2778 4223 filios
2802 4169 3069 4240 conjugati
3090 4208 3107 4238 ,
3138 4172 3421 4241 Apostolus
3447 4186 3539 4229 ar—

1951 4258 2063 4328 guit
2086 4275 2106 4309 »
2132 4255 2337 4330 (Ibid).
2357 4257 2614 4327 Expende
2633 4258 2761 4329 quid
2780 4259 2999 4329 dixeris,
3020 4276 3125 4316 non
3146 4263 3295 4333 argui
3315 4263 3384 4318 ab
3400 4266 3544 4334 Apo-

1950 4347 2093 4403 stolo
2121 4358 2368 4418 parentes
2387 4391 2401 4415 ,
2430 4349 2483 4404 in
2511 4358 2765 4420 quantum
2803 4361 3054 4421 parentes
3081 4363 3224 4409 sunt.
3265 4353 3391 4410 ldco
3415 4371 3544 4429 ergo

1952 4448 2068 4504 eos,
2089 4439 2141 4493 in
2165 4449 2419 4513 quantum
2448 4450 2693 4508 parentes
2717 4451 2863 4506 sunt,
2882 4458 2990 4498 non
3018 4457 3182 4514 posse
3197 4444 3411 4501 diabolo
3436 4446 3545 4502 fru-

1953 4527 2208 4595 etiticare,
2228 4542 2328 4584 nec
2349 4529 2513 4584 dehis
2533 4531 2752 4602 aliquid,
2773 4532 2824 4586 in
2847 4542 3105 4603 quantum
3126 4542 3374 4604 parentes
3393 4545 3542 4604 sunt,

1954 4618 2020 4673 ad
2047 4617 2316 4673 diabolum
2347 4623 2610 4690 pertinere
2632 4623 2943 4691 pronuntiat
2974 4640 2989 4677 :
3024 4622 3116 4679 filii
3145 4635 3325 4680 autem
3355 4626 3407 4684 in
3430 4637 3546 4683 tan-

1956 4718 2066 4765 tum
2091 4710 2357 4779 pertinent
2378 4711 2444 4765 ad
2471 4722 2738 4782 parentes,
2761 4713 2813 4767 in
2841 4723 3094 4785 quantum
3126 4725 3372 4785 parentes
3399 4728 3543 4782 sunt;

1953 4804 2116 4873 igitur
2138 4816 2238 4857 nec
2267 4803 2367 4867 rei,
2388 4793 2496 4860 nec
2521 4803 2626 4860 sub
2664 4820 2829 4876 regno
2854 4806 3073 4872 diaboli,
3102 4823 3203 4864 nec
3228 4811 3482 4880 arguendi
3513 4828 3544 4868 a

1956 4896 2166 4953 diabolo
2187 4897 2621 4968 comprobantur.
2641 4897 2711 4956 Ut
2730 4899 2873 4956 enim
2897 4899 2999 4957 hoc
3018 4903 3162 4973 quod
3185 4902 3437 4972 diximus,
3461 4922 3548 4961 re-

2021 5101 2040 5134 ι
2073 5106 2230 5163 Forte,
2254 5099 2531 5163 comedim.

2024 5161 2706 5239 ξᾉμοςςῇλῃρψ..ρνίῑηνῐπςετ
2730 5166 2840 5228 511,
2863 5167 2975 5239 ξιξ,
3002 5168 3123 5234 legit
3146 5185 3159 5222 :
3180 5177 3320 5237 atque
3350 5173 3420 5225 ita
3445 5176 3555 5239 fan-

1959 5236 2047 5297 ces_
2059 5224 2203 5297 vestri
2225 5225 2463 5297 dogmatis
2486 5224 2744 5297 magna.
2786 5290 2797 5297 _
2828 5224 2930 5297 'AM.
2962 5224 2985 5253 ’-

2026 5286 2209 5359 f_ttss.,
2247 5285 2360 5359 .haac
2396 5285 2660 5338 conuuittit.
2692 5295 2746 5340 Et
2783 5288 2932 5359 intra,
2973 5292 3184 5359 Intellige
3224 5296 3490 5359 qua:_dico._

2023 5345 2046 5379 ι
2069 5345 2397 5413 \‘iguerius,_a
2426 5361 2634 5413 quorum
2664 5345 2990 5403 conciliatione
3029 5359 3074 5403 et
3116 5345 3553 5408 ἧτὶηἰὲιένίὀὲίίη-

1960 5413 2221 5482 strumento
2239 5408 2460 5482 pertinet}
2488 5412 2657 5482 verius
2677 5418 2806 5482 uss,
2833 5414 2899 5463 ad
2923 5426 3129 5482 quaram
3150 5416 3548 5479 cmtcitiatioiwm,

1961 5476 2008 5521 et
2026 5476 2340 5535 nurttsterium
2362 5477 2408 5535 rt
2428 5476 2794 5535 (immundum
2825 5476 3044 5535 pertinet.

1997 5533 2150 5644 “tusis
2192 5537 2301 5583 Mss.
2334 5533 2475 5593 Editi,
2498 5532 2559 5585 de
2585 5533 2662 5586 Itis
2683 5532 2970 5588 di..bolicazit
3003 5537 3275 5605 germinare
3307 5541 3558 5603 possessio

2029 5654 2163 5725 ’,δίᾳ
2177 5668 2350 5727 omnes
2376 5663 2480 5706 Mss.
2520 5656 2641 5727 {aliti
2671 5663 2836 5727 autem
2857 5657 3038 5727 ferunt,
3074 5672 3184 5710 cum
3205 5662 3292 5710 tati
3321 5661 3558 5726 voluptate

2288 5715 2340 5769 in
2383 5714 2613 5783 paradiw
2650 5716 2891 5784 suspicati
2906 5733 2929 5785 λ
2963 5714 3034 5774 α’
3057 5731 3388 5788 praetereunt,
3429 5714 3557 5776 'cont-

2093 5793 2110 5827 1

1971 5789 2263 5830 mixtionem.
