4062 6494
307 308 438 367 gtst

296 409 385 456 est
407 405 481 461 ;a
512 391 621 447 Deo
651 398 938 460 postremo,
977 392 1033 441 ut
1051 382 1322 441 eontiteris
1341 422 1357 449 ,
1389 379 1742 446 benedicitur,
1772 389 1825 433 ct
1856 392 1886 431 a

300 500 357 545 te
390 485 563 540 frutex
588 483 887 539 diabolicus
916 486 1217 534 accusatur.
1678 528 1685 533 ,

376 576 514 632 Anc.
543 573 765 643 Nuptias
794 570 1064 626 benedixit
1092 570 1251 633 Deus,
1280 581 1385 620 non
1416 564 1751 621 resistentem
1780 559 1889 629 spi-

303 666 432 722 ritui
460 663 944 733 concupiscentiam
985 660 1183 725 carnis,
1215 673 1332 728 qua:
1362 672 1467 711 non
1500 656 1596 709 fuit
1622 662 1745 707 ante
1769 666 1889 721 pec-

304 768 485 815 catum
512 776 526 814 :
555 766 831 828 peccatum
861 762 1037 807 autem
1059 794 1074 819 ,
1116 752 1254 805 sicut
1298 763 1397 803 nec
1441 747 1583 801 illam
1633 742 1890 812 concupi-

304 849 568 904 scentiam
594 861 715 917 quae
755 845 955 901 resistit
998 842 1235 913 spiritui,
1264 856 1367 894 non
1413 836 1685 893 benedixit
1728 835 1886 889 Deus.

303 940 517 1011 Nuptiae
538 953 722 1010 porro,
745 952 880 1008 quas
900 934 1190 998 benedixit,
1214 933 1258 987 si
1283 939 1555 1001 peccatum
1579 943 1682 980 non
1710 924 1894 979 fuisset

303 1034 602 1092 admissum
625 1071 639 1100 ,
671 1046 780 1101 quo
809 1037 997 1084 natura
1027 1028 1208 1081 vitiata
1248 1031 1361 1085 est,
1393 1030 1484 1075 aut.
1509 1020 1587 1074 sie
1617 1025 1895 1074 uterentur

305 1125 629 1199 genitalibus
673 1118 967 1188 membris,
1016 1115 1462 1189 quemadmodum
1510 1113 1627 1167 aliis
1672 1111 1894 1176 utimur,

309 1219 434 1274 sine
459 1216 564 1269 ulla
588 1213 811 1270 libidine
831 1209 1202 1266 obedientibus
1222 1202 1480 1260 voluntati
1500 1220 1515 1269 ;
1540 1212 1633 1257 aut
1653 1201 1898 1272 pudenda

310 1307 392 1363 ibi
420 1308 437 1338 ¹
472 1304 635 1360 libido
660 1319 767 1357 non
797 1308 975 1367 esset,
1014 1298 1266 1370 quoniam
1305 1310 1575 1365 nunquam
1620 1293 1900 1348 resisteret

317 1397 578 1454 voluntati
596 1438 611 1461 ,
641 1395 813 1467 qualis
840 1407 979 1448 nunc
1007 1391 1186 1461 utique
1214 1404 1320 1445 non
1350 1396 1469 1444 est:
1499 1386 1640 1457 quod
1666 1388 1902 1457 profecto

311 1489 478 1543 etiam
510 1497 563 1541 tu
588 1488 758 1541 sentis
777 1524 795 1550 ,
833 1482 1047 1554 quando
1087 1481 1156 1553 ab
1184 1495 1246 1535 ea
1272 1479 1591 1535 sollicitante
1612 1486 1771 1547 atque
1796 1476 1901 1531 illi-

311 1578 493 1632 ciente
515 1575 789 1631 dissentis.
812 1573 1022 1642 Nuptiae
1045 1580 1243 1637 tamen,
1266 1570 1426 1625 etiam
1448 1582 1590 1622 nune
1610 1566 1902 1622 laudabiles

309 1680 477 1728 sunt:
501 1670 624 1741 quia
652 1684 824 1739 neque
847 1667 1131 1721 instituunt
1157 1664 1258 1718 hoe
1281 1662 1475 1717 malum
1499 1662 1550 1716 in
1575 1660 1898 1727 hominibus,

306 1762 412 1818 sed
451 1761 759 1826 inveniunt;
800 1768 855 1814 et
883 1773 951 1813 eo
994 1756 1138 1811 malo
1181 1755 1314 1809 bene
1357 1761 1579 1808 utuntur
1608 1752 1904 1808 intentione

308 1852 644 1923 generandi,
695 1850 937 1921 quamvis
984 1847 1197 1901 trahant
1241 1845 1366 1901 inde
1414 1844 1505 1915 qui
1546 1851 1900 1915 generantur,

310 1945 578 2016 originale
642 1952 917 2014 peccatum
942 1982 956 2006 ,
1017 1948 1234 2011 prepter
1292 1937 1437 2010 quod
1494 1946 1620 1993 sunt
1675 1952 1903 2008 regene-

314 2036 496 2093 randL

389 2124 571 2182 XLVI.
608 2124 728 2181 lue.
769 2123 938 2192 Quam
966 2136 1176 2176 mecum
1208 2119 1340 2175 nihil
1369 2118 1574 2189 egeris,
1606 2119 1903 2173 litterarum

314 2218 560 2272 omnium
594 2225 819 2271 testatur
840 2212 1068 2267 eruditio
1093 2230 1106 2266 :
1134 2226 1291 2281 quam
1317 2225 1444 2265 vero
1468 2220 1653 2264 contra
1676 2211 1907 2278 Aposto-

312 2308 428 2363 lum
460 2308 681 2371 nitaris,
715 2317 767 2361 et
795 2314 979 2361 contra
1012 2303 1180 2358 Deum
1224 2302 1490 2367 insanias,
1520 2300 1903 2356 sententiarum

313 2408 529 2453 tuarum
563 2413 732 2468 pugna
763 2394 1098 2451 demonstrat
1122 2396 1164 2446 '.
1208 2393 1311 2448 Sed
1342 2400 1561 2447 ostenso
1586 2392 1695 2460 jam
1722 2391 1766 2457 ³,
1800 2406 1906 2445 non

317 2502 482 2558 posse
508 2489 621 2543 ha'e
646 2486 915 2557 conjungi,
949 2499 1069 2554 qua!
1094 2499 1273 2539 rerum
1300 2492 1484 2537 natura
1511 2481 1794 2547 dissociat;
1828 2481 1910 2535 in-

323 2589 655 2650 terrogemus
700 2588 754 2634 et
783 2578 1128 2647 Apostolum,
1181 2591 1251 2631 ne
1293 2575 1439 2630 illius
1476 2584 1693 2645 putetur
1733 2574 1909 2629 inesse

320 2671 602 2737 sensibus,
650 2685 767 2740 qua:
811 2670 863 2724 in
919 2668 1023 2723 tuis
1060 2668 1145 2723 eSt
1181 2666 1460 2722 sententiis
1507 2665 1728 2735 probata
1782 2663 1907 2719 bar-

320 2764 525 2820 baries.

392 2857 529 2913 Anc.
562 2855 656 2910 Dic
680 2854 789 2926 jam
817 2867 960 2910 nunc
984 2852 1197 2918 saltem,
1230 2850 1373 2922 quod
1400 2850 1563 2906 tantis
1584 2848 1911 2906 anfractibus

317 2947 631 3004 dill'erebas.
710 2994 727 3016 ι

395 3039 604 3094 XLVII.
632 3037 751 3094 Jun.
784 3036 957 3094 Audio
993 3038 1171 3108 itaque
1200 3036 1422 3093 Paulum
1446 3032 1908 3105 pronuntiantem,

316 3131 477 3201 quia,
517 3128 624 3184 Per
661 3146 821 3183 unum
849 3128 1102 3183 hominem
1142 3135 1404 3199 peccatum
1442 3123 1645 3179 intravit
1681 3122 1735 3175 in
1765 3137 1914 3175 mun-

318 3222 482 3289 dum,
523 3230 571 3276 et
612 3237 702 3291 per
741 3230 1000 3292 peccatum
1027 3235 1196 3284 mors;
1222 3227 1269 3272 et
1293 3218 1367 3271 ita
1391 3218 1446 3271 in
1485 3229 1658 3269 omnes
1687 3211 1914 3268 homines

323 3314 649 3383 pertransiit,
684 3314 738 3367 in
779 3328 880 3381 quo
915 3328 1088 3366 omnes
1124 3318 1452 3382 peccaverunt
1496 3306 1670 3379 (Rom.
1703 3322 1756 3372 v,
1796 3303 1911 3375 ιε).

324 3404 483 3472 Quod
506 3412 584 3470 tu,
612 3419 719 3458 non
744 3414 961 3474 propter
986 3401 1286 3471 exemplum
1319 3400 1543 3469 peccati,
1573 3396 1671 3453 sed
1697 3403 1915 3467 propter

328 3495 727 3566 generationem
767 3494 965 3548 dictum
995 3508 1116 3548 esse
1141 3492 1427 3548 conﬁrmas
1459 3506 1472 3543 :
1505 3503 1711 3558 nosque
1740 3487 1915 3540 hmre-

334 3588 470 3641 ticos
498 3599 675 3652 vocas,
705 3586 791 3655 qui
821 3585 872 3639 id
906 3584 972 3639 ad
1004 3584 1245 3653 exempla
1268 3581 1607 3644 referamus;
1641 3580 1837 3648 illoque
1865 3588 1915 3633 te

327 3675 508 3746 juvari
536 3675 769 3728 :cstimas
812 3685 1128 3745 argumento
1160 3691 1174 3728 :
1218 3692 1237 3724 s
1267 3672 1512 3727 Profecto
1552 3671 1596 3724 si
1630 3669 1917 3739 Apostolus

330 3764 683 3820 imitationem
706 3804 719 3828 ,
752 3782 771 3817 ι
816 3762 1020 3833 inquis,
1058 3781 1076 3814 ι
1107 3762 1329 3832 intelligi
1369 3761 1657 3821 voluisset.
1695 3774 1799 3813 non
1827 3774 1918 3829 per

328 3873 489 3910 unum
519 3856 790 3923 hominem,
822 3855 917 3911 sed
942 3870 1034 3924 per
1059 3854 1329 3909 diabolum
1360 3861 1636 3922 peccatum
1661 3845 1910 3918 intrasse,

325 3960 383 4005 ct
409 3966 507 4019 per
534 3965 721 4004 omnes
749 3949 995 4003 homines
1036 3948 1390 4018 pertransisse
1426 3946 1668 4000 dixisset.
1702 3945 1780 4000 De
1806 3943 1921 3999 dia-

327 4041 454 4096 bolo
493 4041 691 4111 quippe
717 4040 974 4108 scriptum
1003 4048 1120 4105 est,
1151 4036 1428 4092 Imitantur
1468 4045 1633 4091 mitem
1660 4052 1806 4111 eum,
1833 4034 1921 4106 qui

329 4142 447 4187 sunt
570 4099 712 4202 parte
740 4099 906 4201 ipsius
940 4099 1160 4202 (sapfn
1180 4172 1197 4198 ,
1223 4129 1339 4201 25).
1368 4128 1473 4184 Sed
1505 4127 1626 4182 ideo
1651 4099 1921 4218 panum

333 4223 588 4276 hominem
611 4222 774 4285 dixit,
808 4236 838 4275 a
864 4236 973 4290 quo
1000 4220 1273 4292 generatio
1295 4221 1479 4289 utique
1507 4218 1779 4274 hominum
1812 4232 1922 4274 etn-

337 4312 437 4381 pit,
465 4320 523 4366 ttt
548 4327 644 4381 per
666 4313 1062 4382 generationem
1088 4311 1307 4366 doceret
1336 4312 1462 4367 iisse
1486 4326 1579 4381 per
1602 4324 1789 4365 omnes
1816 4308 1925 4364 ori-

337 4404 513 4473 ginale
537 4414 804 4473 peceatum
829 4423 849 4457 ι
873 4403 974 4475 (De
988 4402 1201 4476 Nuptiis
1216 4414 1261 4458 et
1277 4403 1527 4475 Concup.,
1545 4404 1631 4457 lib.
1653 4403 1708 4466 2,
1732 4420 1785 4456 n.
1805 4403 1922 4472 45).

338 4494 411 4547 At
439 4508 538 4563 ego
565 4493 717 4548 video
746 4496 1055 4564 Apostolum
1098 4494 1229 4549 nihil
1255 4493 1396 4565 quod
1426 4494 1493 4549 ad
1522 4492 1919 4548 infamationem

335 4585 699 4654 generationis
727 4594 994 4658 spectaret
1034 4586 1316 4652 humana},
1363 4583 1492 4639 nihil
1536 4585 1675 4655 quod
1701 4584 1768 4639 ad
1797 4599 1928 4639 con-

335 4675 739 4730 demnationem
789 4676 1104 4732 innocentia:
1152 4676 1437 4744 naturalis,
1491 4675 1623 4731 nihil
1670 4674 1812 4748 quod
1857 4676 1925 4732 ad

333 4769 539 4823 crimen
567 4766 735 4822 divini
762 4769 961 4839 operis,
991 4770 1298 4839 protulisse.

406 4863 543 4917 Anc.
579 4861 676 4916 Diu
704 4861 837 4917 dicis
863 4861 1040 4927 Nihil,
1079 4874 1134 4917 et
1158 4878 1278 4917 eum
1309 4862 1411 4918 hoc
1434 4862 1654 4917 verbum
1682 4872 1927 4934 repetere

334 4954 608 5011 destiteris
629 4997 644 5019 ,
675 4956 917 5011 dicturus
944 4971 1005 5012 es
1030 4957 1183 5011 nihil.
1213 4956 1342 5023 Quis
1367 4956 1509 5011 enim
1539 4971 1644 5010 non
1678 4966 1729 5011 te
1756 4954 1927 5010 rideat

341 5046 666 5115 persuadere
691 5054 997 5117 cenantem,
1027 5061 1131 5100 non
1159 5048 1425 5117 pertinere
1446 5045 1510 5100 ad
1532 5046 1925 5118 generationem

342 5138 484 5207 quod
516 5140 587 5192 ait
615 5139 927 5209 Apostolus,
960 5138 1063 5194 Per
1084 5155 1241 5194 unum
1268 5139 1521 5194 hominem
1551 5148 1812 5210 peccatum
1841 5139 1927 5192 in-

345 5230 493 5283 travit
518 5230 569 5283 in
594 5230 867 5297 mundum;
893 5246 1014 5286 cum
1037 5232 1150 5301 ipse
1176 5230 1336 5286 homo
1357 5244 1464 5284 non
1491 5228 1561 5284 sit
1588 5229 1797 5299 genitus
1814 5226 1835 5259 ⁸
1859 5228 1928 5283 ab

340 5320 553 5390 aliquo,
596 5321 663 5377 de
715 5337 819 5393 quo
871 5322 1053 5378 caeteri
1111 5322 1481 5393 gignerentur;
1528 5319 1622 5376 sed
1662 5320 1928 5391 pertinere

401 5494 419 5525 ¹
455 5493 752 5555 Particulam,
774 5493 862 5553 ibi,
887 5494 1155 5545 addidimus
1182 5508 1245 5544 ex
1272 5503 1379 5545 Mss.

398 5556 421 5587 ¹
453 5555 704 5608 Menardus
726 5553 779 5608 et
806 5558 966 5608 codex
998 5564 1143 5619 Fore,
1169 5556 1377 5618 dejurat.
1402 5553 1546 5616 clam,
1572 5553 1776 5619 deferat.
1794 5560 1925 5616 man,

614 5678 697 5711 nd
719 5678 966 5711 ηοιάηιθηνκ
988 5692 1081 5711 nm
1104 5692 1241 5711 mea
1281 5686 1369 5711 una
1452 5679 1533 5711 ερΛ
1556 5684 1739 5711 ndch
1773 5689 1871 5711 eam

449 5679 588 5752 sciti,
611 5678 701 5752 sed
719 5678 1084 5752 ostendamnon
1104 5692 1258 5752 posse.
1281 5686 1409 5737 uss,
1447 5679 1739 5752 sectostenso
1762 5689 1888 5743 jam.

395 5743 419 5773 δ
448 5741 521 5791 sic
539 5748 632 5791 uss
672 5741 813 5803 Editi,
834 5754 947 5792 cum
963 5740 1064 5804 ipse
1080 5740 1140 5792 sit
1154 5740 1295 5791 homo
1315 5753 1405 5791 non
1428 5740 1629 5804 genitus.

612 5824 820 5886 Sacr
879 5826 1157 5886 Auens'r.
1189 5825 1275 5892 Χ.

1612 258 1815 314 LIBER
1854 258 2227 319 SECUNDUS.

3442 269 3579 325 “69

2002 377 2176 432 dicitis
2205 377 2271 431 ad
2301 380 2599 447 exemplum
2621 420 2637 444 ,
2678 394 2798 434 cum
2824 380 3126 451 exemplum
3157 383 3393 451 peccati,
3437 384 3578 455 quod

2003 470 2322 538 posteriores
2370 471 2722 539 imitarentur,
2773 486 2881 527 non
2929 472 3139 527 intrarit
3184 472 3237 526 itt
3286 473 3577 535 mundum,

2002 564 2100 616 nisi
2147 577 2245 631 per
2287 579 2405 617 cum
2453 564 2541 635 qui
2588 565 2790 619 nullum
2838 566 3094 620 imitando
3143 564 3420 635 peccavit?
3462 565 3584 620 Pri-

2001 670 2121 709 mus
2170 671 2395 725 namque
2459 658 2714 727 peccavit.
2767 659 2919 715 Hunc
2970 667 3146 714 autem
3203 675 3309 713 non
3369 658 3618 723 Adam,-

2002 746 2094 800 sed
2122 745 2388 801 diabolum
2434 763 2583 811 esse,
2625 750 2745 817 quis
2788 749 3109 804 christianus
3152 751 3391 821 ignorat?
3438 749 3579 817 Quid

2002 847 2084 890 est
2119 853 2247 904 ergo
2284 837 2425 908 quod
2466 846 2517 894 te
2547 838 2709 908 libet,
2752 840 2854 895 nisi
2881 851 2936 895 et
2975 857 3080 895 non
3113 850 3324 910 tacere,
3368 852 3423 896 et
3452 842 3583 897 nihil

2001 929 2221 984 dicere?

2075 1019 2303 1074 XLVIII.
2332 1020 2449 1075 ἔοι..
2483 1021 2720 1094 Denique
2746 1023 2797 1077 id
2825 1022 2966 1093 quod
2992 1024 3104 1093 ipsa
3125 1025 3285 1079 verba
3312 1041 3417 1079 non
3445 1024 3581 1079 iudi-

2003 1121 2285 1178 caverant,
2317 1121 2371 1167 ιιι
2397 1113 2649 1182 colligere
2681 1116 3138 1183 argumentatione
3164 1127 3386 1171 conatus
3408 1157 3423 1182 ,
3456 1117 3584 1171 sub-

2003 1203 2107 1268 dis,
2135 1204 2257 1275 quia
2282 1203 2328 1258 si
2369 1203 2436 1259 de
2462 1204 2755 1258 imitatione
2784 1204 3109 1275 loqueretur,
3140 1206 3408 1261 diabolum
3435 1222 3588 1261 com-

2007 1311 2305 1349 memorare
2325 1295 2609 1360 debuerat;
2632 1295 2725 1350 sed
2746 1296 2867 1366 quia
2889 1296 2955 1352 de
2972 1299 3315 1366 generatione
3332 1299 3589 1353 voluisset

2007 1384 2248 1455 intelligi,
2282 1386 2551 1441 hominem
2574 1386 2755 1442 dicere
2782 1388 3053 1451 maluisse,
3077 1404 3233 1459 quam
3264 1389 3587 1444 daemonem.

2006 1475 2282 1548 Interrogo
2307 1493 2455 1548 ergo,
2489 1494 2608 1549 qua:
2639 1478 2795 1534 t'uerit
2825 1478 2917 1533 tibi
2945 1478 3102 1548 hujus
3140 1479 3408 1551 Opinionis
3431 1494 3591 1535 oeca-

2007 1569 2088 1622 sio
2114 1586 2127 1622 :
2155 1570 2278 1638 quid
2306 1571 2490 1626 enim?
2517 1585 2678 1641 negas
2717 1581 2771 1625 ttt
2797 1570 3071 1626 hominum
3100 1573 3395 1628 imitatione
3419 1573 3594 1628 delin-

2006 1658 2138 1728 qui?
2168 1659 2235 1713 Et
2263 1660 2383 1715 licet
2420 1675 2508 1716 res
2550 1662 2788 1717 absoluta
2834 1661 3226 1731 Scripturarum
3255 1663 3595 1718 attestatione

2010 1763 2117 1803 non
2141 1759 2315 1820 egeat,
2340 1759 2515 1806 tamen
2540 1750 2662 1805 audi
2689 1751 2855 1807 David
2880 1769 2893 1805 :
2926 1751 3054 1806 Noli
3075 1752 3307 1807 mmulari
3329 1753 3456 1807 inter
3479 1770 3597 1807 ma-

2009 1842 2294 1913 lignantes,
2334 1860 2494 1912 neque
2538 1845 2734 1898 zelatus
2774 1844 2934 1915 fueris
2978 1846 3217 1916 facientes
3244 1845 3596 1916 iniquitatem;

2009 1949 2073 1987 ne
2114 1934 2385 1989 wmulatus
2429 1936 2595 2005 fueris
2635 1952 2751 1988 eum
2795 1938 2884 2006 qui
2921 1946 3247 2007 prosperatur
3286 1938 3339 1990 in
3380 1937 3461 1990 via
3499 1954 3596 1991 sua

2009 2024 2180 2097 (Psal.
2211 2041 2397 2093 xxxw,
2427 2027 2477 2092 Ι,
2514 2027 2589 2098 7).
2634 2027 2837 2083 Deinde
2862 2043 3050 2083 omnes
3076 2029 3353 2098 scriptum
3385 2028 3595 2084 Veteris

2010 2118 2332 2174 'I‘estamenti
2361 2130 2701 2174 commonent
2730 2119 2977 2175 lsraelem
2999 2162 3014 2185 ,
3062 2136 3127 2173 ne
3165 2122 3326 2173 ritum
3355 2118 3595 2190 profanae

2007 2211 2184 2280 gentis
2211 2210 2465 2264 imitetur.
2497 2210 2626 2278 Qua:
2653 2210 2812 2280 igitur
2842 2211 3132 2265 necessitas
3160 2209 3209 2264 id
3238 2211 3463 2280 cogehat
3482 2252 3495 2275 ,
3531 2217 3593 2265 ut

2010 2299 2324 2369 Apostolus,
2358 2299 2403 2353 si
2450 2299 2796 2355 imitationem
2825 2300 2984 2355 vellet
3022 2300 3276 2369 intelligi,
3321 2300 3593 2355 diabolum

2011 2393 2183 2463 magis
2206 2408 2362 2464 quam
2392 2394 2662 2449 hominem
2694 2395 2995 2448 nominaret
3017 2436 3030 2457 ,
3077 2409 3197 2448 cum
3237 2403 3294 2448 et
3317 2393 3594 2447 hominum

2011 2495 2066 2540 et
2107 2486 2303 2543 diaboli
2350 2491 2534 2542 nusset
2574 2486 2872 2542 imitatione
2915 2487 3192 2557 delinqui?
3231 2487 3340 2541 Aut
3378 2501 3507 2556 ergo
3536 2498 3596 2542 tu

2013 2578 2177 2647 proba
2200 2618 2216 2644 ,
2261 2593 2365 2633 non
2408 2594 2564 2648 posse
2594 2578 2867 2633 hominum
2898 2578 3194 2633 imitatione
3222 2577 3465 2646 peccari,
3495 2593 3597 2634 nec

2014 2668 2193 2722 hocin
2224 2669 2341 2739 lege
2369 2670 2571 2738 uspiam
2619 2668 2916 2735 contineri,
2955 2677 3011 2723 et
3049 2668 3126 2721 sic
3163 2682 3346 2723 assere
3375 2668 3392 2699 ¹
3424 2668 3599 2738 suspi-

2012 2760 2151 2814 cioni
2203 2769 2309 2816 tua:
2349 2761 2525 2816 locum
2556 2770 2829 2830 paratum;
2862 2771 2950 2813 aut
2980 2769 3128 2814 certe
3163 2759 3208 2813 si
3251 2758 3598 2814 manifestum

2013 2858 2123 2917 est,
2154 2852 2295 2905 nulla
2326 2850 2494 2921 magis
2541 2866 2600 2906 re
2637 2866 2796 2921 quam
2838 2851 3134 2905 imitatione
3158 2850 3406 2904 vitiorum
3450 2850 3602 2905 inva-

2014 2942 2175 2998 luisse
2204 2953 2441 3013 peccata,
2471 2943 2659 3013 grandi
2702 2943 2964 3013 imperitia
2996 2942 3256 3013 collegisti
3283 2943 3598 3012 Apostolum

2013 3033 2083 3088 de
2111 3033 2323 3088 diabolo
2362 3032 2602 3103 profecto
2627 3033 2890 3089 dicturum
2921 3034 3112 3102 fuisse,
3157 3035 3203 3089 si
3246 3034 3599 3089 imitationem

2014 3127 2274 3183 voluisset
2302 3126 2545 3197 intelligi.

2088 3220 2226 3275 Auo.
2258 3217 2446 3273 Nonne
2465 3226 2589 3272 ante
2612 3216 2721 3272 dixi
2752 3216 2880 3271 nihil
2907 3226 2958 3271 te
2976 3231 3098 3271 esse
3123 3216 3408 3283 dicturum,
3442 3216 3604 3272 homo

2017 3310 2151 3365 nihil
2199 3309 2462 3380 loquendo
2506 3308 2918 3380 loquacissime?
2964 3308 3102 3365 Sunt
3141 3308 3354 3379 quidem
3387 3319 3604 3379 peccata

2019 3401 2331 3457 imitationis
2366 3400 2420 3455 in
2458 3400 2688 3467 mundo,
2729 3416 2851 3456 eum
2896 3399 3140 3455 homines
3172 3410 3482 3471 peccantum
3509 3400 3607 3455 ho—

2019 3494 2223 3548 minum
2252 3493 2495 3562 exempla
2537 3501 2811 3547 sectantur
2832 3494 2853 3524 ²
2873 3533 2889 3559 ,
2920 3508 3024 3546 non
3058 3501 3233 3547 tamen
3265 3507 3360 3562 per
3383 3507 3481 3548 eos
3508 3493 3606 3548 ho-

2021 3584 2213 3651 mines,
2236 3598 2371 3654 quos
2405 3582 2627 3652 quilibet
2663 3583 2961 3650 imitantur,
2993 3590 3266 3652 peccatum
3305 3581 3449 3651 quod
3484 3597 3609 3651 pee-

2021 3684 2207 3730 cantes
2232 3675 2585 3740 imitarentur,
2615 3674 2831 3730 intravit
2854 3674 2906 3727 in
2927 3673 3183 3727 mundum
3206 3689 3220 3739 ;
3249 3674 3342 3728 sed
3367 3689 3459 3744 per
3482 3689 3607 3729 eum

2022 3767 2112 3836 qui
2145 3768 2348 3836 primus
2390 3765 2589 3820 nullum
2629 3746 2921 3831 imitando,
2954 3764 3229 3833 peccavit:
3262 3764 3351 3819 hic
3385 3774 3470 3818 est
3497 3764 3611 3819 dia-

2026 3857 2197 3921 bolus,
2224 3872 2381 3925 quem
2406 3855 2678 3909 imitantur
2695 3869 2883 3908 omnes
2903 3854 2991 3923 qtti
3013 3862 3220 3908 suntex
3244 3864 3396 3924 parte
3418 3854 3605 3924 ipsius.

2024 3947 2114 4004 Sic
2138 3956 2191 4004 et
2208 3955 2508 4018 peccatum,
2531 3944 2674 4015 quod
2702 3960 2807 3998 non
2834 3942 3092 3999 imitando
3116 3944 3483 4011 committitur,
3511 3945 3608 3999 sed

2026 4039 2300 4096 nascendo
2331 4038 2582 4104 trahitur,
2609 4052 2704 4106 per
2725 4035 2867 4090 hunc
2888 4036 3105 4090 intravit
3132 4036 3184 4089 in
3212 4034 3487 4101 mundum,
3517 4036 3611 4105 qui

2024 4133 2231 4205 primus
2255 4131 2522 4186 hominem
2552 4128 2752 4199 genuit.
2778 4127 2919 4182 Nihil
2945 4142 3074 4198 ergo
3095 4127 3300 4194 dixisti,
3325 4136 3380 4182 et
3397 4126 3610 4182 nonnisi

2026 4223 2093 4277 ad
2119 4220 2377 4294 quosdam
2415 4218 2793 4288 decipiendos,
2834 4215 3092 4289 quosdam
3122 4216 3418 4287 fatigandus
3446 4216 3614 4272 lecto-

2028 4328 2137 4379 res,
2168 4320 2344 4367 tacere
2365 4309 2602 4365 noluisti.

2097 4404 2286 4462 XLIX.
2314 4404 2428 4460 Jun.
2457 4403 2589 4471 Quia
2612 4417 2740 4473 ergo
2758 4402 2946 4468 claret,
2971 4400 3319 4456 imitationem
3346 4399 3611 4456 malorum

2029 4498 2307 4553 hominum
2336 4512 2443 4552 non
2467 4496 2643 4552 solum
2669 4504 3081 4565 consequenter,
3112 4493 3204 4549 sed
3230 4502 3284 4548 et
3308 4494 3616 4549 necessario

2027 4590 2172 4655 dici;
2204 4589 2310 4643 hoc
2348 4588 2560 4644 interim
2589 4596 2960 4659 argumentum
2997 4594 3146 4640 tuom
3181 4585 3363 4651 jacere
3410 4585 3615 4655 perspi-

2029 4697 2187 4736 cuum
2203 4688 2304 4735 est.
2332 4664 2486 4747 Quod
2509 4694 2637 4735 vero
2656 4678 2831 4742 addis,
2858 4677 2929 4732 de
2945 4675 3159 4731 diabolo
3185 4691 3306 4731 esse
3327 4677 3616 4746 scriptum,

2031 4772 2309 4828 Imitantur
2331 4787 2443 4827 eum
2463 4812 2479 4838 ,
2524 4772 2609 4842 qui
2646 4779 2763 4827 sunt
2801 4785 2865 4825 ea:
2899 4777 3044 4840 parte
3084 4768 3244 4839 ipsius
3265 4783 3285 4823 .°
3312 4775 3367 4823 et
3402 4783 3504 4840 ego
3528 4784 3617 4825 as-

2031 4865 2233 4922 sentior
2277 4865 2476 4921 dictum
2519 4878 2643 4920 esse
2691 4861 2980 4934 prudenter
3029 4862 3099 4917 ab
3143 4874 3242 4929 eo,
3293 4861 3617 4931 quicumque

2032 4958 2153 5013 libri
2184 5000 2187 5003 .
2222 4955 2390 5028 ipsius
2446 4964 2631 5010 auctor
2694 4961 2810 5020 est;
2874 4950 2969 5007 sed
3023 4951 3117 5007 tibi
3181 4966 3292 5005 non
3356 4949 3612 5020 prodest.

2032 5050 2173 5121 quod
2234 5050 2540 5104 scribuntur
2600 5046 2815 5119 quidam
2881 5045 3079 5101 diaboli
3138 5041 3434 5099 imitatione
3495 5057 3618 5113 pee-

2032 5161 2188 5212 care,
2229 5144 2329 5199 nisi
2372 5142 2619 5200 docueris
2661 5155 2766 5195 non
2812 5154 2970 5211 posse
3000 5138 3273 5193 hominum
3317 5134 3619 5191 imitatione

2032 5234 2287 5304 dehnquL

2103 5328 2238 5382 Anc.
2270 5324 2386 5380 Non
2414 5323 2502 5379 hic
2526 5321 2782 5395 quarritur
2806 5330 2986 5375 utrum
3011 5318 3292 5373 hominum
3319 5316 3621 5371 imitatione

2031 5429 2320 5491 peccetur:
2347 5418 2467 5489 quis
2504 5416 2647 5473 enim
2678 5415 2880 5471 nesciat
2905 5455 2920 5480 ,
2951 5412 3111 5468 etiam
3142 5409 3416 5466 hominum
3444 5407 3623 5464 imita-

2096 5557 2113 5586 ι
2146 5550 2306 5602 Codex
2331 5558 2466 5610 nam,
2491 5555 2537 5600 et
2559 5560 2761 5600 asseres.

2098 5615 2120 5648 ³
2150 5600 2421 5674 Editusunt
2452 5600 2692 5675 quadam
2703 5614 2900 5674 peccata
3216 5600 3629 5675 inmutilata?

2032 5675 2244 5727 homines
2274 5664 2531 5739 'peccattim
2843 5676 2890 5721 et
2913 5664 3137 5731 εωειηρια
3181 5670 3440 5717 sectantur.
3477 5668 3631 5715 Casti-

2037 5747 2210 5803 gantur
2233 5736 2295 5787 ex
2332 5736 2685 5798 manuscriptis.

2834 5814 3316 5894 (Trente—scpt.)
