4062 6532
515 335 655 391 H65

512 428 659 480 tione
699 418 941 493 peccari?
986 417 1088 472 Sed
1131 425 1413 485 quau-Itur,
1462 420 1620 480 quate
1665 420 1940 479 peccatum
1994 419 2089 472 per

515 531 680 571 unum
731 512 996 567 hominem
1041 505 1250 561 intrarit
1296 504 1348 557 itt
1394 496 1679 559 mundum;
1730 510 1903 551 utrum
1952 494 2096 564 quod

517 605 772 663 imitando
801 600 1241 657 conunitteretur,
1273 612 1338 647 an
1369 592 1509 663 quod
1550 590 1817 644 nascendo
1857 586 2095 641 trahere-

519 712 623 754 tur.
653 697 785 764 Quia
815 692 938 748 illud
968 690 1226 759 primum,
1261 685 1312 739 id
1349 694 1429 739 cst
1451 726 1465 747 ,
1497 682 1637 752 quod
1668 678 1924 736 imitando
1949 692 2096 732 com-

519 791 838 849 mitteretur,
874 782 1082 837 nonnisi
1105 795 1197 849 per
1216 794 1339 833 eum
1373 776 1585 831 intravit
1616 776 1668 829 in
1695 772 1973 836 mundum,
2005 771 2093 840 qui

519 881 720 947 primus
744 876 1009 931 nemiuem
1039 873 1272 925 imitatus
1298 868 1509 923 c:eteris
1533 864 1818 920 imitaturis
1842 862 2096 933 peccandi

516 969 807 1025 introduxit
830 963 1157 1035 exemplum,
1200 963 1301 1014 hoc
1329 971 1409 1014 est
1430 1002 1443 1023 ,
1476 959 1757 1012 diabolus:
1789 956 1892 1010 hoc
1919 965 2094 1009 autem

517 1065 765 1125 alterum,
797 1059 849 1114 id
892 1068 1005 1121 est,
1043 1055 1183 1126 quod
1228 1052 1495 1108 nascendo
1524 1052 1844 1112 traheretur,
1887 1048 2096 1103 ncnnisi

519 1168 613 1221 per
638 1166 758 1206 eum
799 1148 1014 1203 intravit
1041 1146 1092 1199 in
1134 1144 1423 1208 mundum,
1462 1143 1551 1211 qui
1584 1142 1790 1210 primus
1826 1156 1854 1194 a
1889 1140 2097 1194 nemine

515 1250 835 1312 generatus,
881 1233 1200 1307 generandis
1242 1232 1449 1289 etc-teris
1477 1232 1695 1300 originis
1740 1229 1934 1300 ingessr
1998 1230 2100 1283 mi-

516 1335 685 1395 tium;
716 1329 803 1383 hic
830 1337 914 1382 est
938 1325 1132 1380 Adam.
1167 1324 1240 1377 Dc
1269 1322 1563 1377 imitatione
1590 1320 1749 1389 igitur
1778 1320 2095 1387 Angelorum

513 1432 567 1476 et
597 1421 872 1476 hominum
901 1417 1132 1486 intelligo
1162 1424 1214 1469 ιε
1235 1413 1366 1468 nihil
1396 1412 1461 1467 ad
1488 1427 1702 1466 causam
1727 1410 1999 1480 pertinens
2019 1410 2101 1463 di-

513 1527 672 1576 cere;
703 1509 799 1566 sed
824 1517 1024 1564 tantum
1057 1516 1232 1560 tacere
1255 1504 1509 1558 noluisse.
1544 1503 1888 1572 Disputamns
1912 1501 2054 1556 enim
2076 1540 2092 1565 ,

517 1618 622 1655 non
669 1600 737 1655 de
779 1613 1114 1669 quocumque
1159 1607 1474 1665 peccatore,
1525 1595 1613 1664 qui
1657 1592 2099 1663 quandocumque

519 1694 757 1761 peccavit
782 1692 834 1745 iu
853 1688 1082 1753 mundo;
1111 1687 1204 1743 sed
1230 1687 1299 1742 de
1321 1687 1409 1742 illo
1432 1701 1527 1756 per
1545 1700 1703 1755 quem
1723 1692 1995 1754 peccatum
2018 1685 2099 1738 in-

520 1783 678 1838 travit
702 1782 753 1837 in
781 1780 1069 1836 mundum:
1101 1779 1191 1835 ubi
1227 1779 1271 1833 si
1300 1787 1568 1848 qua-ratur
1593 1776 1895 1846 exemplum
1924 1776 2098 1830 imita-

522 1877 702 1942 tionis,
729 1875 972 1930 diabolus
1000 1874 1292 1935 invenitur;
1323 1872 1367 1924 si
1390 1870 1689 1939 contagium
1716 1868 2096 1939 generationis,

518 1971 708 2023 Adam.
740 1966 1001 2027 Proinde,
1041 1964 1225 2018 dicens
1259 1961 1580 2031 Apostolus,
1625 1960 1727 2013 Per
1751 1976 1905 2013 unum
1937 1960 2101 2012 homi-

519 2077 632 2114 nem
662 2069 921 2130 peccatum
946 2057 1149 2111 intravit
1174 2056 1228 2108 in
1256 2052 1501 2107 mundum
1523 2093 1536 2117 ,
1569 2060 1843 2121 peccatum
1871 2064 2099 2120 genera-

519 2153 677 2206 tionis
707 2149 926 2219 intelligi
954 2149 1135 2202 voluit.
1168 2145 1482 2200 lmitationis
1503 2143 1643 2199 enim
1668 2150 1965 2212 peceatum,
1994 2157 2098 2195 non

517 2259 615 2314 per
654 2257 814 2296 unum
846 2241 1149 2304 hominem,
1194 2237 1289 2293 sed
1336 2252 1429 2307 per
1470 2236 1741 2291 diabolum
1788 2234 2006 2289 intravit
2047 2235 2100 2289 iu

518 2335 798 2390 mundum.

589 2427 649 2482 L.
679 2427 799 2482 JeL.
829 2424 959 2480 Nam
986 2439 1107 2478 cum
1150 2434 1433 2491 utrumque
1466 2437 1531 2475 ex
1573 2436 1722 2475 more
1751 2418 1977 2485 dicatur,
2005 2418 2102 2472 ali-

512 2520 729 2590 quando
758 2518 900 2589 quod
940 2515 1211 2571 diaboluut
1252 2515 1371 2585 quis
1401 2515 1660 2577 imitatus,
1700 2512 1964 2577 invideat;
2003 2512 2101 2566 ali-

513 2611 726 2679 quando
764 2609 902 2679 quod
946 2607 1214 2662 hominem
1263 2606 1577 2668 tumulatus,
1628 2611 1721 2658 aut
1748 2603 1979 2671 invidia,
2010 2611 2102 2656 aut

517 2702 897 2771 ﬂagitiosorum
925 2700 943 2731 ί
974 2698 1224 2752 sordilms
1260 2697 1561 2762 oblinatur;
1603 2695 1707 2750 hoc
1734 2710 1946 2766 quoque
1983 2695 2103 2749 imi-

516 2794 731 2848 tationis
765 2805 958 2846 nomen
989 2791 1199 2859 utrique
1230 2789 1391 2858 possit
1423 2788 1710 2842 convenire
1743 2802 2016 2856 persona},
2047 2785 2100 2841 id

504 2893 616 2949 est,
643 2892 699 2937 et
718 2898 839 2937 cum
868 2882 936 2937 de
966 2882 1203 2946 homine,
1235 2892 1429 2934 etcum
1450 2879 1517 2934 de
1547 2878 1761 2933 diabolo
1779 2878 2011 2932 dicitur:
2047 2886 2101 2931 ιιι

508 2974 834 3045 perridicule
872 2973 1100 3043 ineptire
1132 2973 1378 3036 voluisti,
1428 2987 1521 3041 per
1560 2971 1869 3026 imitationis
1893 2971 2101 3026 intelle-

510 3077 656 3121 ctum
689 3065 856 3119 Adam
886 3080 991 3118 non
1018 3065 1255 3133 potuisse
1281 3064 1588 3119 monstrari.

585 3158 718 3210 Anc.
762 3153 1029 3223 Numquid
1061 3170 1156 3222 per
1191 3168 1579 3223 quemcumque
1608 3153 1910 3219 hominem,
1938 3168 2096 3223 quam

511 3247 783 3318 peccando
813 3247 948 3300 alius
984 3246 1238 3305 imitatur,
1277 3253 1549 3313 peccatum
1585 3245 1803 3298 intravit
1842 3245 1893 3299 iu
1935 3261 2093 3299 mun-

528 3338 679 3397 iunt?
709 3338 822 3401 Dic,
854 3337 899 3391 si
925 3347 1098 3407 potes,
1127 3336 1252 3406 quid
1281 3339 1373 3403 sit,
1402 3336 1505 3391 Per
1525 3352 1684 3390 unum
1704 3337 1957 3391 hominem
1984 3354 2099 3408 pec-

525 3440 680 3489 tatunt
707 3427 911 3483 intravit
950 3428 1003 3481 in
1033 3426 1309 3492 mundum,
1341 3436 1388 3481 et
1432 3443 1522 3497 per
1548 3436 1808 3498 peccatum
1836 3443 2011 3492 mors;
2050 3437 2099 3482 et

516 3522 585 3576 ita
615 3519 668 3573 in
694 3534 866 3573 omnes
892 3517 1119 3573 homines
1147 3517 1467 3587 pertransiit,
1498 3518 1610 3572 sive
1633 3532 1801 3581 mors,
1833 3517 1947 3572 sive
1969 3532 2095 3587 pec-

514 3619 712 3678 ratum,
738 3609 852 3665 sive
883 3608 1056 3680 potius
1081 3623 1201 3663 cum
1235 3620 1405 3662 morte
1432 3616 1727 3677 peccatum.
1753 3607 1883 3661 Nam
1911 3620 2101 3677 pecca-

508 3714 644 3771 tum,
675 3701 828 3772 cujus
857 3701 1151 3757 imitatione
1172 3707 1443 3770 peccatur,
1475 3699 1682 3754 nonnisi
1710 3715 1804 3769 per
1824 3699 2095 3754 diabolum

518 3793 727 3849 latravit
764 3792 817 3847 in
857 3790 1148 3857 mundum,
1179 3789 1268 3859 qui
1297 3790 1500 3859 primus
1526 3804 1632 3844 non
1659 3789 1916 3844 imitando
1943 3788 2093 3857 fecit,

473 3918 477 3923 ι
517 3883 653 3954 quod
679 3883 770 3937 alii
796 3881 1034 3939 lacerent
1055 3880 1331 3935 imitando.

581 3973 667 4029 LI.
708 3973 827 4029 ιω..
867 3971 950 4028 Ad
991 3970 1191 4040 reliqua
1231 3971 1445 4025 festinat
1476 3972 1685 4026 oratio:
1718 3970 1811 4026 sed
1851 3979 2098 4040 premen-

508 4066 611 4119 tlus
639 4064 814 4120 adhuc
842 4064 991 4118 locus
1015 4072 1119 4129 est,
1149 4070 1205 4116 ιιι
1246 4061 1601 4116 divisionibus
1629 4078 1788 4132 quam
1813 4077 2096 4132 possumus

510 4158 799 4223 brevibus,
852 4155 1044 4212 lectori
1094 4163 1150 4209 et
1198 4153 1546 4224 intelligentia
1600 4155 1678 4209 rei
1730 4165 1785 4210 et
1837 4157 2093 4210 memoria

510 4256 845 4317 suggeratur.
879 4246 935 4300 In
970 4244 1220 4300 omnibus
1261 4244 1473 4314 quidem
1522 4259 1658 4314 pene
1703 4245 1863 4300 rebus
1903 4245 2093 4299 Immo-

511 4352 816 4409 nymorum,
847 4351 966 4407 qua:
990 4336 1262 4406 :equivoca
1286 4336 1637 4405 appellamus.
1665 4337 1905 4392 conditio
1928 4353 2090 4408 repe-

510 4430 668 4485 ritur.

580 4520 719 4575 Anc.
744 4518 1073 4575 Promiseras
1089 4527 1140 4573 te
1158 4517 1561 4589 intelligentiam
1582 4524 1951 4589 suggeswrum
1972 4536 2093 4578 esse
2140 4534 2144 4537 '

510 4612 716 4680 lectori,
741 4622 798 4668 et
824 4613 1059 4683 loqueris
1085 4613 1155 4668 de
1177 4611 1515 4683 homouytnis
1539 4624 1588 4668 et
1610 4615 1896 4684 :equivocis
1920 4634 1933 4669 :
1960 4632 2093 4687 quo-

509 4701 671 4758 modo
697 4717 827 4772 ergo
860 4710 917 4758 te
945 4703 1045 4772 ipsi
1075 4702 1267 4758 saltem
1288 4702 1561 4773 Pelagiani
1590 4704 1905 4760 intellecturi
1934 4716 2088 4773 sunt,

508 4793 611 4849 nisi
636 4792 786 4863 prius
809 4791 878 4847 ad
897 4791 1109 4848 scholas
1128 4791 1548 4859 dialecticorum,
1573 4793 1890 4865 ubicumque
1917 4804 2089 4851 terra-

508 4902 623 4942 rum
668 4886 937 4955 potuerint
964 4886 1218 4952 inveniri,
1259 4895 1479 4957 propter
1507 4888 1622 4943 haac
1647 4887 1869 4944 dicenda
1900 4891 1925 4923 ³
1965 4892 2091 4945 mit-

506 4981 724 5036 tantur?
749 4979 834 5036 An
867 4979 1006 5036 forte
1037 4988 1091 5036 et
1115 4981 1410 5051 categorias
1438 4981 1741 5039 Aristotelis
1759 5025 1773 5048 ,
1802 4992 2085 5056 antequam

504 5084 624 5127 tuos
646 5070 813 5127 libros
831 5069 1028 5142 legant,
1057 5070 1138 5126 eis
1158 5085 1432 5142 exponens
1468 5072 1581 5142 ipse
1606 5073 1838 5130 lecturus
1864 5075 1960 5130 es?
1977 5075 2088 5131 Cur

503 5180 607 5216 non
640 5170 695 5218 et
715 5161 820 5218 hoc
844 5160 1027 5230 iacias,
1059 5160 1222 5218 homo
1242 5162 1720 5234 ingeniosissimus,
1748 5165 2083 5238 quandoqui-

504 5256 626 5307 dem
657 5267 687 5307 a
715 5251 953 5325 deceptis
980 5252 1195 5309 miseris
1222 5253 1456 5322 pasceris
1482 5253 1721 5310 otiosus?

579 5345 690 5403 ιιι.
715 5345 835 5403 ιω..
862 5345 969 5403 Sed
994 5354 1053 5401 ut
1077 5360 1220 5402 nunc
1248 5345 1403 5402 nobis
1433 5360 1614 5402 sermo
1636 5345 1705 5403 de
1733 5349 2083 5417 praesentibus

506 5441 598 5507 sit,
622 5438 898 5512 generatio
925 5438 1139 5510 proprie
1166 5439 1381 5496 sexibus
1403 5438 1712 5511 imputatur,
1737 5438 1963 5497 imitatio
1983 5459 2081 5499 au-

563 5598 581 5658 ξ
617 5599 756 5658 Forte
775 5631 796 5658 ,_
824 5592 1131 5658 ﬂagitiormn.

561 5656 586 5685 '
617 5655 761 5707 alorci
785 5655 924 5723 legit,
944 5657 1193 5710 discenda.
1212 5657 1326 5709 vide
1361 5656 1595 5709 Elcment.
1631 5660 1809 5725 Critic.,
1834 5673 1944 5772 pagi.
1969 5661 2077 5713 512.

1348 6507 1488 6523 μί’-7ου
2023 6510 2076 6516 -——-

1159 324 1397 378 Ul‘iililS
1437 318 1843 375 lliPEliFlCCTl
1881 311 2149 368 CONTRA
2183 311 2542 379 ιυωιΝυιι,
2582 316 2637 368 S.
2682 315 3045 371 AUGUSTlNI

3648 318 3802 375 ιιθι

2205 415 2311 457 tem
2340 421 2550 475 semper
2574 407 2868 462 auimormn
2896 419 2997 462 est.
3045 407 3139 461 Hic
3166 424 3293 479 ergo
3334 408 3559 465 affectus
3583 412 3755 466 animi
3778 454 3798 472 .

2202 495 2343 565 quod
2374 496 2692 564 possibiliter
2718 499 2943 552 voluerit
2972 499 3246 563 imitantis,
3272 499 3544 555 hominem
3575 515 3673 571 pro
3696 502 3794 554 di-

2203 588 2453 643 versitate
2479 604 2757 643 Causarum
2783 599 2873 643 aut
2902 600 3146 656 accusat,
3187 598 3277 645 aut
3300 591 3545 660 provehit
3569 611 3583 646 :
3616 593 3690 647 ita
3719 596 3790 647 lit

2204 689 2260 733 ut
2289 681 2337 733 in
2367 681 2505 733 bono
2529 690 2582 735 et
2609 683 2790 745 Deum,
2819 692 2873 737 et
2904 683 3151 749 Angelos,
3189 692 3242 737 et
3265 684 3551 752 Apostolos
3575 683 3794 740 dicatur

2204 772 2395 826 imitari
2422 791 2433 826 :
2469 774 2654 836 Deum,
2688 772 2858 827 Estote
2881 775 3108 843 perfecti,
3138 775 3265 828 sicut
3292 773 3449 829 Pater
3471 786 3634 830 uester
3664 794 3794 846 pcr-

2203 866 2361 934 [θείας
2389 873 2462 916 est
2491 863 2702 933 (Matth.
2731 880 2784 927 v,
2812 862 2903 936 48)
2932 881 2945 918 :
2978 864 3229 933 Angelos,
3263 863 3383 917 Fiat
3410 866 3646 919 voluntas
3673 879 3789 929 tua,

2201 957 2329 1008 sicut
2365 956 2416 1008 in
2445 955 2566 1009 calo
2595 966 2639 1007 et
2666 956 2719 1008 in
2750 966 2881 1008 terra
2911 954 3023 1023 (Id.
3051 972 3123 1021 vi,
3152 957 3238 1025 10)
3264 975 3278 1010 :
3310 958 3615 1026 Apostolos,
3651 956 3789 1010 Ιηιὶο

2202 1053 2388 1098 tatores
2416 1046 2512 1098 mei
2537 1055 2710 1112 estote,
2737 1046 2865 1099 sicut
2888 1055 2934 1099 ct
2963 1063 3052 1117 ego
3083 1045 3270 1100 Christi
3297 1046 3336 1115 (Ι
3366 1047 3484 1100 (for.
3508 1064 3583 1109 xt,
3619 1047 3697 1118 1).
3728 1049 3790 1102 In

2202 1141 2343 1193 malo
2374 1153 2499 1193 vero
2526 1139 2763 1192 imitatur
2782 1138 3072 1204 diabolum,
3103 1138 3242 1193 sicut
3262 1138 3474 1204 dicitur,
3503 1138 3530 1192 l
3540 1140 3791 1193 irritantur

2202 1246 2336 1295 eum,
2368 1231 2454 1301 qui
2479 1240 2596 1282 sunt
2623 1246 2687 1284 ea:
2712 1241 2856 1301 parte
2878 1231 3038 1299 ipsius
3075 1230 3227 1300 (ϐαρ.
3255 1246 3313 1297 ιι,
3340 1228 3473 1298 25)‘:
3509 1232 3790 1285 imitantur

2204 1319 2477 1384 homines,
2513 1320 2685 1374 Nolite
2725 1339 2832 1375 esse
2861 1322 3025 1375 tristes
3058 1321 3186 1375 sicut
3212 1321 3521 1393 hypocritte,
3550 1326 3791 1377 extermi-

2201 1421 2377 1466 nantes
2398 1413 2553 1481 {acics
2574 1430 2690 1467 suas
2712 1412 2921 1483 (Matth.
2949 1428 3023 1474 v1.
3052 1413 3143 1474 16)
3171 1431 3186 1467 :
3214 1413 3488 1468 imitantur
3510 1415 3789 1480 animalia,

2202 1518 2325 1557 cum
2355 1503 2654 1565 mandatur,
2688 1503 2865 1556 Nolite
2893 1504 3004 1573 ﬁeri
3031 1507 3160 1558 sicut
3188 1520 3343 1575 equus
3372 1516 3418 1558 et
3447 1507 3641 1569 inulas,
3671 1509 3791 1576 qui-

2202 1592 2294 1647 bus
2322 1610 2421 1647 non
2448 1604 2519 1648 est
2552 1594 2833 1648 intellectus
2865 1593 3045 1665 (Psal.
3088 1611 3247 1662 amt,
3277 1594 3355 1668 9).
3387 1597 3478 1651 llis
3506 1612 3639 1668 ergo
3663 1615 3792 1652 vero

2201 1688 2304 1751 his,
2326 1698 2429 1741 tam
2450 1687 2856 1743 adhortantibus
2875 1704 3030 1758 quam
3052 1687 3462 1758 deterrentibus,
3482 1692 3791 1747 ostenditur

2203 1780 2511 1836 imitationis
2537 1780 2773 1844 atl‘ecms,
2799 1782 2886 1851 qui
2914 1782 3096 1853 utique
3116 1783 3158 1836 sl
3179 1797 3301 1839 esse
3323 1798 3427 1839 non
3450 1796 3655 1855 posset,
3680 1802 3789 1841 non

2203 1873 2527 1926 indiceretur
2555 1872 2843 1927 cavendus.

2274 1968 2410 2022 Anc.
2444 1964 2551 2021 Sed
2581 1973 2854 2031 peccatum
2884 1966 3195 2022 imitationis
3215 2010 3229 2035 ,
3264 1968 3315 2023 id
3345 1978 3459 2037 est,
3488 1970 3631 2041 quod
3665 1972 3795 2026 imi-

2206 2063 2404 2115 tatione
2434 2061 2603 2127 lieret,
2638 2076 2741 2115 non
2772 2061 2984 2115 intravit
3006 2061 3059 2115 in
3088 2063 3361 2125 mundum,
3388 2064 3490 2117 nisi
3520 2081 3616 2133 per
3638 2081 3791 2129 eum,

2202 2154 2290 2223 qni
2317 2162 2373 2207 ut
2393 2154 2686 2208 imitatione
2710 2162 3037 2223 peccaretur,
3060 2155 3176 2208 sine
3200 2156 3494 2210 imitatione
3520 2158 3793 2226 peccavit:

2203 2255 2259 2301 et
2286 2262 2392 2299 non
2422 2254 2504 2299 est
2534 2248 2699 2300 Adam
2729 2255 2878 2301 certe
2906 2245 3040 2312 iste,
3071 2245 3165 2299 sed
3201 2246 3467 2300 diabolus.
3508 2245 3608 2315 Qui
3644 2249 3794 2303 enim

2202 2340 2354 2403 dixit,
2381 2340 2581 2393 intrarit
2605 2339 2657 2392 in
2679 2339 2944 2401 mundum,
2973 2339 3178 2393 initimn
3203 2341 3403 2408 peccati
3430 2340 3586 2408 ιιιιμιε
3608 2351 3799 2396 osten-

2202 2432 2278 2486 dit
2308 2449 2322 2486 :
2349 2431 2491 2501 quod
2522 2431 2727 2484 initium
2760 2428 3098 2485 manifestum
3137 2439 3253 2495 est,
3284 2443 3390 2484 non
3429 2445 3550 2485 esse
3591 2432 3797 2485 factum

2204 2539 2300 2593 per
2325 2522 2592 2577 hominem
2615 2562 2631 2589 ,
2663 2520 2758 2576 sed
2788 2537 2884 2590 per
2909 2520 3177 2575 diabolum
3201 2523 3299 2595 ,εἰ
3343 2530 3620 2593 peccatum
3647 2521 3796 2591 quod

2205 2614 2538 2668 imitarentur
2568 2621 2869 2682 peccantes,
2894 2611 3121 2666 velimus
3145 2609 3442 2666 attendere.
3471 2610 3660 2665 Restat
3690 2611 3797 2681 igi-

2206 2715 2292 2760 tur
2318 2714 2377 2759 ut
2407 2713 2678 2774 peccatum
2706 2703 2849 2773 quod
2878 2718 2974 2773 per
3002 2718 3162 2757 unum
3191 2702 3460 2756 hominem
3491 2703 3706 2757 intravit
3738 2703 3795 2757 in

2205 2796 2482 2873 mundum,
2518 2811 2622 2849 non
2651 2795 2952 2862 imitationi,
2980 2794 3077 2850 sed
3100 2794 3428 2866 generationi
3452 2805 3595 2850 recte
3618 2798 3796 2867 possit

2203 2888 2435 2942 attribui.
2468 2888 2687 2957 Agimus
2726 2901 2858 2942 sane
2900 2888 3008 2942 Deo
3046 2887 3275 2957 gratias,
3307 2886 3558 2957 quoniam
3600 2896 3794 2942 eontra

2204 2991 2440 3036 vestrum
2464 2981 2672 3035 locutus
2692 2994 2953 3045 errorem,
2977 2979 3300 3033 voluntatem
3327 2978 3520 3033 bonam
3546 2993 3648 3048 qua
3671 2980 3796 3032 inti-

2205 3086 2380 3129 tamur
2405 3075 2609 3139 honos,
2639 3087 2744 3127 non
2772 3072 2974 3127 viribus
3015 3071 3183 3126 nostri
3229 3070 3380 3125 liberi
3422 3069 3659 3135 arbitrii,
3693 3069 3794 3123 sed

2203 3166 2404 3221 auxilio
2432 3165 2525 3220 Dei
2567 3180 2689 3220 esse
2728 3163 3097 3230 tribuendam,
3143 3163 3289 3217 velut
3336 3170 3653 3217 coruscante
3694 3163 3794 3218 tibi

2205 3257 2433 3314 veritate
2455 3255 2733 3311 confessus
2755 3270 2816 3310 es
2844 3272 2859 3308 :
2885 3253 3311 3326 quandoquidem
3333 3262 3394 3307 ut
3412 3252 3645 3323 Angelos
3667 3253 3791 3307 imi-

2206 3359 2396 3414 temur,
2428 3364 2532 3403 non
2560 3345 2984 3417 prwsumendum
3012 3360 3041 3399 a
3066 3346 3241 3410 nobis,
3269 3343 3361 3399 sed
3387 3358 3417 3398 a
3440 3342 3672 3398 Domino
3692 3342 3789 3397 de-

2204 3440 2508 3497 monstrasti
2538 3453 2659 3495 esse
2686 3437 3008 3509 poscendum
3026 3479 3042 3504 ,
3072 3438 3152 3492 sic
3176 3450 3451 3507 exponens
3486 3436 3629 3507 quod
3661 3451 3786 3489 ora-

2204 3549 2322 3587 mus
2350 3541 2404 3588 et
2432 3532 2682 3597 dicimus,
2714 3528 2835 3584 Fiat
2860 3529 3091 3584 voluntas
3117 3539 3240 3596 tua,
3269 3528 3398 3584 sicut
3423 3529 3479 3583 in
3508 3529 3633 3584 ctelo
3662 3537 3709 3582 et
3732 3529 3789 3582 iis

2203 3635 2335 3678 terra
2342 3663 2355 3677 .

2271 3713 2403 3769 LIII.
2430 3713 2550 3768 ιω..
2586 3712 2690 3768 Sed
2731 3722 2788 3766 ιιι
2828 3710 3140 3766 imitationis
3169 3710 3480 3765 vocabulum
3508 3710 3673 3765 rebus
3700 3708 3784 3765 di-

2202 3807 2374 3860 versis
2423 3803 2758 3859 mauil'estum
2805 3810 2888 3856 est
2934 3801 3289 3857 communiter
3336 3801 3658 3865 convenire;
3712 3801 3782 3855 ita

2200 3894 2473 3967 generatio
2517 3908 2640 3948 vere
2679 3901 2735 3949 et
2772 3892 3022 3962 proprie’
3053 3899 3395 3960 generautem
3433 3892 3782 3945 substantiam

2201 3987 2398 4043 indicat
2426 4003 2440 4040 :
2474 4000 2580 4040 non
2611 3984 2825 4054 proprie
2852 3994 3030 4037 autem
3049 4023 3065 4048 ,
3095 3982 3188 4038 sed
3219 3982 3438 4037 abusive
3465 3984 3658 4039 studiis
3684 3999 3775 4053 ap-

2202 4080 2445 4151 plicatur.
2477 4079 2541 4134 Et
2570 4087 2744 4134 tamen
2769 4077 2887 4148 quia
2918 4077 3006 4132 hic
3035 4085 3118 4132 est
3137 4077 3246 4148 jam
3278 4092 3405 4133 usus
3431 4079 3703 4149 loquendi,
3728 4092 3780 4134 et

2199 4174 2342 4245 quod
2373 4172 2616 4227 indicarit
2642 4172 2974 4242 agnoscitur,
3006 4180 3060 4224 ει
3083 4172 3497 4241 preprietatibus
3527 4172 3772 4242 pra-judi-

2199 4266 2337 4321 cium
2365 4264 2559 4320 all‘erre
2586 4264 2933 4321 nonsinitur.
2966 4262 3165 4317 Dicitur
3192 4277 3321 4333 ergo
3343 4262 3588 4317 diabolus
3621 4278 3776 4334 gene-

2200 4370 2320 4410 rare
2348 4361 2659 4424 peccantes,
2684 4353 2972 4409 secundum
3000 4352 3144 4423 quod
3168 4353 3426 4409 Dominus
3455 4354 3509 4407 in
3535 4353 3773 4424 Evange-

2201 4447 2272 4502 lio
2299 4463 2312 4500 :
2352 4445 2486 4510 Vos,
2531 4446 2625 4509 ait,
2654 4461 2718 4500 ex
2758 4453 2897 4515 patre
2935 4443 3135 4499 diabolo
3162 4444 3280 4498 estis
3311 4442 3489 4516 (Joan.
3519 4461 3634 4511 vm,
3659 4444 3767 4513 44).

2196 4538 2313 4606 Quo
2333 4552 2603 4603 sermone,
2630 4550 2752 4591 eum
2783 4535 2916 4590 dixit
2939 4535 3344 4589 criminosorum
3372 4544 3598 4604 patrem,
3628 4536 3773 4605 cujus

2197 4630 2573 4697 malignitatem
2595 4627 3050 4685 eouvincebantur
3070 4626 3264 4682 imitari
3289 4644 3302 4680 :
3329 4633 3384 4681 et
3408 4635 3582 4682 tamen
3611 4628 3664 4681 in
3684 4629 3771 4681 ab-

2196 4724 2371 4778 soluto
2393 4730 2478 4778 est
2502 4721 2869 4791 intelligentia,
2895 4720 3018 4790 quia
3046 4733 3142 4789 per
3163 4719 3264 4774 hoc
3284 4733 3502 4786 nomen,
3527 4718 3772 4775 videlicet

2197 4815 2391 4885 patris,
2419 4828 2519 4870 nec
2543 4813 2758 4869 diabolo
2784 4826 2979 4878 sexus,
3009 4827 3109 4867 nec
3147 4811 3453 4866 hominibus
3491 4812 3598 4867 illis
3633 4812 3770 4867 aeria

2194 4909 2265 4961 sit
2290 4907 2556 4978 adscripta
2584 4906 2896 4962 substantia.
2928 4904 3045 4961 Jam
3084 4905 3243 4975 igitur
3279 4904 3403 4975 quid
3430 4903 3623 4960 conlici
3652 4906 3771 4961 hinc

2191 5000 2518 5055 Voluerimus
2546 5006 2818 5068 appareat.
2859 4997 2916 5053 Si
2955 4996 3167 5066 proprie
3204 5010 3473 5066 nunquam
3505 4995 3769 5050 hominem

2195 5095 2355 5151 homo
2374 5095 2703 5165 judicaretur
2728 5092 2941 5156 imitari,
2966 5100 3022 5147 et
3039 5091 3326 5161 Apostolus
3350 5103 3446 5161 per
3465 5090 3634 5145 Adam
3659 5105 3771 5144 om-

2193 5203 2290 5244 nes
2321 5200 2568 5257 peccasse
2590 5185 2815 5241 dixisset
2853 5202 2870 5240 :
2909 5198 3009 5254 ego
3047 5182 3211 5238 libere
3243 5182 3646 5252 pmscriberem
3677 5197 3770 5236 usu

2190 5279 2584 5350 Scripturarum
2614 5291 2734 5334 esse
2760 5276 3071 5349 Apostolum
3103 5274 3512 5341 vindicandum,
3540 5284 3599 5329 ιιι
3635 5290 3769 5345 quo-

2193 5372 2352 5427 modo
2374 5370 2628 5426 Dominus
2645 5368 2912 5424 diabolum
2935 5367 3142 5423 dixerat
3164 5375 3390 5438 patrem,
3412 5367 3501 5438 qni
3526 5368 3771 5423 substan-

2193 5467 2264 5522 tia
2303 5478 2565 5537 geuerarc
2612 5477 2717 5518 non
2766 5470 3007 5533 poterat;
3051 5460 3123 5516 ita
3170 5461 3457 5530 Apostolus
3503 5460 3768 5514 hominem

2191 5559 2491 5630 scripsisset
2518 5554 2850 5622 imitabilem,
2882 5569 2950 5611 ne
2975 5554 3100 5626 quid
3129 5553 3376 5635 docuisse
3401 5562 3583 5611 contra
3615 5553 3768 5608 ratio-

2255 5723 2272 5752 ¹
2306 5722 2378 5773 Sic
2398 5724 2503 5768 Mss.
2541 5721 2594 5765 At
2618 5714 2753 5775 editi,
2775 5725 2888 5763 itera
2908 5718 2952 5764 et
2975 5725 3189 5776 propria.
