4062 6494
268 329 412 394 1165

266 463 403 505 nem
422 443 757 525 perspicuam
787 439 1110 497 crederetur.

341 520 487 593 Anc.
514 530 781 602 Numquid
822 529 992 585 Adam
1035 527 1180 597 prior
1226 525 1276 580 in
1321 530 1540 594 peccato
1585 520 1853 576 imitabilis

267 629 405 695 fuit,
435 638 492 681 ιιι
519 625 713 687 merito
743 638 836 694 per
865 622 1009 677 illum
1042 618 1146 673 hoc
1179 608 1379 688 peccati
1417 629 1585 686 genus
1627 613 1853 667 intrasse

273 722 540 781 liceretur
569 717 623 771 in
648 713 943 775 mundum?
968 711 1155 767 Nonne
1184 708 1426 764 diabolus
1454 707 1597 776 prior
1623 702 1852 757 imitabi-

269 810 334 872 ἐδ
358 812 411 866 in
438 819 657 882 peccato
679 804 923 869 exstitit?
944 804 1046 860 Per
1066 803 1211 857 illum
1234 817 1361 872 ergo
1381 800 1605 854 intrasse
1625 797 1677 851 in
1699 811 1853 849 mun-

274 900 393 960 Ium
426 908 722 971 peccatum,
754 897 1046 966 Apostolus
1069 894 1304 956 diceret,
1336 891 1381 945 si
1409 895 1679 959 peccatum
1708 885 1849 956 quod

272 989 526 1051 imitando
551 988 641 1043 alii
672 986 947 1053 facerent,
973 999 1038 1039 eo
1067 984 1182 1037 loco
1210 982 1365 1035 vellet
1395 977 1635 1047 intelligi.

336 1081 474 1141 LIV.
502 1081 625 1137 Jun.
644 1078 795 1135 Nunc
819 1092 946 1132 vero
972 1077 1018 1139 si
1037 1074 1302 1144 colligam,
1325 1087 1442 1141 quae
1463 1079 1586 1125 sunt
1607 1071 1658 1123 in
1675 1068 1852 1124 Evan-

275 1173 407 1248 gelia
443 1169 660 1226 abusive
699 1168 901 1239 prolata
924 1167 965 1231 ί,
1002 1180 1111 1227 non
1149 1163 1415 1218 sustinent
1442 1178 1456 1214 :
1488 1162 1654 1215 multo
1681 1160 1849 1231 magis

275 1264 543 1337 apostolus
570 1261 762 1317 Paulus
790 1258 990 1314 nullam
1032 1256 1201 1321 ermi
1238 1254 1569 1310 occasionem
1599 1252 1844 1322 prmbuit,

264 1356 359 1427 qui
387 1355 517 1411 nihil
540 1352 671 1407 dixit
698 1348 1068 1420 improprium,
1101 1347 1146 1402 si
1178 1344 1565 1419 pronuntiavit,
1597 1354 1845 1413 peccato-

262 1461 379 1502 rem
401 1445 628 1516 primum
652 1442 920 1496 hominem
942 1437 1289 1509 sequentibus
1309 1434 1654 1508 peccantibus
1673 1448 1847 1489 exem-

257 1541 406 1612 plum
438 1538 622 1593 fuisse.
652 1551 659 1557 '

328 1633 466 1687 Anc.
499 1629 614 1684 Non
645 1641 771 1697 ergo
795 1623 978 1681 debuit
1006 1623 1136 1679 istos
1159 1622 1293 1677 duos
1317 1632 1647 1690 proponere,
1677 1633 1842 1673 unum

257 1721 329 1778 ad
358 1730 635 1793 peccatum
656 1759 672 1786 ,
697 1718 924 1773 alterum
949 1715 1015 1771 ad
1036 1715 1316 1785 justitiam,
1345 1710 1514 1769 Adam
1540 1709 1759 1773 scilicet,
1789 1717 1846 1764 et

257 1812 554 1869 Christum.
583 1809 640 1865 Si
665 1810 805 1864 enim
833 1808 1059 1877 primum
1088 1813 1441 1876 precatorem,
1472 1810 1691 1878 propter
1716 1815 1841 1871 pec-

256 1912 435 1959 catum
480 1901 624 1972 quod
670 1900 855 1954 imitati
899 1906 1025 1952 sunt
1069 1894 1286 1962 caueri,
1334 1895 1599 1965 posuisset
1635 1893 1839 1951 Adam:

256 1992 499 2066 profecto
547 1991 776 2061 primum
814 1989 1050 2059 justum,
1101 1995 1316 2057 prepter
1340 1984 1605 2056 justitiam
1631 1983 1843 2040 caeteris

259 2085 595 2151 imitandum,
629 2098 734 2138 non
758 2082 1025 2137 Christum
1056 2088 1297 2151 poneret,
1322 2078 1417 2134 sed
1442 2078 1617 2134 Abel:
1643 2079 1843 2153 primus

255 2180 452 2250 quippe
478 2177 640 2241 Abel,
674 2175 875 2230 nullum
919 2172 1194 2227 hominum
1239 2172 1479 2235 imitans,
1512 2169 1605 2223 sed
1634 2168 1843 2225 caeteris

253 2269 544 2327 imitandus
563 2311 580 2334 ,
607 2269 783 2339 justus
810 2266 923 2321 fuit.
956 2265 1143 2321 Sciens
1167 2273 1345 2318 autem
1384 2260 1508 2332 quid
1538 2260 1843 2328 loqueretur

253 2362 578 2435 Apostolus,
608 2360 773 2415 Adam
805 2358 981 2430 posuit
1023 2357 1091 2412 ad
1136 2365 1410 2427 peccatum
1430 2395 1445 2419 ,
1475 2352 1745 2409 Christum
1773 2351 1841 2409 ad

254 2455 549 2526 justitiam;
578 2454 699 2524 quia
726 2451 872 2507 illum
903 2458 1126 2505 noverat
1153 2445 1533 2519 generationis,
1566 2444 1723 2499 istmn
1750 2458 1840 2499 re-

258 2544 617 2620 generationis
644 2555 937 2599 auctorem.

332 2638 447 2696 LV.
478 2638 598 2694 ιω..
633 2637 709 2692 Ac
736 2651 832 2706 per
861 2634 963 2689 hoc
990 2630 1306 2689 bardissime
1333 2634 1731 2700 argumentatus
1758 2641 1838 2692 es,

258 2729 407 2803 quod
432 2730 478 2785 si
515 2727 785 2799 apostolus
824 2724 1017 2780 Paulus
1065 2738 1161 2793 per
1200 2720 1546 2775 imitationem
1587 2719 1841 2773 transisse

254 2833 532 2895 peccatum
560 2821 815 2876 voluisset
843 2818 1100 2889 intelligi,
1133 2816 1406 2871 diabolum
1448 2815 1617 2886 magis
1638 2854 1650 2877 ,
1681 2828 1840 2882 quam

254 2916 428 2972 Adam
471 2914 800 2969 nominasset
829 2928 842 2965 :
870 2926 991 2965 cum
1034 2909 1266 2973 clareat,
1297 2916 1350 2961 et
1378 2905 1606 2961 hominis
1641 2911 1697 2961 et
1722 2903 1840 2959 dia-

252 3007 366 3063 holi
390 3005 588 3061 malum
616 3021 721 3059 non
748 3002 850 3057 n‘si
881 3000 1176 3056 imitatione
1196 2999 1425 3055 transire
1452 2996 1708 3067 potuisse.
1733 2994 1841 3050 Vc-

250 3113 371 3154 rum
397 3098 620 3167 disjecto
640 3094 783 3165 quod
806 3102 859 3149 tu
882 3101 1243 3155 exstruxeras,
1267 3105 1372 3143 non
1397 3096 1503 3142 tam
1526 3087 1659 3142 meis
1679 3100 1837 3157 quam

256 3190 423 3261 ipsius
464 3187 688 3243 rationis
725 3185 1000 3251 manibus,
1031 3182 1155 3252 quid
1184 3194 1325 3235 nunc
1351 3193 1382 3233 a
1409 3178 1563 3234 nobis
1587 3176 1841 3233 alieratur

254 3280 490 3340 attende.

327 3378 463 3431 Anc.
492 3372 609 3429 Non
649 3378 703 3426 te
735 3368 1009 3438 disjecisse
1036 3362 1177 3436 quod
1208 3372 1504 3419 struxeram
1522 3402 1539 3428 ,
1569 3373 1670 3415 nec
1694 3373 1839 3414 sanae

257 3467 503 3534 rationis,
530 3464 626 3521 sed
648 3479 797 3518 vana:
826 3472 929 3516 tum
956 3457 1222 3531 opinionis
1252 3469 1440 3510 manus
1466 3464 1517 3509 te
1540 3452 1732 3508 frustra
1758 3452 1839 3506 in-

259 3558 447 3613 tulisse
466 3565 744 3611 structum:
764 3561 981 3618 nostrte,
1007 3549 1280 3619 utriusque
1304 3553 1543 3601 nostrum
1565 3542 1726 3598 verba
1747 3541 1838 3612 qui

258 3650 485 3722 legerint
505 3648 833 3719 judicabant.

330 3739 463 3796 LVI.
494 3739 614 3796 Jun.
642 3737 882 3794 Ostendit
902 3733 1191 3806 Apostolus
1216 3746 1320 3787 non
1342 3745 1370 3784 a
1394 3744 1451 3785 se
1471 3728 1670 3784 dictum
1696 3739 1836 3791 esse,

255 3844 533 3904 peccatum
571 3829 948 3901 generatione‘
991 3824 1279 3888 transisse,
1316 3820 1530 3892 quando
1558 3819 1853 3913 nominans

254 3923 560 3989 hominem,
591 3920 785 3990 adjecit
809 3934 966 3972 unum
984 3934 1003 3983 ;
1034 3930 1174 3970 unus
1210 3915 1350 3968 enim
1392 3911 1599 3966 numeri
1639 3909 1837 3980 princi-

251 4017 398 4086 pium
423 4022 508 4069 est
534 4030 549 4066 :
577 4023 631 4067 ει
656 4011 744 4066 ille
767 4009 1049 4079 explicans
1079 4020 1173 4075 per
1201 4019 1359 4074 quem
1384 4002 1589 4057 diceret
1616 4000 1839 4054 intrasse

252 4113 529 4176 peccatum
549 4144 565 4167 ,
608 4117 713 4157 non
745 4101 918 4155 solum
946 4102 1068 4154 eum
1101 4094 1423 4160 nominavit,
1465 4106 1648 4147 verum
1678 4091 1838 4146 etiam

253 4195 595 4252 numeravit:
633 4192 733 4247 Per
759 4208 947 4253 unum,
980 4188 1183 4259 inquit,
1215 4187 1466 4240 hominem
1503 4194 1759 4252 peccatum
1786 4182 1840 4236 in

258 4289 393 4341 hunc
412 4285 657 4339 mundum
676 4284 891 4338 transiit.
919 4281 1018 4336 llic
1036 4288 1213 4334 autem
1238 4292 1377 4331 ιιιιιιε
1399 4273 1697 4346 praebenda:
1720 4271 1841 4327 imi-

259 4378 450 4434 tationi
496 4376 723 4443 suflicit,
767 4371 1095 4445 generationi
1139 4367 1421 4445 implenda:
1469 4382 1575 4421 non
1620 4364 1836 4420 sufficit.

259 4470 546 4526 Peccatum
574 4475 748 4521 autem
775 4464 1013 4530 transiit;
1043 4460 1137 4517 sed
1166 4475 1261 4532 per
1288 4474 1473 4514 unum.
1505 4457 1838 4512 Manifestum

258 4571 377 4631 est,
406 4558 755 4615 imitationem
776 4556 880 4621 hic,
909 4571 1012 4610 non
1038 4552 1433 4625 generationem
1458 4547 1693 4618 coargui,
1721 4561 1839 4617 quzn

259 4653 362 4709 nisi
391 4668 492 4724 per
512 4651 649 4706 duos
676 4649 788 4704 ﬁeri
813 4663 916 4702 non
940 4653 1133 4718 potest.
1160 4645 1267 4699 Aut
1294 4643 1450 4714 igitur
1475 4639 1716 4705 ostende,
1744 4654 1839 4708 per

257 4743 430 4800 Adam
468 4742 643 4797 solum
685 4740 802 4794 sine
843 4739 1063 4792 muliere
1102 4734 1499 4807 generationem
1535 4724 1849 4794 exstiiisse;

257 4848 358 4890 nec
395 4832 502 4888 hoc
529 4831 675 4886 enim
703 4829 770 4884 ab
797 4829 1057 4897 elegantia
1092 4827 1164 4881 tui
1198 4825 1451 4881 abhorret
1479 4816 1717 4894 ingenii:
1748 4830 1841 4875 aut

259 4934 406 4980 certe
430 4923 680 4995 quoniam
708 4914 1274 4991 vides'generationem
1305 4916 1404 4971 nisi
1432 4931 1525 4987 per
1546 4915 1681 4969 duos
1705 4928 1836 4968 con-

260 5026 404 5072 stare
446 5030 553 5071 non
594 5027 784 5085 posse,
815 5013 1076 5067 assentire
1103 5010 1185 5066 vel
1213 5025 1365 5075 sero,
1397 5018 1700 5064 accusatum
1732 5021 1838 5059 non

263 5121 385 5161 esse
410 5121 505 5175 per
526 5119 691 5160 unum
730 5118 1011 5159 numerum
1055 5115 1190 5173 opus
1232 5100 1480 5155 duorum.
1522 5096 1625 5151 Per
1660 5112 1836 5161 unum,

263 5196 464 5268 inquit,
505 5196 756 5251 hominem
784 5202 1042 5268 peccatum
1076 5192 1279 5247 intravit
1316 5191 1369 5244 in
1409 5188 1652 5243 mundum
1689 5202 1707 5241 :
1746 5186 1840 5258 qui

261 5290 399 5348 dixit
426 5307 515 5362 per
532 5307 688 5345 unum
705 5333 722 5360 ,
753 5290 976 5361 intelligi
1000 5304 1096 5361 per
1119 5287 1254 5343 duos
1279 5283 1469 5340 noluit.
1501 5281 1658 5350 Quid,
1688 5294 1837 5350 rogo,

259 5383 539 5456 (μιλλε-εδει
566 5383 702 5440 inter
725 5383 840 5440 haec
871 5383 1120 5453 dogmata
1157 5391 1437 5443 numerus,
1468 5384 1527 5430 ut
1556 5372 1843 5443 ApoStolus

262 5486 408 5533 tanta
432 5489 592 5542 cura,
620 5489 725 5529 non
751 5473 925 5529 solum
954 5471 1252 5534 hominem,
1285 5466 1378 5523 sed
1409 5481 1565 5519 unum
1591 5463 1841 5518 hominem

328 5630 509 5707 ’ψῃ
526 5629 872 5707 sicahtmrtigs,
891 5634 1123 5696 autem
1138 5626 1191 5680 in
1206 5624 1455 5693 Evangelia
1469 5622 1660 5677 abusive
1674 5619 1846 5689 prola-

256 5702 335 5749 ιω.
358 5701 659 5766 castigantur
681 5706 747 5744 ex
770 5701 877 5763 Mss.

321 5760 343 5791 ³
373 5764 505 5821 1155.,
525 5770 576 5808 ut
596 5760 920 5823 generatione.

1535 315 1733 371 LIBER
1772 313 2149 372 SECUNDUS.

3407 334 3542 392 “66

1963 432 2306 486 nominaret?
2363 431 2557 488 Verum
2609 446 2829 506 apparet
2875 448 3059 495 cautus
3105 446 3312 514 augttsﬁ
3360 463 3540 504 sermo

1959 521 2196 587 consilii,
2224 522 2314 592 qui
2343 525 2616 614 revelante
2644 526 2838 597 Spiritu
2867 541 3051 586 sancto
3070 574 3083 595 ,
3113 512 3409 604 temporum
3438 512 3555 595 ιιι)-Δ

1957 621 2189 665 strorum
2219 617 2468 683 praecavit
2504 627 2560 672 et
2592 622 2882 675 exarmavit
2912 638 3122 680 errores
3150 644 3161 678 :
3192 643 3258 682 ne
3305 629 3357 683 in
3403 633 3540 686 infa-

1957 704 2246 759 mationem
2281 708 2474 777 quippe
2502 709 2699 778 aliquid
2730 711 2951 768 instituti
2982 730 3011 769 a
3045 718 3151 771 Deo
3190 720 3418 791 conjugii
3454 724 3536 779 vel

1953 794 2248 850 benedictae
2288 796 2624 853 fecunditatis
2662 800 2857 858 dixisse
2887 815 3195 874 putaretur;
3228 826 3347 866 cum
3378 828 3535 867 causa

1956 896 2195 954 posceret
2234 897 2291 940 ut
2319 889 2520 956 peccati
2548 890 2829 958 replicaret
2856 896 3103 959 exordia,
3134 914 3231 968 per
3256 915 3375 954 eum
3405 901 3538 957 dixit

1953 991 2232 1030 numerum
2260 977 2517 1032 tranSisse
2538 991 2837 1049 peccatum,
2865 985 2952 1051 qui
2981 983 3174 1041 felibus
3200 1006 3300 1043 non
3329 1000 3538 1060 poterat

1953 1068 2258 1123 convenire.
2286 1067 2354 1122 Et
2379 1080 2526 1124 certe
2552 1071 2705 1139 primi
2733 1073 2975 1129 homines
3001 1078 3157 1130 ambo
3181 1079 3532 1151 deliquerant,

1952 1157 2042 1227 qui
2072 1157 2228 1211 ambo
2256 1160 2447 1212 merito
2474 1172 2732 1215 vocantur
2760 1163 2927 1217 forma
2962 1168 3185 1234 posteris
3222 1168 3386 1226 fuisse
3416 1188 3536 1239 pec-

1952 1248 2057 1301 cati
2090 1265 2102 1300 :
2137 1263 2234 1302 cur
2259 1263 2363 1302 non
2395 1248 2551 1319 igitur
2577 1251 2863 1319 Apostolus
2898 1270 2990 1324 per
3018 1256 3151 1309 duos
3180 1260 3253 1312 ait
3282 1263 3536 1317 transisse

1951 1348 2259 1407 peccatum;
2290 1340 2431 1409 quod
2456 1350 2510 1395 et
2533 1341 2597 1395 ad
2630 1340 2783 1396 ﬁdem
2817 1346 2982 1414 magis
3013 1347 3245 1402 historia:
3272 1365 3535 1420 congrue-

1949 1426 2077 1482 bat?
2104 1428 2301 1485 Verum
2328 1430 2461 1486 nihil
2488 1432 2659 1501 patuit
2687 1433 2753 1488 ab
2781 1448 2846 1488 eo
2874 1436 3184 1504 prudentius
3216 1438 3328 1493 fieri
3360 1457 3373 1492 :
3403 1442 3535 1496 vidit

1852 1571 1858 1577 .
1947 1519 2090 1574 enim
2117 1521 2162 1575 si
2199 1521 2333 1577 duos
2372 1523 2730 1587 nominasset,
2758 1525 2846 1594 qui
2878 1527 3295 1593 pragvaricationi
3325 1530 3531 1584 initium

1947 1611 2359 1682 exemplumque
2402 1614 2789 1682 prmstiterant,
2833 1624 2889 1670 et
2937 1631 3031 1685 per
3075 1631 3169 1671 eos
3213 1616 3535 1675 afﬁrmasset

1949 1703 2206 1759 transisse
2237 1714 2535 1775 peccatum,
2563 1708 2731 1761 errori
2759 1709 3092 1763 occasionem
3118 1721 3322 1779 patere,
3353 1720 3409 1765 ut
3432 1728 3533 1782 pu-

1947 1800 2148 1848 taretur
2176 1809 2271 1863 per
2304 1794 2528 1849 duorum
2569 1795 2783 1850 nomina
2820 1797 3249 1869 coniunctionem
3290 1799 3532 1855 fecundi-

1946 1891 2215 1954 tatemque
2255 1883 2604 1940 damnasse‘.
2639 1886 2866 1958 Ideoque
2908 1890 3324 1959 prudentissime
3367 1907 3531 1948 unum

1946 1974 2135 2027 maluit
2161 1974 2468 2041 nominare,
2499 1975 2587 2046 qui
2617 1991 2722 2030 non
2763 1976 3033 2033 sufﬁciens
3069 1979 3135 2034 ad
3171 1982 3531 2051 generationis

1946 2064 2233 2133 indicium,
2261 2065 2327 2121 ad
2361 2066 2568 2137 signum
2595 2066 2891 2122 abundaret
2927 2070 3191 2139 exempli;
3222 2079 3378 2141 atque
3405 2072 3529 2126 imi-

1949 2155 2200 2210 tationem
2226 2167 2511 2213 accusatus
2536 2170 2801 2228 gravaret,
2826 2174 2924 2214 nec
2945 2159 3318 2216 fecunditatem
3344 2179 3532 2218 nume-

1948 2257 2094 2303 ratus
2119 2258 2387 2319 argueret.
2418 2249 2486 2304 Et
2509 2261 2563 2304 ut
2584 2250 2820 2306 breviter
2843 2251 2983 2320 quod
3005 2253 3210 2321 egimus
3228 2255 3526 2324 colligatur,

1945 2342 2242 2399 fecunditas
2262 2343 2313 2398 in
2337 2345 2522 2413 primis
2546 2343 2851 2400 hominibus
2873 2345 3133 2411 instituta,
3158 2346 3257 2400 nisi
3281 2362 3377 2417 per
3395 2346 3530 2401 duos

1943 2435 2028 2506 agi
2067 2451 2173 2490 non
2205 2445 2375 2506 potest
2404 2453 2418 2490 :
2449 2445 2722 2505 peccatum
2756 2444 2936 2490 autem
2974 2438 3261 2506 Apostolus
3295 2439 3530 2495 intrasse

1947 2528 2270 2599 pronuntiat,
2301 2528 2394 2582 sed
2424 2543 2520 2599 per
2546 2544 2726 2582 unum.
3345 2586 3354 2594 ,

2015 2619 2150 2674 Acc.
2200 2618 2553 2673 Prmdixeram
2595 2626 2647 2673 te
2688 2617 2818 2674 nihil
2859 2632 2979 2673 esse
3023 2618 3322 2687 dicturum;
3360 2630 3416 2677 et
3456 2620 3530 2676 ita

1944 2723 2100 2775 esse,
2147 2710 2316 2765 cuivis
2360 2708 2665 2763 tardissimo
2710 2709 2913 2762 clarum
2956 2716 3057 2763 est.
3092 2706 3357 2780 Numquid
3387 2712 3529 2765 enim

1946 2804 2110 2863 Evam
2138 2819 2244 2858 non
2270 2803 2544 2858 imitantur
2569 2811 2872 2872 peccantes,
2901 2810 2991 2856 aut
3018 2811 3293 2872 peccatum
3317 2806 3530 2874 generis

1946 2897 2165 2957 humani
2195 2910 2302 2951 non
2331 2894 2499 2966 magis
2539 2910 2603 2949 ex
2645 2895 2758 2964 ipsa
2802 2895 3029 2964 sumpsit
3067 2894 3313 2949 initium?
3341 2895 3386 2948 Α
3413 2911 3529 2949 mu-

1945 2987 2066 3047 liere
2099 2988 2297 3042 initium
2322 2989 2514 3057 factum
2538 2995 2610 3041 est
2636 2986 2853 3055 peccati,
2881 2996 2929 3041 et
2960 2995 3163 3055 propter
3191 2987 3364 3050 illam,
3393 2985 3533 3042 sicut

1943 3081 2201 3151 scriptum
2241 3088 2358 3145 est,
2401 3077 2648 3131 morimur
2690 3092 2861 3131 omnes
2904 3074 3093 3147 (Eccli.
3119 3091 3250 3141 xxv,
3280 3076 3392 3148 35).
3423 3076 3532 3131 Cur

1943 3186 2069 3242 ergo
2096 3187 2201 3231 non
2228 3170 2310 3225 vis
2338 3166 2645 3233 attendere,
2676 3178 2958 3237 prepterea
3002 3169 3177 3236 potius
3219 3166 3530 3237 Apostolum

1942 3280 2105 3319 unum
2136 3264 2335 3321 dixisse
2362 3261 2629 3316 hominem
2650 3301 2666 3326 ,
2701 3275 2794 3329 per
2821 3273 2979 3328 quem
3011 3268 3284 3329 peccatum
3315 3258 3533 3312 intravit

1942 3357 1996 3411 in
2025 3357 2300 3420 mundum,
2329 3354 2449 3424 quia
2481 3368 2586 3408 non
2614 3352 2987 3415 imitationem,
3015 3348 3111 3405 sed
3133 3350 3530 3421 generationem

1941 3449 2156 3505 volebat
2182 3445 2437 3516 intelligi?
2466 3442 2615 3498 Sicut
2641 3442 2783 3497 enim
2809 3456 2837 3494 a
2860 3441 3081 3496 muliere
3104 3439 3306 3494 initium
3329 3440 3535 3509 peccati

1943 3537 2074 3605 fuit,
2114 3538 2192 3591 sic
2230 3536 2434 3591 initium
2476 3531 2833 3602 generationis
2859 3544 2889 3584 a
2918 3530 3033 3584 viro
3060 3538 3144 3584 est
3174 3546 3188 3582 :
3219 3530 3365 3600 prior
3387 3530 3529 3584 enim

1943 3630 2024 3685 vir
2046 3629 2306 3690 seminat,
2340 3633 2395 3679 ut
2420 3623 2615 3679 femina
2647 3622 2816 3691 pariat
2845 3637 2859 3675 :
2890 3619 3010 3675 ideo
3036 3634 3136 3691 per
3162 3633 3324 3673 unum
3357 3618 3531 3674 Ιιοιιιί-Δ

1943 3735 2064 3775 ιιεηι
2094 3728 2366 3789 peccatum
2398 3714 2612 3770 intravit
2652 3713 2704 3767 iu
2747 3712 3001 3766 mundum
3022 3752 3038 3778 ,
3066 3712 3188 3781 quia
3218 3726 3314 3781 per
3345 3726 3528 3768 semen

1942 3809 2304 3880 generationis
2332 3805 2581 3871 intravit,
2612 3802 2754 3874 quod
2782 3817 2812 3856 a
2840 3802 2957 3856 viro
2982 3801 3260 3870 excipiens
3287 3801 3530 3869 concepit

1944 3902 2137 3958 femina
2171 3918 2184 3955 :
2214 3914 2322 3970 quo
2350 3912 2501 3954 more
2530 3895 2675 3951 nasci
2705 3893 2873 3949 noluit
2892 3934 2909 3961 ,
2938 3893 3029 3964 qui
3068 3893 3214 3947 solus
3252 3893 3369 3948 sine
3402 3906 3529 3963 pec-

1942 4001 2062 4047 cato
2089 4001 2170 4047 est
2198 3998 2353 4044 natus
2379 4003 2444 4044 ex
2470 3986 2689 4042 femina.

2013 4081 2170 4137 LVII.
2199 4080 2318 4136 Jun.
2359 4075 2759 4133 lrrel'utabiliter
2783 4072 3080 4128 confectum
3109 4082 3223 4140 est,
3250 4081 3524 4143 peccatum

1943 4173 2070 4228 illud
2101 4170 2308 4227 ostendi
2336 4169 2404 4223 ab
2430 4164 2688 4237 Apostolo
2725 4162 2961 4219 moribus
2997 4162 3064 4217 ad
3105 4170 3379 4232 posteros,
3420 4178 3526 4217 nou

1943 4263 2235 4319 seminibus
2276 4259 2440 4315 fuisse
2481 4258 2782 4313 devectum.
2823 4254 3028 4321 Quanta
3069 4268 3196 4324 ergo
3224 4253 3291 4309 de
3318 4268 3411 4308 ore
3439 4262 3530 4308 tuo

1943 4354 2208 4411 effluxerit
2236 4350 2471 4415 falsitas,
2503 4350 2711 4405 intuere
2739 4363 2753 4400 :
2788 4363 2807 4397 ι
2840 4345 2944 4401 Sed
2986 4343 3109 4399 ideo
3142 4361 3232 4416 per
3259 4360 3413 4398 unum
3438 4345 3530 4399 Ito-

1943 4448 2129 4500 minent
2158 4442 2442 4513 Apostolus
2467 4440 2631 4501 uixit,
2659 4453 2688 4490 a
2716 4452 2822 4507 quo
2849 4436 3120 4506 generatio
3148 4435 3332 4505 utique
3360 4435 3531 4489 homi-

1944 4555 2070 4595 num
2098 4537 2293 4607 cmpit,
2334 4542 2393 4588 ut
2432 4547 2527 4602 per
2564 4529 2961 4601 generationem
3005 4525 3222 4580 doceret
3262 4526 3391 4581 iisse
3433 4540 3533 4596 per

1942 4646 2130 4688 omnes
2145 4627 2398 4698 originale
2413 4636 2687 4695 peccatum.
2709 4640 2727 4674 ι
2747 4619 2847 4693 (De
2869 4617 3080 4689 Nuptiis
3095 4625 3142 4671 et
3160 4616 3531 4685 Concupiscen-

1944 4727 2049 4792 tia,
2091 4724 2178 4777 lib.
2203 4720 2271 4788 ‘2,
2319 4737 2373 4774 rt.
2415 4715 2549 4789 45):
2600 4729 2720 4769 eum
2758 4711 2880 4767 ideo
2919 4709 3206 4782 Apostolus
3248 4724 3339 4778 per
3373 4724 3530 4763 unum

1944 4815 2195 4870 hominem
2230 4808 2456 4873 dixerit,
2489 4822 2555 4861 ne
2582 4809 2856 4875 putaretur
2884 4801 2987 4856 isse
3027 4813 3121 4869 per
3156 4813 3343 4854 omnes
3366 4798 3531 4869 origi-

1943 4906 2065 4960 nale
2087 4910 2385 4974 peccatum.
2413 4896 2610 4967 Ineptis
2636 4896 2729 4959 ita,
2760 4902 2820 4948 ut
2845 4892 2931 4947 vix
2953 4899 3160 4946 teneam
3184 4888 3526 4953 cachinnum,

1944 4999 2034 5068 qui
2063 4996 2196 5050 dicis
2224 4990 2616 5065 generationem
2646 4986 2715 5040 ab
2742 4999 2848 5040 uno
2874 4982 3090 5038 homine
3114 4976 3376 5051 coepisse;
3404 4995 3528 5037 cum

1945 5097 1999 5143 et
2026 5085 2305 5142 diversitas
2334 5094 2576 5143 sexuum,
2604 5087 2660 5133 et
2684 5075 2842 5131 lectio
2866 5074 3040 5129 divina
3074 5080 3331 5138 testetur,
3361 5086 3528 5143 gene-

1949 5181 2203 5237 rationem
2230 5191 2335 5231 non
2362 5188 2484 5230 esse
2509 5170 2746 5242 potuisse
2764 5209 2780 5233 ,
2822 5167 2923 5223 nisi
2950 5165 3058 5222 duo
3088 5165 3232 5237 prius
3260 5163 3529 5228 homines,

1946 5273 1999 5331 id
2023 5280 2105 5328 est
2127 5271 2206 5324 vir
2233 5276 2287 5323 et
2314 5266 2521 5329 mulier,
2548 5261 2892 5317 exstitissent.

2015 5364 2149 5418 Anc.
2191 5358 2291 5428 Qui
2332 5357 2436 5411 hoc
2480 5355 2693 5423 legunt,
2741 5350 2916 5421 legant
2958 5347 3151 5403 iterum
3199 5341 3529 5414 superiorem

1945 5452 2348 5524 responsionem
2376 5461 2586 5510 meam;
2629 5452 2722 5496 aut
2759 5441 2805 5496 si
2842 5440 2957 5511 ejus
2984 5439 3123 5495 bene
3149 5435 3505 5491 meminerunt

1947 5523 2294 5602 deliramenta
2321 5538 2475 5609 hujus
2506 5536 2778 5591 irrideant.
2808 5530 3060 5598 Quamvis
3091 5540 3300 5597 possem
3326 5523 3524 5589 dicem

2009 5681 2028 5714 ι
2060 5676 2198 5732 editi,
2239 5686 2326 5737 per
2351 5674 2556 5724 duorum
2586 5666 2831 5720 nominum
2858 5662 3238 5726 conjuncttomm
3259 5655 3533 5724 fecundita-

1947 5750 2042 5793 tem
2063 5741 2334 5790 άαιιιιωεε.
