4068 6492
1285 366 1530 424 OPERIS
1570 359 1980 420 IMPERFECTI
2018 355 2290 412 CONTRA
2329 355 2691 424 JULIANUM,
2733 355 2792 412 S.
2833 355 3200 414 AUGUSTINI
3767 363 3934 422 “68

2309 468 2506 522 dictum
2541 476 2660 534 est,
2709 468 2850 538 Ergo
2881 469 3100 522 Abrahw
3126 486 3290 523 semen
3330 473 3488 538 estis;
3537 487 3663 527 cum
3697 473 3778 529 de
3829 475 3936 532 illo

2305 565 2502 620 dictum
2534 567 2601 620 sit
2630 566 2896 620 Abraham
2915 607 2930 632 ,
2963 565 3030 620 Et
3050 567 3226 621 semini
3253 577 3336 620 tuo
3355 607 3370 633 ,
3399 568 3537 637 quod
3561 578 3636 622 est
3661 567 3932 626 Christus

2307 655 2500 725 (Galat.
2531 672 2618 722 nt,
2651 657 2750 724 29,
2781 656 2894 728 16).

2375 748 2488 804 LX.
2537 749 2656 804 JUL.
2704 753 2782 806 Ac
2830 767 2925 820 per
2960 752 3060 808 hoc
3097 753 3230 808 nihil
3269 754 3366 808 sibi
3403 753 3488 808 vel
3528 753 3597 809 de
3631 757 3926 826 jucundi-

2303 847 2411 894 tate
2455 841 2611 910 ejus,
2657 843 2739 897 vel
2793 843 2862 898 de
2903 845 3222 900 verecundia
3267 853 3438 914 potest
3478 846 3740 904 diabolus
3783 851 3922 903 vin~

617 381 755 438 H67

617 495 734 549 ideo
775 505 880 546 non
924 487 1055 541 duos
1076 525 1088 548 ,
1131 482 1224 538 sed
1251 497 1412 535 unum
1443 481 1710 533 hominem
1737 476 1936 530 dixisse
1966 473 2196 540 Aposto-

619 587 724 639 lunt
747 626 761 649 ,
792 597 886 651 per
913 593 1066 648 quem
1099 584 1372 646 peccatum
1404 571 1618 626 intravit
1653 570 1706 622 in
1747 569 1998 622 mundum
2021 607 2035 630 ,
2077 563 2196 632 quia

613 677 866 746 scriptum
895 681 1012 736 est,
1043 669 1203 723 Erunt
1233 667 1332 720 duo
1369 666 1419 718 in
1458 679 1608 716 carne
1648 677 1752 714 una
1793 659 1945 730 (Gen.
1977 673 2030 722 ll,
2061 655 2154 726 24)
2181 673 2193 708 :

623 767 755 824 lude
785 764 1037 819 Dominus
1065 761 1170 826 ait,
1201 757 1368 829 Igitur
1395 756 1510 827 jam
1547 771 1648 808 non
1676 761 1792 806 sunt
1819 751 1917 804 duo
1937 791 1952 814 ,
1980 749 2068 802 sed
2095 763 2198 799 una

624 873 730 918 raro
775 853 986 926 (Matth.
1019 867 1116 905 χιχ
1137 889 1150 916 ,
1183 849 1240 920 6)
1271 865 1284 902 :
1315 847 1547 902 maxime
1587 843 1797 914 quando
1843 843 1922 894 vir
1961 839 2197 894 adhaeret

617 947 784 1012 uxori,
815 954 868 1001 et
899 945 1058 998 initur
1085 938 1418 996 concubitus.
1449 937 1524 990 De
1553 934 1838 990 concubitu
1867 941 2042 986 autem
2075 944 2197 999 pro-

614 1042 690 1095 les
729 1038 988 1108 gignitur,
1022 1032 1238 1088 trahens
1275 1029 1533 1100 originale
1571 1035 1877 1098 peccatum,
1910 1023 2037 1077 vitio
2075 1038 2196 1090 pro-

612 1139 834 1200 paganlc
854 1129 1060 1192 vitium,
1088 1125 1195 1178 Deo
1219 1131 1436 1178 creante
1457 1129 1696 1175 naturam
1729 1136 1742 1172 :
1767 1131 1924 1186 quam
1951 1125 2191 1169 naturam

609 1223 892 1290 conjuges,
919 1219 1078 1272 etiam
1109 1217 1244 1270 bene
1273 1223 1481 1268 utentes
1509 1211 1636 1264 vitio
1656 1251 1671 1276 ,
1713 1223 1818 1262 non
1857 1214 2080 1276 pOSsunt
2117 1217 2194 1258 ta—

609 1327 732 1368 tuen
763 1313 1154 1380 itagcuerare,
1183 1314 1242 1358 ut
1267 1304 1434 1375 possit
1459 1315 1578 1356 esse
1603 1299 1718 1354 sine
1742 1299 1871 1352 vitio
1901 1314 1912 1349 :
1940 1295 2079 1365 quod
2108 1295 2192 1350 ille

608 1403 698 1472 qui
740 1401 856 1456 sine
887 1401 1012 1469 ipso
1045 1407 1208 1452 natus
1251 1403 1335 1448 est
1377 1392 1540 1458 vitio,
1585 1397 1806 1445 evacuat
1845 1387 1898 1440 in
1937 1386 2189 1456 parvulis,

609 1493 766 1547 etiam
799 1491 1012 1545 nolente
1046 1487 1274 1542 Iuliano.

682 1584 859 1640 LVIII.
890 1584 1008 1639 JUL.
1055 1581 1162 1635 Aut
1208 1580 1252 1634 si
1301 1577 1436 1632 forte
1485 1575 1752 1647 (quoniam
1801 1572 1954 1626 aliter
1999 1569 2190 1640 dogma

609 1687 756 1731 tuum
788 1685 928 1730 stare
957 1689 1064 1728 non
1093 1668 1285 1742 potest)
1316 1669 1482 1724 Adam
1511 1683 1576 1722 ex
1603 1681 1661 1720 se
1687 1665 1998 1734 concepisse
2022 1671 2075 1717 et
2101 1677 2190 1731 pc-

613 1769 813 1836 perissc
839 1764 1178 1835 responderis
1203 1780 1216 1816 :
1246 1761 1556 1836 Apostolum
1582 1757 1794 1826 quidem
1817 1769 1920 1809 non
1945 1755 2044 1808 hoc
2069 1769 2191 1808 sen-

607 1860 744 1913 sisse
787 1858 918 1912 nulli
961 1855 1212 1918 dubium;
1261 1861 1314 1907 tu
1345 1867 1468 1907 vero
1503 1849 1626 1920 quid
1658 1848 1807 1902 sexui
1839 1860 1930 1901 tuo
1958 1845 2188 1924 volueris

607 1947 822 2002 evenire
859 1945 1198 2001 monstrabis.

676 2039 812 2094 Ave.
851 2037 967 2092 Non
1011 2036 1322 2106 expavescis
1365 2033 1506 2104 quod
1547 2031 1800 2100 scriptum
1839 2038 1958 2096 est,
2011 2029 2190 2098 Neque

603 2129 838 2184 maledici
865 2145 1074 2199 regnum
1103 2127 1198 2180 Dei
1225 2125 1548 2196 possidebunt
1575 2122 1618 2193 (I
1653 2122 1770 2176 Cor.
1801 2139 1850 2175 VI
1872 2164 1886 2188 ,
1919 2119 2044 2193 10)?
2082 2121 2187 2176 Ne-

601 2235 704 2290 que
741 2219 882 2274 enim
912 2228 1018 2272 tam
1061 2217 1198 2272 fmda
1223 2215 1460 2270 convicia
1489 2213 1619 2268 nihil
1649 2225 1700 2268 te
1722 2213 2046 2282 adjuvantia,
2076 2211 2178 2266 nisi

603 2309 956 2366 maledicendi
977 2309 1218 2374 libidine,
1251 2307 1564 2375 loquereris.

673 2401 808 2458 LIX.
837 2401 957 2456 JUL.
987 2399 1184 2455 Verum
1217 2399 1332 2454 haec
1371 2397 1567 2451 omissa
1607 2397 1858 2450 faciamus
1887 2399 1902 2428 ²
1925 2439 1940 2462 ,
1973 2405 2026 2452 et
2053 2397 2182 2452 illud

603 2492 744 2560 quod
775 2507 805 2545 a
834 2491 983 2545 vobis
1010 2499 1230 2559 apparet
1261 2503 1415 2560 posse
1459 2489 1512 2542 in
1542 2488 1644 2542 hoc
1687 2488 1806 2542 loco
1845 2487 2067 2554 referri,
2097 2503 2184 2542 ra-

603 2586 765 2640 tionis
793 2584 996 2638 viribus
1025 2585 1348 2638 deteramus.
1405 2582 1460 2638 Si
1505 2597 1633 2650 ergo
1657 2582 1857 2636 dixeris
1881 2623 1896 2648 ,
1924 2582 2181 2651 scriptum

603 2693 722 2732 esse
761 2676 826 2729 de
865 2675 964 2730 hac
999 2673 1377 2728 conuuixtionc
1401 2715 1416 2740 ,
1460 2673 1601 2744 quod
1644 2673 1770 2728 liant
1797 2674 1902 2727 duo
1942 2673 1994 2727 iu
2022 2687 2182 2728 carne

599 2783 726 2830 una,
756 2775 810 2822 et
833 2765 1122 2820 secundum
1151 2763 1290 2819 hunc
1312 2764 1548 2828 modum,
1578 2763 1888 2834 Apostolum
1909 2779 1994 2833 per
2023 2779 2182 2816 unum

600 2859 852 2912 hominem
899 2856 1132 2920 dixisse,
1189 2863 1246 2910 ul.
1295 2853 1768 2908 adha‘rentia'sibi
1817 2853 2180 2922 generantium

601 2947 842 3004 membra
893 2948 1173 3016 signaret:
1207 2945 1541 3013 respondebo
1587 2943 1687 2998 hoc
1733 2959 1944 3012 quoque
1993 2955 2180 2998 contra

600 3045 837 3090 vestram
883 3035 1206 3104 impietatem
1249 3034 1448 3088 valere.
1499 3033 1616 3088 Non
1657 3033 1797 3086 enim
1833 3033 2030 3086 dictum
2074 3043 2177 3097 est,

599 3129 772 3182 Erunt
799 3128 904 3182 duo
933 3127 1177 3180 homines
1208 3126 1258 3178 in
1281 3139 1387 3179 uno
1417 3125 1667 3190 homine;
1711 3123 1804 3178 sed
1825 3165 1842 3190 ,
1885 3123 2053 3176 Erunt
2079 3125 2180 3178 duo

595 3221 650 3271 in
693 3233 845 3271 carne
889 3233 991 3270 una
1018 3231 1036 3271 :
1064 3231 1171 3286 quo
1207 3215 1460 3270 unitiouis
1485 3217 1506 3248 ³
1531 3215 1750 3270 nomine
1795 3215 2039 3284 voluptas
2085 3215 2174 3268 illa

596 3308 904 3363 coeuntium
925 3347 940 3372 ,
991 3317 1044 3362 et
1081 3306 1247 3362 libido
1271 3321 1390 3376 quae
1416 3319 1631 3360 sensum
1663 3307 1902 3360 afficiens
1941 3307 2178 3361 membra

597 3407 932 3464 consternat,
965 3413 1063 3464 ac,
1095 3397 1232 3452 sicut
1281 3397 1370 3452 ille
1417 3395 1650 3466 prudens
1696 3397 1984 3460 intellexit,
2017 3413 2177 3452 unam

595 3504 812 3545 carnem
837 3489 1000 3559 gestit
1024 3486 1239 3544 efﬁcere
1263 3529 1280 3554 ,
1310 3502 1340 3542 a
1373 3486 1480 3541 Deo
1511 3487 1750 3542 instituta
1774 3495 1830 3542 et
1861 3487 2178 3557 corporibus

593 3590 718 3638 ante
747 3587 1020 3651 peccatum
1047 3579 1330 3634 doceretur
1354 3577 1375 3610 ³
1403 3578 1621 3633 inserta.

669 3673 806 3728 Auc.
854 3670 911 3726 Si
948 3678 1008 3725 ut
1045 3678 1228 3726 essent
1254 3670 1360 3724 duo
1402 3670 1456 3723 in
1491 3677 1654 3726 Carne
1685 3659 1825 3733 una,
1869 3671 2044 3728 facere
2078 3673 2178 3727 nisi

596 3765 760 3821 libido
785 3778 893 3819 non
915 3771 1096 3833 posset
1121 3759 1315 3835 (quam
1343 3769 1642 3830 susceptam
1671 3769 1814 3816 tuam
1846 3764 2001 3818 talem
2027 3780 2180 3834 pror-

595 3871 708 3923 sus,
737 3855 911 3926 qualis
931 3869 1072 3909 nunc
1097 3868 1126 3907 a
1149 3862 1200 3908 te
1219 3864 1276 3908 et
1299 3851 1543 3906 laudatur
1563 3860 1618 3907 et
1636 3865 1990 3923 expugnatur,
2018 3871 2178 3926 quam

582 3947 899 4018 pudendam
929 3944 1200 4000 confiteris
1222 3953 1276 3998 et
1302 3944 1418 3997 sine
1443 3942 1645 4013 pudore
1665 3944 1742 3998 sic
1765 3945 1942 4014 diligis
1966 3987 1982 4012 ,
2015 3946 2179 4002 audes

596 4041 756 4096 etiam
777 4037 1011 4108 paradisi
1034 4037 1371 4106 possessione
1391 4035 1577 4091 dotare
1597 4037 1646 4106 );
1679 4036 1822 4090 nullo
1838 4037 1999 4090 modo
2016 4039 2176 4092 etiam

597 4135 651 4187 in
673 4131 888 4187 Christo
915 4138 970 4186 et
1015 4129 1070 4183 in
1094 4127 1334 4182 Ecclesia
1368 4137 1548 4196 posset
1589 4126 1851 4197 intelligi,
1879 4126 2049 4182 Erunt
2075 4127 2178 4184 duo

593 4237 826 4276 incarne
853 4236 976 4276 una.
1007 4217 1350 4287 Nequeenim
1383 4216 1492 4270 tam
1517 4216 1674 4287 longe
1697 4218 1965 4272 exorbitas
1991 4233 2021 4271 a
2047 4219 2180 4273 veri-

595 4312 721 4368 tatis
744 4311 828 4366 via
853 4351 868 4376 ,
905 4318 971 4364 ut
993 4309 1154 4363 etiam
1196 4306 1554 4376 conjunctioni
1587 4305 1784 4360 Christi
1823 4317 1876 4362 et
1898 4307 2173 4372 Ecclesiae,

597 4405 736 4460 hanc
759 4401 958 4457 audeas
973 4400 1270 4469 importare
1301 4396 1324 4430 ⁵
1349 4397 1642 4452 libidinem.
1673 4397 1860 4464 Porro,
1889 4400 1932 4453 si
1953 4413 2178 4469 possunt

595 4497 713 4550 sine
751 4493 1000 4549 istaesse
1019 4491 1125 4545 duo
1158 4489 1210 4544 in
1237 4503 1398 4544 carne
1419 4503 1524 4542 una
1549 4485 1794 4544 Christus
1813 4497 1868 4544 et
1893 4490 2132 4546 Ecclesia
2157 4508 2172 4556 ;

593 4591 890 4655 potuerunt
916 4582 1075 4638 etiam
1107 4581 1192 4634 vir
1218 4587 1273 4634 et
1303 4595 1456 4642 uxor,
1497 4581 1540 4633 si
1561 4595 1718 4634 nemo
1742 4593 2034 4651 peccasset,
2065 4600 2172 4639 non

601 4674 847 4744 pudenda
876 4672 1094 4727 libidine.
1117 4713 1131 4738 ,
1169 4671 1236 4725 de
1263 4687 1365 4742 qua
1395 4671 1662 4727 erubescit
1695 4683 1748 4726 et
1777 4674 1865 4740 qui
1894 4689 2012 4729 eam
2059 4676 2173 4729 Iau-

597 4765 728 4822 dare
773 4779 877 4818 non
901 4761 1218 4828 -eruhescit,
1267 4761 1360 4818 sed
1391 4764 1582 4818 merito
1623 4765 1884 4820 laudanda
1913 4767 2174 4824 charitate

599 4855 850 4926 conjungi
877 4856 922 4922 ⁵,
944 4863 998 4909 et
1023 4855 1249 4908 filiorum
1277 4857 1728 4924 procreandorum
1749 4873 1908 4914 causa
1926 4875 2044 4914 esse
2068 4861 2174 4915 duo

595 4949 652 5002 in
675 4961 836 5002 carne
867 4959 990 5000 una.
1043 4943 1194 5000 Unde
1221 4945 1476 5001 Dominus
1499 4961 1618 5001 cum
1657 4947 1815 5016 dicit,
1863 4947 2029 5020 Igitur
2059 4952 2174 5020 jam

595 5055 697 5092 non
725 5044 842 5091 sunt
868 5037 1008 5102 duo,
1059 5035 1150 5089 sed
1189 5053 1292 5089 una
1329 5049 1484 5102 caro;
1521 5053 1628 5091 non
1660 5040 1839 5108 utique
1867 5041 2026 5108 dicit,
2057 5042 2174 5098 Non

592 5135 719 5184 sunt
756 5126 875 5182 dua:
898 5169 914 5194 ,
960 5125 1054 5181 sed
1097 5143 1201 5180 una
1231 5142 1374 5181 caro.
1418 5127 1554 5194 Quid
1584 5144 1710 5198 ergo
1743 5146 1848 5184 non
1889 5143 2014 5188 sunt
2047 5135 2171 5200 duo,

593 5220 698 5274 nisi
725 5220 748 5250 ⁵
773 5219 1016 5274 homines
1040 5217 1064 5272 ?
1107 5220 1245 5274 sicut
1269 5217 1516 5274 Christus
1542 5231 1597 5275 et
1621 5221 1857 5277 Ecclesia
1883 5225 2039 5281 simul
2067 5245 2172 5284 non

593 5313 704 5370 duo
746 5311 979 5378 Christi,
1023 5311 1118 5366 sed
1160 5325 1296 5366 unus
1332 5321 1414 5366 est
1442 5312 1685 5368 Christus
1716 5332 1728 5368 :
1761 5317 1900 5374 unde
1935 5327 1991 5374 et
2021 5323 2174 5378 nobis

655 5467 670 5532 ξ
709 5465 846 5525 vign.
875 5470 926 5532 et
947 5463 1177 5532 Meum-tl“
1210 5471 1382 5532 rg'erum
1403 5461 1509 5514 ha'c
1531 5463 1676 5515 missu
1693 5465 1944 5530 faciamus.
2010 5480 2065 5522 at.

625 5528 672 5556 ~-'!
708 5525 936 5584 λείψει-(1.,
962 5525 1160 5573 rationis.
1227 5530 1282 5572 Μ.

654 5589 675 5618 ³
707 5589 780 5634 sic
801 5593 906 5634 Mss.
931 5585 1066 5642 Editi,
1093 5585 1308 5634 docetur.

607 5683 610 5687 .
639 5649 674 5678 4
707 5648 780 5696 sic
799 5653 903 5696 Mss.
929 5647 1050 5696 ειηιί
1071 5655 1248 5703 autem,
1276 5646 1531 5704 imputare.

653 5709 674 5770 ξ
711 5715 861 5770 Iunis.
889 5715 1033 5766 πνοι-ιη
1059 5707 1284 5770 ςοηῙηῃίἰ.

639 5769 676 5798 ⁴
705 5769 845 5828 aliti,
868 5779 960 5817 non
982 5768 1090 5820 nisi.
1113 5768 1273 5834 Abest,
1310 5782 1421 5832 nun,
1444 5784 1472 5822 a
1497 5780 1599 5824 stas.

2302 933 2498 987 dicare.

2372 1024 2508 1078 Anc.
2539 1021 2676 1090 Quid
2707 1033 2790 1079 est
2815 1026 2958 1096 quod
2983 1025 3118 1080 dicis
3139 1067 3154 1094 ,
3195 1046 3214 1078 ι
3249 1027 3316 1082 dc
3348 1030 3672 1084 verecundia
3695 1031 3724 1084 ’ἓ
3761 1051 3782 1084 ι
3825 1035 3914 1088 An

2301 1114 2667 1170 confusionem
2690 1117 2964 1172 nominare
2989 1117 3370 1172 eonfunderis?
3403 1121 3466 1173 Iit
3491 1129 3672 1176 tamen
3701 1121 3918 1192 puden-

2300 1205 2422 1260 dum
2452 1207 2724 1262 libidinem
2747 1250 2760 1274 ,
2797 1221 2852 1265 et
2879 1218 3004 1266 ante
3041 1222 3314 1281 peccatum
3357 1213 3525 1268 fuisse
3553 1215 3698 1271 dicis
3733 1217 3790 1272 in
3827 1220 3914 1273 eis

2299 1297 2366 1353 de
2393 1299 2583 1368 quibus
2602 1299 2728 1356 dicit
2752 1301 3022 1370 Scriptura
3039 1343 3055 1370 ,
3089 1301 3237 1356 Nudi
3263 1315 3406 1358 erant
3423 1348 3436 1371 ,
3461 1316 3508 1359 et
3530 1324 3632 1362 non
3663 1314 3910 1381 confun-

2297 1390 2545 1445 debantur
2569 1391 2718 1462 (Gen.
2753 1409 2806 1458 II,
2836 1393 2951 1464 25).

2369 1483 2499 1537 LXI.
2529 1485 2648 1540 JUL.
2685 1485 3062 1541 Verumtamen
3091 1487 3182 1543 hic
3215 1489 3502 1558 Apostolus
3531 1492 3578 1545 si
3621 1493 3758 1561 quid
3793 1497 3904 1551 tale

2297 1573 2574 1642 sensisset,
2603 1593 2697 1644 per
2721 1593 2880 1631 unam
2901 1593 3138 1644 carnem,
3173 1597 3276 1634 non
3303 1597 3396 1652 per
3417 1597 3582 1638 unum
3609 1583 3898 1642 hominem

2297 1677 2568 1731 peccatum
2603 1667 2830 1722 intrasse
2873 1668 3118 1724 dixisset.
3167 1670 3272 1726 Per
3312 1673 3722 1742 generationem
3769 1693 3898 1732 vero

2295 1757 2588 1812 substantia
2639 1761 2816 1815 carnis
2861 1761 3034 1816 soboli
3084 1763 3193 1816 sola
3244 1765 3518 1833 participat
3551 1785 3566 1818 :
3599 1770 3730 1836 quia
3787 1785 3896 1824 non

2293 1849 2468 1902 anima
2491 1850 2558 1905 de
2584 1851 2758 1906 anima
2783 1895 2798 1918 ,
2828 1853 2922 1908 sed
2957 1869 3082 1908 caro
3107 1854 3173 1910 de
3193 1871 3355 1910 carne
3393 1857 3621 1912 trahitur
3652 1876 3664 1912 :
3703 1861 3760 1914 in
3792 1877 3892 1914 no-

2293 1955 2436 1994 nnne
2465 1949 2641 1996 autem
2666 1942 2898 1997 hominis
2919 1984 2934 2008 ,
2965 1953 3019 1998 et
3044 1945 3258 1999 animus
3285 1947 3502 2014 proprie
3531 1948 3810 2004 indicatur
3837 1962 3892 2006 et

2292 2043 2486 2098 corpus
2517 2047 2532 2086 :
2562 2047 2624 2086 ac
2645 2047 2740 2102 per
2769 2032 2869 2087 hoc
2894 2034 3181 2104 Apostolus
3205 2051 3366 2088 unum
3399 2036 3674 2092 hominem
3707 2043 3890 2094 nomi-

2292 2119 2503 2184 nando,
2537 2135 2636 2176 nec
2679 2122 2948 2192 negotium
2980 2123 3318 2179 fecunditatis
3361 2127 3638 2195 ostendit,
3681 2130 3740 2184 in
3781 2147 3890 2201 quo

2293 2209 2422 2263 nihil
2465 2221 2659 2280 prater
2705 2213 3057 2267 substantiam
3100 2216 3278 2269 carnis
3320 2216 3578 2285 impertiri
3621 2233 3884 2284 noverat;

2291 2313 2391 2354 nec
2429 2299 2565 2356 duos
2607 2301 2832 2374 intelligi
2879 2305 3078 2370 voluit,
3121 2307 3212 2375 qui
3254 2322 3416 2362 unum
3458 2309 3786 2376 inculcavit,
3829 2323 3886 2366 ut

2289 2391 2506 2447 doceret
2552 2394 2848 2451 imitatione
2893 2398 3148 2453 transisse
3171 2439 3186 2465 ,
3237 2413 3344 2454 non
3371 2402 3726 2470 generatione
3755 2420 3880 2475 pec-

2287 2491 2483 2536 catum.

2357 2575 2492 2630 Anc.
2519 2574 2652 2642 Quid
2671 2585 2754 2632 est
2775 2591 2924 2648 ergo,
2947 2577 3069 2632 Jam
3083 2596 3184 2634 non
3201 2591 3318 2634 sunt
3341 2581 3462 2648 duo,
3493 2585 3582 2637 sed
3605 2601 3710 2638 una
3731 2602 3880 2652 caro;

2288 2667 2386 2720 nisi
2413 2708 2428 2734 ,
2459 2667 2574 2721 Non
2605 2679 2727 2722 sunt
2747 2670 2851 2724 duo
2873 2669 3147 2736 homines,
3190 2681 3409 2743 prepter
3435 2690 3596 2730 unam
3624 2681 3878 2734 cantem?

2285 2757 2416 2812 Cum
2458 2767 2511 2812 et
2551 2761 2661 2828 ipsa
2697 2776 2824 2814 caro
2849 2771 3028 2830 posset
3055 2763 3158 2817 dici
3188 2764 3380 2830 homo,
3419 2781 3450 2820 a
3481 2777 3630 2837 parte
3665 2779 3874 2826 totum:

2285 2849 2457 2914 sicut,
2519 2848 2736 2903 Verbum
2781 2868 2899 2905 caro
2942 2853 3134 2922 factum
3177 2863 3250 2907 est
3291 2854 3467 2925 (Joan.
3499 2873 3554 2923 ι,
3583 2860 3706 2930 14);
3755 2864 3874 2930 quia

2287 2939 2446 2992 homo
2468 2937 2637 2994 factus
2663 2951 2742 2994 est
2765 2983 2780 3006 ,
2807 2942 2873 2996 de
2899 2958 3006 3012 quo
3033 2944 3228 2998 dictum
3254 2957 3356 3000 est.
3396 2951 3684 3016 Apostolus
3713 2955 3872 3006 etiam

2284 3030 2423 3100 quod
2447 3031 2550 3096 ait,
2583 3031 2821 3088 Exterior
2844 3035 2993 3088 homo
3019 3039 3353 3108 corrumpitur
3379 3038 3444 3113 (ΙΙ
3475 3039 3592 3096 Cor.
3627 3059 3677 3097 tv
3697 3087 3714 3108 ,
3750 3047 3869 3115 £6);

2286 3131 2414 3192 puto
2442 3123 2580 3190 quod
2607 3139 2820 3178 carnem
2853 3125 3068 3196 intelligi
3098 3128 3282 3182 voluit.
3315 3129 3538 3199 Propter
3563 3134 3704 3201 quod
3733 3147 3870 3191 recte

2285 3211 2572 3280 loquimur,
2603 3228 2723 3267 cum
2755 3213 3012 3280 dicimus,
3045 3215 3288 3272 Hominis
3315 3221 3656 3288 sepulcrum;
3684 3240 3867 3294 quam-

2283 3302 2364 3356 vis
2391 3318 2517 3356 caro
2559 3304 2630 3358 ibi
2674 3306 2786 3360 sola
2836 3309 3038 3376 sepulta
3085 3309 3173 3362 sit.
3219 3309 3329 3366 Nec
3351 3315 3550 3368 erravit
3573 3332 3694 3385 quae
3723 3319 3864 3384 dixit,

2287 3390 2530 3446 Tulerunt
2579 3393 2856 3449 Dominum
2898 3414 3065 3452 meum
3103 3399 3166 3454 de
3213 3414 3532 3458 monumento
3569 3405 3749 3474 (Joan.
3779 3426 3862 3469 xx,

2285 3483 2440 3553 l5));
2484 3487 2726 3555 quamvis
2763 3488 2878 3542 sola
2919 3504 3044 3544 caro
3091 3491 3159 3544 ibi
3203 3493 3371 3562 posita
3399 3493 3578 3550 fuerit.
3629 3497 3866 3554 ﬂauente

2283 3588 2411 3644 ergo
2439 3574 2507 3629 de
2544 3574 2722 3629 animo
2755 3578 3132 3633 obscurissima
3172 3584 3500 3650 quaestione,
3532 3588 3702 3655 potuit
3749 3592 3862 3655 diei,

2285 3664 2389 3719 Per
2426 3683 2583 3720 unum
2630 3667 2882 3721 hominem
2934 3682 3194 3740 peccatum
3239 3673 3442 3728 intravit
3489 3677 3543 3730 in
3591 3683 3862 3746 mundum;

2282 3755 2491 3809 etiamsi
2517 3755 2582 3809 ad
2613 3759 2956 3828 propaginem
2986 3761 3097 3814 sola
3127 3777 3251 3816 caro
3283 3765 3568 3832 pertineat.
3617 3769 3744 3825 [hec
3775 3773 3864 3826 ita-

2283 3861 2388 3916 que
2407 3847 2640 3912 attende,
2668 3855 2722 3902 et
2744 3863 2901 3918 quam
2927 3851 3060 3905 nihil
3089 3851 3285 3907 dixeris
3306 3855 3446 3910 vide.

2354 3941 2512 3998 LXII.
2538 3942 2657 3998 JUL.
2687 3943 2784 3999 Hic
2808 3945 2940 4014 jam,
2971 3947 3096 4001 licet
3116 3949 3286 4018 egerit
3309 3961 3486 4020 partes
3501 3968 3628 4008 suas
3651 3958 3860 4022 veritas,

2282 4040 2457 4088 tamen
2486 4045 2544 4089 ut
2568 4036 2635 4088 sit
2658 4035 2889 4091 intentus
2913 4037 3112 4104 lector,
3135 4039 3417 4096 admoneo.
3448 4043 3742 4102 Plurimum
3769 4049 3858 4119 igi-

2285 4133 2370 4178 tur
2397 4125 2448 4179 in
2473 4125 2575 4180 hoc
2603 4125 2852 4182 conflictu
2873 4127 2939 4183 de
2959 4144 3080 4184 meo
3103 4131 3226 4200 jure
3253 4132 3476 4202 deposui
3501 4176 3516 4202 ,
3549 4149 3861 4210 secutusque

2281 4231 2388 4286 quo
2427 4217 2718 4273 adversarii
2767 4221 3038 4276 temeritas
3083 4236 3498 4292 provocaverat,
3549 4229 3686 4286 adeo
3724 4247 3860 4288 sanae

2281 4309 2403 4365 ﬁdei
2431 4311 2564 4366 scita
2590 4311 2824 4378 defendi,
2847 4321 2905 4368 ut
2928 4314 3136 4369 etiamsi
3165 4315 3400 4388 Magistri
3429 4319 3679 4378 Gentium
3707 4327 3860 4382 verba

2281 4411 2480 4488 essent,
2503 4402 2693 4472 quibus
2713 4403 2861 4458 illum
2883 4421 3035 4460 usum
3057 4406 3421 4465 Traducianus
3443 4415 3680 4482 putavit;
3703 4417 3859 4488 lique-

2279 4502 2362 4549 ret
2390 4502 2568 4548 tamen
2606 4509 2728 4550 eum
2773 4495 2908 4549 nihil
2943 4495 3012 4551 de
3062 4499 3290 4554 naturali
3340 4503 3577 4559 sensisse
3627 4519 3852 4575 peccato,

2279 4585 2371 4654 qui
2400 4585 2729 4640 nominando
2765 4585 3036 4642 hominem
3055 4627 3070 4652 ,
3098 4588 3191 4642 sed
3223 4605 3410 4657 unum,
3439 4608 3544 4647 non
3571 4596 3750 4666 utique
3773 4613 3856 4668 ge-

2279 4675 2608 4729 neratiuuem
2635 4675 2874 4731 criminis
2894 4716 2909 4744 ,
2937 4676 3030 4734 sed
3060 4681 3310 4750 exempla
3339 4683 3630 4752 culpasset.

2349 4767 2485 4824 Anc.
2515 4769 2830 4839 Exemplum
2861 4770 3090 4841 dedisti,
3136 4773 3231 4829 sed
3263 4777 3518 4832 vanitatis
3547 4779 3598 4834 in
3622 4789 3674 4835 te
3705 4782 3814 4852 ipso
3839 4801 3852 4835 :

2279 4859 2402 4929 quia
2431 4861 2476 4915 si
2507 4862 2808 4931 exemplum
2839 4864 3041 4933 peccati
3074 4881 3103 4919 a
3131 4866 3304 4936 primo
3333 4881 3614 4938 peccatore
3651 4871 3856 4930 homine

2281 4953 2566 5022 Apostolus
2607 4965 2866 5024 poneret,
2911 4956 2964 5011 id
3003 4966 3121 5025 est,
3169 4957 3371 5028 Adam;
3416 4963 3654 5032 profecto
3681 4980 3855 5020 exem-

2280 5044 2424 5112 plum
2461 5044 2678 5114 justitia:
2703 5061 2734 5100 a
2758 5045 2931 5116 primo
2957 5046 3172 5104 homine
3207 5052 3354 5119 justo
3389 5064 3648 5122 poneret,
3682 5055 3733 5109 id
3759 5067 3854 5120 est,

2279 5135 2434 5190 Abel.

2351 5224 2533 5280 LXIII.
2562 5225 2682 5281 JUL.
2707 5225 2925 5282 Constat
2951 5239 3132 5284 autem
3162 5247 3268 5288 non
3297 5249 3419 5289 esse
3447 5238 3852 5305 apostolicorum

2281 5317 2568 5374 verborum
2592 5334 2712 5372 eum
2741 5321 2983 5376 ordinem
3009 5365 3024 5388 ,
3051 5339 3210 5393 quem
3241 5327 3489 5384 inimicus
3509 5341 3692 5386 noster
3711 5344 3853 5402 puta-

2283 5411 2376 5464 vit.
2417 5409 2829 5496 Argumentatur
2851 5415 3045 5485 quippe
3072 5415 3174 5470 hoc
3200 5419 3359 5473 modo
3389 5439 3402 5474 :
3439 5439 3456 5471 t
3497 5421 3550 5474 Si
3579 5425 3852 5492 Apostolus

2283 5503 2634 5558 imitationem
2659 5545 2674 5568 ,
2707 5525 2725 5557 ι
2761 5506 2960 5576 inquit,
2997 5527 3015 5560 ς
3053 5509 3307 5565 voluisset
3341 5511 3594 5582 intelligi,
3637 5530 3742 5568 non
3775 5535 3854 5586 per

2283 5612 2442 5649 unum
2470 5595 2720 5650 hominem
2739 5639 2754 5662 ,
2785 5599 2878 5652 sed
2907 5615 3000 5668 per
3019 5599 3288 5656 diabolum
3317 5613 3590 5672 peceatum
3613 5606 3850 5670 immsse,

2284 5695 2339 5742 et
2373 5702 2470 5757 per
2493 5701 2682 5744 omnes
2709 5687 2950 5746 homines
2979 5691 3329 5760 pertransisse
3353 5694 3592 5750 dixisset.
3635 5697 3712 5752 De
3749 5699 3856 5752 diae

2287 5776 2408 5832 bolo
2427 5775 2620 5847 quippe
2649 5779 2901 5848 scriptum
2933 5790 3045 5852 est,
3079 5780 3355 5838 Imitantur
3381 5801 3526 5854 eum,
3552 5789 3638 5857 qui
3665 5799 3776 5842 sunt
3803 5803 3856 5846 α

3527 6482 3590 6488 ἡ
3672 6481 4002 6492 ﬁcu-ﬁ."-
