4062 6504
266 366 412 424 1109

264 492 415 552 parte
431 481 545 552 ejus
563 498 583 534 ι
613 477 766 551 (Sap.
785 491 843 543 tt,
861 473 979 547 25).
1007 492 1027 528 ‹
1045 472 1151 529 Sed
1173 471 1292 529 ideo
1314 487 1401 543 per
1421 487 1576 526 unum
1596 470 1846 531 hominem

264 570 434 634 dixit,
464 584 496 624 a
524 583 632 639 quo
657 565 930 638 generatio
969 565 1151 635 utique
1177 563 1452 625 hominum
1483 562 1645 631 erepit
1674 569 1730 614 ut
1757 574 1851 627 per

265 661 668 735 generationem
711 659 932 714 doceret
960 658 1087 713 iisse
1114 672 1207 726 per
1234 671 1421 710 omnes
1441 654 1697 725 originale
1724 667 1853 721 prc-

266 766 449 811 catum
478 772 499 807 ι
534 752 635 824 (De
664 751 875 821 Nuptiis
895 760 945 806 et
970 749 1382 817 Concupiscentia
1401 788 1416 812 ,
1452 747 1539 802 lib.
1563 745 1600 800 2
1619 787 1635 810 ,
1656 763 1707 799 η.
1737 745 1853 811 15).

270 849 329 901 In
361 845 463 901 hoc
486 859 614 915 ergo
642 844 929 908 mentitur,
964 840 1103 912 quod
1131 839 1364 894 affirmat
1392 840 1603 893 beatum
1635 835 1854 890 Paulum

272 935 672 1006 pronuntiasse,
698 933 819 1003 quia
850 948 945 1001 per
972 946 1133 986 unum
1163 930 1429 985 hominem
1456 941 1732 998 peccatum
1759 925 1843 980 in-

272 1026 493 1082 traverit
522 1024 576 1079 in
619 1022 911 1086 mundum,
955 1030 1114 1091 atque
1160 1021 1232 1074 ita
1281 1020 1333 1073 in
1378 1032 1568 1072 omnes
1610 1015 1857 1070 homines

274 1116 645 1188 pertransierit
674 1131 689 1170 :
718 1114 841 1177 hoc.
867 1113 1100 1183 inquam,
1129 1112 1181 1166 in
1202 1110 1435 1179 Magistri
1474 1108 1720 1166 Gentium
1742 1121 1859 1162 ser-

274 1211 526 1266 monibus
565 1223 669 1262 non
714 1216 953 1269 tenetur;
998 1206 1084 1260 ille
1125 1205 1320 1275 quippe
1361 1218 1465 1258 non
1505 1202 1640 1257 dixit
1670 1216 1856 1272 pecca-

277 1310 396 1356 tum
427 1300 691 1364 transisse,
719 1296 815 1353 sed
838 1304 1083 1351 mortem.
1114 1295 1212 1349 Est
1239 1310 1368 1365 ergo
1391 1293 1523 1348 ordo
1539 1293 1854 1348 verborum:

280 1395 431 1449 Sicut
456 1408 544 1463 per
567 1406 723 1444 unum
759 1389 1009 1443 hominem
1041 1396 1300 1456 peccatum
1327 1386 1380 1438 in
1414 1384 1656 1438 mundum
1690 1383 1856 1436 intra-

275 1486 349 1538 rit
372 1525 387 1549 ,
431 1493 477 1537 et
521 1498 610 1551 per
652 1488 909 1552 peccatum
938 1494 1111 1541 mors;
1153 1486 1200 1531 et
1236 1476 1307 1530 ita
1348 1476 1401 1530 in
1427 1490 1597 1529 omnes
1633 1474 1859 1527 homines

274 1571 596 1645 pertransiit,
624 1571 679 1625 in
703 1586 800 1643 quo
825 1586 997 1624 omnes
1025 1578 1371 1640 peccaverunt.
1414 1565 1669 1621 Sublimis
1694 1565 1859 1619 infor-

274 1674 453 1720 mator
482 1662 737 1718 Ecclesia:
758 1703 773 1727 ,
817 1661 946 1731 quid
972 1661 1069 1716 sibi
1094 1659 1379 1716 dicendum
1400 1666 1543 1714 esset
1562 1656 1817 1728 expendit
1842 1676 1857 1712 :

1580 348 1781 407 LIBER
1817 347 2197 408 SECUNDUS.

3403 362 3538 421 1170

1964 469 2134 537 primo
2189 467 2405 526 homine
2442 479 2496 525 et
2537 481 2816 543 peccatum
2855 480 2914 531 et
2949 482 3174 533 mortem
3227 473 3420 541 fuisse,
3462 478 3530 531 ad

1962 569 2205 629 posteros
2246 576 2373 618 vero
2413 563 2581 619 solam
2631 566 2891 623 transisse
2932 576 3158 626 mortem
3193 584 3206 623 :
3239 573 3299 623 tu
3344 577 3533 624 contra

1959 651 2190 718 asseris,
2238 663 2295 707 et
2341 664 2617 725 peccatum
2661 657 2729 712 ad
2777 673 2965 715 omnes
3013 668 3070 715 et
3114 659 3388 716 interitum
3436 676 3537 716 cu-

1957 743 2189 797 currisse
2222 744 2264 796 ί.

2028 837 2164 892 Αυο.
2191 836 2308 892 Jam
2333 853 2648 908 responsum
2679 850 2760 895 est
2791 858 2806 895 :
2835 842 3075 913 relegant
3095 843 3185 914 qui
3204 843 3390 899 volunt
3418 860 3539 914 qua:

1960 940 2118 996 supra
2149 925 2402 995 diximus,
2430 942 2499 983 ne
2519 929 2785 999 superﬂuo
2811 932 2998 987 eadem
3023 933 3214 988 iterum
3240 933 3541 1004 iterumque

1962 1024 2286 1086 repetamus.

2030 1106 2190 1161 LXV.
2218 1106 2338 1163 Jun.
2367 1107 2706 1179 Impudenter
2747 1109 2905 1181 igitur
2936 1112 3037 1168 sub
3066 1112 3251 1168 umbra
3288 1113 3406 1184 ejus
3436 1127 3536 1169 no-

1961 1199 2119 1253 minis
2166 1198 2471 1261 delitescis.
2521 1215 2641 1256 cum
2685 1200 2843 1258 nimis
2894 1201 3104 1258 diversa
3156 1206 3521 1276 contrariaque

1960 1286 2169 1346 dicatis.
2202 1291 2295 1346 Ille
2323 1294 2465 1346 enim
2487 1291 2662 1361 arguit
2680 1307 2814 1362 epus
2841 1293 3137 1362 hominum,
3163 1305 3221 1350 tu
3244 1311 3377 1365 opus
3408 1297 3520 1353 Dei:

1961 1381 2051 1437 ille
2089 1382 2264 1437 studia
2292 1383 2314 1415 ⁸
2345 1382 2767 1452 delinquentium
2789 1426 2805 1449 ,
2856 1396 2911 1441 tu
2961 1386 3317 1441 innocentiam
3346 1388 3539 1443 vitam-

1960 1487 2065 1542 que
2111 1475 2444 1529 nascentium
2478 1491 2490 1528 :
2524 1473 2615 1529 ille
2651 1475 2978 1531 voluntatem
3018 1476 3323 1544 hominum,
3367 1487 3424 1532 tu
3449 1494 3548 1533 na-

1962 1572 2137 1620 turam
2148 1605 2163 1619 .

2033 1656 2167 1711 Auc.
2195 1654 2452 1725 Superius
2477 1656 2543 1712 ad
2566 1658 2744 1713 omnia
2773 1659 2875 1715 ista
2899 1674 3215 1730 responsum
3244 1669 3328 1716 est
3358 1678 3374 1714 :
3404 1661 3546 1717 unde

276 1756 384 1812 Per
410 1773 562 1810 unum
583 1797 599 1821 ,
625 1754 813 1826 inquit,
844 1754 1098 1808 hominem
1125 1760 1385 1824 peccatum
1409 1750 1611 1805 intravit
1628 1751 1683 1804 in
1708 1765 1859 1803 mun-
1957 1744 2068 1816 jam
2108 1754 2161 1801 te
2197 1746 2384 1802 irridet
2413 1748 2505 1818 qui
2535 1748 2816 1814 meminit;
2858 1748 2947 1821 qui
2983 1764 3111 1806 vero
3145 1766 3251 1806 non
3277 1750 3542 1815 meminit,

273 1850 434 1912 dum,
465 1856 511 1902 et
537 1863 625 1916 per
656 1855 911 1916 peccatum
952 1860 1120 1908 mors;
1155 1852 1203 1898 et
1236 1844 1309 1897 ita
1345 1843 1399 1897 in
1431 1858 1604 1898 omnes
1637 1841 1862 1896 homines

277 1938 589 2008 pertransiit.
640 1934 757 1991 Jam
797 1934 1161 1990 nominaverat
1186 1940 1410 1988 mortem
1435 1973 1450 1998 ,
1478 1939 1640 2002 atque
1672 1944 1861 2001 pecca-

277 2039 421 2093 tum;
462 2028 590 2099 quid
636 2026 734 2082 fuit
783 2040 1004 2082 necesse
1047 2034 1106 2081 ut
1141 2024 1194 2079 in
1232 2039 1299 2080 eo
1339 2023 1481 2096 quod
1507 2022 1863 2094 pertransisse

276 2123 489 2178 diccbat
512 2163 528 2186 ,
569 2129 797 2175 mortem
824 2135 857 2174 a
904 2119 1104 2189 peccati
1143 2118 1517 2174 communione
1555 2124 1859 2187 separaret,

276 2222 337 2268 ut
367 2215 383 2244 ¹
415 2211 688 2283 signanter
713 2208 1059 2278 ostenderet,
1104 2209 1159 2263 in
1199 2207 1341 2264 hunc
1364 2207 1579 2279 quidem
1605 2206 1862 2261 mundum

274 2319 374 2375 per
397 2317 556 2357 unum
586 2302 854 2355 hominem
881 2300 1108 2357 intrasse
1138 2308 1447 2371 peccatum,
1477 2308 1531 2355 et
1552 2314 1647 2369 per
1674 2313 1861 2368 pecca-

277 2407 390 2451 tum
418 2404 679 2459 mortem;
707 2394 759 2449 in
789 2408 979 2448 omnes
1007 2406 1136 2448 vero
1173 2392 1417 2447 homines
1443 2406 1549 2445 non
1581 2398 1859 2459 peccatum

278 2485 556 2550 transisse,
588 2483 682 2539 sed
707 2491 931 2538 mortem
951 2524 967 2550 ,
1008 2483 1189 2552 utique
1210 2480 1392 2553 judicii
1422 2480 1621 2536 illatam
1652 2480 1864 2535 severi-

282 2587 395 2633 tate
418 2578 440 2608 ⁹
457 2618 473 2645 ,
522 2573 969 2648 praevaricationis
993 2572 1236 2629 ultricem
1260 2614 1277 2640 ,
1317 2586 1426 2627 non
1468 2586 1752 2641 corporum
1779 2583 1866 2624 se-

286 2668 473 2735 mina,
526 2665 616 2721 sed
661 2680 872 2720 morum
915 2663 1040 2719 vitia
1090 2672 1545 2736 persequentem;
1602 2663 1703 2717 nisi
1742 2662 1865 2732 quia

280 2756 658 2813 commendare
676 2763 729 2821 et
748 2753 1069 2826 praemunire
1092 2754 1317 2823 curavit,
1350 2769 1417 2809 ne
1431 2761 1615 2809 vestro
1633 2752 1867 2823 dogmati

278 2849 568 2921 opitulalus
595 2848 793 2919 aliquid
816 2847 838 2879 ³
881 2845 1191 2918 putaretur?

351 2944 490 2998 Acs.
519 2940 575 2995 In
605 2954 671 2996 eo
692 2938 914 3010 quidem
934 2938 1052 2993 loco
1069 2978 1089 3005 ,
1108 2937 1200 2993 ubi
1227 2936 1425 2992 dictum
1449 2945 1549 3000 est,
1582 2935 1683 2990 Per
1710 2952 1868 2991 unum

277 3034 533 3087 hominem
558 3038 817 3102 peccatum
858 3030 1062 3083 intravit
1095 3029 1148 3083 in
1174 3030 1419 3082 mundum
1442 3067 1458 3092 ,
1497 3036 1542 3081 et
1572 3044 1662 3097 per
1686 3042 1866 3099 pecca-

275 3135 386 3179 tum
408 3140 579 3189 mors;
616 3133 664 3177 et
690 3123 763 3176 ita
800 3122 853 3176 in
882 3137 1054 3175 omnes
1081 3121 1306 3175 homines
1335 3120 1660 3191 pertransiit;
1688 3129 1865 3173 utrum

278 3228 557 3288 peccatum
581 3259 602 3283 ,
625 3232 694 3271 an
725 3231 906 3280 mors,
941 3230 1008 3269 an
1045 3222 1327 3283 utrumque
1358 3227 1453 3283 per
1479 3227 1664 3267 omnes
1694 3210 1867 3266 homi‘

282 3327 375 3367 nes
406 3311 757 3381 pertransisse
778 3309 975 3364 dictum
1003 3306 1110 3375 sit,
1156 3307 1368 3362 videtur
1394 3304 1701 3376 ambiguum
1727 3322 1741 3357 :
1770 3303 1865 3359 sed

280 3404 410 3472 quid
449 3405 637 3459 horum
673 3403 780 3468 sit,
820 3416 909 3457 res
949 3401 1060 3471 ipsa
1105 3409 1211 3454 tam
1249 3407 1433 3469 aperta
1464 3398 1486 3429 ‘
1512 3397 1863 3453 demonstrat.

284 3495 415 3549 Nam
442 3495 487 3548 si
516 3504 788 3565 peccatum
814 3508 919 3547 non
947 3494 1342 3561 pertransisset,
1369 3506 1474 3545 non
1500 3491 1675 3546 omnis
1707 3490 1866 3543 homo

283 3600 407 3640 cum
435 3579 548 3654 lege
576 3585 809 3655 peccati,
845 3598 962 3654 qua:
1006 3585 1058 3638 in
1087 3583 1341 3639 membris
1366 3591 1477 3648 est,
1515 3589 1822 3637 nasceretur
1849 3600 1863 3637 :

282 3676 335 3730 si
383 3690 529 3730 mors
586 3690 692 3729 non
738 3674 1151 3745 perii-ausisset,
1200 3688 1307 3727 non
1356 3687 1542 3728 omnes
1590 3673 1863 3738 homines,

281 3776 540 3838 quantum
566 3766 633 3821 ad
675 3766 827 3822 istam
874 3765 1235 3822 conditionem
1280 3765 1584 3820 mortalium
1614 3765 1863 3834 pertinet,

281 3866 640 3911 morerentur.
665 3855 815 3922 Quod
834 3865 1011 3911 autem
1032 3855 1162 3910 dicit
1176 3856 1478 3925 Apostolus,
1502 3855 1556 3908 in
1575 3871 1671 3925 quo
1696 3870 1867 3908 omnes

278 3955 604 4017 peccauerunt
630 3964 649 4001 :
672 3948 727 4002 in
779 3963 880 4019 quo
905 3987 921 4013 ,
962 3962 1066 4000 non
1104 3945 1415 4015 intelligitur
1451 3944 1553 3999 nisi
1594 3945 1644 3999 in
1672 3944 1863 4012 Adam,

277 4042 332 4097 in
357 4056 465 4111 quo
492 4056 587 4096 eos
615 4040 746 4095 dicit
770 4050 826 4095 et
852 4039 1023 4107 mori;
1060 4040 1184 4110 quia
1211 4055 1316 4094 non
1346 4046 1463 4094 erat
1484 4038 1685 4109 justum
1706 4080 1721 4106 ,
1750 4039 1869 4095 sine

275 4132 500 4186 crimine
540 4132 771 4186 transire
809 4131 1150 4201 supplicium.
1190 4130 1534 4200 Quacumque
1572 4140 1623 4186 te
1664 4141 1864 4197 vertas,

279 4221 430 4275 nullo
475 4221 637 4275 modo
669 4220 944 4275 catholica:
988 4220 1111 4275 ﬁdei
1161 4219 1499 4275 fundamenta
1540 4220 1864 4277 subvertas:

281 4313 580 4381 praesertim
609 4313 730 4382 quia
760 4321 813 4367 et
851 4322 905 4367 tu
946 4311 1061 4382 ipse
1101 4311 1195 4366 tibi
1241 4312 1573 4377 adversaris,
1614 4314 1702 4382 qui
1729 4327 1870 4368 nunc

282 4401 422 4456 dicis
450 4417 558 4456 non
589 4412 860 4471 peccaturo
889 4402 1143 4457 transisse
1163 4445 1176 4466 ,
1213 4402 1306 4458 sed
1337 4412 1562 4458 mortem
1588 4420 1603 4469 ;
1626 4420 1745 4459 cum
1774 4420 1867 4459 sn-

282 4493 468 4562 perius
510 4493 746 4559 dixeris,
792 4495 1101 4564 Apostolum
1144 4495 1266 4550 ideo
1296 4510 1401 4549 non
1436 4496 1572 4551 duos
1599 4496 1865 4562 homines,

282 4582 380 4638 sed
412 4598 576 4636 unum
606 4583 918 4651 inculcasse,
948 4595 1003 4639 ut
1027 4585 1242 4640 doceret
1270 4585 1562 4642 imitatione
1589 4588 1866 4653 transisse,

283 4689 393 4727 non
442 4674 793 4743 generatione
832 4684 1102 4745 peccatum
1143 4675 1374 4748 (Supra,
1403 4692 1554 4747 capp.
1585 4677 1654 4731 56
1683 4687 1726 4730 et
1751 4677 1863 4749 61).

280 4762 520 4818 Transiit
545 4779 674 4834 ergo
699 4778 819 4819 cum
853 4774 1024 4848 mqrte
1058 4776 1332 4835 peccatum
1361 4767 1381 4798 ⁵
1410 4784 1424 4819 :
1457 4766 1582 4835 quid
1619 4774 1702 4821 cst
1728 4768 1867 4837 quod

281 4869 421 4907 nunc
448 4854 615 4919 dicis,
644 4871 749 4909 non
780 4867 1052 4925 peccatum
1081 4858 1333 4912 transisse
1353 4900 1367 4924 ,
1399 4858 1493 4913 sed
1521 4866 1745 4913 mortem
1771 4859 1796 4911 ‘t

356 4946 537 5000 LXIV.
562 4946 681 5001 Jun.
720 4948 990 5014 Quantum
1032 4949 1191 5019 igitur
1216 4950 1354 5002 inter
1384 4958 1433 5003 te
1457 4958 1512 5003 et
1534 4949 1756 5004 Paulum
1787 4950 1867 5003 di-

284 5044 412 5100 stet,
442 5035 675 5092 intende.
706 5036 800 5092 Ille
827 5037 991 5104 dicit,
1022 5056 1111 5109 per
1138 5054 1292 5092 unum
1320 5040 1571 5094 hominem
1604 5049 1696 5095 :tu
1718 5082 1732 5106 ,
1766 5041 1867 5096 Per

287 5124 453 5192 duos,
484 5125 536 5180 id
561 5136 672 5192 est,
713 5143 810 5199 per
835 5129 1260 5199 generationem.
1306 5129 1399 5184 Ille
1435 5131 1772 5200 pronuntiat,
1813 5132 1864 5185 in
1906 5138 1913 5144 ‘

1963 1835 2009 1889 si
2039 1834 2127 1890 illa
2170 1836 2458 1907 relegerit,
2507 1838 2749 1908 profecto
2787 1840 2887 1895 ista
2927 1848 3016 1895 tua
3053 1855 3187 1896 vana
3214 1856 3336 1897 cum
3368 1841 3560 1909 irrises

1963 1926 2060 1991 rit,
2091 1936 2143 1981 te
2166 1926 2384 1983 dolebit.

2036 2016 2219 2073 LXVI.
2246 2018 2367 2074 .luc.
2398 2017 2621 2076 Intravit
2661 2019 2850 2092 igitur.
2890 2022 3182 2078 secundum
3207 2024 3555 2094 Apostolum,

1965 2125 2062 2180 per
2090 2125 2250 2164 unum
2279 2110 2548 2167 hominem
2595 2121 2874 2184 peccatum
2918 2114 2969 2169 in
2999 2114 3143 2170 hunc
3185 2114 3464 2180 mundum,
3494 2125 3551 2170 et

1966 2216 2062 2271 per
2098 2211 2376 2271 peccatum
2418 2217 2593 2268 mors;
2635 2204 2886 2274 quoniam
2916 2204 3062 2260 illum
3088 2215 3143 2262 et
3172 2222 3346 2274 reum,
3375 2216 3430 2262 et
3454 2206 3551 2261 da-

1967 2292 2223 2348 mnationi
2253 2292 2274 2325 ³
2298 2293 2488 2348 mortis
2509 2304 2780 2365 perpetuae
2791 2295 3129 2361 destinatum,
3156 2297 3384 2352 mundus
3404 2313 3553 2368 aspe-

1966 2382 2065 2437 xit.
2106 2380 2164 2437 ln
2191 2397 2381 2438 omnes
2405 2393 2583 2438 autem
2614 2383 2860 2441 homines
2886 2400 3033 2442 mors
3059 2388 3394 2458 pertransiit;
3426 2390 3557 2459 quia

1968 2488 2070 2528 una
2102 2473 2271 2528 forma
2312 2473 2493 2544 iudicii
2540 2476 2973 2545 praevaricatores
3002 2491 3242 2547 quosque
3274 2478 3434 2533 etiam
3466 2494 3554 2533 re-

1966 2563 2125 2635 liquae
2163 2565 2569 2635 comprehendit
2605 2567 2781 2622 aetatis
2820 2584 2834 2621 :
2866 2581 2985 2636 quae
3024 2577 3201 2622 tamen
3238 2583 3422 2634 mors,
3454 2582 3553 2624 nec

1968 2655 2020 2710 in
2046 2665 2261 2712 sanctos
2279 2696 2296 2722 ,
2340 2671 2442 2712 nec
2480 2657 2532 2710 in
2565 2656 2882 2713 innocentes
2912 2656 3049 2712 ullos
3074 2658 3265 2713 saevire
3289 2658 3551 2727 permitti-

1970 2754 2087 2814 tur;
2135 2748 2230 2803 scd
2257 2748 2310 2802 in
2337 2762 2432 2804 eos
2461 2748 2740 2819 pervadit,
2783 2763 2919 2820 quos
2945 2750 3440 2820 prtevaricationem
3470 2750 3552 2805 vi-

1968 2836 2107 2892 derit
2143 2839 2439 2894 simulatos.
2470 2838 2477 2845 ’

2039 2931 2175 2988 Aue.
2204 2932 2317 2987 Hoc
2343 2932 2597 3002 loqueris,
2624 2932 2768 3004 quod
2787 2932 3053 3003 objectum
3078 2942 3160 2989 est
3182 2932 3557 2991 Incresiarclne

1967 3031 2150 3078 vestro
2187 3022 2401 3095 Pelagio
2431 3026 2482 3079 in
2514 3026 2800 3097 episcopali
2835 3027 3035 3098 judicio
3063 3028 3381 3096 Paltcstino,
3410 3029 3554 3098 quod

1969 3112 2040 3167 ita
2069 3111 2237 3167 factus
2262 3112 2423 3169 fuerit
2446 3115 2638 3181 Adam,
2664 3125 2722 3170 ut
2746 3116 2858 3172 sive
2882 3126 3148 3186 peccaret,
3177 3118 3288 3172 sive
3304 3134 3408 3172 non
3430 3134 3554 3191 pec-

1967 3212 2146 3273 caret,
2179 3204 2474 3260 moriturus
2500 3214 2644 3261 esset
2665 3206 2764 3278 (a).
2818 3206 2968 3264 Hane
3008 3209 3151 3263 enim
3188 3217 3415 3264 mortem
3451 3225 3553 3279 qua

1967 3310 2154 3351 omnes
2194 3296 2483 3363 morimur,
2516 3296 2584 3352 de
2619 3312 2725 3368 qua
2765 3297 2963 3353 dictum
2994 3306 3107 3364 est,
3150 3299 3423 3354 Amuliere
3449 3300 3569 3354 ini-—

1970 3387 2098 3441 tium
2134 3390 2324 3458 factum
2358 3396 2432 3441 est
2468 3389 2693 3457 peccati,
2724 3398 2774 3445 et
2800 3397 3005 3461 propter
3030 3390 3180 3444 illam
3206 3406 3378 3448 omnes
3398 3392 3554 3446 mori-

1969 3494 2084 3532 mur
2109 3476 2296 3550 (Eccli.
2328 3493 2467 3545 xxv,
2498 3480 2628 3549 33),
2672 3495 2781 3534 non
2819 3470 2986 3536 vis‘ex
3022 3489 3240 3549 peccato
3273 3481 3326 3536 in
3364 3496 3569 3537 omnes

1969 3569 2159 3624 fecisse
2185 3569 2512 3638 originaliter
2538 3573 2854 3637 transitum;
2886 3587 2955 3628 ne
2979 3573 3185 3643 cogaris
3216 3571 3367 3628 fateri
3390 3574 3551 3628 simul

1968 3657 2129 3712 etiam
2153 3657 2482 3728 originaliter
2510 3660 2764 3715 transisse
2796 3670 3093 3731 peccatum.
3118 3661 3300 3717 Sentis
3324 3662 3545 3733 quippe,

1968 3764 2126 3819 quam
2155 3750 2394 3819 iniquum
2426 3750 2526 3817 sit,
2556 3751 2674 3807 sine
2714 3752 2907 3807 merito
2929 3754 3185 3809 transisse
3211 3756 3550 3824 supplicium.

1970 3838 2351 3895 Verumtamen
2379 3848 2486 3894 tam
2514 3840 2834 3896 catholicum
2855 3842 3100 3912 estquod
3123 3858 3431 3915 expugnare
3458 3862 3551 3900 co-

1970 3931 2144 3998 naris,
2188 3939 2248 3985 ut
2279 3931 2380 3987 hoc
2412 3932 2501 3987 ille
2526 3932 2610 3988 cui
2634 3973 2652 3999 ,
2682 3933 2982 3997 sicutdixi,
3011 3935 3279 4006 objectum
3308 3944 3420 4004 est,
3450 3938 3552 3993 nisi

1969 4020 2277 4077 damnasset
2298 4063 2315 4089 ,
2360 4022 2600 4092 profecto
2624 4039 2692 4079 ex
2720 4024 2813 4080 illo
2845 4024 3049 4095 judicio
3081 4026 3369 4084 damnatus
3394 4030 3555 4085 exiis-

1970 4121 2073 4168 set.
2118 4113 2261 4168 Mors
2297 4129 2427 4185 ergo
2455 4122 2511 4170 et
2536 4114 2633 4170 ista
2660 4156 2676 4182 ,
2719 4129 2821 4187 qua
2849 4117 3068 4187 spiritus
3095 4134 3127 4175 a
3155 4134 3382 4190 corpore
3401 4136 3561 4191 sepa-

1969 4211 2116 4259 ratur
2134 4245 2147 4266 .
2181 4213 2235 4260 et
2263 4205 2349 4260 illa
2373 4221 2492 4277 qum
2527 4206 2724 4263 dicitur
2757 4207 2991 4264 secunda
3012 4248 3026 4276 ,
3049 4225 3152 4280 qua
3178 4212 3398 4281 spiritus
3426 4228 3569 4268 cum.

1969 4309 2196 4365 corpore
2238 4296 2602 4363 cruciahitur,
2651 4307 2908 4370 quantum
2955 4301 3144 4357 attinet
3185 4302 3254 4357 ad
3303 4304 3573 4359 meritum,

1971 4387 2184 4457 generis
2219 4386 2471 4453 humani,
2510 4388 2565 4444 in
2589 4403 2777 4444 omnes
2808 4389 3050 4447 homines
3077 4392 3384 4463 pertransiit
3417 4412 3430 4448 :
3458 4394 3571 4449 sed.

1969 4479 2139 4548 gratia
2170 4478 2297 4543 Dei,
2329 4495 2426 4549 per
2448 4494 2569 4534 eum
2600 4481 2691 4551 qui
2722 4480 2901 4548 venit,
2939 4493 2997 4536 ut
3023 4483 3311 4538 moriendo.
3330 4499 3567 4554 regnum-

1973 4569 2165 4624 mortis
2189 4569 2457 4632 auferret.
2494 4585 2556 4625 ea
2590 4571 2985 4627 resurrectione
3022 4573 3177 4644 cujus
3220 4573 3272 4628 in
3302 4574 3392 4628 illo
3422 4591 3557 4644 pm:-

1971 4662 2134 4715 cessit
2178 4659 2513 4729 exemplum,
2561 4670 2788 4717 mortem
2836 4677 3058 4733 regnare
3099 4680 3207 4719 non
3245 4664 3390 4719 sivit.
3442 4665 3556 4721 Iloc

1971 4759 2121 4806 tenet
2138 4750 2399 4805 catholica
2430 4749 2581 4812 fides,
2612 4751 2713 4806 hoc
2735 4760 2919 4807 tenent
2928 4752 3139 4822 jndices
3158 4769 3292 4825 quos
3313 4755 3557 4825 Pelagius

1971 4839 2314 4906 formidavit;
2365 4841 2468 4896 hoc
2513 4857 2620 4897 non
2659 4851 2840 4898 tenent
2881 4843 3117 4901 harretici
3148 4861 3282 4917 quos
3307 4846 3554 4917 Pelagius

1972 4932 2279 4987 seminavit.

2042 5020 2246 5075 LXVII.
2286 5021 2404 5078 Jun.
2435 5023 2563 5089 Quae
2591 5025 2986 5094 prmvaricatio,
3018 5026 3145 5082 licet
3171 5042 3277 5082 non
3307 5029 3377 5082 sit
3413 5028 3555 5084 facta

1972 5113 2225 5169 naturalis
2257 5129 2273 5179 ;
2301 5113 2398 5169 fuit
2425 5123 2601 5170 tamen
2638 5115 2804 5173 forma
2833 5119 3032 5189 peceati
3067 5138 3081 5174 :
3116 5099 3276 5191 atque
3310 5121 3379 5177 ob
3409 5122 3514 5178 hoc
3535 5163 3553 5190 ,

1870 5231 1877 5238 -
1971 5205 2098 5260 licet
2138 5220 2247 5261 non
2293 5214 2549 5277 aggravet
2599 5218 2918 5278 nascentes,
2974 5219 3154 5268 tamen
3192 5223 3406 5269 accusat
3434 5215 3568 5275 imis

352 5300 369 5331 ³
404 5299 541 5361 Edlti,
563 5309 626 5353 et.
651 5311 776 5362 διες..
800 5312 869 5356 ut.

560 5365 645 5440 sed
669 5374 884 5440 mortem,
915 5371 1117 5440 mortem
1148 5367 1325 5440 utique,
1356 5366 1540 5430 judirii
1574 5367 1757 5420 illatam
1788 5383 1877 5429 se-V

282 5422 958 5501 vetantemrcorrigunturlad
982 5422 1240 5501 manuscrif
1254 5422 1376 5501 tos:
1679 5490 1690 5501 .

279 5486 723 5610 aiugﬁnieriusf
739 5489 998 5554 opitulator
1040 5486 1235 5553 aliquis.
1274 5499 1378 5541 Mss.
1415 5505 1566 5552 vero,
1610 5490 1868 5556 opitulatus

343 5608 530 5687 igniti,
542 5609 656 5687 jam
676 5618 858 5687 aperte.
885 5620 1098 5687 stultss"
1120 5620 1217 5665 tam
1238 5620 1404 5678 aperta
1427 5627 1446 5665 :
1468 5629 1562 5667 nec
1582 5614 1723 5666 aliter
1745 5617 1867 5667 Beda

280 5677 333 5719 et
346 5667 524 5736 _Florus'
541 5667 590 5721 in
613 5667 974 5736 hnn'eApostoli
997 5667 1171 5725 locum.

342 5733 364 5764 ⁸
398 5735 479 5782 Hic
501 5741 726 5784 veterum
748 5733 977 5786 librorum
998 5739 1281 5789 auctoritate
1313 5741 1631 5801 restituimus,
1665 5740 1866 5792 Transiit

277 5805 396 5856 ergo
417 5808 526 5845 cum
546 5804 696 5847 morte
718 5804 986 5875 peccatum:

1972 5306 2164 5355 tantes.

2040 5393 2176 5449 Anc.
2209 5392 2275 5448 Et
2292 5392 2335 5448 si
2359 5401 2414 5449 tu
2434 5393 2629 5450 oblitus
2655 5408 2715 5451 es
2749 5410 2912 5466 grave
2934 5395 3119 5469 jugum
3144 5396 3283 5467 quod
3306 5406 3569 5467 aggravaL

1972 5492 2291 5551 nascentes;
2322 5500 2421 5541 nos
2450 5494 2501 5541 te
2530 5500 2637 5541 non
2676 5484 2983 5544 desistimus
3013 5501 3373 5546 commoneto.

2035 5618 2053 5650 ι
2087 5618 2159 5667 sic
2179 5623 2288 5667 Mss.
2311 5618 2448 5677 ωἱιι,
2472 5615 2787 5669 conmrisse.

2034 5681 2055 5745 ξ
2089 5680 2224 5745 Editi,
2256 5680 2492 5745 διιιιίιιιιηἶ
2515 5687 2571 5730 Al.
2591 5687 2718 5738 Mss,
2740 5678 2920 5730 studia.
2940 5741 2966 5745 μ
2998 5741 3007 5745 Α
3078 5739 3087 5745 ι
3174 5740 3184 5745 _
3272 5739 3282 5745 _
3356 5739 3363 5745 ,

2037 5742 2058 5774 ³
2089 5742 2163 5791 Sic
2185 5749 2289 5790 Mss.
2313 5748 2424 5794 mar.
2446 5741 2567 5790 Clar.
2594 5749 2647 5790 et
2665 5748 2788 5792 Port.
2817 5749 2870 5790 Αι
2892 5741 3028 5799 editi,
3055 5739 3395 5793 deminution-

2036 5803 2108 5865 (η)
2132 5803 2229 5852 Lib.
2255 5803 2319 5853 de
2337 5806 2493 5854 Gestis
2519 5802 2723 5867 Pelagii,
2741 5817 2822 5852 nn.
2849 5803 2928 5858 23.
2949 5805 3028 5858 b7.
