4062 6514
565 375 696 432 1171

636 485 866 543 LXVIII.
905 485 1021 540 IUL.
1064 483 1203 535 Mors
1243 489 1419 534 autem
1455 477 1721 547 judicialis
1752 475 1960 529 transiit
1999 474 2052 528 in
2077 489 2142 528 eo

566 597 672 650 quo
700 583 716 613 ι
747 581 1096 648 peccaverunt
1123 585 1339 634 omnes,
1372 570 1464 622 sed
1496 569 1658 622 libera
1691 566 1961 620 voluntate
1991 583 2005 618 :
2035 579 2142 634 quo

567 671 727 725 verbo
748 709 763 728 .
793 669 840 720 id
864 675 970 728 est,
994 679 1163 716 omnes
1187 703 1200 723 ,
1229 662 1618 729 Scripturarum
1649 671 1798 712 more
1823 655 2103 710 tnultitudo
2122 694 2136 719 ,

565 776 669 813 non
701 757 1016 812 universitas
1047 754 1326 808 indicatur.

632 850 767 904 Auc.
799 847 1010 900 Frustra
1041 853 1183 900 recta
1209 844 1365 896 verba
1393 852 1638 912 torquere
1661 882 1676 908 ,
1706 850 1760 896 et
1783 841 1922 895 clara
1944 840 2136 894 obscu-

563 955 683 995 rare
707 937 935 993 conaris.
963 936 1019 990 In
1047 951 1112 990 eo
1150 945 1505 1004 peccaverunt
1529 947 1745 996 omnes,
1781 931 1834 984 in
1873 945 1977 999 quo
2019 945 2138 983 mo-

563 1032 771 1085 riuntur
811 1042 996 1083 omnes
1035 1019 1050 1081 ἑ
1083 1027 1195 1095 ipse
1238 1034 1319 1079 est
1347 1023 1554 1090 Adam,
1599 1024 1652 1076 in
1696 1037 1802 1091 quo
1846 1021 1890 1075 si
1935 1020 2136 1089 parvuli

559 1135 666 1175 non
698 1120 997 1174 moriuntur
1019 1158 1033 1182 ,
1069 1117 1305 1186 profecto
1342 1130 1441 1170 nec
1469 1115 1520 1168 in
1557 1113 1768 1169 Christo
1797 1112 2136 1166 viviﬁcabun-

560 1222 645 1266 tur
675 1231 690 1267 :
717 1213 810 1266 sed
832 1211 1079 1280 quoniam
1113 1211 1241 1262 sicut
1263 1210 1315 1262 in
1338 1209 1500 1262 Adam
1522 1223 1690 1261 omnes
1714 1208 2023 1268 moriuntur,
2066 1207 2137 1282 ita

556 1314 604 1357 et
639 1305 692 1358 in
735 1301 936 1359 Christo
973 1317 1143 1355 omnes
1181 1301 1563 1368 vivificabuntur
1590 1298 1610 1372 (
1635 1299 1653 1352 I
1681 1297 1797 1354 Cor.
1835 1315 1904 1352 xv
1927 1340 1942 1363 ,
1974 1298 2036 1352 21
2065 1300 2084 1370 )
2116 1316 2131 1365 ;

557 1393 678 1448 ideo
717 1393 806 1464 qui
843 1393 1026 1446 volunt
1050 1391 1162 1446 haec
1194 1391 1353 1445 verba
1387 1399 1688 1460 pervertere
1709 1431 1724 1456 ,
1765 1389 1865 1459 ipsi
1900 1390 1979 1444 eis
2017 1405 2134 1444 ma-

556 1484 801 1540 nentibus
831 1492 1160 1539 evertuntur.

627 1574 812 1630 LXIX.
852 1575 971 1630 JUL.
1013 1574 1117 1629 Sed
1145 1573 1254 1644 jam
1285 1587 1562 1642 pergamus
1591 1571 1658 1626 ad
1695 1571 1896 1642 reliqua
1920 1613 1933 1637 ,
1961 1581 2020 1627 ut
2047 1573 2132 1628 cui

555 1663 791 1734 dogmati
841 1665 1125 1734 Apostolus
1167 1664 1453 1730 concinat,
1491 1662 1629 1716 sicut
1666 1675 1730 1718 ex
1776 1663 1939 1716 multa
1985 1671 2132 1732 parte

556 1755 767 1822 claruit,
797 1757 1132 1824 processibus
1153 1757 1173 1786 ⁹
1197 1755 1334 1810 sacri
1361 1754 1620 1808 sermonis
1648 1753 1909 1808 ostendat.
1938 1771 1958 1804 ι
1995 1753 2132 1820 Quid

551 1854 728 1900 autem
757 1845 901 1900 aliud
939 1846 1173 1900 indicant.
1212 1845 1371 1900 etiam
1418 1843 1691 1912 sequentia
1729 1843 1888 1896 verba
1917 1855 2132 1913 aposto-

551 1935 648 1990 lica
674 1935 848 1990 ?Cum
877 1937 1016 1990 enim
1043 1935 1148 1990 hoc
1171 1935 1422 1999 dixisset,
1457 1933 1694 2002 adjuuxit
1718 1973 1732 1998 ,
1765 1932 1934 2002 Usque
1964 1935 2031 1986 ad
2057 1934 2132 1988 le-

548 2043 660 2097 gem
684 2037 942 2096 peccatum
961 2029 1014 2081 in
1033 2027 1218 2080 mundo
1247 2028 1342 2096 fuit
1371 2045 1388 2077 )
1423 2026 1442 2095 (
1467 2025 1612 2079 Rom.
1635 2041 1688 2092 v,
1720 2027 1823 2096 13)
1854 2044 1867 2080 :
1905 2045 1924 2078 ι
1951 2027 1999 2080 id
2023 2035 2124 2094 est,

545 2119 666 2189 quia
698 2135 794 2174 nec
821 2117 908 2173 lex
935 2119 1104 2190 potuit
1127 2117 1338 2172 auferre
1367 2127 1665 2187 peccaturo.
1713 2117 1986 2172 Peccatum
2029 2136 2126 2172 au-

546 2221 642 2263 tent
668 2226 768 2264 non
803 2209 1136 2282 deputabatur
1161 2249 1178 2275 ,
1221 2227 1335 2264 cum
1356 2210 1437 2263 lca:
1477 2226 1576 2263 non
1614 2221 1758 2263 esset.
1801 2211 1927 2264 Erat
1963 2227 2121 2281 ergo,

543 2300 636 2354 sed
679 2316 788 2356 non
827 2300 1215 2370 deputabatur,
1253 2301 1373 2372 quia
1417 2317 1521 2354 non
1563 2300 1947 2356 ostendebatur
1981 2303 2120 2372 quod

547 2391 891 2462 depularetur
919 2410 932 2444 :
965 2393 1100 2448 sicut
1129 2394 1269 2448 enim
1296 2391 1418 2445 alibi
1445 2392 1606 2458 dicit,
1637 2391 1740 2446 Per
1767 2393 1924 2462 legem
1952 2395 2124 2464 cogni-

542 2483 611 2536 tio
630 2485 818 2554 peccati
847 2501 865 2534 ι
897 2481 1013 2550 (Id.
1043 2497 1119 2547 III,
1147 2481 1273 2552 20).
1302 2499 1320 2532 ι
1351 2480 1456 2536 Sed
1476 2483 1720 2551 regnavit,
1757 2483 1953 2552 inquit,
1988 2499 2122 2538 mors

539 2573 604 2627 ab
631 2573 794 2627 Adam
816 2589 972 2644 usque
989 2573 1058 2626 ad
1081 2573 1288 2643 Moysen
1312 2589 1332 2636 ;
1375 2572 1476 2627 hoc
1497 2581 1580 2627 est
1605 2573 1744 2642 quod
1784 2587 1941 2642 supra
1967 2574 2120 2630 dixe-

539 2673 622 2720 rat
645 2705 660 2731 ,
687 2681 842 2733 usque
863 2663 931 2717 ad
960 2664 1118 2734 legem
1141 2679 1161 2717 :
1187 2679 1292 2717 non
1321 2678 1488 2731 usque
1521 2661 1587 2717 ad
1613 2663 1823 2735 Moysen
1849 2704 1862 2728 ,
1893 2671 1950 2718 ttt
1972 2663 2124 2718 dein-

538 2772 662 2826 ceps
689 2771 792 2812 non
823 2768 962 2812 esset
990 2769 1262 2825 peccatum
1293 2773 1306 2820 ;
1336 2755 1426 2810 sed
1454 2755 1574 2824 quia
1618 2769 1715 2809 nec
1741 2755 1822 2810 lex
1849 2771 1946 2826 per
1969 2756 2117 2826 Moy-

539 2863 634 2902 sen
664 2847 784 2902 data
815 2863 1034 2918 regnum
1065 2845 1232 2916 potuit
1260 2845 1445 2900 mortis
1467 2847 1675 2900 auferre
1698 2886 1712 2912 ,
1754 2861 1873 2915 qua:
1903 2863 2006 2900 non
2034 2861 2120 2901 re-

535 2948 663 3010 gnat
705 2940 886 3010 utique
923 2940 1024 2994 nisi
1065 2955 1161 3009 per
1195 2946 1491 3008 peccatum.
1524 2939 1763 3009 Regnum
1807 2953 1966 3008 porro
2001 2939 2118 3008 ejus

534 3023 646 3098 est,
677 3043 736 3088 ut
761 3033 1028 3088 hominem
1059 3032 1332 3086 mortalem
1365 3032 1418 3086 in
1445 3031 1729 3086 secundam
1771 3031 1961 3092 etiam,
1999 3046 2118 3100 qua:

536 3124 854 3192 sempiterna
895 3134 976 3178 est
1003 3164 1018 3187 ,
1051 3123 1344 3191 prtecipitet
1372 3131 1616 3176 mortem.
1651 3120 1891 3191 Regnavit
1928 3131 2114 3174 autem.

536 3217 591 3270 In
621 3217 811 3286 quibus
835 3217 859 3269 ?
887 3215 1054 3268 Etiam
1081 3217 1132 3268 iu
1159 3215 1257 3280 his,
1289 3213 1478 3283 inquit,
1517 3214 1604 3283 qui
1631 3229 1731 3266 non
1759 3224 2112 3283 peccauerunt,

532 3311 586 3362 in
630 3305 1006 3361 similitudinem
1048 3304 1472 3375 pra-varicationis
1509 3303 1664 3366 Adte,
1716 3304 1804 3373 qui
1844 3316 1915 3357 est
1952 3305 2117 3371 forma

532 3398 692 3466 futuri
717 3415 736 3448 ι
762 3396 874 3466 (Id.
897 3412 950 3460 v,
975 3393 1086 3468 14).
1117 3413 1136 3448 t
1159 3395 1320 3465 Cujus
1338 3393 1518 3460 futuri,
1541 3393 1640 3447 nisi
1659 3393 1891 3448 Christi?
1915 3403 1967 3448 et
1987 3410 2116 3464 qua-

531 3492 596 3544 lis
625 3491 790 3545 forma
813 3527 831 3556 ,
859 3489 960 3544 nisi
997 3504 1026 3542 a
1055 3489 1323 3544 contrario
1347 3488 1372 3542 ?
1407 3486 1556 3554 Quod
1606 3485 1728 3540 alibi
1759 3487 1917 3542 etiam
1944 3487 2112 3542 dicit:

531 3582 682 3637 Sicut
705 3583 756 3635 in
783 3580 949 3635 Adam
981 3597 1152 3634 omnes
1176 3579 1460 3633 moriuntur
1479 3619 1496 3644 ,
1524 3579 1596 3631 ita
1623 3578 1676 3630 in
1711 3577 1910 3632 Christo
1943 3594 2116 3632 omnes

531 3675 912 3743 vivificabuntur
935 3692 954 3726 ι
983 3671 1037 3742 (1
1057 3671 1174 3725 Cor.
1197 3686 1287 3732 xv,
1310 3669 1424 3740 22).
1458 3687 1477 3721 ι
1501 3668 1646 3724 Sicut
1679 3669 1731 3724 in
1755 3669 1846 3724 illo
1869 3668 2018 3736 illttd,
2043 3671 2115 3724 ita

533 3768 586 3820 in
633 3765 736 3819 isto
780 3764 916 3818 istud
953 3781 966 3816 :
1009 3763 1118 3834 ipsa
1161 3769 1246 3816 est
1287 3761 1476 3816 forma.
1522 3760 1628 3816 Sed
1655 3759 1768 3817 lucc
1795 3761 1962 3816 forma
2005 3777 2114 3816 non

528 3857 673 3912 omni
697 3871 762 3911 ex
803 3863 952 3924 parte
979 3852 1266 3909 conformis
1290 3861 1372 3908 est
1399 3867 1414 3903 :
1446 3850 1585 3906 unde
1606 3851 1691 3906 hic
1717 3851 2000 3920 Apostolus
2024 3867 2114 3907 se-

527 3957 682 4003 cutus
705 3946 976 4014 adjunxit,
1007 3944 1112 4000 Sed
1135 3961 1236 3998 non
1273 3944 1400 3998 sicut
1429 3943 1664 3998 delictum
1687 3985 1704 4010 ,
1727 3943 1860 3997 itaet
1883 3945 2109 4000 donatio.

529 4039 590 4093 Si
613 4039 746 4092 enim
771 4037 831 4090 ob
851 4037 1000 4090 unius
1019 4035 1254 4089 delictum
1277 4034 1422 4088 multi
1443 4033 1626 4087 mortui
1645 4043 1763 4090 sunt
1786 4075 1800 4099 ,
1823 4037 1982 4090 multo
2003 4053 2114 4089 ma-

526 4131 602 4201 gis
641 4131 804 4200 gratia
835 4130 930 4185 Dei
967 4139 1013 4184 et
1055 4129 1244 4183 donum
1280 4129 1334 4182 in
1359 4129 1525 4200 gratia
1553 4129 1705 4180 unius
1737 4127 1952 4182 hominis
1987 4127 2111 4183 Jesu

489 4281 494 4284 _
527 4221 712 4275 Christi
745 4222 797 4276 in
824 4223 1008 4276 multos
1045 4220 1316 4274 abundauit
1358 4219 1550 4291 (Rom.
1575 4235 1630 4284 v,
1663 4216 1784 4292 15).
1825 4219 1960 4286 Quid
1986 4229 2070 4275 est
2090 4263 2106 4288 ,

528 4311 869 4382 multomagis
893 4311 1169 4364 abundauit
1196 4309 1222 4363 ν
1243 4309 1376 4378 Quia
1397 4323 1582 4363 omnes
1607 4309 1694 4376 qui
1725 4323 1818 4379 per
1841 4308 2105 4364 Christum

527 4401 853 4466 liberantur,
901 4399 1269 4469 temporaliter
1307 4406 1524 4468 propter
1562 4393 1729 4453 Adam
1769 4399 2104 4466 moriuntur,

525 4499 742 4560 propter
771 4491 941 4562 ipsum
967 4499 1142 4546 autem
1159 4487 1432 4544 Christum
1454 4489 1570 4543 sine
1589 4489 1692 4543 line
1715 4489 1902 4543 victuri
1929 4497 2056 4544 sunt
2083 4509 2101 4542 ι

526 4583 546 4653 (
571 4581 647 4637 De
685 4582 898 4654 Nuptiis
924 4591 969 4638 et
997 4582 1414 4653 Concupiscentia
1437 4623 1452 4648 ,
1491 4581 1577 4636 lib.
1627 4583 1684 4646 ‘2,
1708 4599 1760 4636 ιι.
1783 4581 1852 4637 46
1877 4583 1915 4652 ).
1965 4583 2104 4637 Nihil

524 4675 672 4730 aliud
717 4676 1166 4746 consequentibus
1207 4675 1444 4744 Apostoli
1495 4675 1832 4729 sertuOuibus
1883 4675 2104 4730 indicari

524 4767 796 4836 professus
819 4781 876 4822 es
905 4781 1062 4837 quam
1082 4766 1335 4836 originale
1355 4773 1628 4834 peccatum
1657 4784 1670 4818 :
1700 4766 1837 4835 quod
1875 4781 1971 4819 nos
2007 4781 2104 4836 ap-

525 4859 865 4929 probavimus
915 4859 1033 4926 ipso
1079 4858 1160 4912 sui
1203 4857 1424 4912 exordio
1471 4872 1576 4911 nun
1616 4856 1684 4910 ab
1719 4873 1786 4911 eo
1831 4865 2104 4911 ostensum

524 4951 706 5014 fuisse,
726 4950 848 5020 quia
876 4964 972 5019 per
998 4963 1182 5016 unum,
1213 4965 1318 5003 non
1343 4963 1436 5019 per
1459 4948 1614 5016 duos,
1643 4958 1914 5018 peccatum
1939 4955 2104 5002 trans-

525 5043 634 5096 isse
661 5041 976 5114 signaverat.

595 5134 732 5189 Anc.
771 5133 884 5188 Jam
913 5147 1226 5203 responsum
1247 5139 1364 5198 est,
1394 5141 1448 5187 et
1475 5131 1648 5186 adhuc
1671 5141 1726 5184 tu
1751 5145 1884 5184 vana
1921 5131 2104 5201 loque-

521 5225 633 5279 ris:
659 5239 831 5294 neque
859 5223 1000 5279 enim
1022 5223 1043 5254 ³
1069 5224 1170 5278 hoc
1207 5223 1400 5277 mirum
1443 5233 1562 5283 est;
1590 5223 1762 5276 adlmc
1800 5223 1940 5278 enim
1976 5223 2101 5293 quid

519 5315 884 5384 responderim
925 5315 1097 5371 nescis
1134 5332 1147 5369 :
1195 5314 1456 5368 tunc-eris
1487 5314 1842 5384 impudentior
1878 5315 2096 5384 quando

519 5407 742 5472 scieris,
776 5407 820 5462 si
858 5407 1012 5462 vanis
1033 5407 1234 5462 relictis
1259 5420 1384 5462 vera
1423 5415 1604 5461 tenere
1631 5405 1883 5460 nolueris.

591 5495 756 5552 LXX.
795 5497 916 5552 Jun.
959 5497 1332 5554 Verumtamen
1359 5505 1536 5551 utrum
1573 5495 1624 5549 id
1658 5495 1798 5566 quod
1825 5497 2098 5565 praeterie-

579 5633 594 5664 ⁸
631 5632 766 5692 aditi,
785 5629 836 5681 in
857 5645 932 5695 eo,
951 5630 1002 5682 in
1017 5645 1124 5695 quo.

576 5697 596 5758 ξ
628 5696 704 5758 Sic
721 5690 828 5758 uss.
851 5690 986 5758 aliti,
1009 5690 1072 5743 ea:
1093 5691 1244 5758 multa
1263 5697 1399 5758 parte
1421 5690 1568 5758 claris
1587 5690 1900 5758 processibus.

579 5755 600 5786 ³
630 5756 764 5814 mliti,
787 5767 940 5818 neque
961 5753 1048 5804 hoc
1071 5753 1248 5806 mirum
1264 5753 1352 5814 est,
1385 5753 1745 5814 omisso,’cuim.
1763 5753 1852 5803 sed
1875 5757 1920 5804 in
1944 5755 2094 5804 omnl-

508 5817 606 5866 hus
624 5817 956 5880 manuscriptis
977 5825 1152 5866 exstat.

1234 363 1475 420 OI’ERIS
1514 359 1920 418 IMPERFECTI
1957 357 2228 412 CONTRA
2269 355 2627 426 JULIANUM,
2670 364 2726 416 S.
2769 365 3130 424 AUGUSTINI

3687 383 3828 438 H73

2248 485 2366 536 rat,
2398 478 2483 531 vel
2527 495 2664 534 nunc
2705 483 2943 548 intimet,
2975 487 3374 555 expendendum
3401 499 3501 547 est.
3547 494 3720 565 Usque
3759 501 3826 553 ad

2246 565 2440 635 legem,
2488 569 2672 638 inquit,
2703 584 2956 640 peccatum
2995 577 3045 628 in
3069 579 3275 631 mundo.
3307 581 3385 634 Tu
3410 583 3546 639 dicis
3571 589 3696 656 quia
3725 589 3824 646 hoc

2247 669 2517 724 peceatum
2547 661 2830 729 Apostolus
2855 667 3090 721 naturale
3116 669 3337 724 voluerit
3375 676 3592 745 intelligi
3627 693 3642 729 :
3673 695 3822 749 qna--

2241 761 2306 800 ro
2340 763 2500 818 ergo,
2533 752 2577 804 si
2623 769 2789 822 usque
2829 756 2894 808 ad
2924 757 3092 826 legem
3137 760 3268 824 fuit,
3301 777 3397 816 cur
3433 767 3656 822 desierit
3700 787 3820 828 esse

2242 847 2360 906 post
2393 840 2584 908 legem.
2621 843 2804 914 Neque
2839 847 2979 899 enim
3011 851 3288 918 acquiesco
3311 893 3324 916 ,
3367 863 3422 908 nt
3449 870 3614 925 usque
3643 861 3708 914 ad
3739 863 3820 917 le-

2239 943 2389 998 gem,
2423 945 2588 1000 usque
2631 933 2696 986 ad
2741 935 2896 990 linem
2939 937 3086 1006 ejus,
3133 944 3308 1009 potius
3345 959 3502 1014 quam
3543 963 3712 1019 usque
3749 953 3814 1008 ad

2239 1030 2480 1074 exortum
2523 1023 2830 1095 intelligam.
2863 1028 3066 1084 Mecum
3105 1031 3229 1086 facit
3276 1037 3420 1090 verbi
3469 1043 3766 1109 proprietas
3793 1063 3812 1098 :

2237 1112 2377 1181 quod
2403 1113 2530 1168 dicit
2559 1132 2723 1186 usque
2747 1119 2812 1173 ad
2841 1121 3008 1191 legem
3053 1123 3217 1181 fuisse
3241 1168 3257 1194 ,
3289 1131 3518 1184 ostendit
3545 1149 3650 1189 non
3695 1153 3808 1196 esse

2239 1213 2358 1271 post
2397 1204 2563 1274 legem
2597 1223 2612 1272 ;
2653 1218 2708 1264 et
2744 1212 3110 1283 quodetmque
3141 1226 3376 1288 tempore
3417 1223 3648 1280 ablatum
3691 1239 3810 1296 est,

2237 1297 2474 1350 naturale
2513 1313 2616 1352 ιιοιι
2657 1299 2768 1354 fuit.
2804 1301 2952 1370 Quod
2979 1320 3106 1376 ergo
3145 1308 3356 1379 infregit
3396 1327 3616 1368 censura
3647 1318 3808 1388 legis,

2236 1394 2290 1438 et
2333 1387 2662 1458 infringendo
2699 1408 2764 1447 ex
2795 1396 2956 1448 multa
2987 1409 3135 1466 parte
3162 1404 3404 1460 restinxit
3437 1408 3478 1474 ⁸,
3519 1387 3812 1468 imitatione

2235 1489 2472 1547 apparet,
2499 1497 2602 1535 non
2629 1486 2970 1551 generatione
2999 1501 3324 1561 susceptum.

2307 1573 2439 1626 AUG.
2479 1572 2524 1628 Ο
2563 1574 2925 1644 intellectum,
2957 1581 3081 1648 qttid
3111 1584 3254 1638 aliud
3280 1585 3451 1642 dicam
3475 1629 3493 1652 ,
3522 1605 3681 1660 quam
3713 1591 3810 1648 has-

2233 1663 2452 1717 reticum
2483 1666 2494 1717 !
2525 1664 2578 1720 Si
2609 1681 2735 1737 ergo
2762 1669 2842 1724 lex
2871 1671 3087 1726 abstulit
3117 1687 3386 1742 peccatum
3413 1721 3427 1744 ,
3458 1685 3580 1751 quia
3613 1685 3694 1738 sic
3729 1687 3807 1742 vis

2233 1755 2452 1846 intelligi
2481 1774 2636 1828 usque
2667 1761 2735 1813 ad
2763 1762 2921 1833 legem
2947 1781 2970 1831 ;
2995 1767 3089 1820 fuit
3111 1783 3238 1838 ergo
3267 1786 3363 1840 per
3393 1773 3560 1844 legem
3581 1777 3806 1846 justitia.

2232 1845 2294 1898 Si
2317 1862 2408 1914 per
2444 1848 2601 1918 legem
2615 1851 2816 1920 justitia
2841 1869 2862 1918 ;
2885 1869 3001 1924 ergo
3029 1855 3256 1914 Christus
3281 1863 3438 1931 gratis
3475 1845 3702 1922 mortuus
3739 1883 3810 1925 est

2235 1935 2445 2004 (Colat.
2469 1940 2612 2005 ιι,21
2636 1944 2677 2014 ).
2703 1943 2758 1998 Si
2787 1957 2960 2000 autem
3007 1961 3276 2016 peccatum
3319 1955 3402 2010 lex
3443 1972 3550 2012 non
3595 1960 3810 2018 abstulit

2229 2036 2284 2082 ut
2311 2043 2414 2083 non
2445 2041 2604 2096 esset,
2631 2034 2769 2102 quod
2795 2037 2936 2104 prius
2959 2053 3074 2092 eam
3105 2041 3293 2098 fecisse
3317 2044 3527 2103 dixeras
3547 2090 3564 2114 ,
3593 2059 3648 2105 et
3685 2067 3808 2110 mox

2229 2126 2280 2171 te
2325 2121 2611 2188 paenituit;
2660 2125 2752 2179 sed
2787 2136 2958 2182 tamen
3005 2143 3278 2198 peccatum
3323 2136 3406 2190 lex
3457 2138 3710 2212 infregit,
3749 2155 3806 2200 ut

2227 2218 2404 2275 postea
2445 2214 2720 2268 corrcxisti
2743 2257 2757 2281 ,
2801 2227 2853 2270 et
2876 2233 2939 2272 ex
2967 2223 3127 2275 multa
3163 2233 3308 2292 parte
3335 2229 3580 2284 restinxit
3611 2251 3624 2286 :
3652 2249 3806 2290 men-

2226 2300 2350 2354 titus
2375 2311 2456 2356 est
2479 2305 2568 2373 qui
2594 2307 2688 2372 ait,
2717 2307 2826 2362 Lex
2848 2311 3140 2368 subintravit
3169 2325 3224 2370 ut
3259 2319 3538 2376 abundaret
3565 2325 3802 2383 delictum

2225 2390 2400 2458 (Rom.
2420 2409 2472 2460 v,
2501 2394 2625 2467 20).
2653 2397 2755 2454 Sed
2785 2401 2906 2468 quia
2937 2403 3024 2458 ille
3057 2421 3240 2461 verum
3264 2409 3424 2475 dixit,
3476 2421 3528 2466 tu
3557 2415 3686 2471 nihil
3725 2419 3804 2474 di-

2222 2479 2299 2532 cis
2339 2498 2354 2546 ;
2411 2492 2464 2536 et
2503 2492 2678 2541 tamen
2729 2489 2856 2544 nihil
2903 2491 3161 2563 dicendo,
3217 2497 3464 2556 lueretica
3515 2507 3800 2573 pertinacia

2221 2573 2557 2630 contradicis.

2292 2661 2475 2760 LX_XI.
2499 2665 2616 2720 JUL.
2643 2667 2840 2724 Verum
2867 2687 2934 2728 ne
2953 2675 3136 2730 videar
3161 2677 3247 2734 hic
3268 2681 3426 2738 nimis
3447 2693 3620 2742 tecum
3643 2703 3802 2760 agere

2220 2755 2494 2850 tenaciter,
2525 2760 2943 2846 acquiescamus,
2975 2767 3115 2835 quod
3145 2785 3300 2837 usque
3338 2773 3414 2826 ad
3431 2775 3608 2845 legem,
3637 2755 3800 2850 usqtte

2219 2843 2286 2898 ad
2315 2843 2582 2901 Christum
2611 2843 2775 2918 pessit
2801 2853 3018 2925 intelligi
3051 2874 3065 2912 :
3091 2861 3340 2916 concedis
3367 2843 3494 2934 ergo
3523 2843 3796 2934 peccatum

2219 2935 2323 2991 hoc
2360 2938 2500 3007 quod
2529 2940 2662 2995 dicis
2691 2944 2978 3014 originale,
3012 2963 3114 3001 non
3157 2965 3276 3005 esse
3317 2963 3434 3021 post
3480 2957 3800 3014 Christum?

2221 3030 2285 3082 lit
2309 3032 2604 3100 quomodo,
2649 3045 2704 3089 et
2729 3035 2780 3089 in
2809 3039 3182 3106 Apostolorum
3209 3045 3462 3100 membris
3481 3087 3496 3110 ,
3525 3057 3580 3102 et
3605 3052 3656 3102 in
3684 3067 3800 3106 om-

2218 3121 2372 3175 nibus
2397 3121 2706 3193 baptizatis,
2737 3135 2790 3180 et
2817 3142 2986 3198 usque
3016 3129 3173 3184 hodie
3213 3142 3329 3200 post
3371 3145 3448 3189 tot
3482 3139 3676 3193 saecula
3703 3141 3802 3194 ad.

2217 3223 2406 3268 ventus
2452 3213 2688 3284 Christi,
2731 3233 2866 3286 opus
2913 3219 3142 3288 diaboli,
3191 3223 3434 3282 fruticem
3477 3229 3798 3287 adversaria:

2216 3307 2490 3375 potestatis
2509 3349 2526 3375 ,
2555 3309 2830 3381 legemque
2861 3314 3060 3382 peccati
3091 3331 3339 3382 manere,
3375 3319 3552 3390 vigere
3572 3361 3589 3386 ,
3621 3324 3798 3379 vivere

2215 3395 2347 3450 dicis
2367 3397 2389 3450 ‘l

2285 3488 2419 3544 Auc.
2451 3489 2564 3542 Non
2597 3489 2696 3545 hoc
2724 3493 2844 3546 dico
2873 3511 2886 3547 :
2916 3495 3048 3550 nihil
3091 3495 3242 3552 dicis.
3287 3501 3442 3556 Aliud
3485 3512 3567 3557 est
3603 3519 3792 3573 pecca-

2214 3588 2361 3644 tum,
2403 3581 2542 3634 aliud
2579 3585 3006 3652 concupiscentia
3037 3591 3270 3656 peccati,
3299 3593 3382 3646 cui
3413 3609 3516 3648 non
3563 3611 3794 3652 consen-

2217 3669 2278 3722 tit
2302 3670 2388 3738 qui
2431 3686 2523 3739 per
2549 3675 2769 3741 gratiam
2799 3675 2886 3728 Dei
2914 3692 3018 3730 non
3051 3689 3234 3746 peccat
3279 3697 3293 3734 :
3331 3685 3572 3750 quamvis
3599 3695 3654 3738 ct
3683 3687 3793 3756 ipsa

2214 3765 2636 3830 concupiscentia
2670 3767 2868 3832 peccati
2905 3779 3122 3822 vocetur
3151 3783 3422 3838 peccatum
3447 3815 3461 3837 ,
3511 3777 3632 3844 quia
3673 3793 3796 3844 pce-

2213 3861 2332 3905 rato
2362 3850 2497 3906 facta
2521 3863 2620 3906 est.
2653 3854 2800 3910 Sicut
2841 3859 3100 3926 scriptura
3145 3862 3430 3929 quaelibet,
3461 3879 3646 3920 atauus
3675 3866 3795 3936 ejus

2211 3945 2402 4000 dicitur
2433 3947 2584 4014 cujus
2627 3964 2784 4002 manu
2827 3949 2958 4004 facta
2989 3962 3091 4005 est.
3127 3952 3200 4006 De
3227 3971 3331 4023 qtto
3375 3965 3549 4010 autem
3587 3958 3790 4014 dictum

2211 4045 2294 4088 est
2313 4075 2328 4096 ,
2367 4033 2496 4090 Ecce
2533 4037 2704 4107 Agnus
2753 4038 2869 4105 Dei,
2923 4057 3036 4094 erce
3069 4045 3159 4112 qui
3203 4045 3334 4096 tollit
3375 4057 3578 4114 peccata
3617 4049 3794 4100 mundi

2215 4123 2402 4192 (Joau.
2432 4141 2468 4189 t,
2498 4125 2566 4178 29
2591 4127 2651 4193 );
2695 4129 2808 4196 ipse
2851 4142 3052 4183 reatum
3099 4133 3336 4200 peccati,
3381 4135 3521 4204 quod
3571 4153 3790 4206 genera-

2212 4215 2352 4270 tione
2394 4215 2636 4282 trahitur,
2667 4221 3066 4288 regeneratione
3093 4223 3334 4276 dis~olvit
3361 4240 3374 4287 ;
3407 4225 3521 4294 ipse
3545 4229 3786 4296 spiritqu

2209 4305 2412 4360 donans
2439 4307 2564 4362 facit
2595 4323 2696 4362 non
2727 4325 2949 4380 regnare
2983 4323 3252 4382 peccatum
3287 4316 3338 4368 in
3365 4327 3548 4372 nostro
3579 4321 3784 4374 mortali

2209 4413 2434 4468 corpore
2457 4401 2521 4454 ad
2561 4403 2916 4458 oin-diendum
2959 4409 3402 4475 concupiscentiis
3429 4409 3547 4480 ejus
3585 4412 3604 4481 (
3637 4411 3782 4466 Rom.

2208 4506 2282 4554 vt,
2314 4489 2420 4560 1'2)
2454 4508 2468 4556 ;
2503 4492 2614 4560 ipse
2643 4495 2944 4563 quotidiana
2977 4497 3296 4566 indulgentia
3319 4541 3336 4566 ,
3377 4513 3600 4571 promer
3631 4519 3780 4572 quam

2207 4582 2440 4652 quotidie
2466 4583 2690 4638 dicimus
2713 4628 2728 4648 ,
2773 4585 2981 4640 Dimitte
3008 4588 3150 4642 nobis
3171 4591 3336 4643 debita
3355 4603 3529 4646 nostra
3561 4593 3581 4664 (
3601 4594 3772 4648 Matth.

2206 4689 2293 4740 vt,
2337 4673 2482 4744 l2),
2524 4675 2567 4728 si
2611 4676 2736 4744 quid
2775 4678 3200 4746 concupiscentia
3245 4683 3448 4750 peccati
3493 4685 3656 4739 etiam
3695 4685 3778 4739 be-

2209 4781 2274 4819 ne
2320 4765 2617 4818 resistcudo
2659 4769 2983 4822 certantibus
3021 4771 3178 4846 male
3199 4773 3557 4842 persuaserit,
3611 4777 3771 4831 mise«

2207 4857 2374 4910 rieors
2399 4856 2586 4918 delet;
2633 4857 2744 4926 ipse
2783 4860 2928 4928 gravi
2969 4861 3116 4914 ruina
3160 4862 3321 4916 elisos
3345 4865 3497 4932 erigit
3529 4867 3758 4933 paenitet:

2207 4955 2328 5008 tes;
2371 4946 2486 5013 ipse
2529 4947 2614 5000 ubi
2655 4963 2758 5000 non
2797 4950 2964 5016 possit
2991 4952 3207 5004 omnino
3243 4955 3446 5021 peccari
3474 4996 3490 5018 ,
3533 4955 3772 5023 perducti

2203 5036 2594 5104 constiluelquc
2641 5048 2920 5107 regnantes
2943 5040 2994 5104 ³,
3039 5042 3252 5109 quando
3279 5043 3502 5110 dicitur,
3538 5045 3638 5100 Ubi
3673 5055 3782 5112 est,

2193 5141 2360 5194 'mors,
2381 5129 2632 5182 contentio
2653 5139 2738 5182 tua
2759 5131 2786 5183 ?
2805 5129 2890 5183 ubi
2909 5140 2984 5184 est
3003 5173 3018 5194 ,
3047 5149 3180 5184 mors
3205 5174 3220 5197 ,
3245 5134 3448 5188 aculeus
3469 5145 3584 5189 tuus
3605 5137 3633 5190 ἵ
3653 5137 3780 5189 Acu-

2203 5218 2310 5272 leus
2335 5228 2500 5272 autent
2527 5219 2702 5272 mortis
2741 5229 2811 5272 est
2849 5230 3110 5290 peccatum
3141 5220 3201 5296 (Ι
3224 5221 3340 5276 Cor.
3367 5240 3461 5284 xv.
3496 5226 3566 5280 55
3588 5235 3634 5280 et
3659 5226 3780 5296 56).

2203 5307 2341 5362 Ecce
2365 5308 2632 5377 quomodo
2660 5317 2930 5376 peccatum
2962 5311 3142 5366 mundi
3172 5312 3352 5384 Agnus
3392 5316 3483 5371 ille
3509 5317 3600 5372 Dei
3631 5317 3652 5349 ³
3681 5317 3784 5371 tol-

2203 5399 2280 5464 lit,
2311 5400 2446 5470 quod
2473 5401 2554 5454 lex
2582 5399 2792 5456 auferre
2819 5417 2922 5456 non
2953 5404 3142 5472 potuit.

2273 5489 2482 5544 LXXII.
2521 5489 2640 5546 Jun.
2683 5489 2876 5546 Verum
2917 5492 3192 5550 videamus
3231 5503 3285 5550 et
3319 5497 3542 5567 reliqua.
3587 5497 3782 5552 Pecca.

2267 5694 2282 5724 ι
2317 5693 2388 5740 sic
2409 5698 2515 5740 Mss.
2546 5698 2598 5740 At
2619 5692 2752 5750 editi,
2776 5693 3040 5743 restrinxit.

2263 5757 2280 5818 ξ
2317 5761 2441 5810 tta-3.,
2467 5753 2688 5816 perducit
2715 5755 3042 5818 constituitque
3063 5763 3330 5817 regnantes.

2265 5817 2282 5847 ³
2317 5818 2451 5876 rutili,
2481 5823 2620 5867 Deus.
2649 5823 2862 5866 Attamen
2885 5817 2990 5866 Mss.
3017 5825 3141 5876 t’ort,
3161 5825 3272 5869 Mar.
3295 5819 3440 5882 clam,
3465 5827 3566 5872 Det.
