4068 6492
254 425 398 482 H73

258 550 370 592 tum
411 544 581 590 autem
620 548 718 585 non
757 528 1109 600 deputabatur,
1157 525 1232 579 ait
1266 523 1583 592 Apostolus,
1622 539 1735 575 cum
1771 522 1853 575 (ea:

267 645 372 682 mm
402 633 527 679 esset
556 626 574 692 (
601 622 750 676 item.
782 634 837 684 v,
862 616 965 687 15)
999 633 1011 669 :
1039 625 1159 684 post
1182 613 1320 683 quod
1349 627 1405 667 tu
1429 612 1636 677 subdts,
1668 629 1687 661 ι
1725 611 1853 664 Erat

259 735 424 790 ergo,
469 715 562 771 sed
608 729 715 768 non
762 711 1158 780 deputabatur,
1207 708 1344 763 sicut
1381 707 1506 760 alibi
1544 706 1704 771 dicit,
1749 703 1853 758 Per

257 813 417 879 legem
445 806 666 881 cognitio
693 803 881 873 peccati
920 822 938 855 ο
968 800 1098 873 (1d.
1140 816 1217 863 III,
1254 799 1381 867 20).
1413 798 1466 853 Si
1497 813 1626 866 ergo
1654 812 1748 867 per
1772 797 1852 851 le-

254 915 377 972 gem
407 897 610 969 peccati
642 905 727 951 est
751 896 885 949 laeta
918 893 1182 964 cognitio,
1214 902 1270 947 et
1304 897 1579 961 peccatum
1619 887 1851 944 traducis

222 1002 380 1059 ante
422 992 591 1063 legem
623 1004 729 1043 non
761 986 1163 1057 imputabatur;
1210 982 1432 1040 ostende
1472 982 1572 1036 hoc
1617 983 1849 1051 imputa-

255 1096 370 1141 tum
396 1083 556 1137 fuisse.
592 1080 695 1135 sub
718 1079 855 1149 lege.
882 1077 1015 1133 Nam
1052 1077 1097 1131 si
1127 1092 1220 1146 per
1249 1076 1417 1145 legem
1442 1074 1646 1144 peccati
1670 1073 1853 1143 cogni-

257 1178 364 1239 tio,
391 1184 513 1228 anle
537 1174 708 1242 legem
730 1168 992 1241 ignoratio
1015 1168 1257 1239 peccati;
1301 1166 1497 1235 ambigi
1527 1180 1631 1218 non
1674 1172 1852 1235 potest

258 1267 398 1320 hanc
441 1264 604 1318 fuisse
639 1275 854 1316 causam
905 1259 1192 1313 maximam
1240 1255 1641 1327 promulgandze
1681 1254 1847 1325 legis,

256 1367 317 1412 ut
346 1355 658 1426 proderetur
681 1362 734 1408 et
759 1360 1041 1406 caveretur
1069 1392 1085 1416 ,
1115 1348 1256 1419 quod
1298 1349 1447 1420 prius
1485 1347 1706 1402 latebat.

330 1450 464 1502 Acs.
510 1445 577 1501 Ut
617 1442 936 1514 proderetur
958 1483 973 1507 ,
1012 1456 1197 1494 verum
1227 1440 1361 1494 dicis
1391 1455 1407 1502 ;
1438 1439 1539 1493 hoc
1567 1448 1620 1493 et
1648 1453 1745 1493 nos
1770 1438 1851 1493 di-

252 1541 429 1595 cimus
473 1555 487 1592 :
519 1548 576 1591 ut
603 1546 780 1590 autem
821 1542 1142 1597 caveretur,
1185 1547 1294 1586 non
1333 1530 1419 1586 lex
1444 1573 1460 1597 ,
1508 1530 1602 1587 sed
1640 1531 1847 1602 gratia;

256 1647 366 1685 non
399 1631 573 1683 littera
598 1668 614 1693 ,
646 1626 741 1681 sed
767 1626 989 1695 spiritus
1020 1624 1163 1679 fecit.
1193 1623 1301 1678 Lex
1328 1622 1470 1678 enim
1497 1624 1848 1688 subintravit,

256 1737 368 1777 non
416 1730 476 1774 ut
510 1725 832 1783 caveretur,
877 1715 971 1770 sed
1017 1725 1074 1769 ut
1110 1713 1405 1769 abundaret
1448 1722 1755 1784 peccatum,
1798 1722 1853 1768 et

258 1810 724 1884 superabundaret
770 1809 963 1879 gratia,
1012 1823 1116 1879 qua
1165 1817 1439 1877 peccatum
1477 1817 1532 1862 et
1577 1806 1854 1862 deleretur

259 1906 460 1960 factum
486 1945 500 1967 ,
531 1913 587 1958 et
611 1918 679 1958 ne
706 1901 859 1958 ﬁeret
883 1910 1178 1956 caveretur.

337 1993 576 2049 LXXIII.
614 1993 732 2048 Jun.
775 1992 872 2047 llic
895 1991 964 2047 sit
988 2006 1116 2060 ergo
1141 2005 1349 2045 summa
1375 1988 1685 2046 certaminis
1714 2004 1729 2044 :
1761 1998 1855 2045 ant

261 2087 490 2143 ostende
518 2086 828 2154 imputatum
858 2083 1093 2153 sublege
1124 2081 1288 2137 fuisse
1313 2082 1561 2152 cuiquam
1589 2081 1849 2151 originale

262 2188 539 2250 peccatum
563 2217 580 2243 ,
626 2175 845 2231 ostende
885 2175 1048 2231 fuisse
1086 2185 1438 2230 monstratum
1469 2193 1484 2241 ;
1531 2184 1585 2230 et
1621 2190 1852 2231 consen-

257 2266 389 2325 tiam
417 2269 487 2325 de
508 2268 609 2322 hoc
642 2277 861 2337 peccato
887 2267 1201 2337 Apostolum
1225 2267 1458 2322 locutum
1490 2266 1673 2322 fuisse.

330 2364 471 2417 Aes.
507 2359 745 2414 Ostende
779 2358 1038 2429 quidem,
1079 2357 1223 2428 quod
1261 2373 1523 2428 provocas
1573 2367 1629 2412 nt
1669 2367 1852 2414 osten-

257 2449 383 2504 dam
427 2466 442 2502 :
486 2448 581 2503 sed
619 2449 665 2503 si
691 2449 874 2503 oculos
904 2448 1158 2517 operiatis
1185 2448 1252 2502 ad
1281 2463 1343 2502 ea
1370 2464 1490 2517 qua:
1528 2448 1713 2504 videre
1749 2466 1855 2503 non

258 2540 421 2595 vultis
448 2541 464 2572 ⁸
485 2582 500 2605 ,
532 2547 588 2597 et
623 2555 691 2595 ne
713 2540 780 2594 ab
806 2540 926 2594 aliis
953 2539 1255 2606 videantur,
1299 2540 1521 2594 nebulas
1560 2540 1857 2595 contentio-

258 2632 345 2687 nis
386 2630 679 2685 el'l'nnditis.
725 2630 1073 2685 Circumcisio
1112 2629 1289 2685 carnis
1318 2631 1340 2662 ³
1366 2671 1383 2697 ,
1430 2630 1547 2701 lege
1593 2638 1854 2700 pracepta

258 2732 344 2777 est
384 2720 552 2792 (Gen.
582 2737 720 2786 xvn,
749 2720 860 2791 12)
893 2738 909 2786 ;
941 2736 1043 2791 qua
1081 2737 1186 2775 non
1217 2729 1398 2790 posset
1434 2721 1624 2775 melius
1658 2721 1857 2791 signin-

256 2812 405 2877 cari,
438 2827 533 2881 per
556 2810 829 2866 Christum
856 2811 1276 2886 regenerationis
1303 2820 1573 2865 auctorem
1605 2811 1713 2865 tolli
1744 2812 1858 2866 ori-

262 2904 441 2974 ginale
470 2911 770 2973 peccatum.
800 2901 931 2956 Cum
963 2901 1227 2979 prteputio
1263 2900 1460 2972 quippe
1488 2902 1665 2955 omnis
1696 2901 1857 2956 homo

268 2998 505 3051 nascitur
534 3038 549 3061 ,
591 2994 1039 3065 quemadmodum
1076 3009 1199 3050 cum
1238 2995 1481 3066 originali
1517 3004 1734 3064 peccato
1760 3013 1774 3049 :
1805 3004 1860 3050 et

263 3099 456 3143 octavo
481 3086 567 3141 die
597 3088 679 3140 lex
703 3085 1010 3141 circumcidi
1031 3100 1246 3141 carnem
1273 3085 1545 3156 przecepit,
1571 3085 1693 3155 quia
1714 3084 1858 3140 Chri-

263 3188 381 3234 stus
408 3177 496 3232 die
519 3177 788 3231 dominico
814 3178 1126 3239 resurrexit,
1154 3176 1245 3246 qui
1273 3185 1393 3246 post
1416 3177 1702 3247 septimum
1731 3177 1858 3231 sal)-

265 3272 373 3327 bati
403 3280 623 3326 octavus
651 3270 731 3326 esl
760 3289 773 3325 :
802 3278 857 3325 et
879 3270 1227 3325 circumcisus
1268 3270 1638 3340 prteputiatum
1669 3271 1857 3340 gignit,

265 3362 541 3431 trajiciens
579 3362 632 3415 in
662 3361 807 3415 illum
835 3376 942 3431 quo
969 3361 1082 3431 ipse
1104 3361 1215 3430 jam
1250 3362 1421 3415 caruit
1453 3378 1468 3426 ;
1514 3361 1653 3415 sicut
1689 3361 1862 3430 bapti-

262 3463 420 3508 zatus
460 3456 513 3508 in
557 3453 719 3507 lilium
749 3468 907 3524 quem
940 3463 1160 3523 generat
1184 3467 1381 3516 carne,
1414 3461 1622 3507 reatum
1674 3460 1858 3506 tamen

269 3545 469 3615 trajicit
491 3545 709 3614 originis
732 3587 749 3610 ,
779 3559 886 3613 quo
910 3545 1185 3599 absolutus
1210 3552 1292 3597 est
1320 3543 1454 3612 ipse.
1496 3542 1775 3596 Postremo
1808 3543 1860 3596 in

268 3639 388 3707 lege
426 3636 656 3706 scriptus
676 3646 767 3692 est
795 3636 1040 3690 Psalmus
1070 3653 1085 3689 :
1130 3633 1240 3706 Ege
1276 3634 1331 3688 in
1367 3633 1711 3704 iniquitatibus
1743 3651 1865 3688 con-

236 3738 443 3797 ,ceptus
468 3745 580 3782 sum
603 3769 617 3792 ,
655 3738 703 3782 et
728 3729 780 3781 in
809 3726 1025 3794 peccatis
1060 3735 1221 3779 mater
1245 3741 1356 3778 mea
1380 3725 1434 3779 in
1462 3734 1604 3779 utero
1634 3740 1712 3778 me
1739 3725 1867 3779 aluit

266 3826 286 3892 (
313 3821 460 3877 Paul.
489 3839 544 3891 ι,
571 3822 666 3894 7).
692 3821 847 3890 Quod
892 3820 1143 3876 videretis
1184 3818 1461 3890 profecto,
1510 3832 1611 3873 nec
1634 3817 1864 3872 audere-

267 3918 340 3973 tis
381 3917 578 3989 aliquid
619 3915 1021 3981 contradicere,
1049 3914 1096 3969 si
1123 3913 1425 3986 Cypriane,
1454 3920 1511 3967 et
1550 3911 1857 3976 Ambrosio,

267 4008 584 4078 caaterisqne
613 4006 814 4062 talibus
853 4004 1112 4062 Ecclesia
1149 4003 1495 4085 doctoribus,
1532 4001 1655 4057 ﬁdei
1680 4001 1866 4057 oculos

267 4098 473 4153 similes
513 4097 798 4153 haberetis.

343 4186 581 4242 LXXIV.
619 4187 739 4242 Jun.
772 4187 879 4241 Aut
903 4195 1051 4243 certe
1078 4187 1202 4258 quia
1243 4184 1350 4242 hoc
1390 4184 1444 4239 in
1480 4183 1598 4256 lege
1634 4199 1741 4238 non
1780 4198 1870 4254 po.

271 4288 381 4334 test
404 4279 664 4343 inveniri,
692 4279 991 4347 acquiesco,
1022 4277 1489 4348 impudentissime
1507 4318 1524 4343 ,
1551 4276 1621 4332 de
1643 4290 1710 4330 eo
1736 4291 1866 4346 pec-

275 4376 398 4424 cato
426 4369 567 4438 loqui
593 4369 905 4438 Apostolum
925 4410 942 4436 ,
972 4369 1113 4438 quod
1149 4370 1449 4424 imitatione
1478 4368 1731 4430 trahitur,
1769 4381 1868 4421 vo-

278 4462 485 4515 luntate
523 4459 907 4524 committitur,
954 4459 1165 4514 ratione
1206 4460 1446 4529 arguitur
1470 4500 1488 4523 ,
1540 4458 1659 4528 lege
1688 4467 1871 4512 ostena

277 4551 446 4616 ditur,
474 4550 725 4620 alquitate
753 4549 993 4618 punitur.

350 4644 489 4698 Avo.
532 4642 610 4697 De
631 4641 775 4695 omni
801 4648 1023 4711 peccato
1050 4639 1191 4709 quod
1221 4641 1316 4710 per
1337 4638 1609 4695 Christum
1636 4640 1836 4694 tollitur
1854 4683 1871 4704 ,

277 4736 476 4791 dictum
499 4743 614 4801 est,
649 4733 820 4803 Usque
850 4733 920 4787 ad
938 4733 1098 4803 legem
1137 4740 1398 4802 peccatum
1433 4732 1489 4785 in
1528 4732 1718 4785 mundo
1739 4731 1835 4801 fuit
1856 4747 1876 4785 :

278 4829 528 4898 quoniam
551 4829 668 4898 lege
690 4843 800 4882 non
851 4822 1076 4892 tollitur,
1120 4826 1235 4880 sive
1262 4824 1550 4895 originale,
1580 4825 1694 4879 sive
1720 4822 1874 4877 addi-

282 4932 413 4983 tum.
445 4921 557 4975 sive
583 4920 725 4991 quod
768 4928 886 4975 erat
915 4928 971 4973 et
1009 4927 1134 4974 ante
1174 4918 1378 4987 legem,
1404 4917 1520 4973 sive
1547 4916 1686 4984 quod
1714 4915 1876 4970 etiam

284 5013 400 5081 lege
438 5013 774 5067 snbintrante
820 5009 1131 5067 abundavit.
1178 5010 1313 5065 Cum
1357 5020 1536 5063 autem
1566 5009 1674 5071 ais,
1708 5007 1775 5063 de
1812 5022 1878 5061 eo

284 5112 505 5173 peccato
552 5104 694 5172 loqui
746 5103 1103 5172 Apostolum.
1149 5099 1293 5171 quod
1345 5100 1597 5170 :rqnitate
1625 5101 1873 5169 punitur;

286 5196 689 5266 expergiscere.
723 5205 781 5251 et
804 5196 926 5250 vide
954 5195 1025 5248 ibi
1056 5208 1176 5249 esse
1206 5203 1259 5248 et
1287 5192 1549 5264 originale
1579 5203 1875 5262 peccatum.

285 5286 404 5342 Non
428 5287 570 5341 enim
613 5287 768 5340 aliter
794 5285 1015 5355 mqnitas
1042 5284 1136 5338 Dei
1163 5299 1324 5353 grave
1348 5284 1535 5354 jugnm
1580 5284 1879 5352 imponeret

290 5378 425 5449 ipsis
445 5392 657 5448 quoque
686 5376 919 5432 exordiis
958 5376 1297 5445 parvulorum
1323 5392 1337 5429 :
1370 5373 1512 5444 quod
1540 5374 1722 5445 jngum
1752 5388 1879 5430 cura

290 5477 473 5524 nostra
510 5484 654 5539 saepe
677 5476 1093 5539 commemorat,
1121 5476 1181 5522 ut
1200 5468 1464 5523 cervicem
1494 5477 1669 5530 tuam,
1700 5467 1744 5521 si
1772 5481 1878 5522 non

294 5538 604 5627 inuenerit,
636 5538 864 5632 frangat:
911 5560 1043 5615 Nam
1088 5560 1194 5617 hoc
1240 5564 1532 5630 peccatum
1558 5562 1718 5618 etiam
1763 5560 1881 5631 lege

356 5743 375 5803 ξ
401 5746 462 5803 tu
492 5744 564 5797 3.,
593 5736 681 5803 seti
723 5736 767 5789 si
793 5734 955 5803 oculos
997 5736 1229 5800 operatus
1256 5736 1323 5789 ad
1357 5750 1419 5790 ea
1456 5750 1568 5803 qua
1595 5737 1758 5792 videre
1787 5752 1884 5791 non

292 5799 452 5869 mltis.
478 5800 689 5869 Menard.
716 5808 767 5851 et
789 5802 927 5863 Vign.
951 5799 1108 5869 δείξεις)
1132 5812 1316 5851 sumus.
1380 5808 1439 5851 Μ.

358 5867 379 5896 ⁸
411 5870 518 5912 uss.
544 5861 664 5911 Clar.
693 5858 889 5922 ettzari,
913 5858 1142 5911 carnalis.

1573 410 1775 466 LIBER
1815 406 2193 467 SECUNDUS.

3407 418 3549 478 H74

1960 521 2247 576 monstrari
2268 563 2281 587 ,
2315 531 2580 595 prmcepto
2600 525 3023 582 clrcumcisionis
3048 528 3279 585 ostendi.
3319 530 3473 600 Quod
3501 534 3545 589 si

1960 628 2123 682 negas
2148 621 2206 668 tu
2228 655 2243 679 ,
2274 614 2408 672 doce
2434 610 2540 688 quo
2579 629 2799 688 peccato
2826 621 3047 690 preprio
3064 662 3079 687 ,
3112 623 3155 677 si
3182 639 3290 679 non
3318 625 3546 681 circnm-

1956 705 2247 771 cideretur,
2272 705 2521 763 interibat
2547 710 2724 764 anima
2755 712 2956 781 parvuli
2974 711 3043 768 de
3057 714 3255 783 populo
3270 729 3370 770 suo
3389 712 3543 787 (Gen.

1956 810 2091 860 xvn,
2127 793 2239 868 14).
2266 795 2412 865 Scio,
2459 811 2567 853 non
2596 799 2757 856 doces
2788 819 2802 857 :
2827 802 2921 857 sed
2945 804 3128 860 volens
3148 819 3248 860 nos
3289 805 3543 877 fatigare,

1958 904 2058 943 nec
2088 898 2253 945 taces.

2029 978 2240 1035 LXXV.
2263 978 2382 1035 Jun.
2408 980 2676 1039 Cteterum
2706 984 2848 1054 quod
2879 985 3097 1057 ﬁngitis,
3127 988 3389 1060 originale
3418 1004 3545 1060 pec-

1954 1081 2156 1139 catum,
2187 1087 2288 1128 nec
2307 1089 2407 1144 per
2430 1089 2594 1130 unum
2624 1077 2909 1132 transmitti
2938 1087 3144 1148 potest,
3177 1082 3428 1152 quoniam
3455 1097 3522 1153 ge

1957 1164 2164 1218 neratio
2193 1180 2285 1233 per
2310 1164 2445 1219 duos
2465 1166 2656 1236 agitur.

2027 1257 2162 1311 Auc.
2183 1255 2298 1310 lam
2327 1270 2646 1326 responsum
2675 1267 2760 1313 est
2781 1275 2796 1312 :
2822 1259 2942 1331 lege
2956 1277 3078 1333 quae
3093 1261 3219 1320 hinc
3237 1279 3268 1319 a
3292 1280 3380 1321 me
3403 1265 3546 1321 dicta

1955 1355 2101 1408 sunt.
2133 1355 2187 1401 et
2220 1348 2459 1403 invenies
2491 1356 2541 1404 te
2568 1365 2702 1403 vana
2730 1350 2949 1407 dixisse.

2035 1437 2273 1494 LXXVI.
2296 1438 2415 1495 Jun.
2445 1439 2556 1496 Nec
2582 1442 2755 1511 potuit
2793 1443 3081 1513 aliquando
3107 1460 3256 1512 esse,
3303 1446 3348 1501 si
3375 1457 3550 1517 potest

1954 1528 2241 1600 aliquando
2270 1545 2376 1586 non
2401 1545 2521 1587 esse
2540 1550 2555 1587 :
2577 1532 2701 1603 quia
2722 1533 2988 1591 naturalia
3010 1534 3080 1590 ab
3107 1534 3261 1591 initio
3296 1536 3548 1592 substan-

1955 1621 2044 1676 tize
2074 1636 2245 1692 usque
2270 1621 2337 1676 ad
2364 1624 2648 1679 terminum
2672 1624 2814 1680 illius
2837 1634 3209 1697 perseverant.

2026 1712 2165 1769 Anc.
2199 1712 2315 1769 Hoc
2340 1721 2396 1769 et
2445 1713 2513 1769 de
2552 1723 2727 1771 morte
2754 1730 2942 1785 posses
2970 1717 3186 1785 dicere;
3234 1731 3360 1773 nam
3388 1718 3548 1773 etiam

1955 1818 2078 1860 cum
2100 1804 2215 1874 ipsa
2240 1804 2549 1861 nascimur:
2572 1805 2769 1878 Corpus
2793 1808 2936 1863 enim
2966 1818 3222 1863 mortuum
3241 1820 3315 1864 est
3341 1820 3551 1880 propter

1958 1905 2221 1965 peccatum
2244 1895 2422 1967 (Rom.
2441 1912 2552 1964 vui,
2583 1898 2708 1968 l0):
2730 1899 2824 1955 sed
2846 1908 2901 1956 et
2919 1901 2964 1955 si
2986 1916 3092 1956 non
3118 1910 3339 1972 propter
3358 1919 3519 1973 pecea

1956 1995 2090 2054 tum,
2122 1987 2260 2043 sicut
2288 1988 2558 2058 desipitis;
2580 1990 2848 2046 nascimur
2868 2000 3046 2048 tamen
3067 1993 3183 2049 sine
3208 1991 3540 2049 dubitatione

1955 2079 2211 2134 mortales
2239 2096 2252 2133 :
2280 2087 2338 2135 et
2375 2089 2550 2134 tamen
2595 2096 2741 2136 mers
2775 2089 2937 2151 atque
2972 2082 3269 2137 mortalitas
3308 2098 3414 2138 non
3443 2084 3547 2139 erit

1956 2169 2336 2225 immortaliter
2358 2170 2658 2226 viventibus
2685 2170 2859 2227 nobis.
2878 2170 3029 2227 Sicut
3056 2186 3187 2243 ergo
3207 2187 3356 2228 mors
3380 2173 3547 2244 origi-

1956 2261 2093 2316 nalis
2116 2270 2219 2326 est,
2241 2268 2297 2315 et
2321 2269 2496 2315 tamen
2527 2261 2700 2331 potuit
2721 2276 2846 2317 esse
2869 2302 2885 2329 ,
2916 2269 3092 2332 potest
3118 2277 3225 2317 non
3244 2277 3373 2319 esse
3392 2305 3407 2328 ,
3431 2278 3549 2319 me-

1958 2351 2061 2406 lius
2085 2360 2268 2407 nostra
2310 2358 2563 2407 manente
2601 2359 2789 2406 natura
2822 2369 2836 2406 :
2865 2352 2944 2407 sic
2967 2360 3022 2409 et
3053 2352 3313 2424 originale
3357 2368 3550 2424 pecca-

1957 2450 2094 2510 tum,
2124 2451 2177 2498 et
2202 2443 2374 2513 potuit
2397 2458 2549 2507 esse,
2600 2445 2944 2513 generatione
2996 2453 3256 2515 tractum;
3299 2455 3354 2503 et
3377 2457 3553 2518 potest

1958 2546 2063 2586 non
2091 2546 2233 2599 esse,
2262 2531 2667 2603 regeneratione
2690 2531 2989 2588 detractum
3017 2534 3059 2586 ι.

2029 2621 2291 2678 LXXVII.
2319 2622 2437 2678 Jun.
2469 2621 2581 2677 Nec
2600 2638 2628 2675 a
2648 2622 2767 2693 lege
2795 2632 3072 2678 ostensum
3102 2632 3207 2691 est,
3226 2625 3311 2681 vel
3338 2627 3550 2682 ostendi

1961 2714 2165 2785 potuit;
2190 2714 2315 2784 quia
2344 2729 2615 2785 nunquam
2648 2714 2926 2785 legislator
2950 2730 3118 2786 usque
3141 2716 3207 2771 ad
3238 2716 3377 2773 hanc
3398 2720 3552 2774 veni-

1959 2813 2043 2859 ret
2063 2805 2375 2873 amentiam,
2404 2813 2463 2860 ut
2482 2806 2799 2877 praeciperet
2816 2806 3088 2878 cuiquam,
3106 2807 3224 2864 Noli
3251 2808 3344 2877 ita,
3373 2811 3456 2866 vel
3481 2814 3552 2866 ita

1959 2896 2110 2952 nasci
2131 2914 2145 2950 :
2168 2905 2224 2952 et
2249 2896 2392 2968 quod
2408 2897 2687 2953 admoneri
2708 2913 2816 2954 non
2836 2899 3016 2955 decuit
3031 2907 3088 2955 ut
3101 2901 3419 2973 corrigatur,
3434 2902 3524 2973 jus

1961 2996 2073 3042 tum
2098 3002 2223 3043 esse
2249 3003 2356 3042 non
2388 2995 2566 3059 potest
2590 2997 2649 3043 ut
2672 2990 2926 3058 puniatur
2940 2992 2984 3048 ⁸.

2032 3079 2172 3156 Anc.
2205 3080 2319 3134 Non
2350 3080 2658 3151 prtecipitur
2679 3080 2884 3136 homini
2933 3098 3042 3154 quo
3068 3083 3232 3140 modo
3262 3094 3509 3141 nascatur
3537 3104 3551 3141 :

1961 3168 2057 3225 sed
2089 3180 2414 3242 praeceptum
2432 3180 2516 3227 est
2530 3186 2637 3242 quo
2660 3172 2822 3228 modo
2848 3172 2941 3229 ille
2961 3175 3184 3241 viveret,
3199 3180 3557 3248 praeceptum;

1962 3278 2068 3333 que
2091 3264 2345 3329 violavit;
2366 3279 2398 3319 a
2426 3279 2535 3335 quo
2562 3274 2786 3335 parente
2807 3276 3086 3336 peccatum
3110 3267 3369 3339 originale
3384 3268 3556 3324 dedu-

1967 3355 2128 3410 citur.
2185 3355 2499 3426 Praecipitur
2548 3357 2710 3411 etiam
2765 3366 2824 3411 ut
2877 3356 3053 3414 infans
3105 3358 3556 3428 circumcidatur,

1963 3445 2298 3501 damnandus
2327 3447 2430 3501 nisi
2455 3447 2873 3503 circumcidatur
2904 3464 2918 3502 :
2948 3450 3032 3504 cui
3058 3457 3235 3505 tamen
3257 3466 3363 3506 non
3384 3452 3558 3506 solum

1965 3535 2163 3606 aliquid
2187 3535 2354 3601 aliud,
2385 3535 2480 3591 sed
2509 3552 2612 3592 nec
2640 3537 2832 3593 saltem
2859 3537 3199 3594 circumcisio
3234 3540 3347 3610 ipsa
3372 3541 3562 3610 princi-

1966 3626 2127 3697 pitur.
2148 3627 2226 3681 Ac
2252 3641 2349 3697 per
2377 3625 2511 3694 hoc,
2534 3642 2645 3682 non
2672 3626 2886 3697 quidem
2910 3629 3216 3701 praecipitur
3236 3629 3560 3700 hominique

1967 3716 2129 3772 modo
2154 3725 2408 3772 nascatur
2435 3732 2450 3769 :
2482 3716 2714 3772 nmndus
2745 3725 2921 3773 tamen
2951 3732 3057 3772 non
3086 3727 3169 3773 est
3192 3733 3223 3773 a
3249 3717 3410 3775 sorde
3431 3733 3560 3790 pec-

1966 3809 2074 3864 cati
2097 3850 2111 3873 ,
2135 3825 2227 3864 nec
2251 3810 2423 3880 infans
2451 3809 2600 3881 cujus
2624 3817 2699 3862 est
2730 3808 2880 3862 unius
2904 3808 3004 3862 diei
3043 3810 3148 3862 vita
3185 3825 3339 3880 super
3374 3819 3565 3864 terram

1974 3898 2094 3971 (Job
2118 3894 2229 3965 xiv,
2254 3900 2310 3964 4,
2338 3916 2439 3954 sec.
2465 3899 2653 3972 LXX).
2681 3898 2823 3971 Lege
2846 3898 3009 3955 verba
3030 3901 3201 3956 sancti
3226 3901 3359 3967 Job.
3396 3909 3447 3957 et
3474 3900 3557 3956 in-

1977 3991 2162 4046 venies
2185 3999 2236 4047 te
2260 4006 2382 4047 esse
2430 3991 2747 4048 mendacem
2767 4033 2784 4061 ,
2813 3990 3067 4064 loquente
3092 3993 3187 4050 illo
3219 4009 3381 4066 quem
3418 3993 3566 4051 Deus

1972 4082 2107 4138 dixit
2126 4099 2247 4139 esse
2270 4098 2536 4139 veracem.

2045 4174 2327 4232 LXXVIII.
2359 4175 2482 4231 Jun.
2510 4175 2578 4231 Et
2598 4175 2739 4247 quod
2765 4190 2935 4249 usque
2958 4176 3025 4232 ad
3048 4176 3220 4249 legem
3242 4186 3346 4246 est,
3374 4185 3562 4234 esten-

1974 4267 2119 4323 ditur
2139 4284 2243 4324 non
2288 4282 2411 4324 esse
2436 4275 2564 4347 post.
2595 4268 2790 4340 legem,
2817 4269 3118 4326 ostenditur
3154 4279 3430 4343 postremo
3458 4286 3564 4327 non

1976 4375 2097 4415 esse
2122 4367 2247 4430 post
2273 4357 2568 4415 Christum.

2048 4453 2182 4507 Anc.
2227 4450 2302 4505 Ita
2324 4460 2507 4506 reatus
2533 4449 2697 4521 hujus
2717 4452 2923 4523 peccati
2950 4451 3252 4507 ostenditur
3294 4468 3406 4507 non
3444 4466 3568 4508 esse

1977 4549 2099 4610 post
2122 4549 2467 4610 peccatorum
2501 4541 2870 4609 abolitionem,
2903 4543 3042 4597 sicut
3066 4556 3214 4598 mers
3239 4551 3360 4615 post
3391 4544 3578 4601 carnis

1979 4631 2453 4686 resurrecﬁonem.

2050 4720 2289 4776 LXXIX.
2314 4721 2436 4777 Jun.
2467 4722 2545 4778 Ac
2583 4738 2680 4792 per
2706 4722 2840 4791 hoc,
2886 4724 3182 4781 secundum
3230 4738 3575 4799 argumenta-

1979 4814 2180 4869 tionem
2202 4830 2414 4886 quoque
2438 4826 2603 4881 tuam,
2634 4816 2759 4872 olim
2790 4834 2899 4872 non
2918 4827 3001 4873 cst
3028 4835 3041 4873 :
3073 4820 3369 4876 secundum
3386 4820 3407 4855 ⁸
3424 4824 3575 4879 testi‘
3601 4806 3613 4817 ’

1980 4908 2216 4963 monium
2237 4909 2498 4973 veritatis,
2533 4925 2806 4980 nunquam
2837 4910 2955 4966 fuit.

2052 5000 2187 5056 Anc.
2212 4997 2258 5055 0
2285 4999 2330 5053 si
2352 5015 2447 5055 vos
2475 5016 2581 5055 non
2623 5003 2836 5067 essetis,
2866 5003 2955 5074 qui
2985 5013 3171 5059 contra
3204 5005 3574 5061 testimonium

1982 5089 2221 5145 veritatis
2270 5090 2463 5145 falsum
2516 5091 2881 5148 testimonium
2927 5105 3165 5150 vestrum
3193 5105 3249 5151 et
3277 5096 3491 5163 dicitis,
3523 5110 3579 5151 et

1983 5180 2205 5250 insuper
2232 5180 2465 5236 scribitis
2491 5182 2506 5236 l

2060 5272 2276 5355 LXXX.
2307 5272 2427 5329 ιω..
2459 5272 2526 5328 Et
2555 5282 2613 5329 ut
2641 5274 2781 5345 quod
2811 5260 3346 5346 egimus,inculcetur
3373 5291 3579 5331 memo-

1985 5365 2080 5419 riae
2130 5364 2390 5427 lectoris;
2438 5364 2671 5420 detinuisti
2731 5367 3000 5436 quondam
3045 5385 3066 5420 ι
3099 5377 3414 5436 peccatum,
3451 5386 3472 5419 ι
3522 5376 3577 5421 et

1987 5459 2220 5530 optime,
2252 5477 2271 5511 ι
2302 5457 2435 5514 nihil
2459 5473 2580 5516 esse
2606 5459 2751 5515 aliud
2798 5475 2958 5532 quam
3007 5460 3332 5516 voluntatem
3372 5459 3568 5514 admit-

1986 5616 2258 5728 0;.3333':
2294 5615 2600 5681 generatione
2618 5618 2906 5670 detractum.
2928 5616 3229 5680 Castigantur
3252 5616 3311 5667 ad
3336 5624 3442 5667 Mss.
3465 5620 3580 5665 star.

2052 5739 2180 5811 {sic
2201 5746 2307 5810 [ηδε.
2333 5745 2390 5811 at
2416 5739 2556 5811 editi,
2599 5745 2648 5811 et
2677 5738 2807 5811 quod
2842 5737 3093 5811 admoneri
3128 5752 3223 5791 non
3254 5745 3404 5805 potest
3425 5744 3477 5791 at
3498 5751 3585 5791 ca~

1988 5806 2174 5864 ventur.
2196 5805 2427 5864 imputari
2446 5813 2541 5850 non
2559 5807 2709 5864 potest
2727 5806 2788 5864 ut
2807 5805 3053 5864 puniatur.

2058 5863 2080 5896 ⁸
2113 5863 2212 5922 llic,
2239 5861 2520 5923 secundum,
2545 5861 2642 5912 rest
2652 5861 2848 5913 ituinnis
2874 5875 2934 5912 ex
2962 5866 3316 5930 manuscriptts.
