4062 6528
510 414 647 470 1175

510 531 654 587 tendi
681 527 1037 601 quodjustitia
1066 534 1236 593 vetat,
1279 535 1334 581 et
1374 524 1515 578 unde
1557 522 1785 577 liberum
1815 529 1899 574 est
1920 518 2084 572 absti-

510 641 657 680 IIUI'C.
672 643 690 675 ι
705 672 719 686 χ

584 717 714 768 Aco.
759 711 876 766 Jam
921 723 1235 777 responsum
1284 715 1369 762 est
1419 704 1566 776 quod
1611 702 1813 774 peccati
1867 701 1937 755 sit
1987 699 2086 752 ista

505 806 743 863 deﬁnitio
767 845 783 869 ,
824 818 927 858 non
951 804 1067 873 ejus
1093 802 1232 872 quod
1261 803 1331 856 sit
1357 810 1411 856 et
1434 816 1588 872 ptena
1612 797 1816 869 peccati
1844 794 1862 867 (
1887 792 2086 865 Supra,

508 899 597 953 lib.
626 899 678 964 I,
712 914 827 964 cap.
860 896 973 965 47).

580 988 816 1045 LXXXI.
843 987 963 1043 Jun.
994 987 1121 1053 Qum
1150 985 1389 1040 deﬁnitio
1413 983 1479 1038 ad
1536 980 1928 1052 intelligendam
1955 992 2086 1050 quo-

506 1096 610 1148 que
635 1080 893 1150 justitiam
924 1079 1012 1134 Dei
1039 1077 1248 1146 aperuit
1273 1078 1434 1142 viam,
1463 1086 1520 1130 ut
1549 1087 1895 1129 censeremus
1923 1070 2090 1141 tequi-

508 1178 671 1224 tatem
694 1168 857 1223 divini
880 1168 1184 1238 neutiquam
1207 1177 1350 1222 stare
1384 1166 1568 1236 judicii
1589 1207 1602 1229 ,
1633 1164 1734 1237 nisi
1760 1162 1889 1218 illud
1909 1163 2089 1230 impu-

507 1268 674 1315 tasset
718 1260 771 1315 in
803 1269 1101 1329 peccatum,
1128 1275 1158 1312 a
1189 1275 1296 1328 quo
1338 1258 1560 1314 nosset‘
1590 1256 1819 1313 liberum
1850 1254 2011 1309 fuisse
2039 1253 2090 1308 ei

508 1349 598 1418 qui
630 1359 848 1420 propter
873 1349 975 1404 hoc
1000 1348 1272 1420 afﬂigitur,
1303 1349 1592 1403 abstinere.

580 1443 713 1498 Auc.
746 1442 966 1511 Propter
989 1441 1116 1511 quid
1136 1456 1263 1511 ergo
1291 1440 1597 1510 afﬂiguntur
1622 1436 1859 1508 parvuli,
1888 1435 1932 1491 si
1962 1435 2085 1490 nul-

509 1531 619 1586 lum
643 1531 842 1587 habent
866 1531 1083 1587 omnino
1126 1539 1396 1600 peccatum
1414 1531 1438 1583 ?
1459 1531 1540 1583 An
1571 1527 1908 1597 omnipotens
1935 1525 2090 1595 etju-

510 1630 627 1676 stus
659 1622 748 1676 Dei
782 1622 1005 1692 injustas
1031 1636 1215 1691 poenas
1241 1636 1270 1675 a
1299 1629 1376 1676 tot
1401 1617 1774 1675 innocentibus
1803 1616 2090 1688 prohibere

512 1727 618 1766 non
649 1713 816 1780 potuit
839 1714 863 1765 Ἰ

585 1802 843 1858 LXXXII.
886 1802 1007 1858 Juc.
1055 1802 1361 1875 Magistrum
1389 1817 1516 1858 vero
1540 1801 1785 1858 Gentium
1822 1802 2088 1856 rationem

513 1893 789 1963 privilegio
808 1894 1140 1948 auctoritatis
1168 1903 1464 1949 armantem
1485 1933 1499 1958 ,
1532 1894 1906 1965 pronuntiasse
1924 1934 1939 1960 ,
1966 1894 2089 1962 quia

510 1999 609 2055 per
634 2000 794 2039 unum
821 1985 1088 2040 hominem
1116 1986 1168 2040 in
1194 1986 1338 2040 hunc
1373 1984 1628 2039 mundum
1677 1984 1832 2054 culpa
1859 1985 2090 2039 transie-

508 2076 613 2142 rit;
640 2091 746 2146 quo
761 2077 976 2130 nomine
1002 2078 1266 2146 separavit
1294 2092 1457 2149 Opera
1488 2079 1812 2146 nuptiarum,
1839 2078 2089 2147 qucesine

509 2165 736 2220 duorum
759 2168 973 2236 negotio
997 2182 1115 2222 esse
1140 2184 1247 2222 non
1282 2178 1534 2238 possunt;
1559 2169 2049 2225 commendavimus
2072 2187 2085 2222 :

507 2266 667 2329 atque
697 2259 765 2315 ob
794 2260 928 2313 hoc”
955 2259 1025 2313 ah
1052 2260 1144 2314 illo
1189 2277 1350 2315 unum
1404 2261 1567 2317 fuisse
1611 2262 1969 2328 nominatum,
2022 2276 2090 2317 ne

508 2349 628 2419 quis
656 2349 791 2405 duos
820 2350 1112 2420 intelligere
1133 2351 1377 2406 auderet.

579 2441 713 2496 Auc.
743 2440 862 2497 Iam
893 2455 1206 2511 responsum
1232 2451 1351 2498 est:
1381 2442 1594 2498 assidue
1616 2451 1668 2498 te
1696 2442 1929 2498 delectat
1953 2429 2087 2497 vana

506 2532 731 2601 garrire.

577 2624 860 2681 LXXXIII.
878 2627 1081 2683 IUL.Et
1100 2643 1156 2683 re
1180 2644 1301 2683 vera
1328 2628 1498 2683 multo
1524 2643 1623 2699 ego
1649 2628 2088 2700 consequentius,

508 2733 674 2772 unum
705 2734 861 2788 quem
890 2720 1178 2790 Apostolus
1203 2720 1528 2783 dieit,unum
1551 2736 1755 2789 assero,
1785 2731 1841 2775 ut
1868 2720 2089 2776 doceam

507 2807 694 2862 vitium
714 2808 1046 2877 imitationis,
1069 2826 1173 2865 non
1199 2811 1557 2882 generationis
1581 2810 1767 2876 fuisse,
1791 2825 1949 2880 quam
1965 2809 2091 2866 Tra-

513 2899 946 2959 ducianusuuius
975 2904 1207 2970 nomine,
1236 2904 1325 2974 qui
1346 2903 1543 2959 dicitur
1573 2902 1771 2971 peccati
1793 2901 1958 2958 fuisse
2000 2917 2093 2958 ve-

506 2994 761 3050 stibulum
781 3036 797 3062 ,
825 2996 1119 3051 seminibus
1144 3012 1256 3051 rem
1278 2995 1560 3052 admovet“
1586 2996 1871 3050 voluntatis
1898 3036 1913 3062 ,
1946 2994 2090 3065 quod

506 3099 685 3139 rerum
714 3095 900 3141 natura
931 3102 1035 3141 non
1066 3088 1275 3156 recipit.

579 3174 716 3228 Auc.
749 3175 939 3229 Desine
964 3175 1229 3245 quodjam
1252 3175 1545 3230 refellimus
1566 3177 1760 3232 iterare
1791 3192 1805 3229 :
1838 3174 1966 3246 quid
1993 3190 2093 3232 nos

506 3263 653 3332 cogis
682 3262 856 3319 adhuc
874 3265 1057 3320 eadem
1085 3274 1243 3335 atque
1264 3266 1450 3322 eadem
1477 3266 1658 3323 dicere
1681 3275 1867 3322 contra
1889 3276 2091 3322 tantam

508 3354 824 3424 sapientiam
849 3363 1013 3423 tuam,
1032 3372 1133 3426 qua
1157 3365 1308 3426 putas
1338 3356 1458 3411 ideo
1485 3372 1591 3411 non
1612 3355 1898 3427 signiﬁcari
1926 3372 2088 3427 gene-

511 3445 797 3509 rationem,
825 3445 917 3500 ubi
939 3446 1135 3501 dictum
1166 3457 1269 3516 est,
1302 3446 1406 3501 Per
1447 3464 1603 3501 unum
1633 3448 1882 3502 hominem
1911 3466 2092 3519 pecca-

506 3545 612 3590 tum
633 3536 836 3590 intravit
864 3538 917 3591 in
942 3539 1227 3604 mundum,-
1255 3539 1377 3608 quia
1406 3554 1506 3610 per
1531 3539 1667 3593 duos
1693 3538 1751 3593 ﬁt
1778 3542 2088 3610 generatio,

507 3641 614 3681 non
647 3642 740 3697 per
761 3643 926 3683 unum
964 3646 980 3685 :
1011 3630 1162 3700 quasi
1191 3638 1469 3699 peccatum
1493 3629 1644 3697 illud,
1675 3630 1815 3700 quod
1844 3646 1948 3686 non
1971 3631 2089 3686 vul--

507 3716 579 3771 tis
608 3719 973 3785 generatione,
1000 3718 1095 3773 sed
1125 3719 1419 3775 imitatione
1447 3720 1719 3782 transisse,
1754 3736 1889 3776 unus
1917 3720 2089 3776 admi-

505 3808 637 3864 serit
655 3808 679 3861 ?
699 3808 831 3863 Cum
860 3826 987 3881 ergo
1015 3820 1068 3866 et
1098 3811 1269 3881 ipsum
1296 3810 1455 3865 fuerit
1486 3826 1516 3864 a
1542 3810 1748 3867 duobus
1772 3811 2086 3878 admissum,

505 3914 603 3953 cur
628 3915 718 3970 per
743 3917 899 3956 unum
922 3902 1171 3955 hominem
1198 3902 1397 3957 dictum
1427 3910 1512 3957 est
1535 3912 1794 3971 peccatum
1819 3902 2020 3956 intravit
2037 3904 2090 3958 in

504 3989 792 4055 mundum;
822 3990 922 4045 nisi
951 3992 1072 4059 quia
1126 4006 1230 4044 non
1262 4006 1291 4044 a
1321 3989 1518 4046 femina
1564 3991 1896 4061 concipiente
1932 4001 2090 4062 atque

510 4081 774 4150 pariente,
803 4081 898 4136 sed
925 4098 955 4136 a
989 4082 1100 4135 viro
1130 4083 1428 4138 seminante
1456 4092 1539 4138 est
1553 4084 1911 4154 generationis
1930 4098 2089 4138 exor-

508 4169 655 4225 dium
677 4184 691 4234 ;
714 4181 806 4225 aut
829 4171 951 4240 quia
973 4171 1083 4242 jam
1109 4188 1214 4228 non
1244 4181 1369 4228 sunt
1391 4171 1518 4241 duo,
1539 4173 1753 4244 quando
1774 4188 1872 4244 per
1889 4175 2088 4229 coitum

508 4276 614 4315 una
649 4262 702 4315 ﬁt
734 4261 904 4316 caro?

578 4350 864 4406 LXXXIV.
893 4351 1013 4407 Jun.
1033 4351 1222 4407 Postea
1243 4368 1453 4423 quoque
1468 4353 1535 4408 ad
1563 4353 1730 4423 legem
1748 4362 1964 4409 ventum
1983 4364 2085 4424 est,

505 4443 573 4499 ad
603 4443 754 4513 cujus
801 4459 970 4514 usque
1017 4454 1224 4515 tempus
1271 4446 1597 4516 prmscripsit
1644 4447 1928 4515 Apostolus
1979 4462 2086 4501 non

503 4545 781 4593 ostensum
808 4537 1040 4607 viguisse
1063 4546 1360 4607 peccatum.
1393 4536 1549 4606 Quod
1591 4544 1645 4591 ttt
1687 4544 1895 4607 tempus
1921 4552 2087 4607 usque

502 4627 570 4682 ad
594 4628 751 4683 ﬁnem
778 4627 910 4698 legis
939 4628 1204 4697 protelare
1230 4636 1454 4682 conatus
1497 4643 1556 4681 es
1582 4669 1598 4693 ,
1641 4644 1745 4682 non
1788 4628 2087 4699 intelligens

502 4718 861 4789 nequidquam
886 4728 936 4776 te
963 4728 1425 4789 argumentatum;
1472 4718 1904 4789 quandoquidem
1946 4736 2079 4774 con-

501 4808 888 4878 stringendusa
914 4810 1065 4865 nobis
1093 4824 1262 4874 esses,
1292 4818 1350 4863 ut
1374 4809 1630 4880 probares
1659 4809 1762 4865 hoc
1785 4817 2082 4879 peccatum,

503 4899 572 4952 de
595 4913 702 4969 quo
741 4898 982 4953 mentiris
1010 4899 1230 4955 Paulum
1285 4900 1555 4966 locutum,
1607 4908 1662 4955 et
1705 4900 1846 4970 quod
1890 4901 2087 4954 asseris

503 5003 672 5058 nsque
696 4988 763 5043 ad
791 4989 1133 5045 abolitionem
1187 5005 1439 5059 regnasse
1476 4990 1685 5046 Veteris
1724 4990 2082 5057 Testamenti,

500 5080 587 5135 vel
608 5080 920 5150 imputatum
946 5080 1130 5148 fuisse,
1154 5083 1240 5137 vel
1261 5082 1507 5152 nnputari
1539 5082 1777 5153 potuisse
1810 5083 1911 5138 sub
1937 5083 2081 5153 lege;

498 5172 584 5227 vel
605 5180 750 5226 certe
777 5171 1167 5241 acquiesceres,
1195 5186 1299 5226 non
1328 5187 1551 5243 regnare
1574 5181 1693 5242 post
1714 5172 2002 5235 Christum.
2027 5179 2086 5228 ut

499 5264 744 5320 sensibus
766 5264 872 5320 tuis
914 5264 1102 5321 saltem
1154 5265 1346 5321 inﬂexa
1386 5265 1650 5321 violenter
1677 5266 1917 5335 Apostoli
1944 5280 2075 5321 sen-

498 5358 663 5413 tentia
690 5368 1028 5413 consonaret.
1062 5357 1262 5413 Horum
1289 5368 1464 5413 autem
1496 5358 1629 5413 nihil
1656 5358 1806 5414 reddi
1852 5367 1957 5414 ate
1986 5375 2080 5430 po-

498 5458 625 5505 test.
655 5449 801 5504 Fidei
826 5464 954 5520 ergo
976 5458 1174 5503 nostra:
1201 5450 1253 5504 in
1267 5449 1439 5504 solido
1466 5459 1548 5505 est
1570 5454 1770 5519 puritas
1796 5450 2077 5517 collocata,

496 5540 583 5595 cui
609 5548 666 5595 et
694 5541 915 5595 rationis
944 5539 1204 5605 instituta,
1227 5547 1284 5596 et
1303 5540 1524 5610 justitia:
1544 5540 1808 5611 dignitas,
1849 5550 1905 5596 et
1933 5543 2080 5612 Apo-

563 5678 579 5709 ί
615 5683 709 5727 Hoc
731 5677 848 5727 item
870 5676 976 5727 loco
995 5676 1148 5726 verba
1169 5677 1262 5726 ista
1299 5674 1348 5724 in
1373 5674 1517 5725 editis
1540 5675 1823 5726 exciderant
1835 5712 1859 5741 ,_
1888 5673 1941 5727 in
1974 5689 2084 5741 pec-

497 5744 676 5801 catum,
709 5752 738 5787 α
765 5752 856 5801 quo
873 5746 1044 5790 nosset.
1074 5744 1126 5787 tu
1144 5745 1250 5788 Mss.
1279 5744 1477 5801 exstant
1506 5744 1617 5787 Mar.
1654 5745 1776 5801 hort.
1814 5738 1933 5788 Clar.

561 5799 585 5864 ξ
613 5797 689 5864 sic
846 5807 901 5849 AI.
921 5801 1055 5859 editi,
1079 5797 1600 5864 commendavimusque
1630 5798 1689 5864 ob
1710 5798 1811 5850 hoc!

561 5857 586 5893 ³
612 5860 749 5920 Editi,
773 5867 967 5913 autem.
1001 5857 1167 5913 terius
1188 5867 1316 5921 ttss.,
1341 5857 1586 5922 admovet;
1611 5860 1709 5921 vel,
1735 5873 1978 5913 ωηιηοῖνα.

1181 412 1424 467 OPERIS
1464 404 1871 464 IMPERFECTI
1911 403 2178 460 CONTRA
2214 402 2572 468 .IULIANUII,
2613 402 2668 457 S.
2709 403 3072 463 AUGUSTINI

3649 406 3711 467 ιι
3726 406 3806 460 76

2202 516 2322 570 stoli
2355 532 2449 585 per
2470 516 2644 571 omnia
2673 516 2803 572 scita
2830 518 3170 574 conveniunt.

2267 609 2403 665 Auc.
2430 609 2568 665 Nihil
2608 619 2661 666 te
2705 611 2920 677 dicere,
2949 622 3004 668 et
3041 612 3181 684 quod
3221 612 3591 682 respondimus
3621 628 3796 669 mon-

2196 708 2345 765 strat,
2376 709 2430 755 et
2459 713 2513 756 tu
2540 702 2674 772 ipse.
2706 705 2991 774 Apostolus
3024 704 3168 775 quod
3196 704 3291 772 ait,
3325 704 3496 773 Usque
3519 706 3591 761 ad
3613 706 3791 777 legem

2196 804 2455 865 peccatum
2478 797 2532 849 in
2558 796 2745 851 mundo
2782 798 2902 867 fuit:
2931 814 3037 853 non
3093 798 3349 867 originale
3394 809 3604 853 tantum
3629 841 3645 862 ,
3676 800 3786 855 sed

2194 900 2352 942 omne
2380 896 2651 956 peccatum
2680 888 2899 958 intelligi
2924 890 3089 943 voluit
3117 906 3129 941 :
3154 897 3207 945 et
3229 889 3348 944 ideo
3373 905 3540 959 usque
3563 890 3633 943 ad
3682 890 3777 945 le-

2192 991 2313 1046 gem
2342 976 2459 1043 I'uit,
2487 978 2606 1047 quia
2626 993 2727 1033 nec
2745 979 2828 1034 lex
2853 979 3019 1049 putuit
3039 978 3246 1034 auferre
3267 989 3566 1049 peccatum.
3597 979 3782 1046 Usque

2193 1067 2261 1120 ad
2279 1066 2436 1138 legem
2460 1068 2655 1138 quippe
2688 1069 2886 1141 dictum
2933 1079 3054 1134 est,
3087 1078 3144 1125 ut
3171 1071 3330 1125 etiam
3381 1071 3551 1140 ipsam
3594 1071 3780 1142 legem

2193 1159 2455 1213 sententia
2494 1160 2596 1215 ista
2619 1161 2960 1216 concluderet
2991 1177 3004 1214 :
3037 1162 3303 1231 quomodo
3346 1162 3549 1218 dictum
3596 1175 3681 1218 est
3720 1164 3781 1218 in

2194 1249 2503 1319 Evangelia,
2536 1250 2720 1304 Omnes
2741 1268 2856 1322 ergo
2877 1251 2938 1304 ab
2960 1251 3216 1305 Abraham
3232 1268 3386 1320 usque
3413 1253 3481 1306 ad
3498 1252 3672 1307 David
3689 1270 3756 1324 ge
3770 1282 3785 1298 -

2194 1341 2473 1394 neraliones
2516 1343 2893 1412 quatuordecim
2939 1342 3171 1416 (Matth.
3209 1359 3259 1410 t,
3304 1344 3391 1415 I7)
3425 1362 3438 1398 :
3473 1360 3579 1399 non
3627 1347 3780 1401 enim

2194 1440 2418 1500 excepto
2445 1431 2625 1498 David,
2660 1433 2754 1487 sed
2805 1434 2919 1503 ipso
2966 1436 3124 1489 etiam
3166 1448 3474 1506 computato
3517 1453 3780 1493 numerus

2165 1542 2171 1549 ·
2194 1525 2293 1578 iste
2312 1524 2626 1594 completur.
2642 1525 2793 1580 Sicut
2812 1542 2938 1597 ergo
2959 1542 3079 1581 cum
3105 1527 3352 1583 audimus
3370 1530 3778 1598 quatuordccint

2192 1620 2564 1686 generationes
2586 1636 2752 1690 usque
2772 1620 2837 1675 ad
2874 1622 3034 1675 David
3061 1664 3077 1688 ,
3107 1636 3211 1676 non
3235 1622 3532 1691 excipimus
3577 1622 3740 1677 David
3758 1665 3776 1689 ,

2193 1708 2287 1763 sed
2337 1709 2509 1778 ipsum
2556 1711 2718 1765 etiam
2757 1721 3166 1781 computamus:
3209 1713 3279 1766 ita
3319 1728 3439 1769 cum
3490 1713 3775 1779 audimus,

2196 1800 2365 1870 Usque
2392 1802 2460 1855 ad
2479 1803 2635 1873 legem
2664 1815 2921 1874 peccatum
2948 1804 3000 1858 in
3025 1804 3214 1858 mundo
3240 1805 3359 1874 fuit,
3389 1820 3498 1860 non
3524 1807 3779 1875 excipere

2195 1891 2386 1961 legem,
2410 1892 2502 1946 sed
2524 1894 2681 1947 etiam
2706 1894 2870 1963 ipsam
2892 1903 3201 1965 computare
3220 1895 3494 1952 debemus.
3513 1896 3649 1964 Quia
3673 1898 3780 1952 sic-

2193 1993 2251 2038 ut
2290 1985 2451 2039 David
2490 2000 2593 2041 non
2644 1995 2727 2041 est
2763 1996 2916 2041 extra
2966 2003 3251 2043 numerum
3278 2028 3294 2054 ,
3343 1990 3434 2059 qui
3470 1989 3646 2045 dictus
3698 2000 3781 2045 est

2193 2089 2363 2145 usque
2385 2076 2454 2131 ad
2475 2076 2680 2146 ipsum;
2712 2077 2790 2132 sic
2815 2078 2899 2132 lex
2927 2092 3032 2133 non
3055 2087 3138 2133 est
3161 2088 3311 2134 extra
3344 2082 3778 2149 permansionem

2194 2166 2421 2235 peccati,
2444 2167 2584 2237 quod
2609 2168 2771 2223 fuisse
2791 2168 2991 2224 dictum
3014 2156 3097 2225 est
3135 2185 3300 2240 usque
3354 2171 3421 2225 ad
3465 2173 3655 2241 ipsam.
3699 2175 3780 2228 Ac

2195 2270 2289 2325 per
2314 2256 2434 2323 hoc,
2465 2272 2624 2312 nemo
2646 2258 2783 2313 tollit
2811 2268 3108 2328 peceatum,
3141 2259 3281 2330 quod
3312 2276 3411 2315 nec
3437 2261 3521 2316 lex
3542 2303 3557 2326 ,
3588 2277 3779 2332 quam-

2191 2346 2272 2400 vis
2295 2357 2477 2402 sancta
2498 2357 2552 2402 et
2573 2348 2713 2417 justa
2731 2358 2787 2403 et
2807 2350 2965 2414 bona,
2994 2349 3166 2419 potuit
3193 2351 3424 2417 auferre,
3454 2353 3558 2407 nisi
3586 2354 3678 2408 ille
3704 2354 3775 2410 de

2193 2452 2300 2507 quo
2327 2437 2526 2492 dictum
2553 2450 2655 2505 est,
2681 2438 2813 2493 Ecce
2832 2440 3008 2511 Agnus
3036 2439 3155 2508 Dei,
3175 2458 3287 2496 ecce
3313 2443 3400 2514 qui
3417 2443 3548 2497 tollit
3571 2458 3779 2513 peccata

2193 2530 2371 2583 mundi
2402 2529 2578 2599 (Joan.
2606 2547 2622 2585 ι
2647 2572 2662 2597 ,
2685 2528 2804 2603 29).
2829 2532 2991 2586 Tollit
3016 2541 3193 2589 autem
3217 2542 3272 2589 et
3300 2534 3619 2589 dimittendo
3655 2551 3780 2606 quae

2194 2621 2329 2674 facta
2351 2628 2495 2689 sunt,
2528 2621 2617 2675 ubi
2637 2630 2691 2676 et
2709 2622 2966 2692 originale
2989 2622 3488 2692 comprehenditur;
3516 2634 3573 2680 et
3615 2627 3773 2698 adju-

2194 2714 2368 2768 vando
2396 2728 2464 2769 ne
2511 2714 2673 2781 ﬁant,
2725 2722 2780 2769 et
2823 2714 3160 2785 perducendo
3204 2715 3271 2771 ad
3305 2716 3470 2772 vitam
3515 2718 3605 2775 ubi
3656 2718 3776 2775 ﬁeri

2195 2806 2414 2860 omnino
2432 2821 2536 2860 non
2561 2806 2784 2874 possint.

2265 2896 2529 2952 LXXXV.
2556 2897 2673 2953 ιω..
2707 2898 2813 2973 Sed
2838 2897 3112 2954 videamus
3151 2906 3205 2954 et
3228 2899 3456 2970 reliqua.
3483 2898 3779 2971 Postquam

2194 3003 2322 3057 ergo
2347 2987 2546 3055 dixisti,
2579 3006 2598 3039 ι
2621 2989 2745 3043 llaec
2770 2988 2936 3043 forma
2968 3006 3074 3043 non
3102 2990 3247 3044 omni
3281 3005 3347 3044 ex
3373 3000 3523 3060 parte
3561 2992 3779 3046 confor-

2194 3080 2296 3134 mis
2319 3088 2434 3145 est;
2466 3098 2487 3133 ι
2519 3078 2790 3149 adiungis,
2812 3099 2830 3131 ί
2852 3078 3003 3135 Unde
3024 3080 3109 3135 hic
3131 3080 3420 3149 Apostolus
3438 3090 3657 3136 secutus
3678 3081 3775 3135 ad-

2189 3173 2393 3243 junxit,
2422 3171 2527 3229 Sed
2546 3189 2649 3227 non
2673 3173 2799 3227 sicut
2828 3172 3087 3240 delictum,
3115 3174 3187 3228 ila
3216 3183 3263 3227 et
3291 3172 3500 3228 donatio
3527 3188 3548 3229 :
3574 3173 3619 3228 si
3643 3174 3778 3228 enim

2193 3265 2255 3319 ob
2274 3265 2422 3318 unius
2443 3264 2681 3318 delictum
2698 3264 2849 3319 multi
2868 3265 3054 3318 mortui
3073 3275 3208 3331 sunt,
3232 3264 3392 3319 multo
3421 3266 3584 3336 magis
3610 3267 3777 3336 gratia

2193 3354 2291 3409 Dei
2316 3363 2363 3409 et
2385 3354 2576 3408 donum
2600 3354 2652 3408 in
2691 3356 2856 3424 gratia
2877 3355 3027 3410 unius
3078 3355 3296 3410 hominis
3345 3354 3472 3410 Iesu
3494 3355 3681 3410 Christi
3718 3357 3777 3411 in

2196 3449 2366 3516 plures
2391 3446 2663 3501 abundavit
2697 3466 2716 3499 ›
2731 3446 2903 3517 (Rom.
2926 3463 2980 3514 v,
3002 3447 3340 3518 I2,I5,15).
3363 3447 3534 3514 Quam
3563 3457 3779 3504 senten-

2196 3538 2322 3591 tiam
2367 3535 2470 3591 hoc
2513 3537 2672 3591 modo
2711 3538 2976 3607 exponis:
3005 3555 3025 3589 ‹
3057 3537 3194 3604 Quid
3248 3548 3370 3604 est,
3415 3537 3579 3592 multo
3617 3540 3778 3610 magis

2193 3629 2489 3692 abundavit;
2518 3629 2616 3683 nisi
2639 3629 2760 3698 quia
2785 3640 2972 3683 omnes
2999 3629 3088 3698 qui
3114 3644 3209 3698 per
3248 3628 3518 3685 Christum
3541 3630 3777 3685 liberau-

2195 3730 2300 3787 tur,
2332 3720 2693 3791 temporaliter
2724 3728 2942 3789 propter
2976 3720 3145 3775 Adam
3193 3721 3517 3787 moriuntur,
3560 3729 3775 3790 propter

2193 3811 2365 3880 ipsum
2386 3819 2561 3865 autem
2579 3808 2845 3865 Christum
2875 3812 2992 3865 sine
3018 3810 3321 3866 ﬁnevicturi
3341 3822 3464 3865 sunt
3495 3810 3628 3880 ι(οε
3654 3811 3772 3865 Nu-

2192 3903 2312 3971 ptiis
2337 3911 2383 3955 et
2409 3901 2845 3971 Concupiscentia,
2879 3901 2965 3956 lib.
3013 3902 3069 3967 2,
3122 3918 3176 3955 η.
3220 3902 3353 3973 46)?
3412 3902 3777 3959 Pronuntiavit

2192 4005 2336 4049 certe
2356 3995 2661 4065 Apostolus,
2692 3993 2759 4050 de
2782 3995 2935 4064 cujus
2982 3995 3136 4050 nobis
3173 4003 3259 4051 est
3306 3995 3558 4065 opinione
3598 4006 3775 4050 certa-

2192 4104 2315 4143 men
2335 4131 2349 4157 ,
2373 4087 2643 4143 efﬁcacius
2681 4090 2891 4158 operari
2911 4088 2975 4143 ad
3007 4089 3343 4144 collationem
3373 4089 3563 4143 salutis
3591 4096 3645 4144 et
3682 4103 3772 4145 co-

2192 4180 2395 4250 piosius
2413 4181 2635 4251 gratiam
2664 4180 2978 4247 Salvatoris,
3012 4196 3172 4250 quam
3215 4189 3490 4249 peccatum
3526 4180 3688 4246 Adae;
3713 4190 3771 4236 ut

2192 4271 2497 4326 ostenderet
2520 4271 2689 4325 multo
2715 4270 3083 4326 vehementius
3108 4271 3372 4340 profuisse
3397 4271 3692 4337 Christum,
3715 4278 3770 4327 et

2192 4363 2431 4431 pluribus
2453 4363 2734 4432 profuisse,
2783 4363 2937 4433 cujus
2965 4362 3129 4433 gratia
3154 4363 3235 4431 (ut
3277 4363 3392 4434 ipso
3444 4363 3562 4433 ejus
3610 4363 3769 4419 verbo

2193 4454 2335 4524 utar)
2360 4454 2628 4508 abundavit
2656 4455 2708 4511 in
2725 4456 2916 4526 plures,
2934 4472 3089 4526 quam
3110 4456 3603 4525 prtevaricationem
3617 4454 3766 4526 primi

2193 4544 2424 4599 hominis
2450 4545 2723 4611 nocuisse,
2754 4561 2913 4617 quem
2934 4548 2950 4578 ¹
2983 4554 3038 4601 tu
3065 4546 3197 4601 dicis
3221 4545 3515 4602 seminibus
3543 4545 3768 4617 illigasso

2191 4649 2463 4709 peccatum
2474 4678 2487 4693 .

2261 4732 2399 4790 Anc.
2425 4732 2590 4787 Multo
2609 4733 2771 4805 magis
2791 4732 3086 4800 abundavit,
3112 4731 3247 4787 dixit
3272 4750 3285 4785 :
3318 4746 3422 4786 non
3449 4774 3465 4800 ,
3517 4731 3576 4787 In
3606 4730 3765 4803 magis

2191 4825 2421 4890 multos;
2449 4824 2500 4879 id
2525 4832 2626 4888 est,
2657 4840 2784 4888 non,
2810 4824 2864 4877 In
2894 4824 3090 4893 plures.
3116 4822 3246 4891 Quis
3271 4824 3415 4878 enim
3450 4838 3557 4877 non
3599 4821 3766 4877 videat

2191 4914 2369 4984 plures
2393 4929 2511 4969 esse
2541 4914 2594 4968 in
2623 4928 2817 4985 genere
2843 4912 3110 4979 humano,
3152 4912 3204 4967 in
3230 4929 3364 4983 quos
3395 4928 3499 4966 non
3531 4911 3764 4966 abunda-

2189 5008 2298 5070 vit;
2324 5013 2381 5059 ut
2406 5020 2471 5059 ex
2493 5004 2732 5075 pluribus
2753 5004 3127 5060 ostenderetur
3151 5004 3277 5075 quid
3308 5004 3572 5059 universae
3618 5017 3758 5058 mas.

2189 5097 2426 5166 stcjusto
2446 5095 2647 5166 judicio
2692 5094 2996 5162 deberetur,
3030 5095 3130 5149 nisi
3179 5095 3267 5149 ubi
3316 5094 3480 5151 vellet
3530 5094 3757 5164 Spiritus

2189 5190 2449 5259 spiraret,
2471 5196 2526 5242 et
2547 5188 2688 5243 Deus
2714 5201 2848 5261 quos
2874 5186 3179 5257 dignaretur
3199 5196 3414 5241 voearet
3439 5227 3455 5254 ,
3502 5195 3557 5241 et
3602 5196 3754 5255 quem

2188 5281 2347 5335 vellet
2407 5279 2711 5349 religiosum
2769 5276 2966 5333 faceret
3040 5277 3377 5349 (Ambrosius
3401 5317 3416 5344 ,
3464 5275 3554 5331 lib.
3605 5277 3639 5332 7
3710 5276 3760 5331 in

2189 5372 2318 5428 Luc.
2359 5372 2486 5439 Ix)?

2260 5464 2543 5522 LXXXVI.
2575 5462 2694 5519 Jun.
2733 5461 2906 5518 Proba
2934 5461 3114 5533 igitur,
3164 5461 3265 5517 hoc
3319 5459 3465 5533 quod
3508 5457 3770 5515 intellexit

2189 5558 2478 5631 Apostolus
2506 5558 2697 5613 vestris
2725 5555 2995 5612 cohaerere
3019 5554 3379 5625 degentibus.

2258 5652 2391 5705 Auc.
2414 5647 2683 5717 Legantur
2708 5647 2868 5702 verba
2898 5647 3014 5717 ejus
3041 5645 3157 5700 sine
3183 5643 3534 5715 perversitate
3587 5641 3768 5713 legen-

2190 5745 2319 5799 tium
2342 5785 2357 5810 ,
2385 5742 2555 5813 qualis
2577 5741 2735 5796 estin
2772 5740 2924 5795 vobis
2945 5757 2961 5807 ',
2985 5747 3040 5794 ct
3070 5738 3211 5795 nulla
3251 5737 3351 5793 alia
3403 5735 3644 5807 probatio
3683 5750 3765 5789 re-

2256 5859 2273 5889 ¹
2312 5857 2444 5916 Editi,
2470 5867 2629 5920 quam.
2660 5861 2783 5916 Mss,
2807 5866 2963 5919 quem.
