4062 6490
286 364 427 420 1177

279 480 548 551 quiretur.

354 555 667 623 LXXXVII.
695 563 814 622 Jun.
843 563 899 622 Si
919 563 1062 620 enim
1089 563 1259 620 Adam
1279 605 1296 633 ,
1328 574 1385 620 ut
1412 565 1588 622 dicitis
1607 607 1622 632 ,
1652 577 1869 635 peccato

278 657 511 713 naturali
552 655 828 728 generavit
864 669 1052 711 omnes
1093 655 1144 709 in
1185 654 1718 737 condemnationem,
1751 665 1869 710 tan-

211 751 231 807 ?
282 760 505 819 tumque
531 747 600 802 de
635 747 746 802 suis
786 747 1080 802 visceribus
1111 749 1164 802 in
1202 748 1442 802 sobolem
1467 749 1610 802 virus
1645 747 1862 815 effudit,

218 834 226 843 ’
276 853 338 897 ιιι
377 842 429 896 in
461 850 646 894 natura
680 837 910 892 hominis
947 850 1139 892 cuncta
1175 839 1268 893 Dei
1312 839 1548 902 instituta
1587 838 1860 905 turbaret;

347 935 485 988 Atto.
512 929 737 1000 Quando
778 931 1054 1000 parvulum
1081 931 1298 998 Spiritus
1324 939 1477 984 vexat
1517 929 1817 984 immundus
1843 969 1861 998 ,

272 1029 616 1096 animamque
644 1023 760 1094 ejus
779 1035 832 1078 et
855 1037 1052 1092 corpus
1078 1022 1292 1093 alﬂigit,
1329 1035 1516 1076 sensus
1549 1022 1860 1076 sanitatem-

272 1136 381 1190 que
408 1116 694 1189 pervertit;
718 1115 896 1170 nonne
925 1115 1168 1168 universa
1198 1116 1331 1181 ejus,
1356 1129 1512 1183 quam
1546 1113 1681 1168 Deus
1712 1115 1862 1169 insti-

273 1212 380 1265 tuit
401 1251 417 1276 ,
445 1219 627 1264 natura
657 1206 923 1261 turbatur?
953 1220 1054 1259 nec
1083 1205 1332 1260 invenitis
1357 1205 1576 1260 omnino
1595 1205 1728 1259 tanti
1761 1205 1860 1260 hu—

275 1304 364 1378 jus
392 1303 514 1360 mali
542 1301 785 1357 meritum
805 1341 820 1365 ,
852 1307 1111 1370 negantes
1137 1298 1397 1368 originale
1425 1306 1722 1368 peccatum.
1751 1297 1858 1352 Cur

271 1397 420 1451 enim
446 1410 548 1449 non
575 1391 662 1446 hic
687 1391 917 1446 attendis
939 1431 956 1457 ,
984 1391 1037 1444 in
1069 1399 1256 1442 natura
1282 1388 1513 1443 hominis
1543 1403 1635 1457 per
1658 1387 1855 1443 diaboli

269 1487 420 1542 virus
445 1493 630 1540 cuncta
660 1483 755 1537 Dei
787 1481 1024 1536 instituta
1067 1478 1307 1536 turbari?
1352 1480 1443 1533 Dic
1470 1494 1684 1534 causam
1731 1494 1854 1548 par-

264 1576 402 1640 vuli,
429 1573 516 1629 dic
535 1582 738 1628 reatum
758 1571 874 1641 ejus
889 1570 973 1625 cui
999 1584 1188 1625 recens
1210 1578 1333 1624 nato
1356 1569 1373 1600 ¹
1397 1569 1494 1623 ista
1521 1569 1851 1639 contingunt,

264 1666 360 1736 qui
387 1653 594 1719 nonvis
619 1662 777 1716 verba
800 1661 1086 1732 apostolica
1107 1661 1185 1716 sic
1211 1660 1451 1729 accipere
1467 1701 1482 1726 ,
1510 1660 1855 1730 quemadmo:

263 1759 393 1814 dum
416 1755 691 1826 accipiter.
717 1767 822 1823 quo
841 1762 922 1806 est
948 1752 1184 1806 instituta
1209 1750 1474 1805 catholica
1509 1750 1852 1822 Ecelesia,aet

261 1845 715 1921 quemadmodum
757 1844 870 1899 suis
912 1853 1017 1897 tam
1057 1842 1352 1912 perspicuis
1379 1841 1534 1897 malis
1565 1842 1852 1898 conﬁtetur

264 1945 381 2013 ipsa
399 1950 605 1994 natura.
631 1937 698 1992 Et
721 1945 898 1990 tamen
920 1935 964 1990 si
987 1935 1120 1990 bene
1141 1933 1565 2000 consideremus,
1583 1933 1674 1988 Dei
1703 1933 1851 1989 nullo

265 2033 429 2088 modo
453 2029 688 2086 instituta
737 2027 1016 2082 turbantur
1037 2043 1052 2082 :
1076 2026 1324 2096 quoniam
1368 2027 1622 2096 praescius
1647 2026 1851 2081 futuro-

261 2139 384 2180 rum
415 2130 602 2178 cuncta
630 2119 905 2174 constituit
933 2135 946 2172 :
975 2133 1077 2173 nee
1103 2127 1269 2172 totum
1297 2117 1442 2188 quod
1465 2129 1700 2174 meretur
1722 2133 1852 2188 apo-

261 2214 452 2270 statica
485 2221 764 2276 creatura,
797 2210 1018 2281 singulis
1043 2209 1249 2273 reddit;
1278 2210 1372 2266 sed
1402 2211 1454 2280 in
1499 2225 1766 2272 mensura,
1795 2218 1851 2265 et

259 2323 488 2364 numero
504 2349 520 2374 ,
559 2315 616 2362 et
644 2305 877 2375 pondere
899 2303 1192 2374 disponens
1209 2303 1386 2358 omnia
1415 2303 1571 2373 (Sap.
1603 2319 1658 2357 xl
1677 2344 1692 2371 ,
1713 2302 1806 2374 2|)
1827 2340 1845 2370 ,

260 2401 530 2458 nemiuem
561 2399 688 2453 sinit
711 2396 832 2450 mali
857 2383 1053 2466 aliquid
1080 2395 1320 2466 perpeti,
1359 2393 1504 2464 quod
1538 2408 1641 2448 non
1669 2409 1848 2448 mere-

263 2502 383 2554 tur;
410 2489 650 2561 quamvis
692 2502 796 2542 non
837 2495 1077 2554 tantum,
1102 2493 1359 2555 quantum
1398 2497 1589 2540 maSSa:
1625 2483 1848 2540 debetur

264 2583 525 2638 universa:
543 2623 560 2645 ,
589 2579 825 2650 singulus
848 2577 1072 2648 quisque
1102 2578 1348 2647 patiatur.

339 2671 664 2728 LXXXVIII.
701 2671 822 2726 .Ιυι..
854 2669 924 2724 Ut
959 2669 1075 2724 sine
1101 2669 1246 2724 dono
1273 2667 1504 2734 diaboli,
1540 2667 1606 2722 ad
1651 2666 1792 2738 quod
1822 2669 1844 2701 ⁸

260 2765 398 2820 dicis
422 2763 692 2818 libidinem
717 2775 939 2816 sexuum
983 2760 1252 2828 pertinere
1275 2800 1292 2826 ,
1319 2759 1517 2829 nuptim
1541 2773 1674 2830 quas
1701 2759 1845 2818 Deus

256 2863 564 2919 creaverat,
595 2867 714 2909 esse
741 2868 846 2907 non
878 2860 1114 2921 possent;
1155 2851 1264 2905 imo
1291 2851 1396 2906 illis
1420 2865 1553 2921 quas
1572 2850 1846 2906 ordinave-

256 2955 364 3013 rat,
386 2943 732 3000 iustitutionis
750 2957 862 2997 suae
887 2941 1092 2996 honore
1113 2939 1469 3006 avolantihus,
1497 2940 1593 3000 has
1617 2955 1843 3010 quarum

255 3037 391 3093 ordo
418 3035 744 3106 permansit,
773 3046 897 3086 cum
936 3031 1170 3084 motione
1195 3029 1504 3099 genitalium
1527 3070 1542 3094 ,
1587 3044 1707 3084 cum
1746 3045 1845 3100 pu-

253 3129 388 3184 dore
411 3127 716 3183 coeuntium
737 3166 752 3190 ,
779 3139 898 3179 cum
926 3123 1102 3178 calore
1127 3132 1180 3177 et
1203 3121 1635 3177 consternatione
1673 3137 1844 3176 ment-

258 3217 474 3274 brorum
498 3259 514 3282 ,
567 3231 687 3272 cum
721 3213 1052 3284 jucunditate
1077 3227 1327 3268 sensuum
1352 3253 1368 3279 ,
1415 3227 1534 3268 cum
1566 3213 1842 3283 iniquitate

255 3313 607 3374 nascentium,
631 3308 849 3374 diaboli,
871 3323 977 3362 non
1002 3305 1122 3372 Dei,
1145 3320 1280 3376 opus
1299 3320 1420 3362 esse
1443 3315 1658 3376 cogeret
1679 3314 1842 3378 atque

254 3403 593 3458 convinceret
621 3418 634 3454 :

330 3491 465 3547 Auc.
497 3491 552 3546 Si
583 3489 774 3544 malum
799 3488 1048 3543 vitiorum
1073 3527 1089 3552 ,
1119 3485 1260 3557 quod
1282 3486 1382 3540 nisi
1411 3487 1462 3542 in
1493 3485 1671 3557 aliquo
1697 3485 1840 3542 bono

256 3599 381 3640 esse
408 3597 512 3637 non
545 3591 737 3651 potest,
764 3596 793 3636 a
821 3590 1129 3636 naturarum
1159 3579 1396 3635 bonitate
1415 3579 1718 3646 discernes;
1743 3595 1842 3636 nec

255 3673 544 3730 excusabis
568 3673 853 3737 diabolum,
881 3687 980 3728 nec
1006 3669 1282 3734 accusabis
1308 3671 1472 3724 Deum
1507 3687 1522 3724 :
1551 3685 1650 3725 nec
1677 3685 1842 3726 excu-

253 3763 399 3819 sabis
445 3762 676 3819 libidinis
705 3763 897 3816 malum
919 3803 935 3830 ,
975 3775 1075 3816 nec
1101 3760 1378 3816 accusabis
1406 3759 1714 3832 nuptiarum
1741 3761 1842 3816 bo-

315 3947 608 4004 LXXXIX.
638 3947 758 4004 Jun.
787 3945 960 4015 Ipsam
1003 3953 1276 4016 postremo
1301 3943 1508 4000 arbitrii
1538 3944 1838 4000 libertatem

245 4042 405 4096 unius
430 4041 632 4112 peccati
663 4038 984 4110 impulsione
1011 4037 1291 4092 subrueret
1319 4035 1370 4096 ’ς
1401 4043 1459 4090 ιιι
1491 4050 1650 4090 neruo
1683 4035 1840 4091 dein-

245 4147 375 4202 ceps
403 4135 456 4187 in
487 4139 751 4202 potestate
784 4129 1006 4184 haberet
1031 4139 1211 4183 vetera
1231 4125 1455 4181 crimina
1481 4125 1694 4180 virtutis
1721 4125 1836 4182 ele-

249 4225 432 4280 ctione
474 4238 757 4292 respuere,
789 4221 882 4276 sed
907 4235 1016 4275 uno
1041 4233 1229 4274 omnes
1269 4218 1320 4273 in
1345 4217 1840 4274 condemnationem

251 4329 456 4370 eversa:
495 4313 836 4368 humanitatis
865 4320 1102 4367 torrente
1131 4316 1463 4380 raperentur.

324 4407 463 4461 Auc.
487 4403 596 4459 Cur
622 4420 724 4458 non
753 4403 925 4473 potius
951 4401 1160 4456 miraris
1184 4441 1201 4466 ,
1232 4400 1466 4455 universi
1495 4401 1710 4470 generis
1736 4399 1840 4454 hu-

251 4498 398 4554 mani
419 4497 489 4553 ab
509 4498 726 4553 exordio
746 4497 1032 4552 nativitatis
1053 4503 1251 4550 tantam
1279 4495 1570 4560 miseriam,
1597 4505 1654 4550 ut
1683 4511 1841 4550 nemo

249 4591 444 4648 beatus
472 4590 572 4645 nisi
601 4605 666 4645 ex
696 4590 890 4644 misero
919 4588 1028 4653 ﬁat,
1061 4602 1233 4658 neque
1252 4586 1354 4641 nisi
1376 4593 1496 4656 post
1521 4586 1659 4641 hanc
1679 4588 1842 4642 vitam

248 4685 407 4740 malis
427 4684 681 4738 omnibus
707 4691 922 4748 careat,
950 4683 1034 4738 cui
1065 4697 1158 4752 per
1185 4681 1276 4736 Dei
1299 4681 1525 4750 gratiam
1557 4692 1843 4751 praestatur

248 4789 308 4833 ut
339 4777 565 4834 careat?
593 4778 704 4845 IIoc
730 4777 970 4832 mirando
991 4819 1006 4842 ,
1044 4784 1098 4831 te
1117 4775 1392 4845 corriges;
1435 4784 1490 4829 et
1513 4775 1713 4844 justum
1747 4775 1841 4832 Dei

243 4868 502 4937 judicium
527 4867 798 4939 (quoniam
833 4881 927 4936 per
952 4881 1116 4921 unum
1146 4864 1416 4918 hominem
1450 4873 1726 4934 peccatum
1751 4867 1838 4918 in-

250 4959 433 5013 travit'
455 4959 506 5013 in
537 4957 820 5031 mundum)
860 4959 912 5012 in
940 4957 1153 5029 generis
1183 4955 1402 5011 humani
1446 4972 1552 5012 non
1595 4955 1792 5027 iujusta
1818 4955 1842 4989 δ

251 5049 539 5107 afﬂictione
562 5066 874 5122 cognosces.

326 5141 439 5198 XC.
466 5143 584 5199 IUL.
605 5143 660 5200 Si
689 5143 833 5205 hmo.
863 5143 1108 5214 inquam,
1137 5149 1324 5198 cuncta
1345 5139 1398 5196 in
1431 5139 1525 5196 Dei
1557 5141 1840 5212 imaginem

253 5234 412 5305 primi
443 5234 668 5290 hominis
697 5235 896 5291 invexit
925 5235 1206 5305 iniquitas;
1246 5231 1586 5289 manifestum
1623 5241 1709 5288 est
1747 5235 1836 5288 ni-

251 5327 356 5381 mis
386 5340 508 5382 esse
537 5325 853 5382 imbecillam
880 5325 1080 5382 Christi
1107 5325 1330 5396 gratiam
1371 5323 1422 5379 in
1456 5323 1569 5380 suis
1605 5323 1844 5379 muneri-

210 5507 219 5575 ,
311 5479 336 5575 ζ
366 5481 568 5575 latss.
592 5481 869 5575 Editiuvero,
893 5481 996 5575 die”
1001 5487 1208 5543 reatum,
1226 5486 1272 5532 et
1291 5493 1378 5532 cur
1402 5494 1568 5533 recens
1589 5486 1716 5532 nato.

313 5544 336 5575 ⁸
365 5544 504 5602 Editi,
528 5555 684 5601 quem.
714 5553 842 5604 Mss,
867 5545 1014 5608 quod.

313 5605 336 5637 ⁸
363 5605 500 5664 mili,
523 5605 796 5658 subrueres.
829 5615 887 5658 At
907 5614 1036 5668 Mss,
1061 5603 1330 5657 subrueret.
1356 5603 1422 5656 Ad
1439 5604 1666 5656 Adamum
1681 5603 1841 5656 refer-

247 5673 345 5760 t“?
363 5731 437 5777 ste
460 5735 566 5837 lluss.
593 5735 648 5780 Αι,
673 5729 930 5780 Menardus
953 5735 1004 5780 et
1028 5729 1178 5793 prima
1204 5729 1428 5792 \‘ignierii
1455 5727 1621 5792 editio,
1647 5741 1738 5781 ron
1751 5727 1841 5794 ju-

247 5797 320 5837 σε
340 5801 360 5837 .'
382 5803 458 5837 ΠΜ
481 5803 528 5837 8.

246 5797 320 5841 σε
340 5801 360 5840 ἔ
382 5797 528 5840 tmte.

1587 359 1791 418 LIBER
1828 362 2203 425 SECUNDUS.

3417 393 3556 452 H78

1979 480 2108 547 bus,
2139 497 2257 552 quas
2289 485 2417 540 nihil
2448 489 2587 559 quod
2617 491 2700 548 his
2723 502 2798 550 tot
2823 495 3111 554 trabalibus
3138 501 3290 557 malis
3311 504 3558 561 medere-

1977 582 2060 626 tur
2084 574 2280 630 invenit
2303 591 2422 634 :aut
2443 583 2486 637 si
2516 583 2734 654 invenit,
2757 589 2986 646 affirma.
3009 589 3225 663 Singula
3247 595 3389 652 enim
3413 612 3555 654 nunc

1971 664 2195 758 singulis
2207 669 2564 727 conferamus.
2581 673 2636 729 Si
2656 677 2824 732 Adam
2855 690 3048 748 praeter
3063 685 3348 742 voluntatis
3365 703 3550 758 opera,

1970 753 2137 822 ipsius
2173 766 2374 812 natune
2401 761 2638 818 instituta
2665 768 2951 836 subvertit;
2989 775 3118 828 nihil
3163 775 3346 831 debuit
3384 753 3555 848 magis

1969 843 2214 936 Christus
2251 848 2268 878 ³
2287 888 2302 912 ,
2329 864 2486 916 quam
2513 867 2574 906 ea
2602 869 2720 923 qua:
2748 859 2816 913 ab
2844 859 2937 912 illo
2966 861 3174 918 fuerant
3199 866 3328 919 elisa
3349 907 3364 931 ,
3399 843 3554 936 repa-

1967 948 2088 989 rare
2106 976 2121 1000 ,
2156 935 2238 990 his
2267 937 2510 994 videlicet
2539 946 2773 1014 vestigiis
2798 949 2987 1016 quibus
3009 953 3098 1005 ille
3118 955 3417 1010 subruerat.

2037 1025 2170 1080 Auc.
2197 1025 2308 1081 Hoc
2333 1026 2476 1094 facit,
2505 1032 2598 1086 sed
2622 1049 2726 1088 non
2757 1039 3022 1105 quomodo
3047 1049 3099 1094 tu
3122 1042 3218 1096 vis.
3244 1043 3375 1110 Quis
3402 1045 3545 1100 enim

1963 1115 2210 1182 cognovit
2241 1127 2470 1172 mentem
2501 1122 2746 1178 Domini?
2773 1135 2868 1180 aut
2895 1130 3014 1198 quis
3054 1133 3388 1190 consiliarius
3429 1133 3548 1205 ejus

1964 1201 2062 1258 fuit
2093 1203 2242 1274 (Isai.
2273 1223 2372 1272 χι..
2403 1209 2503 1275 I5;
2531 1209 2679 1266 Rom.
2713 1230 2802 1282 xt,
2825 1216 2956 1288 34)?

2035 1293 2166 1348 XCI.
2194 1297 2312 1352 JIL.
2343 1298 2397 1352 Id
2427 1309 2542 1365 est,
2575 1310 2630 1356 ut
2659 1303 2710 1356 in
2735 1308 2932 1374 nuptiis
2961 1308 3345 1378 baptizaturqu
3373 1314 3549 1369 neuti-

1958 1398 2118 1453 quam
2143 1387 2427 1443 sentiretur
2451 1391 2647 1458 libido;
2675 1410 2773 1450 nec
2800 1397 2987 1453 eodem
3027 1401 3214 1467 modo,
3245 1418 3350 1472 quo
3378 1405 3541 1460 etiam

1959 1486 2270 1531 camerarum
2296 1481 2528 1548 gentium
2550 1525 2566 1549 ,
2595 1486 2844 1553 genitalia
2874 1501 3233 1546 moverentur.

2027 1567 2160 1622 Ave.
2187 1568 2302 1624 Non
2323 1586 2450 1640 ergo
2469 1573 2766 1652 debuerunt
2790 1579 3068 1650 baptizata:
3084 1598 3201 1638 cum
3225 1585 3423 1654 gemitu
3445 1601 3542 1657 pa-

1956 1668 2096 1746 rere;
2125 1659 2375 1726 quoniam
2401 1662 2499 1717 hoc
2525 1664 2689 1733 (quod
2712 1683 2906 1739 negare
2935 1685 3042 1725 non
3073 1672 3246 1746 potes)
3273 1690 3428 1744 poena
3457 1684 3542 1732 est

1955 1743 2168 1801 femina:
2195 1753 2524 1818 peccatricis.

2026 1837 2183 1894 XCII.
2205 1839 2323 1896 Jun.
2353 1842 2646 1901 Recederct
2674 1858 2946 1922 postremo
2975 1861 3094 1923 post
3129 1853 3324 1910 donum
3354 1857 3540 1928 gratim

1952 1931 2254 1986 coeuntium
2281 1933 2478 2002 pudor,
2508 1951 2607 1991 nec
2637 1938 2735 1994 iret
2766 1955 2860 2008 per
2885 1944 3121 1997 membra
3143 1946 3338 2014 quietis
3361 1947 3539 2002 imita-

1955 2021 2058 2090 tio,
2086 2039 2185 2079 nec
2213 2034 2518 2095 paterentur
2537 2043 2726 2085 sensus
2750 2047 2911 2088 onera
2943 2034 3240 2092 dulcedinis
3267 2055 3281 2092 :
3309 2039 3536 2094 liberum

1953 2123 2222 2184 postremo
2251 2117 2528 2187 baptizatis
2555 2123 2864 2179 redderetur
2883 2127 3180 2194 arbitrium,
3204 2137 3265 2182 ut
3294 2143 3388 2198 per
3407 2145 3533 2185 cor-

1951 2208 2240 2263 rectionem
2260 2220 2482 2277 naturae,
2509 2215 2728 2284 expulsa
2747 2216 2863 2287 lege
2889 2219 3113 2287 peccati,
3143 2228 3248 2275 tam
3277 2221 3535 2290 possibile

1949 2298 2281 2356 conlitereris
2309 2317 2428 2358 esse
2455 2306 2765 2361 mortalibus
2787 2348 2804 2374 ,
2842 2309 3015 2365 nitere
3053 2311 3338 2380 splendore
3363 2313 3532 2369 virtu-

1927 2397 2061 2445 .tum
2087 2433 2102 2458 ,
2133 2407 2292 2462 quam
2337 2393 2582 2472 sordibus
2611 2395 2830 2453 horrere
2857 2400 3108 2454 vitiorum
3133 2417 3147 2454 :
3173 2401 3280 2456 imo
3319 2403 3532 2472 penitus

1949 2495 2051 2536 nec
2077 2483 2348 2551 mortales,
2371 2485 2460 2556 qui
2483 2469 2841 2543 sacramentis
2867 2489 3194 2559 imbuuntur,
3219 2469 3338 2548 esse
3364 2492 3532 2549 debe-

1945 2581 2086 2628 rent.

2018 2663 2152 2719 Auo.
2179 2663 2248 2718 Et
2274 2673 2451 2720 tamen
2471 2707 2486 2733 ,
2515 2664 2722 2722 Juliane
2743 2708 2756 2733 ,
2785 2667 2916 2723 tales
2959 2670 3170 2740 nuptias
3200 2670 3252 2726 in
3284 2671 3532 2742 paradiso

1946 2754 2269 2810 constituere
2298 2772 2402 2810 non
2449 2766 2500 2812 te
2545 2759 2744 2828 pudet,
2793 2759 2880 2814 ubi
2909 2763 3212 2816 coeuntium
3255 2763 3530 2820 confiteris

1945 2843 2223 2913 pudorem.
2259 2845 2469 2916 Ergone
2508 2847 2705 2919 aliquid
2735 2849 3036 2918 pudendum
3079 2860 3224 2919 erat,
3264 2852 3353 2908 ubi
3399 2853 3531 2910 nihil

1946 2937 2046 2990 nisi
2073 2936 2416 3005 laudandum,
2444 2940 2532 3009 qui
2555 2954 2714 3010 supra
2735 2952 2923 2997 cuncta
2947 2943 3240 3000 laudandus
3260 2955 3361 3013 est,
3383 2945 3530 3002 Con-

1943 3025 2086 3080 ditor
2109 3027 2445 3083 instituerat?
2487 3029 2590 3086 Sed
2633 3030 2752 3101 quis
2792 3042 2965 3102 potest
3009 3033 3110 3090 hoc
3134 3049 3321 3105 sapere
3347 3046 3402 3092 et
3441 3037 3529 3092 di-

1943 3131 2068 3174 cere
2087 3160 2102 3184 ,
2132 3119 2231 3173 nisi
2259 3135 2418 3190 quem
2447 3137 2550 3176 non
2581 3123 2742 3191 pudet
2767 3123 2820 3178 id
2849 3123 3066 3181 laudare
3092 3117 3229 3197 quod
3261 3128 3458 3198 pudet?

2015 3209 2194 3264 XCIII.
2225 3209 2344 3266 σῐυι..
2367 3211 2422 3267 Si
2444 3212 2586 3266 enim
2617 3223 2810 3286 pugnat
2831 3214 3091 3270 medicina
3121 3231 3242 3271 cum
3271 3219 3490 3274 vulnere
3509 3261 3527 3286 ,

1941 3309 1996 3356 et
2021 3315 2165 3355 mors
2192 3313 2408 3370 peccato
2437 3301 2630 3358 dicitur
2661 3303 2954 3373 accidisse,
2985 3306 3310 3363 ablatiouem
3340 3309 3530 3364 mortis

1941 3393 2141 3448 amotio
2167 3395 2368 3463 peccati
2401 3395 2560 3450 debet
2581 3396 2816 3466 operari.

2013 3485 2149 3540 Atto.
2181 3485 2370 3540 Adhuc
2415 3485 2631 3556 quidem
2679 3486 2888 3552 dicitis,
2929 3487 3097 3543 Adam
3124 3488 3201 3544 sic
3247 3489 3408 3546 fuisse
3444 3491 3528 3546 l'a-

1940 3583 2084 3630 ctum
2110 3617 2125 3642 ,
2153 3584 2212 3629 ut
2237 3576 2348 3630 sive
2374 3586 2638 3646 peccaret,
2661 3577 2776 3632 sive
2801 3593 2906 3632 non
2937 3587 3214 3647 peccaret,
3241 3581 3530 3636 moriturus

1941 3677 2085 3724 esset
2117 3685 2131 3722 :
2177 3668 2270 3722 sed
2302 3669 2401 3722 ista
2427 3669 2666 3724 dicentes
2701 3669 2811 3738 jam
2842 3685 2937 3724 vos
2977 3671 3230 3740 magister
3256 3682 3434 3728 vester
3473 3673 3529 3729 in

1941 3761 2230 3830 episcopali
2269 3760 2469 3830 judicio
2509 3761 2822 3828 Palmstino,
2865 3777 2966 3816 nec
2993 3763 3111 3818 sine
3137 3777 3195 3817 se
3225 3762 3376 3834 ipso,
3405 3765 3529 3834 quia

1943 3867 2048 3906 non
2077 3865 2135 3906 se
2171 3851 2439 3918 correxit,
2484 3851 2730 3922 Pelagius
2768 3854 2884 3922 ipse
2922 3852 3195 3908 damnavit
3229 3853 3304 3928 (a)
3339 3873 3353 3910 :
3386 3855 3530 3912 Deus

1943 3953 2119 4000 autem
2165 3960 2270 3998 non
2316 3945 2368 3998 in
2416 3945 2518 3998 isto
2553 3945 2748 4000 saeculo
2794 3946 3025 4016 maligno
3073 3947 3338 4002 beatificat
3365 3963 3526 4014 suos,

1941 4036 2136 4107 quibus
2157 4036 2244 4092 hic
2270 4045 2487 4106 peccata
2516 4036 2766 4103 dimittit,
2807 4047 2861 4092 et
2886 4039 3104 4108 spiritus
3131 4040 3314 4107 gratia:
3341 4041 3531 4112 pignus

1943 4128 2202 4198 impertit.
2247 4128 2372 4183 Ideo
2413 4128 2490 4183 eis
2532 4129 2623 4200 qui
2669 4130 2826 4185 etiam
2867 4131 3020 4187 malis
3049 4133 3230 4188 saeculi
3256 4132 3414 4203 hujus
3442 4134 3529 4190 vel

1942 4220 2378 4287 delectabilibus,
2412 4222 2493 4276 vel
2520 4222 2676 4277 suavis
2705 4233 2862 4294 atque
2902 4226 3142 4295 asperis,
3187 4227 3378 4295 partim
3419 4244 3528 4284 non

1942 4322 2192 4379 utuntur,
2235 4314 2424 4384 partim
2451 4313 2588 4369 bene
2622 4323 2843 4370 utuntur
2861 4357 2877 4382 ,
2905 4316 3136 4371 futurum
3165 4319 3404 4387 promisit
3427 4335 3527 4374 sa!-

1941 4407 2119 4460 culum
2141 4447 2156 4471 ,
2187 4405 2239 4458 in
2267 4420 2374 4474 quo
2400 4405 2536 4459 mala
2565 4405 2705 4460 nulla
2737 4407 3033 4477 patiantur;
3065 4407 3154 4462 ubi
3186 4407 3319 4464 tales
3349 4418 3531 4464 essent

1942 4506 1997 4551 et
2026 4497 2242 4566 nuptiae.
2276 4496 2461 4566 quales
2489 4496 2542 4550 in
2566 4497 2658 4550 illo
2681 4497 2942 4566 paradiso,
2975 4499 3018 4552 si
3046 4513 3205 4553 nemo
3231 4508 3526 4568 peccasset,

1941 4603 2062 4643 esse
2087 4589 2404 4658 potuissent,
2435 4589 2486 4642 in
2511 4589 2702 4658 quibus
2731 4589 2863 4643 nihil
2895 4589 3199 4660 pudendum
3221 4602 3363 4647 esset
3389 4609 3403 4646 :
3432 4593 3530 4650 sed

1944 4695 2042 4734 nec
2071 4680 2208 4736 tales
2231 4689 2414 4744 erunt,
2447 4679 2694 4749 quoniam
2720 4679 2996 4735 beatorum
3023 4697 3247 4736 numero
3275 4683 3524 4754 impleto,

1944 4773 2030 4828 cui
2063 4774 2171 4826 sint
2205 4773 2401 4842 nuptize
2430 4773 2745 4828 necessariae
2765 4815 2779 4838 ,
2820 4775 3092 4843 generatio
3132 4775 3242 4845 ipsa
3273 4791 3376 4830 non
3405 4779 3526 4832 erit.

2015 4861 2198 4919 XCIV.
2227 4863 2347 4918 JUL.
2381 4863 2572 4918 Verum
2600 4879 2718 4917 cum
2742 4865 2873 4918 nihil
2902 4864 3088 4920 borum
3111 4882 3228 4936 qua:
3258 4867 3489 4922 diximus
3507 4911 3524 4936 ,

1942 4955 2327 5027 baptizatorttm
2371 4965 2578 5012 constet
2623 4957 2836 5012 evenire
2884 4961 3227 5031 corporibus;
3280 4978 3384 5016 non
3430 4979 3530 5031 po-

1945 5049 2107 5103 tuisse
2134 5057 2312 5104 autem
2338 5048 2524 5113 aliter,
2556 5048 2605 5102 id
2644 5057 2758 5114 est,
2805 5065 2910 5104 non
2945 5051 3194 5108 debuisse
3214 5094 3228 5116 ,
3256 5069 3414 5124 quam
3445 5054 3529 5110 his

1943 5137 2220 5194 medicina:
2249 5137 2423 5192 modis
2444 5145 2608 5193 totum
2637 5139 2776 5204 Iieri,
2803 5140 3002 5195 veritas
3026 5142 3220 5197 clarior
3238 5145 3352 5199 sole
3373 5159 3529 5198 mon-

1944 5229 2192 5284 straverit
2221 5246 2236 5283 :
2264 5229 2624 5285 conﬁtendum
2674 5231 2766 5286 tibi
2810 5241 2930 5300 est,
2984 5243 3074 5288 aut
3112 5234 3196 5288 illa
3239 5251 3358 5305 qua:
3385 5236 3530 5304 prius

1945 5322 2378 5376 enumeravimus
2401 5362 2416 5385 ,
2457 5337 2563 5376 non
2609 5322 2868 5378 accidisse
2897 5336 3115 5394 peccato
3138 5366 3152 5389 ,
3199 5334 3253 5379 et
3281 5325 3400 5380 ideo
3430 5339 3530 5382 nec

1944 5412 2164 5466 vulnera
2193 5411 2356 5467 fuisse
2381 5421 2618 5478 naturae;
2651 5424 2708 5468 ut
2740 5421 2948 5470 constet
2992 5417 3128 5470 ratio
3169 5416 3384 5485 gratiae,
3433 5429 3529 5484 per

1944 5517 2102 5574 quam
2142 5502 2478 5558 manifestum
2521 5513 2632 5571 est,
2676 5505 2763 5560 illa
2810 5505 2878 5561 de
2915 5507 3028 5561 suis
3067 5505 3343 5561 ordinibus
3381 5514 3526 5562 mota

1945 5609 2052 5651 non
2077 5609 2198 5652 esse
2235 5613 2249 5650 :
2277 5605 2368 5652 aut
2393 5607 2540 5653 certe
2577 5598 2874 5670 negandum
2901 5637 2918 5665 ,
2949 5601 3001 5653 in
3033 5599 3301 5670 mysteriis
3325 5597 3526 5657 Christi

2013 5735 2028 5764 ⁸
2052 5729 2216 5794 Codex
2238 5737 2498 5794 Portarum,
2523 5731 2645 5783 nihil
2667 5730 3003 5794 decuitimagt's
3020 5731 3276 5786 Christum.
3363 5737 3370 5742 ’

2013 5794 2084 5856 (a)
2108 5793 2204 5842 Lib.
2230 5791 2295 5843 de
2317 5795 2474 5845 Gestis
2489 5785 2690 5859 'Pelagii,
2716 5808 2800 5844 nn.
2823 5793 2902 5856 23,
2925 5785 3000 5845 87.
