4062 6550
544 414 682 471 H79
1216 399 1460 460 OPElllS
1498 388 1908 450 IMPERFECTI
1946 384 2220 442 CONTRA
2259 382 2619 448 JULIANUM,
2661 381 2718 436 S.
2763 377 3121 436 AUGUSTINI
3692 371 3725 426 1
3750 369 3883 423 180

545 526 830 597 quidquam
859 536 979 578 esse
1018 515 1327 579 medicinaa,
1366 528 1485 583 quae
1523 511 1591 564 de
1625 516 1701 563 tot
1738 504 2031 561 secundum
2074 512 2125 556 te

548 617 749 674 morbis
780 616 796 646 ³
825 628 891 668 ne
921 625 1081 667 unum
1105 606 1315 679 quidem
1345 617 1535 658 sanare
1556 598 1845 669 potuerint.

618 709 753 762 Auc.
782 703 893 757 lmo
917 716 1043 755 vero
1072 698 1193 753 hinc
1221 694 1488 751 deberetis
1514 704 1837 761 agnoscere,
1873 688 1918 741 si
1950 694 2130 740 mente

550 796 725 851 sobria
746 792 1016 857 viveretis,
1043 804 1199 859 quam
1230 801 1478 856 magnum
1501 781 1629 837 illud
1652 788 1924 851 peccatum
1953 776 2126 840 fuerit,

548 885 693 955 quod
734 900 829 955 per
857 897 1020 937 unum
1064 879 1332 934 hominem
1378 874 1594 930 intravit
1637 874 1689 927 in
1735 871 2029 935 mundum,
2077 876 2132 922 et

551 991 670 1032 eum
701 982 872 1028 morte
915 971 968 1025 in
1013 983 1200 1024 omnes
1237 965 1480 1021 homines
1509 961 1855 1033 pertransiit:
1890 957 2132 1029 quando-

530 1065 765 1137 quidem
810 1062 964 1117 malis
1005 1060 1164 1130 hujus
1214 1058 1430 1121 smculi,
1482 1071 1602 1109 cum
1653 1054 1844 1124 quibus
1893 1051 2134 1106 homines

554 1156 852 1211 moriuntur
879 1155 922 1216 ³,
952 1167 1049 1206 nec
1076 1149 1344 1220 baptizati,
1369 1148 1479 1217 jam
1500 1155 1647 1200 reatu
1668 1145 1865 1209 ablato,
1889 1143 2135 1198 omnibus

553 1250 830 1305 eruuntur,
863 1242 963 1295 nisi
991 1248 1110 1310 post
1142 1238 1279 1293 hanc
1301 1239 1501 1302 vitam;
1548 1236 1601 1289 in
1622 1250 1724 1304 qua
1761 1248 1858 1287 nos
1884 1240 2134 1303 oportet,

557 1336 717 1391 etiam
743 1331 1018 1404 promissis
1044 1330 1198 1384 bonis
1216 1370 1231 1394 ,
1263 1327 1498 1384 exerceri
1524 1326 1697 1379 adhuc
1728 1324 1902 1377 malis.
1930 1322 2063 1377 Nam
2092 1322 2137 1376 si

557 1440 762 1481 merces
788 1421 909 1478 ﬁdei
936 1421 1192 1476 continuo
1235 1417 1550 1472 redderetur
1568 1456 1583 1479 ,
1606 1415 1715 1484 jam
1743 1428 1842 1469 nec
1870 1411 2000 1488 ﬁdes
2025 1412 2138 1481 ipsa

557 1527 733 1582 esset;
772 1530 890 1586 qua:
916 1513 1055 1568 mala
1080 1510 1361 1582 praesentia
1393 1508 1581 1563 videns
1601 1549 1617 1574 ,
1644 1506 1766 1561 ideo
1795 1506 1882 1576 pie
1906 1506 2137 1571 tolerat,

559 1607 683 1677 quia
708 1606 846 1661 bona
872 1603 1131 1675 promissa
1162 1615 1267 1656 non
1291 1598 1478 1655 videns
1501 1639 1515 1663 ,
1550 1596 1778 1651 ﬁdeliter
1803 1603 1859 1652 ct
1884 1595 2142 1666 patienter

562 1706 855 1768 exspectat.

636 1786 794 1843 XCV.
822 1785 940 1841 ιω..
968 1782 1059 1840 Sic
1084 1782 1164 1854 egi
1201 1781 1455 1835 hactenus
1476 1819 1491 1843 ,
1522 1774 1671 1847 quasi
1699 1790 1804 1830 vnn
1833 1774 2094 1830 donorum
2121 1773 2143 1805 ³

565 1886 623 1934 et
646 1867 957 1944 vulnerum,
1000 1876 1053 1931 in
1083 1873 1363 1931 contrariis
1386 1871 1514 1927 licet
1546 1868 1854 1934 ell'ectibus,
1886 1867 2144 1937 mqualem

567 1977 745 2025 tamen
783 1966 1069 2038 Apostolus
1098 1965 1415 2020 aestimasset
1463 1979 1478 2015 :
1520 1960 1713 2015 crescit
1757 1968 1934 2013 autem
1983 1957 2146 2013 dubio

569 2058 752 2131 procul
773 2058 1068 2113 sublimitas
1096 2070 1239 2111 sanae
1262 2054 1402 2120 lidei,
1424 2067 1583 2123 quam
1611 2061 1848 2114 tuemur;
1874 2064 1998 2104 cum
2027 2065 2147 2103 con-

567 2149 830 2205 sideratur
863 2148 1082 2211 Paulus,
1116 2162 1221 2201 non
1249 2146 1421 2200 solum
1452 2141 1699 2199 remediis
1724 2141 1907 2211 gratia:
1931 2140 2148 2209 aegritu-

568 2240 748 2296 dinem
776 2254 882 2293 non
913 2238 1211 2308 praetulisse
1243 2236 1516 2304 culparum
1538 2274 1555 2299 ,
1582 2246 1765 2287 verum
1792 2230 1952 2285 etiam
1976 2228 2152 2300 copio-

566 2333 710 2389 siora
736 2330 993 2387 beneﬁcia
1008 2329 1279 2401 judicasse
1302 2324 1617 2398 dispendiis.

638 2425 773 2478 Atto.
797 2420 993 2476 Verum
1022 2430 1105 2476 est
1133 2437 1146 2472 :
1174 2418 1483 2488 temporalia
1504 2416 1701 2487 quippe
1727 2422 1851 2469 sunt
1874 2410 2151 2482 dispendia

568 2520 1038 2585 regeneratorum;
1068 2509 1321 2571 beneﬁcia
1347 2524 1477 2563 vero
1501 2514 1660 2562 erunt
1682 2506 1800 2561 sine
1820 2504 1980 2560 dubio
2005 2518 2150 2559 sem-

570 2608 774 2678 piterna
798 2623 811 2659 :
840 2604 934 2661 sed
963 2603 1260 2673 diSpendia,
1290 2617 1409 2672 qua:
1428 2606 1715 2655 nascentes
1744 2597 1920 2652 ﬂendo
1955 2603 2154 2678 testan-

571 2672 691 2764 tur,
735 2696 894 2752 dicite
920 2712 1024 2766 quo
1052 2672 1248 2750 merito
1273 2693 1372 2748 sub
1395 2692 1689 2762 justissimo
1727 2700 1782 2745 et
1818 2672 2154 2758 omnipoten-

571 2787 778 2842 tissitno
805 2786 991 2841 Judice
1034 2785 1145 2846 eis.
1188 2784 1233 2839 si
1284 2784 1487 2838 nullum
1532 2791 1805 2851 peccatum
1845 2779 2150 2845 attrahunt,

574 2879 892 2948 irrogentur.

644 2967 825 3023 XCVI.
854 2968 971 3023 Jun.
1001 2965 1137 3035 Quid
1167 2981 1295 3038 ergo
1336 2965 1495 3021 etiam
1538 2962 1654 3017 lucc
1682 2961 1968 3032 disputatio
1993 2959 2157 3015 colle-

570 3060 731 3130 gerit,
758 3059 995 3129 prudens
1022 3059 1188 3114 lector
1206 3056 1463 3112 attendat.
1491 3052 1780 3123 Apostolus
1802 3052 1937 3107 dixit
1964 3054 2015 3106 in
2047 3051 2158 3121 plu-

576 3166 666 3204 res
694 3149 991 3204 abundasse
1019 3148 1356 3202 donationem
1386 3144 1586 3200 Christi
1611 3145 1677 3199 ad
1702 3143 1925 3199 salutem
1945 3181 1961 3206 ,
1999 3155 2158 3211 quam

577 3238 706 3294 Adae
732 3239 884 3306 culpa
912 3238 1199 3292 nocuisset.

647 3329 786 3384 Anc.
809 3325 923 3381 Non
954 3325 1059 3382 hoc
1095 3326 1229 3380 dixit
1265 3343 1278 3380 :
1314 3323 1450 3380 sed:
1484 3322 1651 3377 Multo
1692 3321 1853 3393 magis
1889 3320 2161 3374 abundavit

572 3421 741 3493 gratia
767 3420 820 3473 in
841 3416 1022 3472 multos
1052 3416 1227 3487 (Rom.
1248 3433 1301 3484 v,
1330 3415 1444 3487 45);
1475 3415 1577 3471 hoc
1599 3423 1703 3478 est,
1730 3412 1896 3483 magis
1920 3411 2161 3467 abunda-

578 3515 675 3579 vit,
707 3529 811 3567 non
839 3513 892 3567 in
918 3513 1084 3583 magis
1114 3511 1330 3579 multos,
1354 3510 1408 3567 id
1429 3519 1511 3567 est
1530 3551 1545 3574 ,
1575 3525 1682 3565 non
1712 3509 1765 3564 in
1786 3509 1964 3579 plures
1982 3549 1999 3576 ,
2026 3507 2163 3563 sicut

572 3604 685 3676 jam
706 3618 1018 3674 responsum
1048 3613 1150 3659 est.

649 3695 858 3752 XCVII.
884 3695 1005 3751 Jun.
1040 3696 1151 3762 Qua
1178 3694 1332 3765 culpa
1359 3704 1415 3749 tu
1455 3693 1573 3750 illas
1596 3691 1808 3757 clades,
1837 3705 1969 3763 quas
2000 3705 2165 3761 supra

577 3787 1029 3851 ennmeravimus,
1053 3787 1185 3842 dicis
1209 3787 1468 3843 accidisse
1491 3794 1718 3852 naturae,
1746 3799 1816 3839 ex
1844 3783 2038 3864 quibus
2064 3797 2167 3838 nec

578 3892 741 3932 unam
769 3877 821 3932 in
847 3877 931 3932 bis
957 3877 1046 3948 qui
1070 3877 1136 3931 ad
1165 3876 1363 3933 Christi
1394 3875 1709 3946 perveniunt
1736 3872 2080 3931 Sacramenta
2105 3870 2128 3904 ⁸
2146 3912 2163 3940 ,

580 3976 799 4024 constat
838 3968 1052 4036 sanari;
1099 3983 1162 4023 ac
1209 3983 1303 4038 per
1331 3967 1437 4022 hoc
1482 3966 1648 4022 multo
1671 3966 1790 4037 plus
1833 3965 2166 4034 iniquitatem

591 4060 749 4132 primi
776 4059 1007 4115 hominis
1026 4060 1093 4115 ad
1117 4059 1413 4116 nocendum
1438 4060 1634 4115 asseris
1654 4057 1906 4113 habuisse
1932 4057 2164 4122 virtutis,

579 4167 742 4222 quam
771 4152 939 4223 gratia
968 4151 1170 4208 Christi
1197 4151 1403 4207 obtinet
1425 4149 1492 4205 ad
1520 4148 1839 4205 medendum
1870 4166 1884 4202 :
1913 4163 2021 4219 quo
2051 4148 2168 4203 col-

582 4242 743 4309 lecto,
771 4251 1043 4298 ostensum
1074 4251 1178 4304 est,
1209 4250 1460 4310 quautam
1486 4241 1625 4295 inter
1647 4237 1953 4294 Catholicos
1976 4245 2031 4291 et
2055 4236 2168 4290 Ma-

584 4331 822 4390 nichmos
843 4374 860 4399 ,
891 4340 1088 4387 tantam
1115 4331 1255 4387 inter
1293 4340 1346 4386 te
1379 4339 1436 4387 et
1461 4330 1776 4400 Apostolum
1798 4327 2021 4382 Paulum
2048 4340 2170 4382 esse

582 4422 927 4481 discordiam.

657 4517 792 4573 Anc.
818 4514 979 4571 Tollit
1001 4514 1169 4585 gratia
1197 4513 1390 4569 Christi
1415 4512 1689 4583 originalis
1711 4512 1911 4581 peccati
1940 4519 2170 4577 reatum,

586 4605 683 4662 sed
705 4620 815 4662 rem
845 4605 1162 4662 invisibilem
1194 4605 1526 4661 invisibiliter
1552 4605 1688 4659 tollit
1721 4620 1736 4658 :
1768 4602 1987 4658 dimittit
2014 4602 2172 4658 etiam

585 4708 781 4754 cuncta
809 4708 1055 4770 peccata,
1090 4714 1210 4769 qua:
1238 4698 1482 4754 homines
1523 4698 1661 4753 male
1694 4696 1922 4752 vivendo
1958 4696 2175 4766 insuper

585 4791 924 4848 addiderunt.
960 4791 1227 4846 Iudicium
1255 4791 1450 4861 quippe
1474 4804 1541 4845 ex
1583 4805 1692 4845 uno
1721 4789 1915 4844 delicto
1953 4787 2006 4843 in
2047 4801 2176 4843 cono

594 4882 1003 4948 demnationem;
1034 4883 1155 4953 quia
1182 4893 1236 4937 et
1261 4899 1421 4938 unum
1453 4883 1578 4937 illud
1604 4882 1745 4952 quod
1774 4901 1802 4939 a
1835 4882 2178 4941 nascentibus

590 4972 845 5039 trahitur,
873 4972 1033 5028 trahit
1057 4973 1124 5027 ad
1143 4984 1398 5028 aeternam
1428 4973 1927 5029 condemnationem
1948 5012 1965 5038 ,
1996 4972 2044 5027 si
2069 4987 2174 5026 non

589 5062 891 5117 remittatur
939 5080 953 5118 :
999 5072 1098 5125 nec
1147 5070 1324 5119 tamen
1374 5063 1476 5118 hoc
1520 5063 1693 5119 solum
1719 5063 1888 5134 gratia
1921 5054 2195 5122 dimittittl

587 5153 825 5224 alioquin
855 5162 1059 5210 tantum
1089 5155 1321 5221 valeret;
1350 5155 1442 5212 sed
1463 5171 1584 5225 cum
1615 5156 1730 5226 ipso
1749 5153 1968 5210 dimittit
1992 5163 2047 5209 et
2066 5168 2176 5209 ca:-

593 5255 726 5311 tera;
755 5262 882 5319 ergo
910 5247 1028 5319 plus
1051 5248 1191 5305 valet
1219 5267 1232 5302 :
1262 5257 1478 5320 propter
1497 5248 1634 5319 quod
1654 5248 1853 5304 dictum
1879 5254 1994 5314 est,
2016 5245 2177 5301 ludi-

590 5339 723 5394 cium
765 5340 967 5410 quidem
998 5358 1062 5396 ex
1087 5358 1188 5403 uno
1213 5340 1266 5396 in
1293 5342 1756 5397 condemnationem
1777 5381 1794 5404 ,
1819 5340 1986 5412 gratia
2009 5348 2179 5395 autem

591 5448 655 5487 ex
680 5432 850 5488 multis
881 5432 1076 5489 delictis
1109 5434 1163 5490 in
1198 5435 1611 5507 jttstiﬁcationem
1638 5432 1824 5504 (Ibid.,
1866 5433 1975 5507 16).
2008 5433 2182 5490 Donat

655 5584 671 5615 ⁸
707 5582 982 5646 vlgnierius
1003 5591 1056 5636 et
1075 5584 1231 5635 codex
1253 5592 1387 5645 Man,
1411 5584 1472 5637 de
1493 5588 1559 5635 tot
1572 5583 1739 5636 statuti
1758 5584 1952 5637 morbis.

653 5645 675 5676 ⁸
707 5651 813 5695 Mss.
835 5645 956 5695 Clar.
985 5654 1098 5695 Mar.
1125 5653 1178 5695 et
1197 5655 1343 5695 Part...
1366 5647 1577 5695 hormines
1597 5646 1884 5695 moriuntur.
1908 5658 1911 5661 '

656 5647 675 5676 ³
707 5651 813 5695 Mss.
835 5647 956 5696 Clar.
985 5654 1098 5697 Mar.
1125 5653 1178 5698 et
1197 5655 1343 5708 Port.,
1366 5647 1577 5700 homines
1597 5647 1884 5697 moriuntur.
1908 5658 1911 5661 ·

656 5709 679 5773 _'
710 5708 844 5773 aditi,
870 5710 1106 5760 dolorum.
1127 5711 1293 5773 Aptius
1315 5716 1457 5760 vetus
1475 5708 1629 5773 codex
1656 5714 1800 5766 Port.,
1821 5708 2070 5773 donorum.

653 5768 678 5800 δ
707 5772 780 5820 sic
801 5778 1053 5843 Mss._t‘ort.
1071 5768 1184 5821 Mari
1200 5774 1321 5843 Clar.
1347 5778 1402 5823 At
1424 5772 1562 5832 editi,
1581 5782 1669 5822 nec
1690 5782 1836 5820 unam
1853 5782 1946 5836 quo
1967 5771 2032 5823 ad
2046 5769 2185 5825 chri-

600 5835 720 5881 v-tum
739 5835 1012 5884 vern'niunt
1034 5842 1352 5887 Serranam.

2234 502 2394 555 etiam
2422 501 2587 570 gratia
2606 540 2621 564 ,
2649 509 2708 555 ut
2733 509 2915 554 contra
2942 495 3422 566 concupiscentiam
3454 494 3628 548 carnis
3668 489 3886 557 spiri-

2235 601 2321 648 tns
2361 593 2697 662 concupiscat
2728 609 2741 644 :
2770 602 2829 646 et
2863 590 2907 645 si
2930 588 3158 662 quando
3191 586 3362 643 ﬁdelis
3401 586 3566 641 homo
3611 587 3672 639 in
3750 584 3881 635 hoc

2234 684 2525 739 certamine
2558 683 2834 738 venialiter
2862 683 3114 739 vincitur.
3146 677 3324 735 debita
3352 678 3573 731 dimittit
3594 678 3829 730 oranti
3858 689 3880 733 ;

2235 785 2287 829 et
2309 774 2520 845 quando
2546 774 2914 829 damnabilitrr
2938 770 3184 834 vincitur,
3215 770 3307 823 dat
3331 767 3681 828 humiliorem
3722 782 3843 836 pa:
3861 796 3882 807 ο

2236 869 2510 925 nitentiam
2534 909 2550 933 ,
2578 867 2663 922 cui
2695 868 2888 922 tribuat
2923 865 3320 935 indulgentiam.
3348 863 3521 917 Donat
3549 872 3886 932 postremo

2237 963 2397 1016 vitam
2420 970 2670 1014 zeternam
2701 969 2756 1015 et
2797 960 2986 1012 animm
3023 967 3079 1013 et
3115 956 3361 1025 corpori,
3413 955 3502 1010 ubi
3549 954 3757 1024 qualia
3814 960 3886 1006 et

2237 1062 2430 1124 quanta
2463 1055 2597 1107 bona
2622 1051 2723 1106 sint
2748 1050 2980 1121 cogitare
3006 1051 3124 1119 quis
3155 1047 3362 1117 possit?
3389 1046 3678 1115 Quomodo
3714 1061 3885 1112 ergo

2240 1148 2357 1215 plus
2387 1145 2567 1199 nocuit
2594 1144 2748 1213 primi
2773 1143 3000 1198 hominis
3027 1141 3295 1210 iniquitas,
3327 1155 3487 1209 quam
3520 1140 3740 1209 profuit.
3767 1151 3883 1191 se-

2240 1238 2398 1292 cundi
2427 1236 2677 1301 hominis,
2697 1235 2799 1289 hoc
2820 1243 2902 1289 cst
2925 1232 3139 1293 Christi.
3165 1231 3393 1297 bonitas;
3420 1247 3543 1285 cum
3568 1231 3663 1286 ille
3693 1240 3882 1284 tem-

2241 1329 2495 1401 poraliter
2536 1327 2807 1386 nocuerit.
2853 1324 3097 1378 Christus
3137 1332 3315 1376 autem
3355 1331 3412 1376 et
3463 1319 3881 1391 temporalitcr

2243 1420 2483 1489 adjuvet,
2527 1426 2583 1473 et
2621 1417 2809 1471 liberet
2854 1430 2917 1470 ac
2961 1415 3225 1469 beatilicet
3264 1413 3315 1466 in
3357 1411 3661 1466 mternum?
3707 1409 3880 1476 Qua:

2242 1526 2363 1567 cum
2393 1509 2463 1564 ita
2500 1510 2641 1572 sint,
2681 1505 2944 1561 sententia
2983 1512 3163 1559 nostra
3212 1503 3496 1567 catholica,
3525 1517 3635 1557 non
3666 1501 3879 1555 Marii-

2243 1604 2390 1659 clima
2419 1610 2538 1668 est;
2569 1611 2624 1656 et
2651 1600 2772 1656 ideo
2807 1613 2907 1655 nec
2938 1599 3217 1668 Pelagiana
3246 1605 3361 1660 est,
3403 1595 3528 1672 quia
3565 1594 3877 1650 catholica

2245 1705 2345 1751 cst.

2319 1784 2545 1842 XCVIII.
2585 1784 3008 1858 JucaFrivolam
3038 1798 3169 1838 sane
3196 1782 3583 1852 expositionem
3628 1780 3688 1835 in
3745 1780 3875 1834 hoc

2248 1877 2368 1933 loco
2395 1886 2537 1931 tuam
2567 1877 2769 1944 optimo
2791 1875 2910 1945 jure
2937 1874 3294 1941 despicerem,
3318 1882 3373 1927 et
3411 1872 3873 1942 irrepercussam

2247 1972 2596 2042 prteterirem,
2617 1967 2768 2037 quasi
2792 1967 2949 2020 nimis
2970 1968 3130 2019 humo
3152 1966 3532 2037 cohtcrentent,
3554 1963 3659 2017 nisi
3685 1978 3871 2016 vere-

2250 2077 2358 2129 rer,
2384 2077 2451 2116 ne
2477 2061 2712 2131 pellacia:
2747 2060 2915 2130 magis
2954 2074 3112 2129 quam
3144 2058 3455 2121 constantia:
3498 2056 3871 2111 crederetur.

2250 2153 2508 2223 Loqueris
2550 2155 2680 2223 ergo
2724 2152 2825 2206 hoc
2860 2145 3052 2206 modo:
3088 2169 3107 2203 ι
3140 2149 3278 2235 Quid
3317 2159 3398 2204 est
3423 2190 3437 2212 ,
3492 2150 3650 2203 multo
3682 2148 3872 2217 magis

2249 2241 2520 2296 abundavit
2539 2259 2557 2305 ,°
2578 2242 2680 2297 nisi
2705 2243 2825 2312 quia
2852 2255 3039 2295 omnes
3067 2241 3153 2309 qui
3185 2255 3279 2310 per
3297 2239 3565 2292 Christum
3596 2238 3867 2293 liberan-

2253 2343 2360 2398 tur,
2395 2335 2764 2411 temporaliter
2794 2342 3010 2404 propter
3049 2334 3221 2411 Mam
3254 2332 3571 2395 moriuntur,
3620 2340 3866 2400 propter

2253 2425 2425 2494 ipsum
2468 2404 2644 2479 autem
2682 2404 2949 2479 Christum
2989 2404 3249 2487 sineeﬁue
3286 2423 3475 2477 victuri
3522 2431 3692 2477 sunt»
3745 2420 3868 2490 (De

2255 2514 2465 2587 Nuptiis
2492 2525 2538 2570 et
2566 2514 2978 2586 Concupiscentia
2996 2557 3019 2583 ν
3048 2514 3138 2569 tib.
3162 2514 3197 2567 2
3216 2555 3231 2578 ,
3277 2531 3331 2567 n.
3372 2512 3441 2567 46
3462 2514 3519 2582 )?
3557 2513 3678 2579 Quo
3724 2527 3858 2565 scr-

2254 2622 2452 2673 mone,
2498 2607 2543 2660 si
2585 2605 2711 2676 quid
2759 2615 3148 2682 consequenter
3187 2604 3458 2660 diceretur
3500 2603 3858 2668 attenderes,

2255 2714 2469 2755 omnem
2494 2714 2673 2753 arcem
2700 2707 2864 2762 tuam,
2894 2698 2947 2763 ω
2977 2706 3063 2752 est
3090 2697 3385 2763 traducem,
3419 2695 3681 2751 cecidisse
3712 2694 3861 2748 fate-

2255 2805 2399 2846 rere.
2430 2789 2571 2845 Dicis
2600 2788 2744 2845 enim
2765 2830 2780 2853 ,
2815 2789 2934 2857 ideo
2973 2789 3140 2842 multo
3171 2788 3340 2857 magis
3364 2786 3667 2841 abundasse
3690 2785 3862 2841 Citri-

2257 2881 2327 2935 sti
2363 2880 2611 2951 gratiam,
2649 2879 2773 2950 quia
2817 2893 2916 2949 per
2950 2894 3069 2934 eam
3115 2879 3224 2933 vita
3264 2877 3575 2933 conferatur
3618 2887 3855 2941 :ntema,

2258 2985 2379 3025 cum
2407 2985 2503 3039 per
2526 2969 2654 3025 Adae
2683 2977 2961 3043 peccatum
2991 2969 3265 3024 subeunda
3296 2971 3366 3025 sit
3402 2970 3675 3040 corruptio
3712 2979 3859 3024 tem-

2258 3062 2478 3131 poralis.
2503 3060 2562 3116 Si
2590 3076 2718 3135 ergo
2752 3061 2885 3115 nihil
2910 3060 3053 3115 aliud
3085 3061 3261 3115 intulit
3288 3060 3455 3115 Adam
3500 3070 3693 3129 praeter
3720 3075 3859 3114 eor-

2260 3152 2405 3222 poris
2434 3160 2684 3219 mortem,
2725 3160 2909 3207 contra
2941 3166 3100 3222 quem
3143 3151 3386 3207 Christus
3422 3152 3725 3221 copiosiore
3759 3149 3860 3205 be-

2261 3244 2454 3301 neﬁcio
2482 3244 2646 3299 vitam
2690 3244 2916 3299 contulit
2956 3244 3074 3298 sine
3119 3243 3224 3297 ﬁne
3261 3242 3581 3308 durantem;
3626 3249 3858 3312 apparet

2261 3353 2369 3393 non
2392 3346 2669 3408 peccatum
2693 3337 2824 3392 Adae
2847 3336 2916 3393 ad
2950 3345 3196 3407 posteros
3234 3334 3491 3390 transisse
3511 3375 3526 3401 ,
3568 3334 3662 3388 sed
3703 3348 3859 3388 mor—

2262 3439 2393 3487 tetu.

2336 3522 2475 3576 Anc.
2517 3520 2754 3589 Apparet
2799 3520 2851 3573 te
2895 3525 3175 3587 propterea
3222 3514 3454 3570 irrisisse
3509 3512 3654 3584 quod
3697 3510 3855 3575 dixi,

2265 3609 2353 3665 vel
2381 3608 2556 3680 potius
2585 3618 2638 3663 te
2664 3607 2889 3662 irridere
2913 3606 3148 3671 tinxisse,
3177 3614 3235 3659 ut
3260 3604 3342 3659 his
3365 3604 3454 3674 qui
3480 3612 3533 3658 te
3558 3617 3664 3658 non
3698 3603 3861 3657 intel-

2265 3703 2454 3775 ligunt,
2484 3701 2744 3757 videreris
2771 3700 2948 3754 dicere
2985 3698 3182 3768 aliquid
3204 3739 3220 3766 ,
3260 3713 3382 3752 cum
3427 3696 3633 3750 diceres
3678 3694 3855 3750 nihil:

2266 3795 2497 3865 primum
2523 3793 2645 3863 quia
2675 3792 2754 3847 eis
2781 3790 2889 3846 dixi
2918 3788 3086 3844 Adam
3114 3788 3393 3857 temporali
3432 3795 3605 3841 morte
3639 3786 3860 3840 nocuis-

2267 3901 2357 3947 se,
2397 3899 2533 3956 quos
2569 3882 2768 3939 Christi
2810 3882 3003 3936 liberat
3046 3880 3251 3950 gratia;
3294 3894 3428 3949 quos
3470 3879 3613 3933 enim
3658 3877 3858 3931 occulti

2268 3978 2503 4048 quidem,
2534 3974 2630 4031 sed
2653 3973 2838 4046 judicii
2859 3974 2990 4042 justi
3016 3973 3243 4028 veritate
3267 3987 3373 4026 non
3402 3972 3614 4036 liberat,
3642 3970 3857 4024 etiarnsi

2271 4070 2474 4141 parvuli
2511 4066 2826 4133 moriantur,
2849 4075 3047 4120 asterna
3068 4072 3241 4119 morte
3271 4062 3595 4133 plectuntur.
3618 4061 3861 4129 Quomo-

2270 4162 2341 4217 do
2365 4175 2494 4231 ergo
2518 4159 2641 4213 hinc
2663 4167 2900 4229 apparet,
2935 4171 3039 4211 non
3071 4170 3229 4224 pecca
3239 4163 3348 4209 tum
3371 4155 3500 4209 Ade:
3521 4153 3587 4208 ad
3612 4163 3859 4223 posteros

2273 4252 2546 4316 transisse,
2575 4248 2671 4305 sed
2698 4258 2955 4314 mortem;
2982 4247 3084 4302 nisi
3111 4247 3233 4317 quia
3259 4245 3362 4302 hoc
3386 4246 3466 4300 vis
3491 4245 3691 4316 putari,
3714 4243 3858 4313 quod

2275 4350 2616 4413 perstrepunt
2636 4339 2799 4395 verba
2823 4348 2928 4404 tua,
2957 4354 3064 4393 non
3088 4337 3232 4408 quod
3258 4336 3501 4408 sequitur
3520 4336 3680 4392 verba
3707 4335 3861 4391 mea?

2274 4437 2382 4492 Nos
2418 4435 2561 4490 enim
2593 4433 2822 4489 dicimus
2864 4439 3149 4502 utrumque
3190 4430 3464 4497 transisse,
3495 4437 3551 4483 et
3577 4443 3610 4483 a
3647 4427 3860 4484 Christo

2277 4535 2566 4597 utrumque
2608 4525 2898 4579 clamamus
2928 4521 3144 4588 auferri,
3185 4528 3393 4575 reatum
3423 4519 3630 4575 scilicet
3659 4517 3858 4589 peccati

2277 4619 2582 4690 plenissima
2606 4615 2924 4671 remissione
2948 4624 3309 4684 peccatorum,
3336 4620 3564 4667 mortem
3587 4626 3716 4666 vero
3740 4611 3857 4666 bea-

2280 4710 2482 4766 tissima
2507 4705 2898 4764 resurrectione
2924 4714 3261 4771 sanctorum;
3289 4719 3408 4774 qua:
3443 4712 3727 4774 propterea
3755 4716 3858 4756 non

2279 4801 2462 4856 statim
2489 4799 2816 4870 regeneratis
2840 4797 3030 4861 datur,
3072 4806 3132 4851 ut
3166 4804 3480 4856 exerceatur
3517 4793 3689 4862 ﬁdes,
3723 4807 3819 4863 qua
3839 4792 3856 4823 '

2280 4894 2332 4949 id
2360 4892 2502 4964 quod
2548 4906 2653 4947 non
2693 4891 2903 4947 videtur
2948 4900 3193 4960 speratur
3226 4906 3241 4942 :
3280 4888 3382 4943 hoc
3425 4888 3567 4942 enim
3614 4897 3670 4942 et
3713 4887 3765 4941 in
3805 4899 3864 4939 se

2281 4986 2412 5057 ipsis
2439 4994 2493 5045 et
2522 4985 2574 5039 in
2603 4984 2839 5054 parvulis
2866 4983 2976 5038 suis
3002 4997 3123 5039 cum
3160 4990 3380 5053 sperant
3421 4980 3606 5036 ﬁdeles
3625 5019 3640 5045 ,
3685 4979 3864 5049 utique

2281 5086 2406 5132 sunt
2431 5075 2636 5131 ﬁdeles.
2664 5075 2805 5130 Ecce
2831 5073 2974 5145 quod
2999 5073 3255 5136 dicimus,
3297 5086 3425 5127 ecce
3466 5071 3552 5127 cui
3592 5069 3864 5126 catholica:

2281 5168 2496 5226 veritati
2524 5167 2893 5223 contradicitis
2924 5183 2940 5219 :
2979 5164 3075 5221 sed
3112 5164 3282 5235 magis
3325 5172 3512 5218 contra
3550 5176 3668 5227 vos,
3709 5175 3864 5231 quam

2282 5270 2469 5319 contra
2494 5261 2640 5316 illam
2670 5260 2869 5325 dicitis,
2906 5257 3161 5330 quidquid
3196 5256 3466 5313 haereticis
3497 5252 3866 5326 disputationi-

2285 5354 2385 5410 bus
2408 5352 2603 5409 dicitis.
3664 5368 3673 5373 -

2355 5446 2542 5504 XCIX.
2583 5444 2703 5500 ιω..
2763 5443 3045 5498 Constabit
3089 5450 3267 5497 autem
3310 5434 3860 5511 consequentissime,

2286 5538 2513 5595 mortem
2545 5544 2880 5607 perpetuam,
2908 5535 2960 5590 id
2999 5546 3083 5591 est
3109 5550 3323 5606 poenam
3360 5533 3775 5605 sempiternam,
3803 5527 3864 5581 tul

2288 5645 2388 5688 nos
2412 5642 2518 5686 non
2544 5627 2707 5686 fuisse
2726 5628 3115 5695 transmissam,
3139 5641 3203 5683 ac
3227 5640 3322 5698 per
3343 5625 3445 5682 hoc
3469 5633 3751 5697 peccatum
3772 5631 3848 5676 ιη

2357 5833 2374 5866 ³
2409 5831 2548 5893 Edtti,
2571 5833 2697 5894 quit.
2725 5839 2829 5883 Mss.
2855 5831 2986 5881 Coll).
3014 5837 3065 5881 et
3087 5836 3236 5889 Port.,
3260 5840 3372 5887 qua.
