4062 6472
235 361 263 414 1
281 357 375 412 181

235 474 395 531 ducis
416 485 539 527 esse
564 483 671 525 non
695 478 871 536 posse.
907 462 978 520 Ut
1009 464 1148 518 enim
1187 464 1436 531 breviter,
1478 464 1602 535 quid
1632 474 1815 518 tenen-

237 567 370 623 dum
394 570 626 626 constet,
641 567 897 629 appareat
916 574 928 610 :
948 557 1016 612 ab
1032 557 1291 626 Apostolo
1310 556 1447 611 dona
1459 557 1652 612 Christi
1685 571 1811 624 pec-

237 666 363 711 cato
392 652 546 724 primi
578 647 811 705 hominis
845 646 1224 717 prmfernutur;
1262 657 1316 701 ιιι
1363 663 1457 717 per
1496 647 1597 699 hoc
1636 661 1822 714 pecca-

241 756 362 801 tum
385 753 557 806 tuum,
582 740 634 795 id
658 747 743 795 est
767 739 1022 804 traducis,
1046 754 1202 793 unam
1227 737 1359 792 dicis
1379 752 1444 790 an
1478 736 1625 800 duas,
1649 745 1821 789 trans-

239 836 353 891 isse
386 831 629 888 murtes?
653 830 711 887 Si
738 845 918 896 unam,
944 839 1001 885 et
1029 829 1381 899 corporalem,
1411 836 1468 881 ιιι
1496 826 1582 881 Ιιίε
1607 826 1820 882 confes-

239 941 338 981 sus
377 940 472 989 es;
501 931 712 979 constat
751 924 975 993 gratiam
1014 921 1212 977 Christi
1251 918 1568 975 antecellere
1602 929 1818 997 peccato

239 1016 401 1086 primi
431 1012 691 1070 hominis:
719 1023 773 1068 et
793 1013 904 1082 jam
932 1014 1168 1068 nascitur
1187 1027 1342 1068 nemo
1367 1021 1644 1081 peccator;
1673 1012 1815 1081 quia,

243 1107 317 1172 si,
345 1116 402 1161 ut
422 1108 437 1138 ‘
464 1120 621 1175 supra
648 1104 847 1168 dixisti,
872 1119 1088 1175 regnum
1116 1104 1316 1174 peccati
1339 1111 1442 1171 est,
1476 1111 1535 1159 ut
1558 1104 1610 1158 in
1639 1119 1820 1159 secun-

243 1197 372 1253 dam
398 1196 557 1252 homo
575 1202 824 1260 mortem,
849 1194 900 1248 id
925 1202 1025 1259 est,
1048 1195 1100 1248 in
1128 1208 1335 1263 ptenam
1361 1201 1668 1263 perpetuam
1691 1211 1823 1263 pne-

246 1293 529 1361 cipitetur,
554 1299 609 1344 et
633 1304 729 1360 per
753 1289 919 1344 Adam
947 1301 1171 1345 mortem
1205 1291 1444 1362 corporis
1471 1293 1642 1346 solum
1667 1291 1823 1347 adve-

246 1395 389 1439 ctam
415 1384 575 1446 dicis;
602 1396 702 1436 nec
728 1391 1000 1451 peccatum
1031 1396 1127 1451 per
1146 1382 1312 1438 Adam
1343 1382 1409 1437 ad
1436 1392 1697 1452 posteros,
1723 1399 1821 1438 nec

244 1488 395 1529 niors
420 1484 617 1527 mterna
645 1473 1041 1528 transmittitur.

314 1565 451 1620 Anc.
497 1562 614 1619 Jam
657 1578 973 1634 responsum
1019 1572 1104 1619 est
1143 1581 1157 1619 :
1208 1563 1335 1619 nihil
1379 1564 1532 1620 dicis.
1574 1564 1816 1635 Regnum

239 1654 385 1709 enim
415 1655 618 1723 peccati
645 1655 805 1709 etiam
846 1655 896 1707 in
928 1664 1180 1709 :eternam
1223 1656 1516 1725 praieipitat
1558 1666 1816 1722 mortem,

244 1744 349 1798 nisi
377 1759 473 1813 per
493 1743 691 1798 Christi
717 1744 940 1813 gratiam
966 1746 1264 1799 remittatur
1287 1764 1301 1799 :
1330 1756 1692 1801 verumtamen
1723 1747 1821 1802 ista

238 1848 457 1904 quoque
484 1848 632 1887 mors
663 1833 971 1901 temporalis
999 1834 1139 1889 nulla
1176 1843 1341 1899 esset,
1377 1836 1476 1889 nisi
1502 1836 1668 1890 Adam
1713 1852 1817 1890 non

242 1924 505 1979 moriendi
548 1924 954 1994 possibilitatem
996 1927 1211 1994 peccati
1236 1927 1429 1981 merito
1458 1927 1817 1997 perdidisset:

247 2015 388 2070 hanc
411 2015 553 2069 enim
583 2016 845 2085 peccaturi
891 2016 1219 2071 denuntiavit
1247 2018 1387 2072 Deus
1414 2018 1618 2084 dicens,
1660 2018 1822 2073 Terra

248 2125 324 2174 es,
351 2117 397 2161 et
422 2108 476 2161 in
503 2116 689 2161 terram
714 2107 809 2161 ibis
837 2105 986 2179 (Gen.
1024 2123 1082 2162 ιιι
1106 2149 1120 2171 ,
1162 2108 1283 2179 l9).
1318 2109 1467 2164 Hanc
1493 2108 1608 2164 sine
1633 2110 1822 2165 merito

247 2198 448 2269 peccati
478 2199 751 2267 suscipere
774 2198 1018 2268 dignatus
1044 2206 1128 2253 est
1150 2198 1413 2262 Christus,
1459 2209 1517 2254 ut
1546 2214 1639 2268 per
1678 2200 1820 2253 illam

243 2287 460 2359 quidem
488 2286 766 2342 moriendo
793 2288 894 2342 iret
921 2288 973 2342 in
1001 2297 1216 2354 terram,
1244 2287 1337 2343 sed
1367 2288 1690 2359 resurgendo
1718 2298 1823 2343 ter-

242 2395 360 2436 ram
401 2381 600 2436 levaret
630 2380 680 2434 in
712 2380 904 2434 caelum
940 2397 955 2436 :
994 2395 1059 2434 ac
1084 2380 1163 2435 sic
1187 2391 1384 2435 aeterna
1414 2388 1585 2436 morte
1612 2380 1824 2435 destru-

245 2478 351 2537 cta,
378 2470 720 2540 temporalem
749 2469 994 2525 ﬁdelibus
1021 2470 1138 2525 ideo
1159 2485 1262 2525 non
1288 2471 1535 2536 auferret,
1559 2480 1615 2525 ut
1636 2471 1825 2526 adver-

250 2576 343 2617 sus
369 2577 485 2617 eam
514 2561 920 2618 resurrectionis
950 2560 1081 2618 ﬁdes
1102 2562 1155 2616 in
1186 2560 1343 2632 hujus
1361 2562 1486 2618 vitae
1509 2577 1678 2634 agone
1704 2576 1823 2617 cer-

252 2662 408 2708 taret.

319 2740 515 2798 6.101..
535 2740 626 2798 Sin
654 2749 829 2796 autem
852 2742 1068 2810 dixeris,
1083 2758 1181 2813 per
1197 2752 1474 2815 peccatum
1505 2742 1633 2796 Adae
1663 2753 1822 2796 natu—

245 2833 413 2888 ralem
457 2832 651 2887 factam
696 2848 817 2888 esse
862 2833 1228 2904 iniquitatem,
1280 2836 1517 2904 duasque
1563 2833 1823 2890 accidisse

244 2932 467 2990 mortes,
507 2939 667 2979 unam
705 2931 998 2991 aeternam,
1047 2925 1265 2979 alteram
1307 2924 1682 2994 temporalem;
1723 2939 1823 2994 per

242 3016 441 3072 Christi
470 3026 648 3072 autem
673 3017 896 3086 gratiam
926 3031 1084 3071 unam
1127 3016 1336 3071 interim
1381 3016 1575 3070 auferri
1620 3030 1650 3069 a
1697 3030 1823 3085 per-

244 3121 375 3161 sona
399 3148 416 3175 ,
443 3122 551 3162 non
582 3122 611 3159 a
640 3116 849 3171 natura,
872 3105 923 3161 id
962 3109 1065 3172 est,
1098 3115 1404 3178 perpetuam
1428 3148 1443 3171 ,
1478 3105 1820 3174 temporalem

244 3213 372 3254 vero
396 3214 678 3255 remanere
710 3215 724 3252 :
753 3199 1042 3269 Apostolus
1066 3199 1397 3254 convincitur
1427 3197 1669 3253 falsitatis
1688 3238 1703 3264 ,
1732 3198 1821 3267 qui

244 3290 377 3345 dixit
406 3291 575 3345 multo
613 3291 782 3359 magis
828 3290 1089 3359 profuisse
1115 3291 1358 3361 gratiam,
1387 3305 1545 3362 quam
1573 3289 1822 3345 nocuisse

245 3388 558 3448 peccatum:
611 3380 903 3450 Apostolus
937 3388 1115 3435 autem
1161 3380 1312 3451 argui
1353 3394 1460 3435 non
1507 3387 1719 3451 potest;
1767 3387 1822 3434 tu

250 3469 410 3540 igitur
426 3468 547 3538 jure
572 3468 892 3538 reprobaris.

321 3564 457 3617 Auc.
500 3561 610 3629 Ego
633 3560 760 3626 dixi,
790 3576 891 3616 una
922 3561 1312 3617 resurrectione
1340 3559 1613 3616 beatorum
1640 3561 1825 3618 ambas

249 3661 452 3708 mortes
480 3652 630 3719 tolli;
654 3662 709 3708 et
734 3654 910 3719 istam,
937 3669 1003 3709 ne
1028 3654 1097 3708 sit
1119 3654 1294 3707 anima
1318 3654 1432 3708 sine
1455 3668 1679 3724 corpore
1702 3670 1821 3719 suo;

251 3752 309 3800 ct
336 3744 504 3808 illam,
533 3758 601 3800 ne
637 3756 970 3814 aggravetur,
1016 3745 1102 3800 vel
1139 3744 1404 3814 aflligatur
1442 3745 1617 3799 anima
1664 3746 1823 3800 etiam

247 3852 474 3907 corpore
503 3852 621 3892 suo.
661 3835 751 3893 Sic
774 3846 954 3893 autem
982 3838 1081 3892 ista
1112 3837 1356 3893 ﬁdelibus
1392 3836 1458 3891 ad
1505 3847 1711 3908 tempus
1742 3853 1829 3893 re-

246 3928 527 4000 linquitur,
574 3936 634 3982 nt
684 3927 872 3984 habeat
921 3943 1016 3997 per
1057 3927 1199 3982 illam
1247 3926 1380 3982 ﬁdes
1424 3927 1822 3997 adjumeutum;

242 4019 693 4098 quemadmodum
732 4029 918 4089 postea
956 4018 1061 4072 reis
1099 4018 1329 4084 tollitur,
1359 4026 1416 4073 ut
1450 4017 1590 4088 quod
1634 4017 1701 4074 de
1728 4032 1827 4072 suo

243 4127 472 4183 corpore
498 4128 602 4166 non
629 4111 905 4177 recedunt,
946 4110 1177 4165 miseriae
1204 4111 1274 4164 sit
1304 4110 1708 4166 incrementum.
1751 4113 1827 4166 Ac

246 4219 346 4274 per
380 4203 484 4258 hoc
519 4204 600 4258 eis
628 4203 721 4274 qui
750 4209 1132 4273 regenerantur
1168 4200 1221 4255 in
1260 4198 1472 4255 Christo
1496 4242 1511 4264 ,
1543 4208 1597 4255 et
1623 4199 1690 4255 de
1721 4199 1824 4253 isto

247 4293 448 4349 saeculo
483 4293 717 4363 maligno
758 4292 911 4348 electi
954 4300 1186 4356 exeunt,
1230 4289 1566 4345 manifestum
1596 4299 1679 4346 est
1705 4290 1827 4360 plus

252 4383 514 4454 prodesse
535 4384 774 4454 gratiam,
797 4398 955 4454 quam
980 4383 1226 4437 nocuisse
1247 4389 1543 4453 peccatum,
1566 4382 1706 4452 quod
1736 4398 1828 4450 per

255 4489 422 4528 unum
466 4474 736 4529 hominem
764 4476 814 4530 in
845 4476 1096 4530 mundum
1127 4475 1361 4540 intravit,
1405 4482 1460 4528 et
1494 4488 1615 4529 cum
1658 4485 1830 4529 morte

255 4580 355 4634 per
376 4580 567 4621 omnes
590 4565 833 4622 homines
860 4567 1183 4637 pertransiit.
1215 4567 1500 4636 Apostolus
1530 4567 1703 4636 itaque
1737 4582 1829 4622 re-

249 4657 441 4729 dargui
470 4673 577 4712 non
609 4666 801 4727 potest,
843 4659 960 4728 quia
985 4674 1170 4713 verum
1194 4657 1360 4712 dixit:
1391 4656 1482 4711 sed
1513 4666 1566 4712 tu
1597 4671 1701 4711 non
1746 4658 1831 4711 in-

249 4750 476 4821 telligis,
517 4760 611 4804 aut
637 4758 820 4804 contra
857 4750 906 4803 id
931 4752 1070 4820 quod
1099 4749 1374 4820 intelligis,
1415 4763 1657 4805 asserere
1690 4748 1830 4819 quod

250 4841 442 4896 falsum
469 4850 572 4908 est,
606 4841 852 4896 haeretica
884 4842 1221 4896 content-ioue
1248 4842 1479 4896 conaris.

323 4931 409 4987 Cl.
449 4932 570 4988 Jun.
611 4933 901 5002 Apostolus
928 4932 1093 4998 dixit,
1122 4931 1288 4999 magis
1333 4931 1554 5001 gratiam
1598 4930 1827 4995 Christi.

255 5040 416 5093 quam
443 5024 571 5080 Adae
597 5025 900 5080 abundasse
924 5025 1134 5094 culpam
1161 5040 1175 5077 :
1217 5038 1322 5078 non
1354 5023 1513 5093 igitur
1538 5031 1723 5077 natura
1766 5023 1834 5079 ab

257 5129 352 5180 eo,
379 5130 483 5168 non
512 5115 804 5184 generatio,
835 5130 940 5169 non
969 5114 1285 5179 fecunditas,
1313 5114 1408 5169 sed
1433 5114 1695 5182 voluntas,
1719 5114 1833 5170 ele-

256 5204 367 5259 ctio
392 5204 535 5270 mali,
557 5221 763 5261 morum
789 5206 1018 5276 pravitas
1039 5206 1060 5238 ⁸
1084 5214 1385 5261 accusatur.

328 5294 469 5351 Auc.
507 5295 563 5351 Si
589 5296 720 5351 nihil
751 5298 934 5352 nocuit
959 5296 1252 5367 generatio,
1285 5295 1412 5350 nihil
1442 5303 1659 5366 praestat
1683 5310 1838 5366 rcge-

253 5388 499 5442 ncratio:
530 5387 576 5443 si
601 5403 704 5443 non
729 5398 813 5445 est
838 5397 1027 5443 natura
1067 5387 1271 5452 vitiata,
1310 5400 1416 5441 non
1455 5387 1651 5441 habent
1686 5386 1838 5441 Chri-

249 5485 397 5534 stum
426 5479 632 5549 parvuli
659 5480 1019 5536 salvatorem:
1045 5477 1090 5533 si
1116 5477 1313 5533 malum
1332 5477 1354 5510 ³
1380 5486 1434 5534 ει
1457 5478 1654 5533 bonum
1679 5477 1838 5533 meri—

315 5622 332 5654 ι
370 5621 506 5681 ωδε,
530 5620 669 5674 sicut.
694 5623 862 5674 Melius
890 5633 1017 5682 niss.,
1041 5623 1101 5680 si,
1131 5629 1201 5674 ut.

314 5685 335 5748 ξ
367 5685 444 5748 sic
465 5692 573 5748 atas,
595 5693 651 5735 At
673 5686 811 5745 editi,
834 5686 919 5748 sed
944 5685 1194 5737 voluntatis
1207 5683 1389 5747 electio,
1404 5698 1591 5736 morum
1609 5685 1836 5748 pravitas.

313 5744 337 5780 ³
368 5746 509 5805 aditi,
529 5744 602 5797 sic
635 5760 774 5800 omne
793 5744 994 5798 malum.
1031 5748 1192 5810 Abest,
1216 5744 1383 5808 autne,
1402 5761 1432 5800 ιι
1452 5744 1804 5812 manuSeriptis.

1554 345 1754 404 LIBER
1784 342 2156 400 SECUNDUS.

3362 354 3502 410 “82

1930 468 2035 511 tum
2056 459 2381 527 singulorum
2402 461 2452 513 in
2471 474 2651 516 eorum
2668 462 2874 532 prepria
2887 472 2967 518 est
2983 464 3381 532 voluntate,quo
3398 481 3499 520 me-

1927 551 2029 604 rito
2045 549 2286 605 Christus
2303 567 2520 623 regnum
2542 554 2632 609 Dei
2650 556 2881 625 parvulis
2900 557 3139 623 confert,
3168 557 3257 627 qui
3283 566 3339 612 in
3366 572 3502 612 neuv

1928 653 2058 696 tram
2081 652 2284 713 partem
2302 662 2395 700 sua
2415 647 2687 701 voluntate
2712 651 2791 703 usi
2817 650 2974 705 sunt?
3018 651 3296 705 Postremo
3316 691 3332 716 ,
3362 665 3503 720 quo-

1926 736 2065 789 niam
2087 735 2222 789 duos
2245 740 2416 804 posuit
2447 739 2752 807 Apostolus,
2781 759 2940 797 unum
2971 743 3035 798 ad
3067 752 3361 814 peccatum,
3391 761 3498 799 non

1924 823 2212 886 diabolum,
2239 827 2330 881 sed
2355 827 2551 892 Adam;
2570 838 2622 883 et
2650 846 2812 885 unum
2834 831 2899 886 ad
2918 832 3195 901 justitiam,
3221 848 3325 887 non
3340 833 3498 898 Abel,

1925 915 2016 970 sed
2029 915 2318 981 Christum;
2336 925 2391 971 ut
2408 934 2509 971 non
2526 920 2785 989 exemplis
2798 921 3018 975 imitatio
3034 964 3049 988 ,
3065 922 3157 976 sed
3172 923 3500 991 generationi

1924 1007 2254 1074 regeneratio
2284 1005 2612 1075 referretur;
2663 1011 2707 1063 si
2755 1025 2857 1064 non
2906 1012 3100 1080 trajicit
3138 1022 3413 1080 peccatum
3447 1012 3499 1067 iu

1926 1097 2167 1151 homines
2183 1109 2461 1167 generatos
2484 1099 2649 1154 Adam
2671 1141 2687 1167 ,
2708 1118 2811 1154 non
2829 1102 2990 1156 donat
3012 1102 3254 1157 Christus
3270 1103 3501 1173 parvulis

1923 1190 2252 1258 regeneratis
2286 1189 2573 1257 justitiam;
2617 1193 2736 1259 quia
2768 1208 2867 1248 nec
2892 1194 3129 1262 generati
3157 1234 3172 1260 ,
3206 1210 3304 1249 nec
3345 1211 3500 1266 rege-

1926 1279 2093 1332 iterati
2138 1281 2335 1349 parvuli
2363 1282 2442 1333 usi
2474 1289 2597 1335 sunt
2629 1284 2841 1351 propria
2867 1284 3127 1338 libertate.
3161 1284 3235 1337 Ite
3280 1301 3420 1339 nunc
3454 1286 3500 1339 si

1928 1370 2108 1429 vultis.
2137 1379 2191 1424 et
2216 1371 2439 1425 clamate
2468 1372 2510 1424 si
2554 1373 2782 1439 audetis,
2822 1375 3083 1443 justitiam
3114 1376 3350 1445 parvulis
3394 1391 3501 1430 non

1924 1458 2147 1526 donari;
2178 1476 2276 1516 nec
2299 1476 2391 1516 eos
2424 1462 2698 1519 habituros
2726 1480 2845 1519 esse
2862 1466 3140 1535 justitiam,
3168 1466 3380 1535 quando
3404 1465 3503 1519 ha-

1923 1551 2170 1606 bitabunt
2199 1554 2250 1607 in
2281 1553 2372 1607 illo
2399 1569 2582 1624 regno,
2614 1555 2707 1609 ubi
2732 1564 2908 1621 erunt,
2935 1557 3071 1612 sicut
3099 1559 3351 1628 scriptum
3386 1568 3500 1626 est,

1924 1642 2044 1697 caeli
2075 1643 2214 1708 novi,
2243 1654 2297 1697 et
2325 1653 2465 1697 terra
2497 1660 2653 1710 nova,
2689 1647 2740 1700 in
2773 1646 2967 1715 quibus
3000 1647 3202 1717 justitia
3244 1648 3504 1704 inhabitat

1925 1729 1946 1805 (
1968 1732 2007 1786 ll
2039 1731 2181 1788 Petr.
2209 1749 2299 1799 ιιι,
2324 1735 2392 1789 15
2407 1734 2434 1805 )
2466 1752 2480 1788 :
2508 1744 2598 1791 aut
2623 1751 2691 1790 ex
2719 1747 2915 1807 vestro,
2945 1754 3048 1807 quo
3078 1739 3318 1793 inebriati
3346 1741 3498 1806 estis,

1924 1824 2289 1879 meraeissimo
2311 1825 2576 1895 dogmate,
2602 1826 2840 1894 delirate,
2871 1829 2923 1882 in
2948 1829 3037 1883 illo
3059 1845 3221 1898 regno
3244 1830 3501 1900 justitiam

1926 1914 2174 1982 parvulos
2205 1915 2477 1971 habituros
2517 1916 2730 1986 quidem
2756 1958 2772 1982 ,
2818 1918 2915 1973 sed
2957 1921 3186 1990 propriae
3217 1920 3506 1975 voluntatis

1924 2004 2149 2070 meritis,
2181 2021 2286 2060 non
2313 2006 2505 2061 divinae
2532 2008 2715 2077 gratia:
2742 2008 3001 2079 largitate.
3045 2011 3194 2079 Quod
3239 2011 3282 2065 si
3325 2011 3505 2066 dicere

1924 2110 2029 2150 non
2059 2098 2264 2152 audetis
2291 2097 2399 2168 (hic
2426 2099 2565 2152 enim
2607 2100 2791 2154 merita
2830 2103 3164 2171 comparari,
3211 2102 3280 2155 ibi
3323 2111 3502 2157 autem

1924 2188 2140 2256 prmmia
2171 2188 2319 2242 reddi
2351 2186 2647 2259 fatemini),
2674 2206 2770 2243 cur
2797 2190 2944 2245 fateri
2971 2190 3220 2245 dubitatis
3246 2192 3356 2245 sive
3388 2206 3497 2245 non

1922 2279 2100 2344 vultis,
2146 2279 2222 2332 sic
2259 2294 2353 2333 eos
2390 2294 2457 2334 ex
2496 2280 2664 2334 Adam
2715 2282 2950 2352 potuisse
2991 2281 3187 2337 habere
3226 2293 3503 2353 peccatum

1923 2368 2039 2423 sine
2069 2371 2271 2423 meritis
2298 2372 2523 2439 propria:
2549 2372 2834 2427 voluntatis
2861 2373 3033 2437 make,
3056 2373 3500 2443 quemadmodum

1924 2475 1953 2513 a
1982 2460 2191 2515 Christo
2230 2463 2496 2532 recepturi
2536 2471 2663 2517 sunt
2694 2463 2950 2532 justitiam
2994 2464 3109 2519 sine
3145 2464 3256 2518 suis
3298 2463 3504 2518 meritis

1926 2553 2345 2622 praecedentibus
2372 2555 2656 2609 voluntatis
2682 2556 2869 2610 bonae?

1997 2644 2103 2699 Cll.
2142 2645 2260 2700 JUL.
2302 2648 2379 2700 Ac
2408 2661 2503 2715 per
2528 2645 2649 2711 hoc,
2679 2648 2723 2701 si
2751 2663 2906 2716 quem
2939 2645 2990 2700 in
3026 2646 3187 2700 rebus
3211 2645 3383 2702 adhuc
3404 2645 3504 2701 hu-

1928 2736 2098 2789 manis
2126 2735 2300 2790 locum
2328 2738 2524 2791 veritas
2551 2737 2728 2801 habet,
2756 2747 2811 2791 et
2838 2754 2940 2791 non
2967 2739 3190 2807 strepitu
3218 2737 3236 2769 ¹
3264 2737 3505 2808 iniquita-

1926 2828 1993 2881 tis
2022 2835 2163 2881 totus
2189 2828 2406 2882 omnino
2436 2829 2663 2883 mundos
2690 2829 2985 2895 obsurduit,
3017 2830 3241 2895 ratione,
3269 2831 3508 2901 disputa-

1927 2920 2085 2982 tione,
2106 2928 2161 2974 et
2179 2919 2417 2989 Apostoli
2448 2920 2571 2986 ﬁde,
2595 2931 2753 2990 atque
2779 2921 2889 2991 ipsa
2915 2922 3031 2990 ejus
3058 2923 3317 2978 sententia
3347 2931 3502 2989 teste,

1927 3011 2233 3081 perdoctnm
2260 3027 2379 3068 esse
2404 3011 2670 3078 fatebitur,
2695 3014 2832 3067 inter
2854 3015 3215 3069 Traducianos
3237 3025 3290 3070 et
3308 3015 3508 3070 Catho-
3531 2996 3537 3033 ¹

1926 3104 2058 3160 licos
2100 3114 2300 3159 tantum
2331 3120 2451 3161 esse
2480 3104 2786 3170 discrimen,
2818 3119 3071 3176 quantum
3118 3107 3256 3162 inter
3285 3108 3506 3162 Paulum

1924 3203 1977 3250 et
2006 3195 2343 3250 Manichazum
2367 3237 2381 3260 ,
2409 3205 2662 3267 quantum
2708 3199 2846 3253 inter
2890 3200 3201 3269 sapientiam
3242 3210 3296 3256 et
3332 3200 3509 3255 stulti.
3584 3205 3595 3214 ‘

1928 3284 2071 3349 tiam,
2101 3295 2352 3356 quantum
2384 3287 2524 3341 inter
2553 3288 2814 3342 rationem
2843 3299 2898 3343 et
2925 3289 3180 3344 insaniam
3200 3331 3216 3356 ,
3247 3300 3507 3361 quantum

1925 3378 2065 3432 inter
2088 3380 2440 3434 constantiam
2482 3379 2742 3433 dictorum
2763 3381 2805 3445 ²,
2852 3388 2908 3443 et
2947 3397 3063 3436 eam
3111 3380 3511 3440 fluctuationem

1926 3484 2082 3539 quam
2121 3484 2258 3523 nova
2298 3467 2536 3524 fmditate
2584 3471 2896 3539 perpeteris,
2948 3479 3005 3524 ut
3048 3472 3100 3525 in
3142 3472 3327 3526 iisdem
3372 3488 3512 3543 pene
3557 3524 3562 3528 .

1926 3558 2170 3615 versibus
2214 3559 2355 3630 quod
2397 3559 2596 3616 dixeris
2639 3575 2821 3631 neges,
2867 3561 3010 3631 quod
3049 3563 3327 3634 negaveris
3363 3578 3513 3620 asse-

1926 3665 2099 3706 γετεε.

1998 3743 2134 3797 Anc.
2174 3739 2289 3797 1am
2316 3756 2631 3812 responsum
2659 3751 2777 3797 est:
2814 3757 2945 3813 rogo
2971 3754 3044 3807 te,
3092 3745 3136 3799 si
3180 3745 3378 3816 aliquid
3422 3746 3511 3802 di—

1926 3846 2050 3887 cere
2072 3846 2175 3887 non
2203 3841 2373 3902 potes,
2408 3841 2525 3888 tace
2549 3834 2594 3887 si
2621 3841 2800 3905 potes;
2827 3833 2921 3890 sed
2947 3836 3088 3906 quod
3116 3837 3265 3907 pejus
3288 3845 3392 3905 est,
3412 3853 3510 3895 nec

1929 3925 2033 3980 hoc
2065 3933 2231 3994 potes.

1998 4015 2129 4073 Clll.
2167 4016 2289 4073 Jun.
2324 4034 2344 4070 ι
2378 4016 2448 4071 Et
2469 4034 2589 4085 non,
2620 4018 2810 4090 inquit,
2846 4020 2972 4074 sicut
3008 4037 3096 4091 per
3122 4039 3278 4077 unum
3308 4040 3513 4094 peccan-

1930 4117 2056 4174 tem,
2086 4109 2155 4162 ita
2181 4117 2253 4164 est
2278 4116 2325 4163 et
2348 4109 2557 4163 donum.
2601 4107 2740 4164 Nam
2769 4110 3024 4183 judicium
3060 4129 3124 4168 ea:
3148 4130 3251 4169 una
3288 4116 3341 4170 in
3383 4132 3511 4170 con-

1930 4203 2338 4265 demnationem;
2363 4202 2529 4276 gratia
2555 4212 2723 4257 autem
2752 4221 2814 4261 ea:
2837 4206 3010 4261 multis
3037 4206 3233 4263 delictis
3255 4209 3309 4263 in
3325 4210 3513 4281 justiﬁ-
3538 4270 3541 4271 ν

1930 4292 2177 4346 rationem
2212 4311 2231 4344 ι
2267 4291 2442 4360 (Rom.
2473 4309 2529 4359 v,
2565 4293 2688 4366 16).
2717 4294 2919 4362 Quibus
2945 4298 3187 4367 Apostoli
3211 4298 3390 4355 verbis
3413 4299 3513 4354 ad-

1932 4400 2119 4439 moves
2157 4386 2543 4455 expositionem
2586 4396 2729 4442 tuam
2772 4398 2845 4442 ita
2889 4403 2948 4445 se
2987 4389 3312 4447 habentem:
3358 4409 3378 4444 ι
3426 4390 3512 4449 Em

1933 4490 2035 4528 uno
2061 4490 2206 4544 ergo,
2238 4475 2384 4544 quid,
2413 4494 2432 4527 ι
2457 4477 2651 4546 inquis,
2677 4496 2695 4529 ι
2721 4478 2821 4532 nisi
2843 4478 3073 4537 delicto?
3097 4480 3229 4549 Quia
3247 4483 3512 4553 sequitur,

1935 4564 2113 4620 Gratia
2139 4577 2306 4621 autem
2340 4583 2402 4620 ea:
2427 4569 2598 4622 multis
2622 4569 2834 4624 delictis.
2870 4570 3056 4626 Dicant
3095 4571 3204 4635 isti,
3244 4573 3517 4643 quomodo

1934 4672 1999 4711 ex
2020 4671 2127 4711 uno
2143 4656 2336 4712 delicto
2357 4658 2411 4712 in
2428 4658 2948 4724 condemnationem,
2973 4662 3072 4715 nisi
3090 4663 3212 4732 quia
3233 4663 3430 4718 sufﬁcit
3445 4665 3512 4721 ad

1935 4747 2432 4803 condemnationem
2478 4749 2637 4804 etiam
2679 4766 2843 4806 unum
2894 4751 3151 4824 originale
3198 4764 3508 4824 peccatum,

1935 4837 2076 4907 quod
2102 4838 2155 4892 in
2183 4854 2371 4894 omnes
2395 4838 2639 4896 homines
2665 4843 2990 4911 pertransiit.
3028 4842 3209 4901 Gratia
3240 4861 3370 4901 vero
3397 4847 3517 4902 ideo

1937 4945 2005 4984 ex
2032 4928 2215 4983 multis
2238 4929 2446 4985 delictis
2475 4932 2525 4985 in
2548 4931 3007 5001 justificationem,
3038 4935 3160 5005 quia
3210 4951 3315 4990 non
3344 4938 3513 4993 solum

1938 5036 2101 5075 unum
2147 5020 2275 5076 illud
2319 5022 2510 5088 solvit,
2554 5022 2695 5092 quod
2743 5023 3072 5094 originaliter
3112 5026 3375 5093 trahitur;
3423 5027 3516 5087 sed

1937 5113 2097 5167 etiam
2126 5122 2342 5179 caetera,
2375 5129 2495 5184 quze
2524 5114 2575 5168 in
2606 5131 2927 5188 unoquoque
2964 5117 3182 5175 homine
3208 5130 3353 5176 motu
3400 5136 3525 5192 pro-

1940 5206 2069 5275 pria:
2095 5206 2383 5261 voluntatis
2407 5206 2695 5262 adduntur.
2728 5208 2791 5264 Si
2817 5211 2949 5264 enim
2992 5211 3051 5265 ob
3092 5213 3243 5267 unius
3285 5215 3523 5267 delictum

1939 5313 2075 5352 mors
2102 5298 2326 5369 regnavit
2353 5314 2442 5367 per
2469 5315 2648 5366 unum,
2678 5301 2836 5353 multo
2862 5301 3022 5371 magis
3051 5302 3136 5369 qui
3160 5302 3522 5355 abundantiam

1940 5390 2118 5460 gratia:
2142 5400 2188 5443 et
2208 5390 2425 5458 justitiaa
2447 5391 2719 5460 accipiunt,
2745 5391 2796 5445 in
2820 5392 2920 5445 vita
2947 5392 3228 5460 regnabant
3252 5409 3341 5463 per
3360 5409 3516 5445 unum

1939 5479 1973 5535 Ι
1978 5498 2114 5536 esum
2131 5480 2406 5536 Christum.
2425 5479 2603 5550 Itaque
2616 5482 2743 5534 sicut
2761 5498 2849 5551 per
2862 5482 3011 5536 unius
3025 5482 3264 5535 delictum
3282 5483 3334 5535 in
3350 5498 3523 5539 ontnes

1942 5573 2169 5628 homines
2196 5573 2265 5626 ad
2287 5571 2784 5640 condamnationem,
2805 5574 2876 5627 ita
2913 5582 2958 5628 et
2983 5589 3073 5644 per
3095 5589 3247 5628 unius
3265 5574 3522 5645 justitiam

2007 5686 2023 5717 ι
2049 5684 2121 5733 sic
2138 5691 2242 5732 Mss.
2273 5689 2323 5733 At
2347 5682 2480 5741 editi,
2504 5682 2563 5733 ob
2585 5682 2852 5744 strepitant.

2007 5749 2027 5779 ι
2045 5754 2151 5795 tuss.
2175 5745 2296 5795 Clar.
2323 5752 2374 5797 ct
2396 5752 2527 5806 Man,
2548 5744 2812 5798 doctorwn.
