4062 6540
492 384 630 442 H85

491 501 544 552 in
573 511 742 552 omnes
764 493 986 547 Itonnnes
1011 487 1078 539 ad
1095 482 1512 556 justiﬁcationem
1533 478 1646 530 rita:
1665 496 1682 528 ι
1719 475 1892 542 (Rom.
1913 488 1942 524 γ
1962 513 1976 535 ,
2014 471 2078 524 13

495 598 542 644 et
563 587 676 657 l9).
696 586 819 640 Post
841 595 957 651 qum
975 577 1210 646 Apostoli
1235 573 1414 638 verba,
1445 570 1592 640 quasi
1617 567 1810 636 aliquid
1839 565 2080 618 confece-

501 681 596 739 ris,
618 672 920 732 insultando
939 669 1005 723 de
1027 667 1180 722 nobis
1199 665 1427 734 loqueris
1449 680 1461 714 :
1489 680 1507 713 ι
1529 659 1715 715 Adhuc
1737 664 2084 726 permanemt

501 771 554 824 in
579 768 809 821 vanitate
832 761 1026 816 mentis
1051 773 1184 822 sum,
1212 766 1266 811 et
1285 756 1462 809 dicant
1489 767 1652 806 unum
1682 750 1945 803 hominem
1976 763 2078 800 non

497 857 842 929 propaginem
916 849 1225 920 trajecisse,
1273 845 1367 901 sed
1419 842 1718 911 exetnphun
1793 839 2082 908 praebuisse

501 949 724 1021 peccati.
779 942 1058 1012 Quomodo
1087 953 1214 1009 ergo
1252 954 1340 1005 per
1367 935 1516 989 unius
1557 931 1793 986 delictum
1819 931 1871 982 in
1911 945 2080 982 omnes

503 1019 728 1096 homines
751 1038 819 1092 ad
847 1033 1332 1095 condemnationem,
1357 1035 1412 1082 et
1440 1041 1544 1080 non
1586 1024 1759 1092 potius
1789 1037 1882 1090 per
1919 1019 2084 1074 multa

502 1147 596 1186 sua
622 1129 878 1198 cujusque
909 1125 1102 1180 delicta
1129 1140 1142 1177 :
1169 1122 1266 1175 nisi
1295 1119 1414 1190 quia
1435 1115 1644 1171 etiamsi
1673 1112 1798 1166 illud
1831 1126 1992 1166 unum
2015 1111 2087 1163 sit

505 1229 731 1283 tantum,
758 1217 1008 1270 idoneum
1036 1222 1120 1267 est
1146 1213 1436 1280 perducere
1464 1206 1529 1260 ad
1556 1202 2084 1263 condemnationem,

507 1313 668 1366 etiam
698 1309 858 1362 nullis
887 1305 1082 1360 additis
1117 1301 1362 1364 cmteris;
1401 1300 1538 1354 sicut
1578 1295 1818 1366 perducit
1844 1293 2088 1361 parvulos

503 1400 814 1460 morientes,
849 1395 938 1465 qui
966 1410 1032 1448 ex
1060 1392 1227 1447 Adam
1258 1397 1564 1447 nascuntur,
1591 1386 1633 1439 si
1664 1385 1716 1438 in
1745 1382 1955 1436 thristo
1983 1397 2086 1434 non

505 1486 892 1544 renascantur?
914 1483 1049 1552 Quid
1075 1497 1202 1552 ergo
1227 1496 1255 1534 a
1283 1478 1436 1532 nobis
1459 1477 1651 1547 qutcrit
1678 1476 1796 1538 iste,
1819 1472 1959 1542 quod
1984 1489 2087 1528 mn

509 1581 624 1636 vult
658 1579 726 1633 ab
753 1577 1008 1647 Apostolo
1043 1575 1248 1637 audire,
1283 1587 1376 1640 per
1401 1569 1525 1638 quid
1557 1575 1826 1636 peccatum
1861 1565 2093 1618 invenia-

518 1684 605 1725 Iur
629 1672 680 1724 in
708 1668 958 1740 parvulo;
991 1675 1166 1720 utrum
1201 1679 1293 1732 per
1332 1663 1695 1718 voluntatem.
1747 1674 1811 1710 an
1856 1673 1950 1725 per
1991 1671 2089 1709 nu-

511 1761 674 1830 ptias,
705 1773 773 1812 an
799 1773 896 1827 per
924 1755 1207 1826 parentes?
1237 1754 1408 1818 Ecce,
1445 1751 1626 1805 audiat
1663 1764 1760 1820 per
1796 1747 1920 1818 quid
1941 1788 1956 1813 ,
1995 1762 2092 1798 au-

513 1851 626 1906 diat
651 1859 706 1906 et
732 1857 923 1914 taceat,
952 1863 1047 1918 per
1080 1845 1204 1916 quid
1236 1853 1512 1915 peccatum
1545 1841 1841 1895 inveniatur
1869 1839 1922 1892 in
1970 1854 2094 1907 par-

515 1941 642 1996 vulo
667 1959 680 1996 :
706 1939 1018 2009 Apostolus,
1049 1935 1152 1991 Per
1174 1937 1326 1989 unius
1352 1935 1608 1994 delictum,
1636 1931 1820 2000 inquit,
1847 1929 1898 1983 in
1924 1945 2096 1984 omnes

514 2029 740 2084 homines
767 2027 835 2080 ad
863 2025 1325 2080 condemnationem
1359 2041 1378 2074 ι
1405 2021 1504 2094 (De
1535 2019 1742 2093 Nuptiis
1769 2030 1814 2073 et
1843 2017 2096 2089 Concupi-

512 2108 721 2185 scentia,
751 2117 838 2171 lib.
865 2117 920 2180 2,
951 2133 1004 2170 n.
1035 2115 1150 2185 46).
1187 2113 1332 2168 Nihil
1376 2123 1429 2168 te
1471 2111 1684 2182 quidem
1711 2111 1878 2180 magis
1908 2111 2096 2164 timere

513 2227 672 2283 quam
715 2210 1182 2279 interrogationem
1231 2205 1694 2276 perscrutatricem
1729 2201 1892 2256 animi
1932 2201 2004 2255 tui
2046 2209 2097 2256 et

517 2301 781 2372 dogmatis
809 2300 1094 2354 novimus:
1128 2298 1250 2354 inde
1277 2305 1358 2352 est
1391 2297 1589 2366 quippe
1612 2335 1628 2360 ,
1675 2293 1818 2364 quod
1855 2293 2100 2347 omnibus

517 2393 709 2463 opibus
748 2391 1086 2460 negationem
1131 2388 1394 2443 examinis
1439 2403 1471 2440 a
1521 2385 1703 2440 mundi
1751 2382 2101 2454 potestatibus

518 2481 876 2552 comparatis;
909 2479 1197 2550 intelligitis
1223 2480 1366 2533 enim
1395 2475 1658 2548 agendum
1686 2475 1838 2530 vobis
1867 2475 1916 2530 vi
1957 2489 2096 2539 esse,

519 2591 640 2630 cum
673 2573 976 2629 deserimini
1004 2573 1226 2626 rationis
1252 2570 1466 2624 auxilio.

587 2667 722 2721 Aac.
756 2664 846 2718 Vis
869 2679 974 2718 non
999 2663 1187 2716 timere
1213 2659 1562 2732 potestatem?
1585 2659 1788 2714 Bonum
1816 2657 1901 2712 fac
1922 2655 2103 2724 (Rom.

519 2771 633 2822 χιιι,
661 2755 694 2808 5
714 2755 758 2826 ).
787 2753 906 2809 Non
931 2761 1013 2808 est
1040 2761 1216 2807 autem
1259 2751 1454 2805 bonum
1481 2791 1496 2818 ,
1525 2735 1709 2804 contra
1747 2747 2099 2818 apostolicum

520 2859 737 2901 sensum
764 2857 1010 2898 exserere
1035 2853 1088 2898 et
1111 2856 1354 2897 asserere
1380 2841 1688 2895 haereticum
1711 2852 1950 2893 sensum.
1967 2835 2105 2903 Quid

520 2934 905 3004 adhucquzcris
931 2949 1173 2996 examen,
1191 2931 1331 3002 quod
1349 2931 1458 3001 jam
1484 2932 1679 2985 factum
1705 2937 1789 2984 est
1813 2925 1950 2997 apud
1975 2941 2108 2996 apo-

521 3025 762 3080 stolicant
807 3022 1036 3088 Sedem;
1079 3022 1221 3092 quod
1269 3020 1499 3090 denique
1536 3019 1647 3090 jam
1694 3017 1890 3072 factum
1923 3025 2008 3072 est
2053 3015 2105 3068 in

521 3117 808 3187 episcopali
851 3115 1050 3185 judicio
1097 3113 1420 3176 Palaestino,
1475 3111 1564 3166 ubi
1613 3109 1891 3178 Pelagius,
1943 3107 2107 3161 vestri

523 3217 708 3263 auctor
727 3207 944 3273 erroris,
968 3206 1150 3276 procul
1173 3204 1334 3258 dubio
1355 3202 1637 3256 damnatus
1657 3209 1821 3265 esset,
1855 3198 1955 3252 nisi
1981 3197 2102 3262 ista,

523 3313 642 3370 qua:
673 3309 728 3353 tu
757 3297 1018 3362 defendis,
1045 3297 1290 3366 dogmata
1316 3301 1491 3348 vestra
1518 3291 1858 3347 damnasset?
1883 3291 2111 3344 Damna-

528 3397 576 3443 ta
595 3390 613 3420 ¹
639 3402 766 3458 ergo
781 3388 1002 3442 haeresis
1022 3386 1090 3440 ab
1109 3384 1372 3454 episcopis
1401 3399 1504 3438 non
1528 3382 1705 3437 adhuc
1725 3381 2107 3446 examinanda,

525 3479 620 3535 sed
647 3477 942 3534 caercenda
971 3486 1050 3532 est
1083 3492 1111 3530 a
1144 3475 1494 3546 potestatibus
1515 3473 1846 3528 christianis.

598 3568 730 3624 CIV.
758 3567 878 3623 JUL.
907 3567 1014 3623 Sed
1044 3583 1149 3620 non
1181 3575 1266 3620 tua
1294 3566 1474 3636 opinio
1503 3565 1644 3635 apud
1685 3565 1969 3634 prudentes
1997 3572 2112 3618 lau-

527 3668 637 3714 tum
670 3659 884 3725 valebit,
916 3667 972 3712 ut
998 3673 1118 3713 cum
1147 3668 1201 3712 tu
1229 3657 1304 3711 sis
1331 3665 1488 3726 caput
1513 3657 1704 3710 horum
1730 3663 1784 3710 et
1809 3669 1965 3710 causa
1991 3671 2109 3708 ma-

525 3749 732 3816 lorum,
781 3748 850 3802 de
896 3747 1148 3803 conflictu
1195 3747 1372 3802 medio
1421 3747 1660 3816 Apostoli
1707 3755 1758 3800 te
1807 3745 2112 3814 objectioue

525 3841 823 3905 subducas;
853 3848 907 3896 et
933 3849 1086 3910 putes
1109 3839 1254 3893 illum
1276 3853 1374 3910 pro
1407 3847 1457 3892 te
1486 3854 1606 3893 esse
1638 3837 1938 3892 feriendum
1963 3853 1976 3887 τ
2001 3852 2108 3906 quo

526 3933 860 4002 potissimum
885 3941 1070 3986 contra
1101 3947 1196 3986 vos
1225 3939 1554 4000 praeceptore
1579 3945 1854 3990 armantur
1880 3943 1943 3984 ac
1968 3930 2112 3998 prin-

525 4023 666 4092 cipe.
696 4021 766 4078 Ut
790 4037 918 4092 ergo
945 4020 1070 4092 quid
1109 4019 1203 4074 tibi
1247 4019 1529 4074 dicendum
1575 4019 1679 4082 sit,
1724 4029 2114 4089 consequenter

527 4126 821 4183 agnoscas:
845 4113 888 4166 si
925 4112 1054 4166 mihi
1097 4119 1153 4166 et
1201 4111 1295 4166 tibi
1341 4126 1503 4177 super
1529 4111 1632 4165 hoc
1657 4121 1799 4166 esset
1829 4111 1970 4165 nulla
1999 4111 2113 4164 dis-

525 4206 726 4272 sensio,
743 4205 882 4276 quod
900 4205 1186 4275 Apostolus
1203 4203 1430 4258 naturali
1461 4211 1676 4272 peccato
1693 4202 2108 4257 lllanichmorum

527 4297 720 4366 dogma
750 4298 1004 4361 ﬁrmaret,
1039 4305 1164 4350 tunc
1190 4303 1336 4348 tuum
1366 4305 1524 4362 caput
1548 4295 1773 4364 petenti,
1803 4295 1953 4350 illum
1981 4310 2112 4350 con-

529 4396 734 4443 stanter
765 4401 1064 4456 Opponeres
1093 4404 1104 4440 :
1130 4401 1275 4440 nunc
1304 4401 1431 4440 vero
1462 4402 1584 4442 cum
1621 4387 1940 4442 inviolabilis
1971 4389 2110 4456 apud

529 4493 617 4534 me
659 4477 888 4548 Magistri
927 4476 1174 4532 Gentium
1217 4475 1448 4546 dignitas
1492 4488 1840 4546 perseveret,
1891 4477 2113 4548 ejusque

531 4569 692 4624 verba
721 4576 808 4623 tua
838 4567 956 4622 ltedi
995 4567 1330 4636 expositione
1361 4582 1466 4621 non
1507 4567 1697 4638 patiar,
1727 4583 1849 4638 qua:
1869 4609 1883 4631 ,
1917 4582 2112 4622 secun-

529 4661 654 4717 dum
683 4663 916 4732 regulam
944 4661 1205 4730 prolatam
1246 4659 1467 4714 rationis
1487 4701 1503 4726 ,
1533 4659 1696 4714 stulto
1716 4701 1730 4726 ,
1775 4659 1990 4730 impuro
2009 4699 2026 4726 ,
2057 4668 2114 4715 ct

531 4754 696 4822 impio
719 4766 902 4806 assero
931 4751 1166 4822 dogmati
1193 4753 1561 4822 repugnare”,
1590 4751 1826 4823 nihilque
1859 4767 1980 4808 eum
2013 4767 2109 4822 pro

532 4850 750 4916 peccato
775 4842 1000 4896 naturali
1027 4841 1225 4896 dixisse
1249 4841 1540 4906 convinco;
1565 4857 1667 4912 qua
1693 4851 1748 4896 ιιι
1779 4840 2110 4912 impudentia

533 4932 765 5002 ingeris,
796 4939 851 4984 ut
877 4932 958 4985 vel
989 4947 1088 4999 pro
1121 4942 1170 4986 te
1213 4931 1339 4985 mihi
1375 4932 1463 4987 ille
1507 4932 1860 5001 respondeat,
1889 4933 1977 5003 qui
2008 4949 2114 4988 non

535 5025 908 5094 interrogatur.
935 5023 1184 5093 quoniam
1225 5038 1324 5078 nec
1354 5023 1422 5078 de
1459 5023 1576 5094 ejus
1609 5024 1866 5094 sapientia
1899 5023 2114 5078 dubita-

539 5125 621 5174 tur
641 5133 654 5181 ;
675 5117 755 5170 vel
775 5130 860 5171 me
875 5114 1188 5170 vociferaris
1213 5115 1354 5170 nolle
1381 5114 1566 5170 audire
1580 5115 1647 5170 ab
1669 5115 1948 5185 Apostolo,
1971 5115 2114 5185 quod

534 5209 589 5263 in
631 5217 682 5262 te
719 5207 788 5263 ab
822 5207 1076 5279 Apostolo
1102 5207 1256 5262 nobis
1287 5205 1476 5261 tradita
1505 5205 1865 5276 intelligentia:
1890 5205 2115 5261 sanitate

533 5301 812 5358 detestor?

601 5456 724 5506 'ttic
773 5454 980 5504 verbum
999 5488 1016 5514 ,
1069 5457 1310 5504 Damnata
1336 5487 1352 5516 ,
1410 5451 1682 5503 restituitur
1736 5461 1801 5501 ex
1850 5451 2116 5502 manuscri-

539 5531 781 5649 ῗηιῗεάίιίν
804 5575 888 5649 τιηὲ
906 5557 1171 5649 meum
1201 5573 1428 5649 ,τεθιιιεπη
1457 5572 1695 5649 cretatae
1718 5569 1934 5649 τιίξὲοηίςν
1955 5572 2116 5649 ξιιιιιον

537 5640 744 5706 impuro,
771 5634 828 5689 ἐἰ
862 5637 1010 5702 impio
1043 5643 1089 5688 te
1113 5637 1232 5698 (vel,
1247 5634 1367 5706 _'me)
1407 5634 1570 5706 assero
1592 5634 1803 5706 dogmati
1825 5647 2116 5706 repugnare.

541 5696 705 5751 Melius
731 5696 869 5759 Mss,
914 5696 1040 5760 auat.
1078 5696 1584 5760 secundum'regnltnn
1621 5696 1858 5760 prolatam
1881 5696 2116 5760 rationis,

540 5762 696 5820 stulto,
709 5823 719 5830 _
733 5756 960 5830 impvtro,_
979 5756 1036 5811 et
1057 5759 1211 5830 impio
1247 5772 1412 5830 assero
1423 5756 1963 5830 "dogmati‘repztgnare.
1991 5757 2114 5824 (qui,

540 5822 808 5874 semiudum
825 5823 1042 5888 regulam
1057 5822 1295 5888 pratulum
1318 5822 1530 5882 rationis,
1559 5822 1674 5884 etc.]

1159 369 1401 426 OPERIS
1437 361 1854 422 IMPERFECTI
1892 357 2167 414 CONTRA
2205 356 2565 423 JULIANUM,
2607 359 2664 414 S.
2707 356 3071 415 AUGUSTINI

3625 360 3780 418 1188

2254 471 2386 526 Acs.
2421 469 2682 541 Numquid
2713 487 2816 526 non
2845 480 2962 541 post
2986 472 3221 541 Apostoli
3245 471 3404 527 verba
3432 487 3462 526 a
3490 487 3580 529 me
3607 473 3783 530 inter-

2185 563 2529 632 posila‘nihil
2573 563 2713 618 aliud
2755 581 2912 634 quam
2958 573 3135 620 tacere
3175 563 3442 620 debuisti?
3481 565 3552 620 Et
3592 576 3784 622 tamen

2183 665 2367 709 contra
2394 656 2481 710 illa
2512 655 2643 710 nihil
2666 655 2869 722 dicens,
2895 670 2994 712 nec
3021 655 3310 710 secundum
3344 657 3433 710 illa
3459 655 3664 726 aliquid
3691 657 3784 710 di-

2185 763 2312 803 cens
2337 788 2350 812 ,
2393 747 2522 801 mihi
2561 763 2666 802 non
2718 757 2880 814 taces,
2925 755 2980 803 et
3016 747 3185 818 jactas
3222 749 3360 802 inter
3386 757 3608 814 caetera,
3631 747 3782 816 quod

2185 854 2284 908 ego
2331 839 2432 892 sim
2485 847 2643 908 caput
2688 839 2877 894 horum
2927 849 2981 894 ct
3021 855 3180 894 causa
3243 839 3506 894 malorum
3558 856 3573 892 :
3621 841 3783 910 quasi

2188 944 2288 999 ego
2341 929 2486 999 prior
2538 930 2622 984 vel
2677 929 3029 996 crediderim,
3085 929 3170 984 vel
3215 944 3335 985 esse
3387 929 3784 998 disputaverim

2186 1014 2442 1090 originale
2484 1030 2778 1090 peccatum.
2809 1020 2940 1075 Tam
2983 1021 3178 1090 quippe
3219 1021 3492 1090 imperitos
3531 1020 3650 1074 haec
3692 1028 3782 1073 tua

2187 1111 2362 1166 credis
2391 1125 2508 1166 esse
2537 1111 2766 1166 lecturos
2787 1153 2804 1178 ,
2846 1111 2934 1182 qui
2977 1111 3214 1166 nesciant
3252 1127 3412 1180 quam
3446 1111 3598 1166 multi
3650 1121 3784 1166 ante

2190 1215 2288 1255 nos
2333 1200 2586 1256 Ecclesia:
2630 1201 2866 1272 clarique
2917 1200 3202 1265 doctores,
3253 1201 3332 1258 sic
3382 1203 3482 1256 ista
3529 1201 3786 1270 Apo~toli

2189 1294 2348 1368 verba
2400 1293 2754 1350 intellexerint
2795 1303 2848 1351 et
2897 1296 3238 1364 exposuerint
3264 1337 3280 1360 ,
3326 1295 3794 1366 quemadmodum

2193 1395 2301 1441 tota
2341 1403 2409 1442 ex
2455 1387 2570 1456 ipso
2615 1387 2762 1442 initio
2795 1387 2877 1442 sui
2913 1387 3176 1442 catholica
3223 1387 3470 1458 intelligit
3493 1387 3580 1442 vel
3607 1387 3790 1442 credis

2194 1479 2468 1534 Ecclesia:
2497 1495 2616 1550 quae
2655 1479 2929 1534 doctorum
2976 1481 3140 1535 verba
3184 1481 3232 1534 si
3269 1482 3406 1534 mala
3446 1490 3607 1546 sunt,
3639 1480 3792 1536 sicut.

2193 1583 2288 1624 vos
2334 1567 2510 1624 dicere
2560 1585 2664 1624 non
2712 1569 2938 1634 timetis;
2991 1569 3400 1640 quomodoego
3442 1585 3584 1634 sum,
3628 1585 3785 1640 quae-

2193 1673 2255 1712 so
2284 1667 2354 1722 te,
2383 1668 2540 1730 caput
2567 1659 2754 1715 horum
2784 1670 2838 1716 et
2863 1675 3022 1716 causa
3049 1661 3338 1728 malorum;
3372 1661 3472 1716 nisi
3497 1662 3621 1732 quia
3645 1671 3703 1716 tu
3721 1677 3791 1717 es

2195 1759 2351 1820 caput
2379 1751 2564 1806 harum
2586 1794 2600 1815 ,
2626 1768 2757 1822 quas
2787 1752 2915 1806 mihi
2953 1752 3195 1807 rabiosus
3225 1753 3450 1823 ingeris,
3479 1754 3788 1806 calumnia-

2197 1843 2348 1896 rum?
2372 1841 2500 1897 Nam
2525 1843 2568 1897 si
2598 1857 2728 1898 sano
2746 1844 2966 1898 cerebro
2993 1844 3363 1899 considerares
3386 1845 3633 1898 humana:
3661 1845 3786 1899 vita:

2201 1933 2464 1998 miserias,
2495 1947 2524 1987 a
2555 1934 2740 2003 primis
2765 1933 2976 1989 ﬂetibus
3003 1934 3283 1989 infantium
3312 1949 3480 2004 usque
3505 1934 3574 1989 ad
3601 1947 3786 1990 extre-

2199 2038 2316 2078 mos
2338 2024 2563 2094 gemitus
2589 2026 2958 2090 morientium;
2983 2025 3195 2080 videres
3224 2027 3490 2096 profecto,
3517 2027 3661 2096 quod
3689 2043 3790 2080 nec

2199 2130 2318 2186 ego,
2345 2131 2442 2170 nec
2466 2124 2540 2183 tu,
2569 2115 2661 2170 sed
2684 2117 2770 2171 ille
2787 2116 2955 2170 Adam
2981 2116 3308 2186 fueritCaput
3334 2117 3522 2171 horum
3549 2127 3605 2172 et
3623 2133 3792 2171 causa

2201 2207 2458 2261 malorum
2486 2207 2662 2276 :quod
2692 2208 2880 2261 nolens
2909 2207 3087 2262 videre
3105 2249 3121 2272 ,
3154 2207 3350 2262 clausis
3387 2207 3557 2266 oculis
3583 2208 3794 2262 clamas

2201 2311 2254 2355 et
2265 2300 2464 2370 justum
2488 2301 2580 2356 Dei
2607 2316 2726 2355 esse
2744 2301 3018 2370 judicium,
3038 2309 3212 2355 etnon
3239 2315 3358 2356 esse
3384 2300 3642 2370 originale
3661 2317 3789 2370 pec-

2203 2401 2396 2446 catum.
2422 2391 2550 2460 Qua:
2577 2391 2682 2446 duo
2711 2392 2848 2446 inter
2871 2407 2929 2446 se
2949 2403 3104 2460 quam
3132 2391 3240 2444 sint
3265 2390 3530 2444 contraria
3550 2431 3564 2452 ,
3607 2392 3790 2461 procul

2203 2481 2364 2536 dubio
2383 2497 2649 2547 cerneres,
2667 2497 2770 2536 non
2788 2481 2907 2536 dico
2933 2481 2976 2534 si
3007 2481 3194 2534 horum
3225 2481 3483 2556 malorum
3505 2489 3666 2550 caput
3685 2496 3794 2535 non

2205 2589 2372 2637 esses,
2394 2575 2513 2644 quia
2532 2575 2710 2644 utique
2729 2589 2833 2628 non
2858 2589 2950 2639 es;
2971 2573 3062 2628 sed
3085 2573 3126 2627 si
3155 2589 3341 2628 sanum
3363 2582 3521 2642 caput
3544 2572 3791 2638 haberes,

2205 2666 2344 2736 quod
2373 2666 2566 2719 habere
2591 2679 2775 2734 posses
2795 2705 2808 2731 ,
2839 2665 2882 2718 si
2915 2665 3162 2720 doctores
3191 2663 3463 2735 sequendo
3495 2663 3802 2720 catholicos

2207 2765 2366 2824 caput
2393 2755 2658 2825 Pelagium
2682 2770 2786 2810 non
2813 2754 3058 2810 haberes.

2277 2847 2388 2904 CV.
2413 2847 2529 2902 ιω..
2559 2847 2899 2916 Exprimatur
2920 2847 3078 2918 igitur
3105 2849 3188 2902 vis
3212 2842 3647 2918 argumentorum
3675 2857 3794 2902 tuo-

2209 2957 2348 2996 rum.
2381 2941 2667 3010 Postquam
2696 2940 2830 2994 dixit
2849 2939 3064 3004 Paulus,
3094 2941 3215 3009 quia
3241 2940 3409 2994 multo
3433 2941 3605 3010 magis
3630 2939 3796 2996 abun-

2211 3031 2390 3085 dasset
2417 3031 2583 3100 gratia
2606 3029 2897 3086 Salvatoris
2921 3029 2987 3083 ad
3013 3028 3360 3094 medendum,
3399 3044 3560 3100 quam
3590 3045 3794 3098 prava-

2211 3123 2396 3178 ricatio
2426 3123 2579 3193 primi
2608 3122 2836 3177 hominis
2854 3122 2919 3176 ad
2946 3121 3266 3188 nocendum,
3288 3122 3527 3191 sequitur
3559 3140 3572 3176 :
3602 3118 3670 3175 Et
3697 3139 3804 3175 non

2212 3216 2340 3269 sicut
2367 3231 2454 3284 per
2482 3231 2640 3267 unum
2662 3223 2970 3284 peccantem,
2999 3213 3070 3266 ita
3091 3223 3162 3267 est
3181 3223 3227 3267 et
3246 3213 3440 3266 donum
3462 3231 3482 3267 :
3510 3229 3631 3267 nam
3648 3214 3802 3286 fudi-

2211 3307 2345 3359 cium
2371 3321 2432 3358 ea:
2450 3321 2549 3358 uno
2569 3305 2621 3358 in
2644 3303 3128 3369 condemnationem,
3156 3305 3322 3374 gratia
3345 3313 3517 3358 autem
3543 3321 3608 3359 ex
3627 3306 3798 3358 multis

2213 3399 2408 3453 delictis
2431 3399 2484 3452 in
2501 3397 2938 3468 justiﬁcationem.
2955 3395 3108 3464 Quod
3130 3406 3183 3452 tu
3211 3415 3230 3449 ι
3259 3396 3509 3452 delictum
3539 3413 3702 3452 unum
3725 3398 3798 3450 ad

2213 3487 2716 3544 condemnationem
2747 3487 3017 3542 sufficiens
3036 3530 3050 3555 ,
3083 3487 3337 3558 originale
3366 3503 3488 3544 esse
3520 3507 3540 3540 ι
3571 3498 3796 3543 conten-

2213 3579 2296 3634 dis
2318 3621 2334 3646 ,
2369 3597 2396 3630 ι.
2419 3579 2472 3632 in
2502 3593 2690 3633 omnes
2719 3597 2737 3630 ι
2773 3578 3018 3632 videlicet
3062 3595 3080 3628 ι
3109 3576 3352 3631 homines
3391 3577 3792 3646 pertransiens:

2213 3671 2434 3739 gratiam
2465 3679 2642 3723 autem
2673 3668 2792 3723 ideo
2827 3684 2892 3723 ex
2923 3668 3104 3723 multis
3137 3667 3346 3722 delictis
3375 3667 3428 3722 in
3454 3668 3792 3737 justificatio-

2215 3775 2335 3815 nem
2362 3759 2500 3824 dici,
2531 3759 2652 3829 quia
2682 3775 2786 3812 non
2813 3760 2984 3813 solum
3030 3757 3162 3813 illud
3206 3773 3370 3812 unum
3415 3759 3611 3823 solvit,
3657 3760 3806 3829 quod-

2215 3853 2541 3923 originalitcr
2579 3851 2822 3916 trahitur,
2854 3850 2944 3905 sed
2975 3852 3132 3905 etiam
3171 3860 3363 3906 cmtera
3395 3867 3514 3920 quae
3557 3851 3612 3905 in
3659 3867 3791 3904 uno-

2215 3959 2427 4012 quoque
2453 3942 2666 3996 homine
2695 3951 2839 3996 motu
2877 3942 3104 4011 propria:
3125 3941 3411 3998 voluntatis
3439 3941 3728 3996 adduntur.
3767 3962 3794 3994 ι

2217 4035 2296 4089 Ad
2315 4033 2451 4104 quod
2473 4031 2890 4088 confirmandum
2921 4033 3075 4102 paulo
3096 4041 3214 4103 post
3237 4033 3647 4102 argumentaris,
3671 4034 3790 4104 quia

2216 4126 2259 4184 si
2287 4126 2388 4180 hoc
2416 4141 2575 4180 unum
2603 4123 2854 4180 delictum
2895 4125 2962 4180 ad
2989 4125 3494 4182 condemnationem
3520 4124 3796 4181 sufficiens

2215 4215 2500 4286 Apostolus
2523 4215 2747 4270 dixisset
2785 4215 3080 4270 imitatione
3108 4224 3413 4285 susceptum
3439 4255 3451 4280 ,
3482 4215 3682 4271 addere
3705 4215 3799 4271 dc-

2215 4309 2437 4374 buisset,
2465 4323 2653 4364 omnes
2678 4308 2920 4364 homines
2947 4309 3013 4364 ad
3043 4309 3543 4364 condemnationem
3568 4324 3674 4364 non
3706 4325 3794 4378 per

2216 4417 2380 4456 unum
2404 4401 2482 4456 ire
2508 4401 2760 4456 delictum
2778 4443 2793 4468 ,
2821 4401 2914 4456 sed
2940 4417 3038 4472 per
3062 4403 3224 4456 multa
3246 4417 3342 4456 sua
3363 4417 3586 4473 quaeque
3611 4403 3795 4457 volun-

2219 4501 2326 4547 tate
2362 4493 2665 4546 eommissa.
2707 4493 2764 4546 In
2790 4491 2982 4562 quibus
3003 4493 3020 4526 ί
3049 4493 3298 4562 quoniam
3328 4493 3692 4564 elaqueandus
3719 4504 3795 4550 est

2219 4583 2457 4654 Apostoli
2477 4598 2654 4638 sermo
2673 4599 2702 4637 a
2726 4583 2962 4638 cassibus
2985 4583 3429 4649 Manichaeorum;
3455 4593 3513 4638 ut
3540 4585 3611 4639 sit
3628 4593 3794 4640 atteno

2223 4683 2307 4732 tus
2355 4674 2542 4740 lector,
2583 4674 2864 4729 admoneo.
2909 4675 3002 4728 Ais
3047 4689 3172 4744 ergo
3222 4673 3513 4729 secundum
3555 4684 3790 4730 nostrum

2217 4781 2454 4832 sensum,
2477 4781 2580 4836 quo
2603 4767 2858 4821 asscritur
2877 4765 3042 4835 prima
3065 4766 3220 4836 culpa
3248 4764 3475 4820 formam
3503 4768 3790 4837 prtebuisse

2221 4857 2590 4927 peccantibus,
2623 4857 2873 4912 debuisse
2911 4857 3224 4926 Apostolum
3245 4899 3260 4922 ,
3291 4859 3430 4914 sicut
3471 4860 3693 4930 gratiam
3734 4877 3792 4914 ex

2218 4949 2400 5003 multis
2426 4947 2632 5002 delictis
2651 4948 2706 5003 in
2727 4951 2748 4980 ³
2770 4949 3206 5018 jnstiiicationem
3228 4950 3362 5005 dixit
3382 4953 3614 5021 operari,
3640 4953 3708 5007 ita
3729 4968 3793 5007 ex

2219 5039 2398 5094 multis
2424 5040 2654 5110 peccatis
2691 5039 2870 5096 dicere
2912 5055 3162 5110 regnasse
3204 5052 3454 5096 mortem.
3483 5041 3652 5098 Porro
3700 5043 3797 5098 hoc

2219 5140 2529 5202 argumento
2551 5141 2735 5186 contra
2761 5141 2810 5186 te
2837 5132 3056 5186 omnino
3083 5131 3340 5188 luctaris:
3367 5133 3630 5188 convinco
3657 5134 3796 5189 enim

2219 5223 2511 5279 secundum
2547 5223 2736 5294 dogma
2780 5233 2960 5289 tuum,
3005 5224 3448 5294 iuconsequenter
3487 5227 3798 5298 Apostolunt

2221 5317 2584 5386 pronuntiare,
2614 5314 2790 5370 Gratia
2804 5325 2972 5371 autent
2987 5334 3050 5372 ea:
3069 5317 3242 5373 multis
3264 5319 3458 5374 delictis
3476 5320 3530 5374 in
3539 5321 3797 5392 justi/ica-

2220 5407 2423 5475 tionem,
2455 5409 2546 5479 qui
2574 5408 2804 5474 dixerat,
2837 5407 2922 5464 Ea:
2945 5427 3046 5464 uno
3074 5421 3278 5480 peccato
3304 5411 3564 5484 judicium
3598 5414 3653 5468 in
3680 5430 3774 5468 con

2222 5501 2609 5555 damnationem.
2639 5499 2708 5556 Ut
2731 5499 2872 5556 enim
2893 5501 3227 5573 egredientes
3254 5503 3320 5558 dc
3343 5505 3540 5561 nostris
3571 5505 3798 5574 finibus,

2225 5636 2314 5746 eis“
2333 5633 2483 5697 Editi,
2515 5634 2568 5686 in
2607 5636 2779 5704 quibus
2823 5637 2956 5692 locis.
3000 5641 3300 5705 ﬂauuscripti
3348 5655 3448 5692 non
3485 5642 3700 5704 habent,
3733 5643 3801 5694 lo-

2227 5733 2589 5870 ;irarticula,
2616 5760 2696 5828 in,
2717 5763 2945 5817 carebant
2968 5763 3114 5826 editi;
3136 5763 3226 5814 sed
3251 5777 3360 5816 eam
3398 5771 3706 5829 manusmptt
3723 5765 3802 5817 ln-
