4062 6492
276 309 419 366 “85

274 422 332 473 in
367 428 540 475 vestra
566 416 781 489 regione
808 428 1118 468 versemur:
1146 411 1191 468 si
1220 411 1435 468 libertas
1463 410 1664 465 arbitrii
1694 410 1862 481 primo

274 520 361 563 est
391 524 576 563 eversa
605 515 839 577 peccato,
865 516 917 560 et
939 506 989 559 in
1012 505 1154 559 omni
1183 504 1435 573 deinceps
1464 504 1737 558 hominum
1764 517 1858 571 ge-

278 616 411 655 nere
442 613 627 653 nianca
649 599 784 651 adeo
807 597 1078 663 remansit,
1108 606 1164 651 ut
1190 612 1293 651 non
1317 597 1385 650 sit
1411 596 1458 650 ei
1488 594 1734 666 possibile
1760 592 1865 647 nisi

280 689 652 746 tantummodo
682 690 877 743 malum
920 687 1131 754 facere,
1181 703 1284 742 non
1324 697 1500 742 autem
1553 686 1741 740 habeat
1765 685 1780 715 ¹
1812 684 1864 738 in

278 783 533 838 facultate
559 780 877 835 electionem
908 780 1073 850 partis
1098 780 1314 834 alterius
1334 821 1350 845 ,
1393 779 1444 833 id
1470 786 1579 843 est,
1612 776 1864 831 recedere

278 890 311 929 a
342 874 484 929 malo
512 882 567 928 et
594 872 769 927 facere
814 871 1041 937 bonum;
1082 872 1176 927 sed
1217 872 1508 942 iniquitatis
1552 869 1867 924 necessitate

280 966 533 1035 depressa
561 963 879 1033 appetentire
906 964 1184 1018 criminum
1208 980 1395 1034 parere
1422 962 1761 1032 compellitur
1784 978 1798 1016 :
1820 961 1863 1016 si

280 1066 533 1128 perrupta
563 1058 706 1111 omni
734 1057 849 1126 lege
867 1056 1107 1127 justitim,
1139 1056 1271 1110 facta
1298 1064 1422 1108 sunt
1453 1056 1710 1109 naturalia
1741 1071 1860 1124 qua:

283 1149 496 1205 fuerant
523 1147 846 1211 voluntaria;
878 1147 921 1200 si
949 1147 1029 1201 lex
1056 1145 1259 1218 peccati
1286 1146 1485 1199 habitat
1513 1146 1564 1199 in
1590 1146 1863 1210 membris,

283 1254 409 1308 qua:
434 1236 761 1309 tyrannidem
793 1238 847 1291 in
873 1236 1153 1307 imaginem
1176 1244 1230 1292 et
1253 1251 1389 1306 opus
1412 1237 1523 1300 Dei,
1560 1237 1865 1305 nuptiarum

285 1328 603 1385 verecundia
626 1335 681 1383 et
701 1328 1031 1397 iucunditate
1055 1329 1241 1383 sortita
1261 1337 1379 1394 est;
1407 1329 1450 1383 si
1469 1327 1642 1384 frutex
1667 1328 1865 1384 diaboli

284 1421 343 1475 in
387 1420 672 1475 visceribus
711 1419 955 1490 pangitur
999 1427 1123 1474 ante
1164 1419 1430 1484 animam,
1459 1430 1658 1474 etcum
1691 1421 1865 1476 incre-

281 1516 483 1568 mentis
512 1513 841 1568 naturalibus
867 1513 1150 1580 adolescit,
1181 1511 1502 1579 frondescit,
1536 1523 1589 1568 et
1615 1514 1865 1583 pestifera

282 1603 438 1674 fruge
468 1602 822 1673 ingravescit:
854 1604 899 1657 si
931 1603 1076 1669 haec,
1124 1603 1337 1673 inquam
1358 1645 1373 1669 ,
1404 1612 1464 1658 ut
1504 1604 1676 1660 dicitis
1697 1646 1711 1669 ,
1758 1619 1865 1660 una

190 1686 193 1689 λ
281 1694 444 1762 primi
475 1692 703 1749 hominis
732 1694 882 1764 culpa
912 1696 1221 1764 progenuit;
1244 1696 1653 1765 consequentins
1675 1696 1869 1752 dicitur

283 1802 351 1841 ex
385 1802 491 1842 uno
516 1787 709 1843 delicto
735 1788 785 1843 in
815 1788 1312 1843 condemnationem
1353 1804 1519 1859 genus
1562 1790 1638 1844 ire
1665 1798 1866 1845 morta-

280 1877 452 1943 lium,
486 1893 643 1949 quam
688 1894 752 1933 ex
785 1879 963 1932 multis
1003 1878 1208 1933 delictis
1235 1878 1457 1948 gratiam
1506 1879 1765 1945 liberare;
1813 1889 1869 1935 ut

280 1971 458 2040 magis
484 1969 698 2041 proprie
722 1969 1043 2041 intelligatur
1056 1969 1158 2024 dici
1187 1984 1342 2040 posse
1360 1969 1472 2025 hare
1488 1974 1653 2041 gratia
1675 1987 1740 2027 ex
1761 1986 1869 2028 uno

282 2063 485 2117 delicto
513 2062 772 2129 liberare,
804 2077 939 2133 quos
970 2063 1175 2117 liberat.
1211 2061 1368 2117 Nulla
1414 2064 1556 2117 enim
1587 2064 1689 2117 alia
1719 2075 1867 2119 motu

288 2152 519 2222 prnpriae
544 2152 829 2207 voluntatis
853 2151 1138 2219 adduntur,
1163 2153 1207 2207 si
1233 2168 1391 2208 omne
1430 2153 1626 2207 malum
1644 2194 1657 2216 ,
1703 2152 1868 2209 fracta

280 2246 493 2298 arbitrii
521 2245 782 2311 libertate,
803 2246 1015 2301 exclusa
1036 2245 1312 2301 honestate
1332 2245 1602 2313 desiderii,
1624 2244 1867 2301 infectrix

282 2337 553 2390 seminum
580 2336 731 2405 culpa
767 2336 920 2405 primi
945 2336 1204 2406 genitoris
1230 2346 1500 2407 operatur.

365 2430 500 2484 Acs.
529 2426 677 2483 Unde
703 2428 815 2482 lleri
842 2436 1015 2496 potest
1040 2434 1099 2482 ut
1127 2428 1285 2482 homo
1313 2428 1400 2496 qui
1429 2426 1638 2482 conaris
1659 2434 1873 2497 aposto-

290 2518 396 2572 lica
419 2517 573 2573 verba
596 2526 917 2587 pervertere,
945 2517 1118 2587 possis
1146 2517 1285 2587 loqui
1314 2518 1415 2573 nisi
1438 2518 1869 2587 perverse?Nam

292 2610 499 2677 utique,
530 2623 646 2664 cum
676 2608 740 2662 ad
771 2607 896 2662 illud
924 2607 1195 2670 delictum,
1219 2606 1358 2678 quod
1387 2607 1659 2677 generatio
1683 2606 1865 2674 trahit,

298 2717 431 2756 usus
457 2700 735 2754 voluntatis
764 2700 1078 2762 accesserit,
1101 2715 1258 2769 quem
1288 2714 1391 2753 non
1419 2698 1621 2753 habent
1643 2699 1866 2768 parvuli,

292 2791 351 2845 in
382 2792 573 2846 multas
599 2798 653 2846 et
673 2791 845 2844 varias
865 2790 1179 2860 cupiditates
1204 2790 1363 2844 arbor
1390 2789 1672 2843 multorum
1701 2790 1875 2859 pullu-

291 2883 370 2937 lat
397 2893 729 2952 peccatorum
755 2897 768 2934 :
798 2880 939 2951 quod
978 2890 1261 2950 antequam
1300 2879 1481 2945 fieret,
1512 2880 1671 2935 etiam
1703 2881 1874 2951 ipsum

293 2989 460 3027 unum
501 2972 740 3027 trahebat
777 2972 844 3027 ad
871 2971 1264 3026 damnationem
1286 3014 1300 3038 ,
1346 2972 1391 3026 si
1434 2980 1556 3026 ante
1584 2972 1875 3028 voluntatis

288 3078 451 3119 nsum
480 3063 727 3133 parvulus
763 3062 939 3117 ﬁniret
978 3063 1114 3116 hanc
1150 3063 1333 3117 vitam.
1360 3061 1543 3131 Neque
1582 3064 1724 3117 enim
1750 3062 1874 3133 quia

290 3155 467 3226 major
489 3154 756 3209 damnatio
783 3153 1007 3209 debetur
1048 3153 1156 3223 jam
1194 3168 1385 3224 magno
1427 3162 1482 3209 et
1524 3154 1876 3224 multiplicato

293 3247 458 3309 malo,
489 3245 608 3301 ideo
632 3246 773 3301 nulla
801 3261 967 3316 parvo
996 3254 1050 3302 et
1070 3245 1305 3301 nondum
1336 3246 1683 3316 multiplicato
1706 3245 1874 3302 debe-

295 3339 472 3394 batur.
495 3338 772 3405 Quomodo
792 3352 918 3408 ergo
942 3339 1290 3408 regeneratio,
1323 3354 1442 3408 qua:
1469 3337 1875 3407 multiplicatum

297 3445 399 3500 per
427 3445 577 3483 nsum
606 3429 889 3483 voluntatis
919 3429 1116 3483 malum
1146 3429 1301 3495 tollit,
1327 3445 1430 3483 non
1457 3428 1610 3498 plus’
1636 3438 1875 3500 praestat,

301 3535 463 3591 quam
492 3521 668 3574 nocuit
693 3520 986 3591 generatio,
1015 3535 1135 3590 qum
1165 3520 1321 3589 hujus
1350 3522 1597 3590 quamvis
1624 3522 1801 3592 magni
1826 3530 1882 3579 et

302 3611 611 3679 multiplicis
635 3611 783 3674 mali.
818 3610 1053 3666 nondum
1079 3621 1254 3666 tamen
1286 3620 1529 3676 auctum,
1559 3620 1613 3667 et
1640 3612 1876 3667 nondum

302 3702 704 3770 multiplicatum
750 3702 904 3756 traxit
952 3702 1191 3767 initium,
1239 3702 1380 3772 quod
1426 3703 1601 3757 solum
1631 3703 1749 3759 sine
1777 3704 1881 3759 ulla

303 3794 648 3864 pullulatione
670 3802 989 3860 remaneret,
1014 3795 1056 3847 si
1080 3794 1257 3847 nullus
1284 3794 1574 3849 voluntatis
1603 3810 1756 3875 usus,
1775 3811 1881 3865 quo

298 3894 583 3955 augeretur
606 3895 657 3940 et
683 3885 1139 3954 multiplicarctur,
1171 3885 1490 3941 accederet?
1518 3886 1770 3942 Voluntas
1790 3904 1884 3941 au-

298 3986 436 4040 tem,
468 3984 752 4046 antequam
784 3977 937 4029 bona:
970 3976 1201 4031 libertati
1243 3976 1308 4031 ad
1348 3976 1669 4043 operandam
1702 3994 1880 4034 veram

296 4069 550 4140 justitiam
583 4069 748 4138 gratia
770 4068 865 4123 Dei
892 4070 1238 4123 subveniente
1265 4068 1538 4137 reddatur,
1562 4071 1743 4126 multis
1764 4071 1883 4126 aliis

297 4163 459 4216 etiam
489 4161 683 4225 causis,
710 4170 903 4231 pneter
929 4161 1147 4231 originis
1173 4161 1379 4226 vitium,
1400 4171 1646 4216 movetur
1667 4162 1731 4216 ad
1763 4177 1886 4232 pec-

304 4251 553 4318 candum,
576 4252 658 4307 vel
685 4268 789 4306 non
817 4260 1087 4319 movetur;
1126 4252 1264 4307 unde
1295 4253 1351 4307 lit
1378 4263 1432 4309 ut
1466 4253 1562 4324 ipsi
1592 4254 1737 4323 impii
1762 4254 1884 4324 qni-

307 4340 407 4394 bus
434 4340 516 4395 vel
544 4340 777 4395 nondum
805 4343 1079 4407 subvenit,
1121 4343 1205 4398 vel
1247 4360 1515 4413 nunquam
1560 4344 1884 4400 subventura

308 4440 393 4485 est
420 4432 608 4502 gratia,
635 4448 751 4501 quae
773 4432 1024 4502 jnstilicat
1050 4435 1290 4504 impium,
1324 4436 1408 4489 alii
1440 4436 1639 4505 magis,
1664 4436 1750 4490 alii
1780 4436 1883 4490 mi-

306 4536 413 4576 nus
456 4530 696 4587 peccent.
727 4521 982 4576 Iudicium
1012 4539 1139 4596 ergo
1182 4542 1244 4580 ex
1286 4543 1386 4580 uno
1417 4527 1469 4579 in
1511 4527 1888 4582 condemnatio-

307 4629 444 4677 nem,
462 4612 585 4683 quia
603 4612 918 4667 damnantur
940 4625 991 4669 et
1015 4614 1067 4669 hi
1090 4618 1176 4686 qui
1204 4634 1364 4671 ttnnm
1393 4616 1519 4671 illud
1543 4619 1886 4687 generatione

305 4712 586 4758 traxerunt
615 4720 629 4757 :
657 4705 821 4773 gratia
863 4715 1037 4762 autem
1065 4723 1128 4762 ex
1156 4707 1334 4761 multis
1360 4706 1568 4762 delictis
1606 4707 1658 4761 in
1686 4708 1886 4778 justili-

303 4795 570 4849 cationem
598 4836 613 4860 ,
656 4796 776 4864 quia
822 4811 924 4850 non
964 4798 1133 4852 solum
1181 4797 1308 4852 illud
1343 4813 1464 4852 cum
1508 4814 1613 4868 quo
1656 4800 1889 4855 nascitur

306 4885 503 4951 homo,
534 4885 629 4940 sed
658 4886 912 4957 quidquid
937 4886 1077 4943 aliud
1105 4888 1417 4944 delictorum
1446 4889 1732 4945 voluntatis
1761 4906 1887 4946 usus

307 4976 383 5030 illi
413 4977 551 5030 malo
576 4977 796 5041 addidit,
829 4980 981 5033 tollit.
1011 4979 1135 5035 Haec
1154 4991 1236 5036 est
1256 4981 1666 5049 apostolicorum
1694 4983 1887 5039 verbo-

309 5082 431 5120 rum
462 5068 720 5123 catholica
757 5069 981 5138 veritas,
1018 5088 1174 5142 quam
1211 5074 1353 5127 nulla
1385 5073 1629 5128 haeretica
1658 5074 1893 5144 loquaci-

314 5165 425 5211 tate
459 5157 741 5227 depravas,
779 5162 1102 5231 quantalibet
1130 5178 1227 5221 nos
1268 5164 1609 5236 prolixitate’
1645 5166 1893 5221 vanitatis

315 5258 372 5304 et
400 5250 732 5320 loquacitatis
758 5269 1029 5310 exerceas.

380 5468 395 5498 ί
442 5468 561 5518 Editi
582 5504 597 5530 ,
650 5482 742 5521 non
787 5471 878 5524 hoc
924 5472 1115 5524 habeat.
1164 5475 1463 5538 castigantur
1511 5489 1576 5527 ex
1633 5481 1897 5530 manuscri-

309 5534 664 5665 Ts'nditiones.
674 5594 804 5643 Iasii
824 5601 876 5665 et
889 5596 1141 5665 Vignierii,
1163 5596 1322 5665 plura.
1337 5606 1461 5660 Mss,
1477 5598 1896 5663 βίαι-Μηδικά,

309 5648 477 5721 utare;
495 5664 514 5711 ;
536 5653 625 5721 sed
651 5655 702 5703 in
719 5648 975 5719 margine:
989 5648 1176 5721 plura'.'
1212 5664 1255 5708 Il

380 5697 406 5744 ἱ
537 5697 910 5780 Elii-few:
915 5697 1273 5784 ἷεῖῥὶὲῖ

1590 297 1786 354 LIBER
1828 292 2207 359 SECUNDUS.

3412 321 3553 379 1186

2043 415 2173 469 CVI.
2207 416 2324 472 Jun.
2365 418 2443 473 Ac
2492 437 2587 490 per
2630 420 2767 490 hoc,
2798 423 2843 479 si
2883 434 2966 480 est
3004 429 3242 486 naturale
3279 443 3553 501 peccatum

1973 510 2235 558 tantorum
2268 518 2452 563 auctor
2478 513 2760 582 malorum,
2787 517 2957 585 gratia
2985 516 3183 575 Christi
3213 536 3549 593 nequaquam

1973 595 2131 648 multa
2164 596 2353 654 delicta
2381 601 2626 657 donando
2665 606 3100 674 justiﬁcationem
3130 623 3380 682 operatur
3410 631 3423 668 :
3454 616 3553 671 sed

1973 685 2061 738 uni
2094 700 2310 754 peccato
2348 692 2668 763 indulgendo
2709 700 2980 767 negotium
3020 702 3360 772 benignitatis
3397 720 3556 760 exse-

1971 780 2179 846 quitur;
2211 782 2349 848 quod
2380 798 2500 836 cum
2526 800 2584 838 se
2606 788 2834 855 spondet
2860 801 3099 846 acturam
3124 794 3163 857 ¹,
3196 794 3351 849 Iidem
3398 796 3559 851 faciet

1971 869 2277 936 promissis,
2308 873 2351 924 si
2383 872 2498 926 hare
2531 890 2650 943 quae
2676 877 2923 934 dicuntur
2965 897 3063 951 per
3111 887 3313 952 peccati
3364 886 3556 940 vulnus

1972 956 2178 1013 invecta
2202 962 2504 1045 curaverit:
2532 975 2785 1021 caeterum
2824 970 2870 1023 si
2913 981 2968 1025 et
3010 984 3129 1040 post
3159 975 3391 1029 remedia
3433 991 3555 1046 quae

1971 1047 2180 1117 detulit,
2210 1052 2396 1107 eadem
2428 1062 2603 1110 tamen
2642 1056 3025 1116 diabolicorum
3058 1065 3359 1120 morborum
3387 1068 3556 1123 series

1971 1153 2309 1211 perseverat;
2339 1156 2462 1199 voto
2485 1149 2503 1178 '
2534 1149 2647 1217 ejus
2670 1152 3003 1219 gratiﬁcatio,
3038 1159 3435 1227 przesumptioni
3462 1175 3559 1215 ve-

1972 1233 2056 1286 nia
2082 1233 2321 1302 debetur,
2350 1238 2472 1307 quia
2498 1239 2563 1293 ad
2602 1242 2895 1298 curandum
2926 1245 3134 1301 innatas
3179 1261 3358 1318 pestes
3383 1251 3555 1308 virtus

1971 1323 2020 1379 ei
2050 1323 2236 1394 defuit,
2261 1342 2367 1382 non
2393 1329 2663 1384 voluntas.

2042 1417 2177 1473 Avo.
2200 1418 2315 1473 Jam
2342 1435 2652 1490 reSponsum
2680 1433 2763 1479 est
2795 1443 2807 1479 :
2834 1426 3067 1498 intellige
3087 1471 3102 1496 ,
3131 1439 3183 1486 et
3209 1441 3345 1488 tace.
3382 1433 3555 1490 Aliter

1970 1509 2136 1575 gratia
2158 1519 2453 1567 certantem
2481 1514 2622 1579 facit,
2647 1524 2806 1587 atque
2830 1518 3075 1588 adjuvat;
3099 1523 3252 1577 aliter
3274 1524 3536 1580 victorem

1971 1597 2088 1653 sine
2131 1598 2285 1654 hoste
2314 1602 2425 1655 ullo
2446 1643 2459 1667 ,
2491 1604 2574 1657 vel
2601 1616 2826 1661 externo
2846 1649 2862 1674 ,
2892 1609 2974 1664 vel
3006 1611 3243 1677 interno,
3280 1614 3332 1667 in
3360 1624 3556 1670 aeterna

1972 1703 2103 1758 pace
2126 1701 2444 1747 conservat:
2473 1693 2572 1750 ista
2600 1696 2864 1753 laboriosa
2891 1702 3077 1756 militia
3107 1711 3190 1757 est
3218 1705 3269 1758 in
3300 1708 3552 1773 przeseuti

1971 1783 2189 1847 sarculo,
2218 1784 2305 1838 illa
2334 1786 2484 1841 beata
2517 1790 2726 1859 requies
2756 1791 2810 1845 in
2839 1790 3037 1848 futuro.
3063 1794 3167 1849 Sed
3191 1796 3236 1850 si
3259 1804 3314 1851 tu
3333 1812 3455 1853 cum
3480 1799 3561 1854 vi-

1974 1871 2061 1926 tiis
2085 1874 2388 1929 carnalibus
2416 1877 2466 1931 in
2492 1886 2542 1933 te
2565 1880 2680 1949 ipso
2707 1880 2906 1938 bellum
2937 1900 3044 1939 non
3072 1887 3238 1956 geris,
3257 1889 3555 1946 erubesce:

1972 1964 2017 2018 si
2048 1966 2208 2033 geris,
2234 1968 2566 2025 obmutesce.

2044 2054 2199 2111 CVII.
2231 2058 2350 2113 Jun.
2383 2060 2519 2127 Quid
2548 2062 2704 2132 igitur
2733 2063 2832 2119 hac
2861 2064 3221 2136 disputatione
3257 2069 3557 2127 confectum

1974 2148 2095 2201 est?
2118 2148 2308 2204 Sensui
2338 2152 2580 2207 videlicet
2608 2163 2696 2208 tuo
2722 2163 2776 2210 et
2820 2157 3080 2227 Apostolo
3115 2175 3221 2214 non
3253 2163 3559 2218 convenire.

1974 2240 2261 2309 Apostolus
2290 2245 2430 2298 enim
2461 2247 2572 2311 ait,
2604 2248 2765 2301 multa
2807 2248 2999 2304 delicta
3031 2252 3214 2320 gratim
3248 2251 3563 2310 liberalitate

1975 2331 2159 2386 donari
2186 2350 2199 2386 :
2223 2332 2415 2402 dogma
2460 2352 2586 2390 vero
2628 2350 2772 2394 tuum
2811 2342 3001 2396 asserit
3020 2376 3043 2407 ,-
3079 2359 3241 2398 unum
3282 2354 3557 2415 peccatum

1976 2422 2243 2489 naturale,
2272 2424 2412 2493 quod
2445 2426 2613 2497 legem
2645 2430 2843 2497 peccati
2871 2447 3050 2498 vocas,
3077 2433 3129 2487 in
3160 2436 3366 2488 cunctis
3385 2436 3561 2491 homi-

1977 2515 2132 2569 nibus
2161 2515 2427 2571 desideria
2468 2518 2756 2588 iniquitatis
2784 2521 3058 2592 efﬁngere.
3091 2523 3146 2578 In
3187 2525 3432 2581 absoluto
3460 2528 3561 2583 ita-

1976 2619 2079 2673 que
2105 2612 2206 2671 est,
2235 2622 2264 2659 a
2294 2615 2345 2661 te
2371 2615 2612 2663 naturam
2638 2626 2755 2679 quae
2781 2622 2863 2666 est
2882 2628 3016 2681 opus
3039 2614 3164 2680 Dei,
3190 2614 3259 2668 ab
3288 2616 3377 2670 illo
3410 2619 3563 2688 argui

1978 2695 2322 2751 voluntatem.
2352 2696 2468 2752 Non
2498 2707 2673 2753 autem
2701 2700 2856 2755 aliter
2883 2716 3097 2769 prorsus
3125 2703 3303 2773 eloqui
3333 2705 3518 2760 debuit
3545 2745 3562 2770 ,

1978 2802 2135 2857 quam
2166 2789 2405 2844 elocutus
2425 2800 2539 2856 est,
2575 2789 2626 2845 id
2652 2799 2769 2854 est.
2809 2807 2874 2847 ex
2917 2808 3022 2847 nno
3060 2794 3562 2853 condemnationem

1980 2881 2093 2936 lieri
2136 2897 2292 2951 posse
2333 2885 2742 2954 peccato:quia
2788 2894 2841 2940 et
2887 2886 3090 2954 primus
3135 2887 3223 2942 ille
3264 2888 3422 2943 homo
3465 2904 3565 2959 per

1979 2988 2141 3027 unum
2173 2985 2443 3041 peccatum
2490 2974 2826 3045 delinquendi
2864 2977 3087 3045 pratbuit
3131 2980 3468 3048 exemplum;
3513 2989 3568 3036 et

1979 3064 2119 3118 sicut
2158 3065 2230 3119 illi
2261 3065 2359 3135 ipsi
2393 3065 2463 3121 ad
2504 3067 2999 3122 condemnationem
3048 3083 3151 3123 una
3194 3071 3566 3139 prmvaricatio

1980 3153 2293 3219 abundavit,
2334 3156 2411 3210 sic
2440 3158 2597 3209 etiam
2627 3156 2836 3211 caneris
2880 3155 2947 3210 ad
2996 3165 3201 3213 reatum
3240 3175 3342 3214 una
3393 3171 3568 3229 potest

1981 3247 2133 3316 culpa
2163 3247 2429 3301 snlIicere.
2454 3248 2679 3317 Propter
2702 3248 2842 3318 quod
2865 3249 3233 3315 Ecclesiastes,
3263 3251 3362 3318 Qui
3389 3252 3443 3306 in
3468 3269 3570 3308 uno

1984 3337 2275 3406 peccaverit,
2305 3338 2464 3392 multa
2489 3339 2617 3393 bona
2642 3339 2805 3408 perdit
2827 3338 3021 3407 (Eccle.
3051 3356 3105 3395 Ix
3124 3382 3139 3406 ,
3175 3340 3295 3410 I8);
3329 3351 3381 3397 et
3405 3342 3567 3398 Jaco-

1983 3427 2116 3491 hns,
2152 3428 2213 3482 Si
2239 3438 2392 3482 totum
2434 3429 2592 3501 legem
2631 3430 2999 3496 observaveris,
3040 3432 3272 3499 o/Tendas
3313 3445 3484 3490 autem
3517 3438 3572 3491 in

1983 3536 2106 3584 uno,
2136 3521 2299 3590 [actus
2324 3538 2374 3576 es
2403 3523 2627 3574 omnium
2656 3539 2771 3575 reus
2796 3522 2995 3594 (Jacobi
3020 3541 3077 3586 It,
3111 3525 3222 3588 ID).

2057 3611 2189 3667 Atto.
2219 3612 2361 3682 Ergo
2398 3621 2672 3681 peccatum
2710 3612 2839 3669 Ada:
2880 3614 3052 3685 ipsum
3080 3616 3254 3671 solum
3283 3616 3437 3683 laesit,
3463 3633 3571 3674 non

1986 3712 2037 3756 et
2056 3716 2224 3773 genus
2254 3702 2559 3758 humanum.
2600 3703 2714 3758 Non
2748 3706 2890 3759 enim
2918 3705 2970 3758 in
3001 3714 3201 3760 tantum
3237 3708 3345 3762 eris
3383 3708 3574 3764 absur-

1986 3792 2106 3861 dus,
2139 3803 2193 3847 ut
2221 3793 2388 3859 dicas,
2420 3801 2637 3863 peccato
2665 3794 2780 3863 ejus
2819 3794 2977 3850 lmsos
3000 3810 3121 3851 esse
3151 3795 3232 3849 vel
3260 3797 3379 3852 laedi
3399 3797 3574 3852 homi-

1987 3901 2083 3940 nes
2106 3885 2426 3951 nescientes,
2446 3885 2528 3939 vel
2548 3900 2650 3940 non
2672 3884 2955 3941 credentes
2979 3896 3153 3941 utrum
3172 3887 3350 3952 fuerit,
3373 3898 3429 3943 et
3446 3890 3572 3959 quid

1986 3978 2154 4046 egerit
2186 3994 2198 4031 :
2231 3976 2357 4046 quia
2395 3976 2494 4030 etsi
2522 3977 2821 4032 nescientes
2860 3976 3107 4033 homines
3133 3980 3327 4049 aliquid
3356 3980 3574 4036 imitan-

1989 4075 2092 4133 tur,
2121 4082 2185 4121 eo
2215 4075 2389 4121 tamen
2438 4077 2653 4136 peccato
2695 4067 2813 4121 laedi
2845 4076 2900 4123 et
2927 4067 3040 4123 ﬁeri
3073 4080 3405 4138 peccatores,
3432 4071 3574 4140 quod

1987 4167 2111 4212 ante
2136 4172 2391 4213 annorum
2421 4158 2581 4211 millia
2610 4158 2808 4214 factum
2834 4174 2953 4215 esse
2975 4160 3239 4228 nesciunt,
3266 4162 3424 4217 nimis
3446 4164 3578 4219 insi-

1989 4249 2195 4318 pienter
2210 4249 2340 4304 dicis
2357 4265 2371 4315 ;
2391 4249 2490 4304 nisi
2508 4247 2609 4306 hoc
2626 4260 2899 4319 peccatum
2919 4250 2986 4306 ad
3001 4268 3186 4308 omnes
3201 4254 3578 4323 generationes

1991 4340 2245 4395 transisse
2288 4340 2522 4394 fatearis.
2567 4340 2817 4396 Dicentes
2844 4351 3021 4397 autem
3060 4343 3203 4413 quod
3233 4343 3360 4398 Δότε
3390 4359 3579 4413 pecca-

1990 4439 2099 4484 tum
2130 4433 2302 4500 ipsum
2346 4432 2519 4486 solum
2564 4431 2795 4499 Ia'serit,
2837 4443 2890 4488 et
2921 4449 3026 4488 non
3054 4449 3222 4505 genus
3264 4434 3576 4501 humanum.

1990 4524 2089 4577 nisi
2115 4524 2391 4577 damnaret
2417 4522 2679 4591 Pelagius,
2711 4522 3060 4579 damnaretur
3087 4524 3156 4578 ab
3179 4526 3259 4579 eis
3284 4524 3576 4594 judicibus,

1991 4615 2080 4684 qui
2110 4613 2382 4667 Manicltmi
2416 4613 2596 4681 utique
2623 4629 2728 4666 nun
2754 4622 2901 4667 sunt.

2062 4703 2238 4759 CVIII.
2270 4704 2385 4759 JUL.
2418 4703 2597 4758 Gratia
2635 4719 2763 4758 vero
2804 4705 3012 4760 Domini
3059 4705 3186 4761 Iesu
3233 4706 3432 4762 Christi
3470 4722 3580 4765 non

1992 4806 2071 4852 est
2102 4797 2170 4850 ita
2199 4795 2342 4860 data,
2374 4805 2434 4850 ut
2455 4812 2550 4866 per
2569 4797 2774 4868 singula
2807 4807 3041 4867 peccata,
3073 4799 3223 4868 quasi
3252 4814 3348 4869 per
3371 4799 3581 4869 singula

1994 4888 2233 4953 vulnera,
2265 4888 2470 4959 singula
2501 4902 2714 4958 quoque
2762 4888 3103 4958 indulgentia:
3132 4889 3367 4945 remedia
3401 4891 3581 4959 provi-

1995 4978 2164 5045 deret,
2207 4977 2538 5048 diversisque
2579 4978 2985 5049 baptismatibus
3029 4980 3259 5048 peccatis
3298 4981 3460 5037 variis
3486 4996 3583 5036 ve-

1994 5072 2135 5126 niam
2165 5071 2463 5140 praeberet:
2498 5069 2591 5126 sed
2638 5085 2737 5140 pro
2774 5069 3158 5127 efﬁcacissimae
3187 5081 3446 5140 potestate
3472 5087 3586 5127 me-

1996 5162 2211 5226 dicinze,
2235 5178 2352 5230 qure
2385 5161 2718 5227 criminibus,
2747 5160 2798 5214 id
2824 5170 2926 5226 est,
2958 5163 3111 5216 mala:
3141 5162 3431 5217 voluntatis
3451 5176 3586 5232 ope-

1996 5255 2145 5310 ribus
2204 5254 2560 5319 admovetur,
2623 5254 2694 5307 ita
2766 5255 3121 5311 communiter
3178 5254 3469 5319 subvenit,
3528 5262 3588 5308 nt

1996 5346 2234 5401 diversas
2260 5345 2463 5415 species
2492 5351 2732 5398 reatutnn
2764 5345 2918 5398 unius
2954 5344 3006 5399 vi
3035 5342 3451 5400 consecrationis
3487 5342 3587 5398 θῦε

1997 5447 2215 5509 stergat.

2070 5532 2203 5585 Anc.
2228 5527 2734 5598 Quomodocumque
2758 5526 2905 5582 dicas
2924 5526 3101 5583 datam
3121 5524 3346 5596 gratiam
3374 5522 3584 5581 Domini

2064 5664 2086 5729 ξ
2110 5668 2191 5729 ns.
2217 5668 2358 5717 Port.,
2384 5667 2652 5729 aucturum:
2721 5726 2730 5729 -
2772 5718 2801 5729 -.

2067 5725 2087 5755 ²
2111 5724 2181 5772 sic
2205 5730 2307 5771 διεδ.
2333 5729 2389 5771 Al.
2412 5721 2546 5783 editi,
2574 5721 2818 5772 voltmtati.
