4062 6556
477 399 615 459 H87

481 515 612 572 Iesu
632 508 848 571 Christi,
883 514 1098 573 separes
1124 497 1192 552 ab
1228 511 1290 550 ea
1318 491 1585 564 parvulos.
1614 500 1748 558 quos
1787 497 1850 539 ea
1874 480 2058 536 salvos

482 604 601 662 ﬁeri
626 614 818 671 negas:
844 604 899 650 ut
917 592 1120 647 scilicet
1148 587 1297 641 vobis
1327 586 1441 655 ipsa
1467 579 1725 671 vocabula
1755 591 1850 646 pro
1881 581 2060 671 vestro

495 667 720 752 arbitrio.
733 683 1111 744 dividentibus,
1141 676 1385 733 Christus
1414 673 1479 727 ad
1523 669 1771 741 parvulos
1799 667 2067 736 pertinere

494 783 726 838 rideatur
755 783 969 847 propter
997 784 1215 841 regnum
1258 768 1373 831 Dei,
1404 779 1510 835 quo
1536 761 1747 817 nonnisi
1776 759 2068 828 baptizatos

484 886 644 945 posse
682 867 960 940 pervenire
1003 860 1329 923 conceditis;
1380 857 1537 911 Jesus
1581 863 1757 908 autem
1798 852 1868 904 sit
1897 849 1964 902 ah
1993 848 2070 945 eis

486 938 706 1032 prorsus
730 958 954 1022 alienus,
987 952 1234 1024 quoniam
1278 964 1384 1003 non
1423 948 1476 1000 in
1507 945 1610 1001 illis
1634 953 1904 1014 operatur,
1931 938 2071 1032 unde

488 1029 593 1106 hoc
619 1045 1149 1113 vocatur.‘Scriptum
1186 1047 1270 1095 cst
1298 1038 1461 1100 enim,
1499 1034 1713 1089 Vocabis
1741 1046 1921 1085 nomen
1965 1029 2073 1099 ejus

490 1142 666 1198 Iesum
679 1157 697 1204 ;
718 1138 1077 1204 continuoque
1097 1146 1312 1187 causam
1338 1128 1646 1196 snhjicieus,
1665 1138 1829 1194 quare
1847 1120 2032 1176 Jesum
2059 1136 2074 1170 :

496 1232 613 1301 Ipse
636 1231 770 1284 enim
792 1229 985 1282 salvum
1022 1224 1190 1295 faciet,
1214 1221 1404 1291 inquit,
1435 1216 1678 1288 populum
1713 1230 1861 1268 suum
1899 1229 1930 1264 a
1961 1225 2078 1279 pec-

491 1322 616 1377 catis
643 1337 817 1376 eorum
839 1316 1050 1388 (Matth.
1093 1331 1131 1369 t.
1161 1314 1275 1385 21).
1308 1312 1458 1380 Quod
1490 1312 1542 1364 in
1572 1306 1805 1378 parvulis
1831 1303 1944 1358 fieri
1984 1316 2074 1356 nc-

492 1424 699 1484 gantes,
728 1419 783 1467 et
814 1425 844 1464 a
871 1407 1084 1463 nomine
1107 1404 1233 1459 Jesu
1264 1403 1404 1465 illos,
1434 1408 1488 1454 et
1513 1399 1580 1452 ab
1616 1397 1731 1465 ejus
1771 1394 1965 1464 populo
1995 1407 2082 1446 se.

492 1504 732 1575 paratis:
760 1511 814 1556 et
835 1498 1044 1554 audetis
1069 1493 1350 1565 indignari,
1382 1489 1523 1561 quod
1552 1502 1646 1543 vos
1674 1486 1848 1556 potius
1874 1484 1942 1538 ab
1981 1496 2079 1575 eo:

494 1572 617 1652 dem
653 1592 850 1665 populo
879 1587 1232 1660 separamini?
1257 1585 1523 1653 Quantum
1566 1587 1744 1633 autem
1782 1576 1972 1629 attinet
2012 1572 2077 1665 ad

495 1686 688 1742 delicta
717 1680 1042 1745 voluntaria,
1074 1679 1210 1732 sicut
1237 1690 1306 1731 ex
1343 1672 1524 1728 multis
1554 1669 1810 1740 judicium
1837 1666 1999 1733 mittit
2026 1664 2080 1718 in

495 1773 1019 1836 condemnationem,
1044 1769 1122 1824 sic
1155 1783 1222 1823 ex
1263 1764 1442 1820 multis
1469 1761 1637 1833 gratia
1668 1760 1721 1814 in
1746 1757 2083 1828 justificatio-

498 1882 644 1923 nem.
675 1866 852 1933 Quare
881 1876 1009 1932 ergo
1034 1860 1233 1915 dictum
1264 1865 1366 1919 est,
1401 1852 1663 1907 Judicium
1685 1866 1747 1904 ea:
1765 1865 1867 1903 uno
1886 1849 1939 1902 in
1963 1863 2084 1901 con-

499 1957 889 2017 demnationem,
918 1951 1084 2024 gratia
1125 1958 1291 2002 autem
1329 1960 1392 1999 ea:
1429 1942 1602 1996 multis
1631 1939 1826 1994 delictis
1852 1939 1906 1992 in
1925 1936 2085 2007 justi-

501 2047 814 2116 ﬁcationem;
842 2042 942 2097 nisi
970 2040 1092 2111 quia
1136 2039 1238 2092 hoc
1276 2038 1394 2090 loco
1433 2047 1538 2087 non
1585 2038 1669 2086 est
1706 2029 1950 2099 opposita
1987 2040 2084 2081 vo-

501 2135 690 2193 luntati
717 2135 983 2197 voluntas,
1014 2140 1102 2185 aut
1140 2127 1421 2183 imitationi
1458 2124 1719 2188 imitatio;
1747 2120 1841 2177 sed
1866 2132 2088 2191 genera-

502 2228 633 2282 tioui
657 2222 1025 2296 regeneratio?
1052 2222 1200 2277 Sicut
1223 2220 1367 2275 enim
1402 2216 1674 2288 generatio
1697 2212 1954 2284 judicium
1995 2210 2089 2264 ha-

502 2317 596 2373 bet
618 2331 685 2372 ex
711 2330 817 2371 uno
852 2315 904 2369 in
934 2312 1466 2372 condemnationem;
1501 2307 1571 2360 ita
1613 2303 1946 2374 regeneratio
1970 2315 2090 2371 gra-

504 2411 632 2465 tiam
657 2424 725 2464 ex
760 2406 938 2462 multis
962 2405 1174 2461 delictis
1201 2403 1255 2457 in
1278 2398 1731 2471 justiticationem.
1767 2396 1979 2451 Clarum
2008 2399 2088 2447 est

505 2499 647 2571 quod
674 2498 842 2554 voluit
866 2496 1085 2566 intelligi
1127 2492 1415 2564 Apostolus
1439 2508 1452 2544 :
1482 2505 1577 2545 vos
1606 2490 1648 2544 si
1675 2487 1914 2543 subditas
1934 2498 2091 2541 aures

507 2589 781 2660 aperiatis,
808 2585 1141 2642 contentiosa
1169 2598 1262 2637 ora
1289 2580 1570 2636 claudetis.

577 2678 714 2734 CIX.
745 2678 866 2734 ιω..
894 2675 1189 2732 Prudenter
1217 2688 1365 2744 ergo,
1393 2686 1515 2726 cum
1541 2670 1608 2724 de
1632 2663 1809 2724 'Adam
1846 2668 2093 2737 loquere-

511 2783 618 2838 tur,
645 2771 940 2827 nominavit
969 2783 1132 2823 unum
1164 2775 1461 2837 peccatum,
1494 2761 1636 2833 quod
1676 2761 1843 2816 voluit
1873 2760 2092 2830 intelligi

509 2862 736 2918 formam
768 2859 1214 2931 prarvaricationis
1239 2857 1401 2911 fuisse
1432 2873 1446 2909 :
1490 2855 1631 2919 ideo,
1665 2854 1896 2923 inquam,
1928 2867 2091 2906 unum

509 2964 565 3009 et
591 2971 696 3009 non
738 2952 901 3007 multa
941 2950 1275 3013 memoravit,
1306 2947 1426 3017 quia
1469 2945 1670 3001 sciebat
1703 2959 1864 2999 unum
1893 2952 2095 2998 tantum

510 3046 644 3103 Adae
692 3055 965 3115 peccatum
1006 3044 1060 3096 in
1103 3041 1238 3112 legis
1285 3038 1503 3093 historia
1546 3038 1827 3092 contineri.
1860 3035 2096 3090 Gratiam

510 3152 642 3191 vero
668 3151 733 3191 ex
770 3134 952 3188 multis
990 3133 1195 3187 delictis
1223 3130 1274 3183 in
1309 3128 1765 3198 jnstificationem,
1809 3125 2041 3180 imbutos
2065 3141 2096 3180 a

512 3241 574 3282 se
605 3225 843 3279 laudavit
882 3223 1145 3287 emittere,
1189 3236 1257 3275 ne
1298 3218 1540 3274 beneficii
1585 3219 1831 3288 pauperis
1867 3218 2099 3287 suspicio

513 3324 825 3371 nasceretur
855 3331 869 3367 :
899 3322 954 3368 et
979 3313 1024 3367 si
1054 3312 1298 3374 dixisset,
1321 3308 1499 3365 Gratia
1529 3323 1599 3362 ex
1627 3323 1733 3361 uno
1762 3308 1813 3361 in
1838 3306 2099 3378 justiﬁca-

514 3408 713 3461 tionem
738 3420 753 3470 ;
783 3419 889 3459 non
917 3412 1024 3457 tam
1049 3401 1226 3456 omnia
1257 3399 1529 3454 videretur
1547 3397 1783 3463 abolere,
1811 3413 1967 3464 quam
1991 3398 2102 3452 sin-

513 3498 654 3569 gula.
681 3495 830 3564 Quod
851 3509 982 3564 ergo
1007 3492 1264 3563 praemisit
1291 3505 1455 3545 unum
1486 3498 1781 3560 peceatum,
1816 3488 1973 3544 fidem
1996 3504 2103 3544 ser-
2138 3526 2143 3531 ς

514 3589 657 3644 vavit
684 3586 954 3643 historiae:
987 3584 1127 3655 quod
1147 3582 1399 3646 subdidit,
1427 3598 1492 3637 ex
1519 3582 1698 3637 multis
1720 3583 1887 3652 gratia
1914 3582 1964 3636 in
1982 3582 2100 3652 jus-

514 3679 876 3744 tilicationem,
908 3674 1324 3732 munificentiam
1366 3673 1609 3745 mysterii
1633 3672 2021 3729 commendavit
2047 3683 2103 3729 et

516 3772 746 3842 copiam.

584 3861 721 3915 Anc.
748 3855 888 3926 Quid
910 3864 1088 3911 autem
1119 3868 1254 3925 opus
1273 3862 1391 3909 erat
1410 3862 1471 3907 ut
1496 3851 1564 3908 de
1578 3851 1746 3907 Adam
1772 3852 2097 3924 loqueretur,

514 3964 638 4006 cum
665 3948 866 4005 Christi
903 3948 1127 4018 gratiam
1163 3944 1593 4010 commendaret;
1634 3944 1737 3999 nisi
1762 3946 1885 4015 quia
1914 3959 2009 4016 per
2035 3945 2101 3999 il-

515 4042 627 4103 lum
655 4039 948 4111 generatio,
979 4052 1074 4107 per
1092 4036 1253 4091 istum
1280 4034 1612 4106 regeneratio
1639 4035 1759 4090 est?

586 4134 703 4192 CX.
732 4134 854 4190 ἔοι..
882 4132 1013 4201 Quae
1036 4129 1321 4200 expositio,
1340 4136 1399 4184 ut
1426 4128 1619 4183 rationi
1643 4126 1893 4191 concinit,
1916 4127 1987 4182 ita
2007 4142 2103 4183 vos

516 4225 745 4282 destruit
774 4241 789 4278 :
818 4223 923 4277 hoc
948 4221 1091 4276 enim
1122 4219 1239 4289 ipso
1267 4217 1507 4273 confiteri
1541 4216 1883 4284 tibilnecesse
1910 4224 2009 4282 est,
2045 4216 2099 4273 in

516 4316 764 4372 omnibus
790 4311 1154 4383 superioribus
1194 4308 1375 4363 verbis
1415 4307 1726 4378 Apostolum
1774 4307 1841 4361 de
1880 4316 2100 4376 peccato

518 4408 824 4465 Manichaee
852 4404 1084 4461 traducis
1110 4418 1216 4458 non
1245 4403 1500 4468 locutum,
1530 4402 1744 4470 quando
1787 4402 1840 4457 in
1864 4416 2102 4458 comme-

518 4498 816 4556 moratione
836 4496 1021 4568 gratiae
1047 4495 1210 4549 multa
1235 4493 1435 4548 absolvi
1462 4503 1679 4562 peccata
1710 4493 2044 4548 monstravit.

588 4594 722 4649 Anc.
748 4589 1069 4646 Manichatos
1095 4593 1148 4641 tu
1175 4586 1415 4657 adjuvas,
1436 4585 1627 4656 quibus
1647 4585 1928 4640 inducendi
1946 4585 2102 4640 aliam

520 4695 759 4740 naturam
788 4683 984 4737 malam
1006 4680 1102 4736 das
1130 4678 1326 4743 locum,
1343 4678 1587 4748 negando
1616 4678 1667 4732 in
1693 4678 1933 4748 originali
1961 4677 2103 4731 malo

517 4789 639 4831 esse
661 4786 876 4829 causam
903 4770 1132 4826 miseriae
1156 4769 1492 4840 parvulorum
1523 4785 1537 4821 :
1568 4781 1726 4839 quam
1751 4768 2018 4823 miseriam
2048 4767 2102 4822 in

452 4906 457 4909 «
518 4867 767 4940 paradiso
793 4865 975 4935 utique
994 4878 1102 4919 non
1128 4860 1417 4930 haberent;
1435 4862 1481 4917 si
1507 4870 1883 4932 perseverante
1908 4860 1980 4915 ibi
2002 4873 2102 4913 na-

522 4969 655 5014 tura:
706 4956 954 5012 humana:
999 4952 1317 5010 rectitudine
1361 4967 1425 5009 ac
1472 4950 1798 5008 beatitudine
1843 4952 1861 4983 ³
1913 4964 2102 5006 nasce-

520 5056 727 5105 rentur.

590 5137 731 5195 CXI.
758 5136 876 5195 Jun.
926 5137 1002 5193 De
1048 5136 1270 5191 istorum
1308 5134 1452 5190 enim
1498 5141 1837 5202 peccatorum
1880 5145 2097 5202 genere,

520 5246 641 5303 qua:
680 5229 845 5286 multa
883 5243 1023 5295 esse,
1054 5236 1109 5284 et
1143 5227 1338 5283 dimitti
1373 5225 1550 5281 omnia
1578 5240 1673 5294 per
1698 5223 1921 5293 gratiam
1950 5236 2099 5277 com-

521 5322 811 5389 mendavit,
841 5319 1074 5378 ostendit
1109 5324 1169 5375 se’
1193 5319 1353 5375 etiam
1384 5316 1511 5372 illud
1554 5330 1714 5370 unum
1753 5312 1997 5384 superius
2023 5312 2104 5367 di-

520 5417 667 5472 xisse
702 5421 977 5487 peccatum
1014 5428 1030 5466 :
1072 5419 1130 5466 tu
1164 5419 1338 5465 autem
1379 5408 1497 5462 haec
1535 5405 1698 5461 multa
1731 5420 1795 5460 ea
1833 5403 2103 5461 censentis

519 5520 661 5575 esse,
682 5520 801 5577 quat
825 5503 1227 5561 committuntur
1244 5501 1312 5556 ab
1347 5511 1665 5570 unoquoque
1705 5495 1920 5551 homine
1956 5502 2102 5550 motu

585 5723 602 5754 ι
626 5722 700 5773 sic
717 5727 825 5772 llas.
1134 5718 1256 5771 ctar.
1272 5724 1329 5771 At
1344 5716 1480 5780 editi,
1502 5719 1693 5783 natura:
1713 5725 1772 5766 ac
1795 5711 2101 5767 beatitudinis
2203 5716 2300 5783 ptis

484 5786 493 5794 ‘
520 5780 746 5836 humana:
760 5781 1068 5838 rectitudine.

1148 382 1392 444 OPERIS
1428 369 1841 436 IMPERFECTI
1879 364 2153 426 CONTRA
2188 358 2549 428 JULIANUM,
2589 362 2651 419 S.
2696 356 3062 419 AUGUSTINI

2172 477 2400 542 propria:
2426 472 2710 526 voluntatis
2734 489 2748 526 :
2769 479 2818 526 ct
2848 470 2977 525 illud
3000 484 3126 539 ergo
3157 470 3318 524 unum
3347 467 3415 524 de
3444 466 3639 525 eodem
3662 485 3756 541 ge-

2172 578 2300 618 nere
2329 572 2431 615 ρει.
2686 570 2689 575 ’

2243 658 2377 709 Auc.
2405 654 2573 708 Simul
2601 668 2719 708 cum
2742 654 2834 707 illo
2856 667 2981 716 uno,
3003 651 3123 706 dico
3142 665 3263 706 esse
3288 649 3477 715 multa,
3495 664 3603 703 non
3626 665 3761 719 pne.

2175 755 2257 802 ter
2282 746 2454 801 illud:
2489 755 2664 817 potest
2691 756 2865 801 autem
2906 753 2960 799 et
3003 744 3103 800 hoc
3143 753 3289 799 recte
3327 744 3433 798 dici
3473 743 3543 798 de
3571 732 3759 799 eodem

2174 853 2367 909 genere
2392 855 2534 906 esse,
2566 839 2610 893 si
2640 838 2705 893 ad
2741 838 2997 909 originem
3026 837 3319 914 referatur;
3361 838 3485 907 quia
3505 846 3564 892 et
3590 836 3762 906 ipsum

2175 947 2243 986 ex
2291 931 2447 1001 primi
2502 931 2731 985 hominis
2771 931 3046 985 voluntate
3073 929 3324 994 manavit,
3371 930 3589 1000 quando
3626 931 3764 985 illius

2178 1032 2453 1093 peceatum
2478 1022 2688 1078 intravit
2711 1024 2762 1077 in
2790 1024 3065 1089 mundum,
3097 1032 3151 1078 et
3176 1038 3269 1093 per
3295 1037 3487 1078 omnes
3518 1023 3765 1079 homines

2179 1115 2502 1184 pertransiit.

2248 1206 2406 1262 CXll.
2437 1207 2556 1261 Jun.
2591 1205 2658 1264 Ut
2698 1206 3020 1278 intelligatur
3046 1207 3114 1262 ab
3140 1221 3465 1279 unoquoque
3489 1216 3640 1262 motu
3656 1223 3771 1277 pro-

2180 1299 2310 1368 priae
2337 1297 2624 1353 voluntatis
2647 1306 2962 1364 attractum;
2992 1307 3046 1353 et
3068 1299 3178 1369 jam
3222 1313 3326 1353 non
3357 1298 3656 1354 fecunditas
3685 1312 3773 1354 se-

2182 1389 2405 1456 minum,
2434 1389 2527 1444 sed
2553 1389 2849 1444 studiorum
2879 1390 3110 1458 pravitas
3134 1398 3405 1459 arguetur.
3435 1391 3703 1445 Caeterum
3726 1392 3772 1444 si

2183 1477 2314 1533 illud
2341 1494 2501 1532 unum
2523 1478 2779 1549 originale
2809 1480 3061 1534 voluisset
3084 1480 3327 1551 intelligi,
3364 1495 3474 1535 non
3496 1481 3680 1551 utique
3715 1481 3773 1535 in

2183 1569 2528 1638 sequentibus
2556 1580 2770 1641 peccata
2795 1571 2961 1625 multa
2986 1571 3232 1638 dixisset,
3260 1588 3379 1644 qua:
3414 1588 3512 1644 per
3546 1574 3775 1645 gratiam

2182 1659 2400 1715 dimissa
2426 1669 2669 1716 testatur.

2255 1754 2389 1810 Anc.
2416 1754 2591 1823 Quare
2614 1771 2719 1810 non
2750 1755 2991 1823 dixisset,
3026 1756 3127 1811 nisi
3156 1756 3279 1827 quia
3320 1755 3423 1813 hoc
3449 1757 3640 1813 volunt
3671 1757 3782 1814 Pe-

2184 1844 2419 1915 lagiani?
2446 1844 2542 1901 sed
2583 1862 2687 1900 non
2716 1848 2830 1902 vult
2864 1847 3080 1913 veritas,
3127 1863 3229 1917 qua
3275 1847 3555 1919 Pelagiana
3583 1848 3778 1905 redar-

2186 1938 2365 2008 guitur
2387 1938 2614 2003 novitas,
2633 1946 2687 1993 et
2705 1939 2931 2011 vincitur
2951 1939 3177 1994 vanitas.
3201 1939 3360 1995 Multa
3386 1939 3530 1995 enim
3556 1939 3777 2002 delicta.

2186 2046 2253 2086 ex
2278 2031 2468 2102 quibus
2492 2032 2661 2103 gratia
2695 2031 2852 2086 mittit
2880 2032 2931 2086 in
2963 2032 3420 2102 justifieationem,
3465 2032 3624 2087 simul
3653 2048 3780 2087 cum

2189 2124 2279 2179 illo
2318 2139 2425 2179 uno
2452 2124 2616 2179 multa
2656 2132 2810 2190 sunt;
2844 2140 2911 2179 ex
2940 2140 3051 2195 quo
3074 2142 3177 2179 uno
3198 2124 3458 2194 judicium
3487 2126 3529 2193 ⁸,
3564 2125 3784 2181 etiamsi

2189 2214 2289 2269 alia
2308 2229 2412 2269 non
2439 2214 2719 2282 addantur,
2744 2215 2904 2270 mittit
2924 2216 2975 2270 in
2998 2216 3520 2272 condemnationem.
3540 2216 3630 2271 Sic
3649 2231 3784 2287 ergo

2190 2305 2358 2361 Adam
2388 2322 2549 2361 unum
2574 2306 2828 2363 delictum
2856 2308 3021 2377 potuit
3043 2308 3309 2379 generatis
3335 2309 3594 2375 inserere,
3623 2307 3786 2364 Chrio

2190 2407 2306 2452 stus
2352 2406 2531 2453 autem
2576 2400 2906 2469 regeneratis
2957 2401 3121 2455 multa
3162 2400 3473 2468 dimittere;
3525 2403 3782 2471 quoniam

2193 2489 2312 2559 plus
2341 2490 2442 2545 iste
2468 2489 2750 2560 profuisse,
2777 2507 2933 2561 quam
2965 2491 3052 2546 ille
3079 2492 3330 2548 nocuisse
3354 2501 3707 2549 monstratur.

2262 2580 2446 2636 CXlll.
2475 2580 2596 2637 Jun.
2626 2579 2694 2636 Et
2716 2583 2963 2653 quamvis
2995 2599 3111 2654 qua:
3138 2592 3256 2640 acta
3298 2595 3442 2652 sunt,
3486 2585 3555 2641 ad
3592 2586 3785 2643 defen—

2194 2672 2400 2727 sionem
2430 2670 2670 2728 veritatis
2695 2672 3023 2728 exuberent:
3055 2683 3229 2730 tamen
3255 2674 3322 2730 ad
3349 2690 3411 2731 ea
3451 2692 3570 2748 qua:
3598 2676 3783 2732 infcri-

2196 2779 2335 2832 mus,
2364 2773 2423 2819 ut
2448 2764 2517 2819 sit
2541 2764 2710 2819 lector
2734 2765 2987 2831 intentus,
3013 2765 3295 2821 admoneo.
3328 2765 3623 2837 Apparebit
3635 2768 3781 2822 enim

2198 2854 2610 2923 irrefntabiliter,
2641 2855 2770 2910 nihil
2799 2856 2851 2910 iu
2879 2855 2961 2911 his
2980 2857 3111 2912 locis
3135 2858 3433 2928 apostolum
3463 2859 3686 2914 Paulum
3715 2861 3785 2917 de

2198 2955 2405 3013 natura,
2434 2946 2529 3001 sed
2556 2945 2624 3001 de
2660 2949 3065 3003 conversatione
3103 2948 3408 3004 mortalium
3432 2949 3737 3019 disputasse
3763 2969 3778 3006 :

2199 3037 2305 3093 vim
2337 3053 2527 3107 nempe
2571 3038 2752 3109 gratiae
2777 3038 2979 3095 Christi
3005 3048 3060 3095 et
3095 3041 3295 3108 peccati
3324 3042 3480 3110 primi
3506 3057 3539 3097 e
3566 3044 3784 3112 regione

2198 3129 2545 3196 constituens,
2592 3145 3014 3200 comparansque
3050 3129 3269 3187 effectus
3294 3132 3604 3204 lutriusque,
3638 3131 3786 3189 labo—

2200 3223 2335 3276 ravit
2362 3221 2677 3287 ostendere,
2718 3224 2885 3294 magis
2918 3223 3112 3279 Christi
3155 3225 3420 3294 profuisse
3448 3227 3781 3297 mysterium,

2200 3327 2355 3382 quam
2385 3312 2539 3382 primi
2565 3312 2796 3368 hominis
2818 3316 3063 3370 nocuisse
3091 3326 3385 3385 peccatum.
3414 3317 3472 3373 ld
3494 3329 3667 3374 autem
3693 3319 3786 3374 do-

2201 3403 2408 3458 cuimus
2434 3403 2486 3457 in
2508 3418 2667 3458 sensu
2697 3403 2928 3459 traducis
2953 3420 3059 3460 nou
3087 3420 3245 3475 posse
3270 3416 3538 3463 constare.
3562 3407 3632 3464 Ut
3656 3424 3787 3479 ergo

2203 3495 2367 3548 multa
2393 3509 2511 3566 qua:
2531 3497 2882 3562 enumeravit,
2906 3497 2976 3552 ita
2997 3497 3100 3553 hoc
3126 3498 3462 3568 peculiariter
3484 3501 3551 3555 ad
3575 3501 3786 3558 laudem

2203 3585 2366 3639 voluit
2389 3586 2574 3656 gratia:
2602 3588 2893 3656 pertinere,
2918 3588 3061 3659 quod
3085 3589 3176 3656 ait,
3221 3589 3485 3644 Indicium
3508 3609 3574 3646 ea:
3608 3610 3708 3648 uno
3734 3598 3786 3649 in

2202 3675 2682 3743 condemnationem,
2716 3678 2880 3748 gratia
2919 3687 3088 3734 autem
3116 3696 3180 3735 ea:
3202 3682 3374 3736 multis
3392 3683 3590 3738 delictis
3622 3686 3673 3738 in
3688 3686 3787 3757 ju-

2203 3768 2553 3836 stiﬁcationem
2576 3770 2709 3825 vitta.
2740 3762 2892 3838 Quod
2923 3771 3026 3828 hoc
3054 3773 3215 3830 modo
3238 3775 3501 3831 naturalis
3515 3778 3641 3833 mali
3667 3776 3687 3810 ³
3708 3794 3791 3833 as-

2204 3867 2378 3912 sertor
2395 3858 2640 3928 exposuit
2665 3876 2680 3913 :
2708 3878 2727 3912 t
2755 3860 2902 3929 Ideo,
2933 3879 2951 3913 ι
2986 3862 3175 3932 inquit,
3206 3881 3226 3915 ι
3248 3880 3313 3918 ea:
3337 3881 3439 3919 uno
3465 3866 3518 3920 in
3545 3868 3789 3923 condem-

2205 3949 2472 4014 nationem,
2496 3950 2616 4020 quia
2628 3948 2902 4007 sufficiens
2915 3952 3137 4008 estillud
3153 3969 3314 4009 unum
3330 3965 3622 4024 peccatum,
3640 3957 3791 4027 quod

2205 4040 2532 4111 originalilet‘
2556 4040 2802 4108 trahitur,
2825 4043 2892 4099 ad
2919 4045 3414 4102 condemnationem
3439 4048 3656 4116 ducere,
3685 4051 3791 4106 sic-

2206 4139 2263 4184 ut
2304 4130 2450 4185 ducit
2494 4132 2776 4201 parvnlos,
2820 4135 2911 4204 qui
2959 4150 3027 4190 ex
3068 4137 3238 4191 Adam
3278 4146 3602 4206 nascuntur,
3644 4141 3691 4195 si
3732 4143 3789 4197 in

2204 4219 2417 4276 Christo
2442 4236 2545 4277 non
2588 4234 2963 4292 renascantur;
2995 4226 3201 4281 etiamsi
3237 4228 3337 4282 alia
3387 4240 3604 4299 peccata
3648 4233 3792 4290 nulla

2205 4310 2330 4365 sint.
2364 4309 2541 4365 Gratia
2562 4322 2727 4366 autem
2756 4329 2819 4368 ea:
2843 4315 3012 4369 multis
3035 4315 3230 4372 delictis
3266 4318 3319 4371 in
3334 4320 3791 4389 justiﬁcationcm;

2205 4401 2327 4471 quia
2352 4416 2459 4456 non
2485 4402 2655 4457 solum
2701 4402 2833 4458 illud
2862 4404 3099 4471 dimittit,
3136 4407 3279 4477 quod
3319 4410 3647 4479 originaliter
3685 4421 3791 4467 tra-

2207 4491 2369 4553 hitur,
2396 4490 2489 4546 sed
2513 4492 2672 4546 etiam
2698 4501 2889 4549 czetera
2909 4511 3028 4566 qua:
3047 4496 3114 4550 ab
3134 4513 3473 4570 unoquoque,
3501 4512 3648 4557 motu
3667 4517 3792 4572 pro-

2206 4581 2337 4650 priae
2360 4581 2644 4638 voluntatis
2662 4583 2928 4639 adduntur
2946 4602 2966 4637 ι
3008 4585 3107 4656 (De
3124 4585 3334 4659 Nuptiis
3358 4598 3403 4643 et
3417 4588 3788 4664 Concupiscet:-

2206 4673 2297 4739 tia,
2320 4671 2408 4726 tib.
2431 4672 2488 4739 2,
2518 4690 2572 4727 η.
2602 4673 2719 4743 46).
2749 4674 2888 4731 Ecce
2917 4676 3190 4746 professus
3213 4694 3271 4734 es
3297 4721 3313 4746 ,
3340 4680 3467 4735 licet
3518 4682 3790 4753 impietate

2204 4764 2490 4821 Manichaea
2513 4807 2529 4832 ,
2557 4780 2676 4822 esse
2711 4767 2923 4837 quidem
2962 4769 3203 4827 naturale
3246 4782 3544 4843 peccatum,
3587 4790 3792 4831 verum-
3832 4756 3836 4760 ’

2208 4865 2384 4912 tamen
2435 4871 2600 4912 unum
2626 4897 2644 4926 ,
2695 4857 2766 4914 ob
2803 4859 2945 4931 quod
2993 4861 3074 4917 ais
3120 4873 3402 4921 nascentes
3444 4865 3644 4923 debere
3687 4867 3785 4923 da-

2205 4951 2395 5005 mnari.

2275 5042 2411 5097 Anc.
2453 5040 2553 5110 Qui
2581 5041 2745 5106 dixit,
2780 5061 2799 5094 ι
2834 5042 3031 5101 Omnes
3061 5044 3161 5101 sub
3197 5054 3419 5118 peccato
3462 5050 3731 5105 nascimur
3759 5068 3783 5103 ι

2206 5133 2458 5204 (Ambros.
2491 5134 2579 5189 lib.
2613 5134 2650 5189 2
2692 5135 2755 5189 de
2797 5135 3005 5203 Pwnit.,
3038 5155 3152 5208 cap.
3178 5139 3214 5194 2
3239 5141 3318 5195 vel
3344 5140 3424 5214 '5),
3464 5142 3788 5199 Manicheus

2205 5238 2313 5279 non
2337 5233 2472 5279 erat.
2501 5224 2606 5280 Sed
2635 5239 2752 5292 vos,
2782 5228 3047 5295 restionde
3073 5229 3197 5300 quid
3226 5232 3363 5301 sitis,
3386 5233 3477 5304 qui
3507 5241 3585 5289 tot
3608 5233 3791 5305 imagi-

2205 5329 2302 5370 nes
2327 5315 2442 5383 Dei,
2470 5316 2586 5370 sine
2613 5316 2769 5371 ullius
2798 5318 3000 5386 peccati
3025 5321 3234 5387 merito,
3274 5324 3533 5392 separatis
3556 5339 3588 5379 a
3621 5337 3788 5394 regno

2206 5405 2321 5471 Dei,
2351 5407 2556 5477 negatis
2579 5406 2818 5463 damnari
2840 5408 3040 5479 judicio
3070 5412 3181 5478 Dei,
3211 5421 3268 5469 et
3290 5414 3461 5470 facitis
3484 5415 3785 5478 duasaetet~

2204 5511 2303 5554 nas
2321 5497 2620 5565 felicitates,
2647 5514 2805 5556 unam
2833 5518 2953 5572 qua:
2979 5504 3050 5559 sit
3089 5505 3143 5561 in
3188 5521 3358 5578 regno
3398 5507 3516 5577 Dei,
3561 5508 3785 5564 alteram

2258 5654 2285 5727 ,ί
2310 5653 2448 5715 editi,
2470 5666 2535 5706 ea:
2553 5664 2650 5718 quo
2670 5653 3087 5718 tummjudiciwn.
3109 5658 3431 5712 mentiantur
3455 5671 3487 5712 ι
3515 5658 3781 5711 αωωαῦ

2269 5751 2382 5831 rate
2400 5781 2507 5830 tlss.
2525 5777 2643 5830 aliti
2665 5790 2802 5843 vero,
