4062 6484
242 263 270 319 i
285 261 387 319 I89

235 473 399 525 citate
423 486 544 539 qua:
578 479 724 526 extra
764 470 855 524 Dei
888 485 1104 539 regnum
1133 468 1255 533 erit,
1305 470 1512 524 ullusue
1560 469 1821 540 regnabit,

1562 259 1762 316 LIBER
1802 261 2176 321 SECUNDUS.

237 394 359 449 quae
379 378 450 431 sit
469 388 618 432 extra
659 392 877 448 regnum
908 376 998 432 Dei
1025 393 1038 429 :
1071 376 1249 443 dicite,
1274 374 1516 443 obsecro,
1549 377 1602 431 In
1624 393 1686 431 ea
1718 375 1825 431 fcli-

3371 291 3504 351 H90

1930 379 2109 444 vulos,
2136 381 2328 451 quibus
2355 386 2555 443 nullum
2581 401 2852 460 peccatum
2882 396 3080 454 remitti
3108 414 3265 470 posse
3286 415 3503 462 conten.

1925 466 2218 525 ditis:nou
2255 482 2432 530 autem
2464 494 2593 547 nos,
2635 483 2725 551 qui
2773 500 2895 539 cum
2939 466 3162 546 dicimus
3201 507 3299 562 per
3339 511 3501 551 unum

235 578 302 616 an
329 559 539 615 nullus?
576 560 632 616 Si
674 560 867 625 nullus,
917 560 1133 615 Lberior
1163 561 1265 614 erit
1292 562 1473 632 procul
1517 561 1677 615 dubio
1706 559 1823 613 sine
1925 569 2231 626 peccantem
2273 565 2464 623 missos
2498 585 2684 627 omnes
2724 575 2775 628 in
2809 578 3342 650 condemnationem,
3388 590 3499 643 uul-

232 655 342 709 ullo
374 668 496 723 rege
519 652 605 707 illa
635 651 860 708 felicitas
897 669 910 706 :
951 654 995 707 si
1026 669 1151 708 vero
1175 654 1314 709 nllus
1358 654 1411 708 in
1455 669 1518 710 ea
1557 652 1815 722 regnabit,

229 747 353 817 quis
379 748 480 800 erit
501 760 596 801 rex
622 743 909 814 imaginum
935 746 1049 813 Dei,
1081 746 1169 816 qui
1197 763 1301 800 non
1332 747 1434 801 erit
1459 747 1630 800 Deus?
1652 745 1818 799 Porro

225 840 272 890 si
310 837 444 891 deus
484 835 608 900 erit,
639 850 738 890 vos
786 835 1119 891 iutroducitis
1143 839 1367 893 alterum
1395 838 1588 902 deum;
1633 843 1688 891 et
1730 852 1816 891 me

225 927 407 982 dicitis
431 924 815 981 Manichzcum?
853 926 1005 991 Quod
1044 928 1088 982 si
1130 928 1270 983 Deus
1296 929 1408 998 ipse
1445 927 1514 981 ibi
1548 926 1809 997 regnabit,

224 1017 382 1086 cujus
430 1016 537 1071 illae
582 1015 845 1086 imagines
872 1026 1024 1081 sunt;
1060 1017 1221 1072 etiam
1256 1019 1381 1086 ipsa:
1412 1018 1672 1089 imagines
1697 1018 1812 1087 ejus

225 1107 282 1162 in
308 1108 419 1162 vr-ri
457 1107 548 1161 Dei
570 1106 649 1161 sui
679 1122 844 1176 regno
870 1109 887 1139 ί
927 1106 1109 1162 felices
1147 1117 1326 1163 erunt.
1382 1109 1449 1162 Et
1498 1108 1586 1163 ubi
1622 1109 1723 1163 erit
1764 1110 1806 1171 ¹,

226 1198 349 1255 Nisi
377 1201 491 1271 quis
513 1208 719 1254 renatus
742 1200 893 1271 fuerit
921 1216 985 1254 ea:
1008 1217 1138 1269 aqua
1175 1210 1221 1254 et
1257 1200 1476 1271 Spiritu,
1520 1218 1621 1257 non
1651 1211 1810 1272 potest

223 1291 441 1345 introire
468 1292 521 1345 in
561 1306 768 1360 regnum
806 1289 901 1344 Dei
931 1289 1108 1360 (Jaan.
1139 1307 1217 1359 ιιι,
1248 1290 1331 1365 5)?
1358 1293 1439 1347 An
1472 1292 1682 1348 tandem
1711 1293 1810 1348 ali-

222 1380 441 1450 quando
469 1390 614 1435 extra
641 1395 861 1451 regunm
903 1381 994 1436 Dei
1025 1382 1077 1436 in
1110 1381 1289 1437 felices
1308 1382 1533 1439 'futuros
1566 1382 1805 1439 fatemini

217 1472 475 1540 parvulos
503 1487 609 1527 non
647 1473 892 1528 renatos?
935 1474 1103 1529 Dicite
1141 1490 1270 1547 ergo
1300 1476 1455 1546 hujus
1481 1474 1803 1533 infelicitatis

214 1561 494 1627 meritum,
525 1562 737 1618 verbosi
761 1571 816 1620 et
840 1566 1181 1633 contentiosi,
1202 1568 1293 1637 qui
1320 1568 1524 1639 negatis
1542 1569 1802 1640 originale

211 1662 519 1724 peccatum.

284 1744 470 1800 CXIV.
509 1744 630 1801 ἔω..
671 1745 842 1801 Proba
869 1761 1033 1818 ergo,
1076 1749 1178 1805 hoc
1218 1748 1270 1803 in
1295 1749 1405 1814 eis,
1436 1750 1577 1820 quod
1612 1753 1798 1823 gratiae

206 1833 409 1890 Christi
435 1835 711 1907 apostolus
738 1836 933 1891 Paulus
959 1838 1260 1909 adscripsit,
1290 1840 1520 1911 impleri,
1546 1844 1798 1901 videlicet

209 1934 271 1982 ut
294 1941 361 1980 cx
389 1926 575 1981 multis
599 1925 805 1981 delictis
837 1926 1269 1996 justifieationem
1300 1940 1568 2001 operetur,
1602 1932 1657 1989 id
1689 1944 1790 1999 est,

208 2026 269 2071 ut
308 2016 565 2087 justitiam
606 2024 944 2086 peccatorum
990 2018 1219 2088 plurium
1262 2036 1366 2076 una
1411 2024 1578 2079 semel
1615 2028 1796 2083 remis-

206 2110 363 2163 sione
386 2108 692 2164 contribuat
720 2126 734 2163 :
767 2118 859 2164 aut
892 2125 1020 2182 ergo
1046 2111 1181 2168 doce
1214 2115 1460 2183 parvulos
1488 2117 1671 2173 multis
1699 2121 1795 2175 ob-

205 2200 397 2255 noxios
415 2214 539 2255 esse
557 2200 886 2265 criminibus,
909 2210 966 2256 ut
984 2202 1064 2257 eis
1081 2218 1292 2275 quoque
1316 2205 1446 2261 illud
1472 2208 1793 2277 persuadeas

200 2290 516 2356 convenire,
546 2291 600 2345 in
635 2306 741 2361 quo
764 2291 973 2348 laudem
1007 2296 1384 2352 munificentia:
1419 2298 1619 2355 Christi
1647 2302 1792 2372 Apo-

199 2381 375 2437 stolas
397 2382 700 2450 collocavit,
732 2392 791 2438 ut
822 2399 889 2439 ex
927 2386 1113 2442 multis
1147 2402 1243 2444 eos
1279 2400 1489 2447 constet
1534 2391 1791 2451 liberatos

201 2488 325 2529 esse
368 2474 635 2544 peccatis;
686 2483 780 2529 aut
820 2477 1114 2544 confitere,
1163 2478 1384 2536 Paulum
1428 2483 1560 2539 nihil
1604 2484 1659 2540 in
1702 2485 1788 2543 his

201 2561 340 2618 locis
375 2563 446 2618 de
486 2563 739 2633 parvulis,
785 2565 916 2620 nihil
944 2567 1011 2623 de
1048 2567 1325 2626 hominum
1354 2571 1653 2643 disputasse
1694 2592 1788 2631 na-

203 2662 349 2720 tura,
393 2652 606 2722 quando
647 2668 708 2708 ea
748 2653 943 2710 dimitti
981 2659 1164 2728 gratiae
1202 2659 1518 2718 liberalitate
1562 2661 1809 2723 testatus

197 2751 305 2808 est,
332 2758 452 2813 qua:
477 2751 526 2798 te
546 2756 754 2815 quoque
777 2757 1049 2804 annuente
1076 2761 1350 2820 nequeunt
1372 2753 1423 2808 in
1446 2757 1785 2815 nascentibus

196 2832 449 2890 inveniri.

266 2925 405 2982 Aac.
432 2924 570 2993 Quid
587 2935 670 2982 est
687 2927 828 2998 quod
848 2928 1083 3000 loqueris
1097 2929 1139 2999 ³,
1161 2924 1288 3003 quid
1307 2944 1388 2990 est
1408 2935 1549 3006 quod
1572 2937 1666 2995 tibi
1682 2939 1783 2997 oh-

192 3016 388 3086 strepit
410 3017 784 3088 loquacissima
810 3024 1033 3090 vanitas,
1064 3039 1133 3080 ne
1175 3027 1336 3083 intret
1371 3028 1427 3084 in
1468 3044 1627 3088 aures
1662 3043 1784 3092 tuas

190 3108 628 3166 manifestissima
654 3113 889 3169 veritas?
931 3115 1124 3188 Utique
1153 3117 1328 3186 Jesus,
1359 3123 1450 3192 qui
1492 3139 1559 3180 ex
1598 3127 1782 3187 multis

193 3200 409 3258 delictis
430 3204 636 3259 salvum
667 3204 796 3261 facit
819 3208 1071 3278 populum
1091 3224 1268 3277 suum,
1294 3228 1403 3268 non
1427 3218 1783 3286 praetermittit

194 3293 357 3349 etiam
385 3295 664 3366 originalia
703 3297 912 3369 singula
947 3301 1316 3371 parvulorum;
1347 3306 1469 3377 quia
1498 3307 1553 3363 in
1577 3309 1780 3367 eisdem

194 3384 382 3440 multis
401 3394 456 3441 et
475 3387 588 3455 ipsa
612 3395 756 3442 sunt.

270 3471 435 3530 CXV.
463 3474 585 3532 ιω..
613 3476 808 3547 Gratia,
830 3479 1021 3551 inquit,
1052 3498 1114 3538 ea:
1142 3484 1313 3540 multis
1332 3485 1529 3544 delictis
1550 3489 1605 3544 in
1621 3493 1780 3562 justi-

196 3566 509 3636 ﬁcationem.
546 3569 624 3624 Tu
654 3572 897 3641 parvulos
919 3589 1026 3630 non
1057 3576 1175 3646 plus
1208 3594 1367 3648 quam
1398 3583 1487 3637 uni
1522 3584 1781 3642 obnoxios

196 3656 338 3713 dicis
363 3673 485 3715 esse
504 3669 742 3730 peccato.
768 3663 927 3721 Vides
950 3681 1079 3738 ergo
1104 3669 1156 3723 in
1184 3684 1372 3726 eorum
1397 3688 1629 3744 persona
1667 3677 1782 3734 lau-

195 3747 322 3803 dem
362 3750 549 3820 gratiae
577 3751 959 3811 claudicautem
978 3756 1022 3823 ὀς
1069 3759 1192 3829 quia
1234 3776 1341 3816 non
1381 3764 1583 3821 invenit
1614 3769 1780 3826 multa

192 3850 415 3910 peccata
442 3882 460 3909 ,
507 3857 732 3913 quorum
782 3846 1100 3905 remissione
1146 3851 1408 3910 laudetur.
1452 3857 1603 3923 Quod
1652 3859 1782 3916 dixit

191 3931 370 4003 itaque
387 3934 664 4003 apostolus
688 3934 906 4005 Paulus,
926 3936 1105 3995 Gratia
1129 3951 1297 3998 autem
1319 3961 1383 4000 ea:
1400 3948 1570 4003 multis
1588 3947 1782 4006 delictis

189 4024 246 4080 in
283 4027 741 4098 justiﬁcationem,
781 4028 1123 4088 falsissimum
1165 4049 1287 4091 esse
1332 4037 1384 4092 in
1437 4040 1778 4109 parvulorum

190 4123 334 4170 statu
361 4115 624 4186 proditur.
653 4117 772 4186 Quo
795 4117 922 4175 hinc
945 4130 997 4176 tu
1023 4121 1181 4192 igitur
1207 4127 1486 4185 conaberis
1509 4130 1722 4188 exsilire
1735 4132 1782 4189 ‘2

192 4204 391 4259 Procul
431 4205 595 4261 dubio
634 4206 874 4277 dicturus
905 4224 966 4265 es
1007 4211 1190 4283 (hunc
1216 4216 1358 4271 enim
1384 4232 1602 4276 sensum
1635 4230 1781 4278 tuum

193 4295 444 4366 superior
466 4311 645 4352 sermo
669 4298 982 4371 patefecit),
1018 4300 1121 4358 hoc
1165 4305 1305 4375 quod
1343 4309 1419 4363 ait
1455 4310 1778 4382 Apostolus,

196 4386 381 4441 Gratia
404 4396 571 4442 autent
590 4404 654 4442 ea:
676 4391 844 4446 multis
868 4391 1063 4449 delictis
1085 4396 1139 4450 in
1157 4397 1574 4468 justiﬁeationem
1597 4421 1615 4466 ;
1640 4405 1778 4474 apud

195 4477 449 4534 homines
473 4478 723 4548 perfecta:
749 4484 920 4538 aetatis
960 4483 1171 4555 impleri
1195 4528 1212 4555 ,
1244 4489 1335 4561 qui
1363 4492 1546 4548 multis
1572 4492 1783 4552 delictis

194 4583 297 4638 per
322 4576 527 4623 motum
555 4570 784 4641 propriae
815 4574 1098 4632 voluntatis
1123 4580 1513 4639 convincantur
1538 4584 1778 4657 obnoxii,

194 4659 250 4714 in
282 4659 521 4730 parvulis
546 4670 725 4717 autem
754 4679 862 4721 non
889 4681 956 4722 ex
983 4670 1184 4739 multis,
1208 4671 1305 4728 sed
1345 4688 1411 4728 ex
1442 4689 1549 4731 uno
1585 4675 1782 4736 delicto

199 4750 312 4807 ﬁeri
333 4752 800 4821 justiﬁcationem.

264 4843 403 4898 Anc.
430 4841 547 4899 Non
586 4854 704 4900 erat
730 4860 979 4917 magnum
1006 4859 1063 4905 ut
1091 4851 1417 4925 intelligeres
1442 4857 1510 4913 ab
1552 4858 1655 4917 hac
1691 4861 1781 4932 ju~

201 4930 555 5003 stilicatione,
582 4950 743 5005 quam
773 4936 1017 4996 Salvator
1054 4957 1121 4997 ex
1151 4944 1435 5002 multorum
1465 4930 1779 5007 delictorum

205 5021 518 5081 dimissione
552 5026 667 5083 suis
693 5027 934 5098 confert,
963 5046 1062 5088 vos
1089 5036 1266 5103 potius
1303 5036 1620 5096 subtrahere
1660 5056 1783 5112 par.

743 5188 849 5252 ei“
878 5188 983 5243 δίηθ
1012 5190 1104 5244 Dei
1143 5193 1221 5246 δαί
1256 5208 1403 5262 regno
1429 5209 1449 5249 ε
1480 5206 1705 5263 compte
1726 5214 1784 5253 ac

196 5241 605 5296 dissentientibus
624 5256 728 5299 Ias.

261 5305 298 5384 λ
306 5303 625 5384 φρεατιῡὶ
642 5310 734 5362 erit
753 5314 1028 5384 epattgelica
1047 5329 1158 5378 vox,
1178 5318 1298 5381 Nisi,
1337 5326 1431 5371 etc.
1457 5322 1622 5384 Abest,
1642 5336 1784 5374 ευαη-

166 5362 358 5437 ’ρεζὶξᾳ
380 5362 492 5437 φάε,
516 5381 544 5418 a
564 5362 914 5437 manusdiptii

228 5428 458 5539 ἰειέπειιιει
489 5432 647 5483 codex
681 5428 840 5497 vorti,
881 5437 1141 5503 Quid'est,
1186 5446 1303 5508 quid
1342 5450 1412 5496 est
1449 5445 1577 5511 quod
1619 5443 1782 5511 loque-

190 5499 279 5617 mf
525 5553 661 5617 aditi,
687 5555 987 5612 claudicare.

186 5612 374 5734 “tesi;
409 5621 519 5667 uss.
546 5624 604 5669 At
625 5612 776 5680 editi.
815 5622 941 5684 Quid
982 5623 1096 5679 hinc
1118 5632 1170 5677 tu
1189 5625 1339 5692 igitur
1373 5628 1619 5687 conaberis
1651 5632 1784 5685 exci-

1921 647 2025 701 lam
2047 650 2339 720 excipimus
2366 665 2609 726 :ctatem;
2636 664 2758 733 quia
2790 666 2889 722 hoc
2916 668 3168 728 delictum
3193 647 3354 743 etiam
3385 693 3500 734 ma-

1913 736 2051 806 joris
2079 742 2252 797 aetatis
2286 744 2531 802 homines
2577 750 2772 809 habent
2799 773 2811 809 τ
2844 757 3075 830 itemque
3106 778 3227 819 cum
3271 736 3498 824 dicimus

1918 844 1984 884 cx
2008 832 2190 888 multis
2224 833 2432 892 delictis
2451 839 2746 908 justilicare
2773 850 2998 917 gratiam
3018 892 3033 915 ,
3074 854 3270 910 nullam
3302 859 3495 913 nihilo-

1916 920 2092 979 minus
2133 926 2428 996 excipimus
2466 939 2715 1000 :etatem;
2750 940 2999 1007 quoniam
3039 944 3129 1013 qui
3162 947 3330 1001 multa
3375 964 3495 1018 pec-

1913 1022 2029 1069 cata
2055 1015 2305 1089 dimittit(
2320 1035 2425 1089 quo
2449 1024 2735 1080 multorum
2763 1031 2979 1087 nomine
3002 1034 3184 1105 utique
3208 1015 3388 1094 omnia
3407 1042 3493 1095 in-

1914 1106 2251 1180 tellignntur)
2275 1150 2291 1174 ,
2323 1112 2559 1181 profecto
2583 1117 2686 1172 ulla
2712 1134 2816 1173 non
2845 1126 3227 1193 praetermittit,
3257 1128 3359 1185 hoc
3378 1140 3490 1199 est,

1911 1213 2011 1255 nec
2041 1202 2391 1268 pessimorum
2422 1205 2569 1275 plura
2590 1248 2606 1270 ,
2634 1223 2734 1264 nec
2755 1211 3052 1282 aliquorum
3084 1220 3364 1288 pauciora,
3392 1237 3491 1278 nec

1909 1289 2116 1361 singula
2157 1294 2515 1363 parvulorum.
2546 1297 2658 1353 Hoc
2685 1315 2814 1370 ergo
2844 1313 2900 1358 ut
2923 1306 3206 1377 videretis,
3235 1326 3338 1366 non
3376 1323 3490 1369 erat

1907 1396 2193 1452 maguum,
2248 1386 2350 1441 nisi
2395 1388 2703 1446 invideretis
2751 1396 2985 1465 parvulis
3028 1400 3292 1457 medicum
3331 1402 3487 1459 Chri-

1905 1482 2043 1529 stum
2061 1515 2077 1539 ,
2107 1490 2336 1547 eumque
2361 1478 2466 1534 illis
2492 1479 2674 1536 Jestuu
2694 1498 2915 1554 prorsus
2941 1501 3061 1543 esse
3085 1490 3299 1547 nolletis
3317 1532 3333 1560 ,
3361 1492 3489 1550 hor-

1903 1567 2068 1623 renda
2106 1567 2406 1639 impietate,
2438 1572 2571 1627 mira
2600 1576 2912 1645 catcitate‘,
2955 1579 3265 1651 blasphema
3300 1585 3486 1656 loqua-

1900 1657 2079 1717 citate.
2111 1659 2247 1728 Quid
2272 1672 2354 1718 est
2381 1672 2557 1720 autem
2584 1666 3044 1741 insanins,quam
3082 1674 3223 1730 velle
3256 1677 3485 1747 gratiam

1900 1746 2097 1804 Christi
2121 1750 2190 1805 ad
2221 1765 2318 1807 eos
2343 1755 2711 1810 tantummodo
2755 1759 3052 1829 pertinere,
3098 1746 3323 1834 quorum
3360 1775 3483 1823 sunt

1899 1839 2064 1895 multa
2102 1842 2355 1910 peccata?
2381 1844 2492 1900 Hac
2513 1847 2708 1918 quippe
2734 1848 2972 1919 ratione,
3006 1854 3087 1908 vel
3122 1856 3296 1923 petius
3321 1872 3478 1914 men-

1899 1930 1968 1985 tis
2006 1934 2398 2002 exctecatione,
2450 1950 2554 1991 non
2595 1938 2741 1994 solos
2785 1938 2911 1996 huic
2957 1944 3142 2013 gratiae
3188 1946 3481 2005 subducitis

1897 2023 2163 2091 parvulos,
2190 2040 2325 2095 quos
2352 2027 2553 2082 nullum
2579 2043 2645 2083 ex
2670 2029 2873 2101 origine
2897 2045 3102 2089 reatum
3129 2038 3342 2095 trahere
3359 2040 3482 2096 exi-

1895 2113 2121 2170 stimatis
2143 2156 2158 2180 ,
2185 2116 2279 2172 sed
2309 2133 2498 2174 omnes
2533 2121 2751 2176 omnino
2792 2123 2881 2193 qui
2923 2126 3088 2181 multa
3114 2139 3327 2196 peccata
3367 2147 3477 2189 non

1896 2201 2401 2277 habentzquoniam
2442 2211 2520 2265 sic
2547 2213 2741 2281 putatis
2779 2214 3173 2287 intelligendum
3217 2223 3358 2291 quod
3396 2225 3476 2280 ait

1893 2293 2201 2363 Apostolus,
2227 2296 2405 2352 Gratia
2432 2310 2600 2355 autem
2625 2318 2689 2357 ex
2714 2305 2885 2359 multis
2904 2306 3102 2363 delictis
3136 2310 3190 2365 in
3208 2306 3473 2383 justi/ica-

1893 2383 2077 2439 tionem
2103 2385 2277 2457 (Rom.
2305 2404 2360 2452 v,
2388 2388 2478 2461 l6)
2502 2431 2518 2457 ,
2549 2399 2607 2446 ut
2637 2392 2703 2447 ad
2732 2394 2886 2450 istam
2912 2400 3135 2468 gratiam
3167 2417 3327 2457 nemo
3348 2420 3474 2474 per-

1892 2474 2089 2543 tineat,
2123 2478 2223 2533 nisi
2253 2480 2339 2535 cui
2366 2480 2584 2536 dimittit
2609 2485 2773 2539 multa
2808 2498 3044 2556 peccata.
3073 2492 3154 2546 Ac
3195 2507 3293 2561 per
3337 2493 3469 2561 hoc,

1889 2567 2142 2635 quoniam
2171 2569 2372 2625 nullum
2402 2582 2709 2642 peccatum,
2743 2576 2880 2631 sicut
2912 2579 3233 2647 epinamiui,
3275 2599 3469 2653 parvu-

1888 2654 1975 2710 lus
2019 2657 2207 2726 habet,
2260 2659 2499 2729 profecto
2540 2678 2662 2717 cum
2704 2667 2970 2733 creverit,
3001 2677 3058 2724 et
3102 2685 3323 2740 peccare
3357 2674 3471 2743 jam

1886 2749 2110 2817 cmperit
2133 2788 2150 2816 ,
2188 2764 2293 2805 non
2328 2750 2450 2806 dico
2478 2753 2525 2807 si
2573 2767 2741 2823 pauca
2785 2767 3032 2825 peccata,
3063 2759 3158 2815 sed
3199 2762 3243 2816 si
3292 2763 3470 2820 adhuc

1886 2855 2049 2895 unum
2079 2839 2217 2898 forte
2236 2844 2566 2900 commiserit
2583 2887 2597 2910 ,
2625 2854 2680 2902 et
2700 2847 2768 2903 ad
2796 2849 2993 2906 Christi
3021 2852 3352 2922 Baptismum
3378 2872 3472 2913 ve-

1886 2933 2060 3001 nerit,
2094 2926 2238 2988 nullo
2264 2935 2424 2990 modo
2454 2936 2522 2991 ad
2549 2938 2708 2993 istam
2745 2942 2969 3009 gratiam
2998 2946 3313 3013 pertinebit;
3340 2950 3465 3018 quia

1885 3029 1991 3070 non
2016 3030 2081 3070 ex
2109 3016 2293 3071 multis
2317 3017 2524 3074 delictis
2551 3020 2603 3075 in
2625 3021 3063 3091 justificationcm
3095 3028 3340 3096 mittitur,
3358 3016 3468 3087 sed

1884 3120 1951 3162 ex
1985 3120 2108 3160 uno.
2152 3106 2293 3163 Puto
2322 3109 2465 3178 quod
2495 3126 2598 3164 nou
2628 3127 2796 3181 usque
2841 3113 2976 3169 adeo
3019 3118 3197 3173 cordis
3234 3121 3288 3174 in
3318 3123 3472 3178 vobis

1884 3197 2136 3266 prtevalet
2160 3197 2427 3264 surditas,
2457 3207 2518 3256 ut
2562 3216 2657 3256 vos
2691 3202 2806 3258 hate
2833 3211 2976 3259 tanta
3002 3208 3320 3266 erubescere
3356 3225 3466 3268 non

1882 3289 2165 3358 compellat
2210 3289 2534 3347 absurditas.
2581 3293 2784 3360 Porro,
2833 3296 2879 3350 si
2928 3298 3159 3367 pertinet
3198 3302 3267 3356 ad
3311 3302 3467 3359 istam

1882 3379 2104 3450 gratiam
2129 3381 2290 3435 etiam
2321 3382 2404 3436 cui
2437 3399 2597 3437 unum
2630 3395 2906 3455 peccatum
2945 3387 3239 3458 dimiserit;
3270 3393 3349 3448 sic
3377 3394 3467 3449 di-

1881 3469 1961 3524 xit
1979 3470 2266 3540 Apostolus
2285 3510 2301 3537 ,
2330 3469 2507 3525 Gratia
2532 3489 2594 3526 ex
2620 3474 2792 3528 multis
2816 3475 3013 3530 delictis
3051 3479 3104 3532 in
3131 3481 3466 3558 justi/icatio-

1882 3577 2028 3626 nem,
2057 3570 2115 3616 ut
2145 3563 2306 3618 totius
2332 3563 2512 3634 populi
2541 3575 2758 3635 peccata
2793 3568 3050 3635 voluerit,
3080 3573 3168 3640 qui
3200 3588 3294 3642 per
3317 3575 3464 3631 illam

1877 3650 2230 3721 justificatur,
2280 3654 2536 3725 intelligi,
2579 3655 2698 3710 aliis
2748 3656 2859 3712 illic
2908 3658 3227 3717 habentibus
3275 3664 3462 3733 plura,

1881 3742 2001 3797 aliis
2021 3743 2267 3812 pauciora
2286 3782 2303 3809 ,
2333 3743 2453 3799 aliis
2478 3745 2638 3800 etiam
2663 3745 2867 3815 singula
2890 3788 2907 3814 ,
2936 3765 3055 3819 qua:
3086 3752 3266 3822 utique
3293 3754 3463 3813 multa

1883 3842 2008 3888 sunt
2036 3833 2234 3888 omnia.
2608 3907 2619 3914 _

1954 3923 2138 3981 CXVI.
2172 3924 2294 3980 Jun.
2335 3924 2533 3982 Verum
2577 3926 2667 3982 tali
2714 3929 3078 4000 expositione,
3119 3948 3221 4003 qua
3251 3935 3465 4006 quidem

1884 4032 1983 4073 nec
2011 4026 2315 4089 pervertere
2333 4032 2548 4074 sensum
2575 4020 2599 4051 ⁸
2624 4060 2641 4086 ,
2672 4034 2771 4076 nec
2799 4020 3086 4093 subfugere
3108 4026 3310 4082 valebis
3328 4067 3343 4091 ,
3385 4037 3469 4082 ta-

1882 4125 2006 4167 men
2048 4124 2152 4164 non
2182 4110 2353 4164 solum
2398 4110 2688 4182 praestigias
2725 4120 2876 4178 tuas,
2927 4113 3023 4169 sed
3069 4115 3232 4172 etiam
3274 4118 3462 4188 illius,

1883 4215 2041 4270 quam
2071 4201 2123 4254 in
2150 4214 2248 4254 uos
2272 4199 2640 4257 iullammahas
2663 4242 2680 4269 ,
2709 4201 3019 4272 figmentum
3045 4205 3256 4262 invidia:
3288 4209 3467 4278 perdi-

1884 4289 2027 4345 disti.
2067 4288 2310 4346 Graviter
2334 4291 2531 4362 quippe
2561 4307 2660 4348 nos
2682 4293 2736 4348 in
2756 4292 2914 4349 fidem
2945 4298 3275 4354 commisisse
3291 4299 3465 4370 jacta~

1884 4379 2007 4448 bas,
2039 4381 2128 4451 qui
2153 4382 2379 4437 dicimus
2403 4384 2625 4454 gratiam
2656 4385 2869 4455 quidem
2900 4386 3097 4443 Christi
3130 4389 3469 4447 uniformiter
3498 4430 3505 4441 .

1884 4488 2002 4530 esse
2047 4474 2385 4543 tradendam,
2432 4491 2533 4531 nec
2568 4476 2767 4532 debere
2808 4478 2968 4534 verba
2996 4480 3112 4549 ejus
3139 4491 3192 4536 et
3225 4482 3466 4541 instituta

1883 4566 2128 4633 concuti;
2160 4566 2254 4622 sed
2283 4568 2560 4638 :equaliter
2597 4570 2802 4625 cunctis
2827 4587 2857 4625 a
2888 4586 2947 4626 se
2973 4572 3190 4628 imbutis
3214 4574 3465 4645 adoptio-

1883 4658 1968 4713 nis
1994 4667 2045 4714 el
2072 4659 2507 4717 sanctiﬁcationis
2545 4670 2598 4715 et
2632 4664 2981 4731 promotionis
3008 4664 3145 4719 dona
3170 4667 3417 4723 conferre
3444 4685 3466 4725 :

1882 4764 2069 4804 verum
2098 4763 2204 4804 non
2230 4763 2417 4805 omnes
2441 4750 2757 4807 accedentes
2785 4752 2841 4807 in
2866 4752 2984 4808 unis
3001 4753 3022 4785 ³
3048 4756 3286 4811 reatihus
3313 4757 3467 4815 inve-

1884 4841 2038 4906 nire;
2066 4840 2159 4896 sed
2186 4856 2281 4897 eos
2303 4824 2516 4913 quidem
2546 4843 2638 4914 qui
2666 4845 2879 4915 propria
2908 4845 3182 4904 voluntate
3210 4865 3467 4919 peccave~

1883 4932 2028 4997 rint,
2061 4932 2180 4987 sine
2213 4932 2365 5003 cujus
2393 4948 2555 5005 opere
2579 4934 2781 4990 nullum
2814 4944 2988 5006 potest
3006 4952 3126 4993 esse
3149 4952 3424 5009 peccatum
3447 4984 3467 5009 ,

1886 5024 2114 5080 liberare
2154 5024 2224 5080 de
2252 5033 2436 5095 reatu,
2481 5036 2538 5083 et
2563 5027 2631 5083 de
2669 5027 2827 5082 malis
2853 5026 3028 5084 facere
3052 5028 3256 5098 honos;
3307 5034 3466 5089 inno-

1884 5128 2065 5172 centes
2089 5127 2267 5173 autem
2297 5118 2526 5175 infucata
2562 5121 2913 5190 primrevitate
2941 5122 3124 5179 felices
3147 5166 3164 5191 ,
3192 5140 3289 5194 pro
3316 5128 3467 5181 nullo

1884 5224 2061 5280 aperte
2085 5210 2238 5265 malae
2262 5211 2550 5267 voluntatis
2572 5226 2795 5283 arguere
2812 5252 2828 5278 ,
2855 5212 3009 5284 cujus
3028 5213 3169 5286 apud
3196 5230 3290 5271 eos
3315 5219 3467 5272 novit

1946 5324 2123 5399 testi,
2145 5312 2486 5399 ίηεεωὲέεαιεν
2506 5325 2760 5399 ωεξοάρθθ·
2903 5388 2914 5399 .
3232 5387 3243 5399 .

1947 5388 1968 5418 ¹
1985 5386 2106 5462 miti
2150 5386 2479 5462 renitentibus
2513 5388 2768 5462 veteribus
2783 5386 2961 5462 ‘lihris,
2994 5400 3139 5462 quam
3160 5387 3363 5462 quidem
3376 5400 3464 5440 nec

1883 5453 2186 5522 Wtere;
2222 5450 2669 5522 omissomsensum.
2706 5448 2799 5499 Sed
2828 5447 3045 5522 Julianus
3069 5449 3133 5521 de
3157 5447 3464 5522 expositione

1883 5508 1998 5559 dicit
2018 5508 2257 5577 allataex
2273 5509 2562 5577 Augustine,
2606 5523 2752 5577 quam
2772 5518 3062 5574 pervertere
3099 5511 3205 5573 ipse
3224 5508 3423 5577 molitur
3447 5523 3463 5561 :

1886 5584 2041 5642 perge
2055 5571 2178 5642 hinc
2200 5571 2260 5641 ad
2280 5571 2417 5642 capp.
2443 5572 2532 5621 118
2555 5578 2607 5621 et
2624 5571 2736 5642 119.

1886 5633 2122 5742 mit-idin
2143 5666 2159 5684 .
2205 5633 2258 5683 in
2298 5633 2483 5695 unius;
2535 5640 2701 5684 contra
2757 5639 2981 5684 veterum
3033 5633 3465 5696 mnuscriptorum

1906 5712 1918 5742 ι
1954 5708 2051 5742 em.

1906 5708 2051 5749 idem.
