4062 6500
283 364 426 422 H95

279 482 606 550 Salvatoris,
651 487 710 538 ut
743 481 812 538 de
848 486 1113 554 potestate
1149 479 1450 552 deeeptoris
1478 493 1757 540 eruantur.

347 573 537 628 CXXI.
564 572 681 628 Jun.
720 572 834 644 Ego
871 574 1014 629 enim
1052 573 1154 629 hoc
1197 583 1482 632 contentus
1521 591 1672 642 sum,
1725 574 1869 646 quod

274 665 406 721 mihi
448 680 508 720 es
549 675 606 720 tu
653 665 781 721 dare
818 667 1162 735 compulsus,
1210 667 1333 738 quia
1377 669 1519 738 quod
1563 667 1870 738 praedicavit

272 757 564 826 Apostolus
609 756 663 811 in
710 757 1028 813 liberalitate
1054 759 1272 828 gratiae,
1314 775 1421 815 non
1465 760 1632 830 possit
1658 760 1866 817 cunctis

271 848 551 918 aequaliter
593 848 840 904 aetatibus
883 850 1172 906 convenire
1203 869 1216 905 :
1249 859 1306 906 tu
1342 853 1388 907 si
1432 851 1557 922 quid
1587 852 1863 923 attuleris,

269 940 413 1011 quod
452 941 471 972 ί
507 947 566 995 et
610 940 663 994 in
709 940 881 1010 prima
923 943 1255 997 nascentium
1297 950 1453 998 aetate
1491 943 1865 1000 remissionem

268 1031 563 1088 confirmes
617 1032 872 1102 exsequi;
927 1031 1056 1087 illud
1103 1041 1283 1088 tamen
1330 1047 1436 1087 non
1478 1032 1758 1089 admovistl
1804 1037 1859 1102 ²,

267 1123 392 1192 quia
447 1136 556 1178 non
587 1113 932 1192 compleatur
977 1122 1034 1178 in
1098 1122 1331 1192 parvulis
1377 1123 1520 1179 unde
1573 1125 1864 1195 Apostolus

266 1211 499 1283 gratiam
535 1211 732 1269 Christi
779 1213 1142 1282 pronuntiavit
1181 1227 1303 1269 esse
1346 1213 1685 1272 laudabilem.
1728 1215 1860 1273 Nam

266 1321 396 1363 cum
449 1307 762 1363 medicinam
815 1307 1088 1377 mysterii,
1139 1317 1358 1377 peccato
1405 1308 1561 1378 primi
1597 1309 1858 1380 hominis,

266 1413 430 1468 quem
469 1399 690 1452 formam
713 1397 734 1430 ³
759 1395 925 1453 fuisse
965 1397 1225 1464 docebat,
1252 1399 1596 1469 sequentibus
1624 1400 1858 1456 antefer-

263 1496 382 1555 ret,
406 1487 516 1553 ait,
542 1487 806 1542 Iudicium
824 1496 894 1543 "ea:
921 1505 1024 1544 uno
1040 1481 1234 1543 delicto
1262 1489 1315 1544 in
1347 1491 1816 1547 condemnationem
1839 1534 1854 1559 ,

258 1579 430 1650 gratia
485 1588 657 1634 autem
714 1596 778 1635 ea:
827 1581 1001 1635 multis
1057 1581 1252 1636 delictis
1307 1582 1361 1635 in
1414 1583 1854 1652 justiﬁcationem.

257 1670 396 1725 Illud
441 1685 573 1742 ergo
611 1686 709 1740 per
751 1671 892 1742 quod
923 1672 1154 1742 praetulit
1190 1672 1410 1742 gratiam
1431 1713 1448 1739 ,
1480 1673 1602 1742 quia
1628 1689 1694 1728 ex
1721 1675 1859 1728 mul-

257 1760 334 1816 tis
356 1759 608 1817 videlicet
642 1761 852 1817 delictis
871 1761 1306 1832 justilicationem
1335 1749 1618 1832 operatur,
1645 1779 1746 1820 nec
1766 1779 1856 1821 se-

259 1851 496 1908 cundum
534 1861 589 1908 te
611 1856 897 1909 constatin
927 1854 1194 1923 parvulis;
1224 1862 1383 1924 atque
1407 1854 1475 1909 ad
1502 1855 1604 1910 hoc
1625 1897 1641 1923 ,
1669 1871 1856 1926 quam-

260 1945 348 2001 vis
374 1946 737 2009 reluctareris,
769 1954 1026 2002 attractus
1051 1961 1110 2002 es
1132 1985 1149 2013 ,
1181 1956 1238 2002 ut
1264 1961 1370 2002 non
1393 1947 1667 2018 aequaliter
1692 1948 1748 2004 in
1773 1949 1854 2006 di-

260 2038 437 2094 versis
463 2038 710 2094 mtatibus
732 2038 956 2108 gratiam
983 2038 1210 2094 faterere
1234 2038 1456 2094 versari.

332 2131 466 2186 Anc.
488 2130 606 2186 .Iam
642 2145 956 2201 responsum
981 2139 1065 2188 est
1096 2149 1110 2186 :
1139 2146 1272 2186 vana
1301 2131 1556 2202 loqueris.
1583 2132 1831 2191 Gloriosa

256 2231 341 2280 est
365 2224 536 2294 gratia
568 2225 682 2290 Dei,
705 2225 868 2280 etiam
905 2239 1026 2280 eum
1054 2224 1276 2280 dimittit
1327 2227 1536 2297 singula
1588 2243 1847 2298 quemm-

255 2331 360 2388 que
385 2326 639 2386 peccata;
671 2316 791 2387 quia
815 2326 870 2372 et
907 2317 1020 2386 ipsa
1045 2317 1253 2388 singula
1292 2317 1362 2372 ad
1393 2333 1512 2372 eam
1550 2319 1848 2388 multitudi-

253 2385 379 2466 nem
391 2385 666 2477 pertinent
688 2385 1052 2472 peccatorum,
1081 2385 1154 2462 es
1187 2423 1290 2478 qua
1315 2385 1598 2478 justific'.’
1605 2409 1848 2466 homines

253 2501 345 2571 qui
387 2499 595 2555 salvum
641 2500 768 2555 facit
809 2499 1063 2568 populum
1099 2513 1256 2554 suum
1302 2513 1334 2554 a
1373 2500 1608 2569 peccatis
1660 2515 1845 2557 eorum

255 2590 486 2664 (Matth.
515 2606 568 2656 ι,
593 2589 695 2660 21)
727 2589 835 2645 :ad
876 2605 1036 2660 quem
1088 2590 1339 2660 populum
1384 2590 1696 2661 dignissime
1736 2607 1844 2648 non

253 2681 559 2753 pertinctis,
578 2681 697 2752 quia
723 2681 973 2751 parvulos
1007 2679 1077 2736 ad
1105 2695 1228 2736 eum
1257 2681 1526 2752 pertinere
1570 2696 1678 2738 non
1719 2682 1843 2738 vul-

253 2773 348 2830 tis.

321 2865 531 2922 CXXII.
564 2864 686 2920 Jac.
711 2863 865 2933 Quod
890 2879 1012 2920 cum
1039 2871 1315 2936 receptum
1351 2873 1437 2922 est
1473 2881 1505 2922 a
1552 2874 1627 2934 te,
1676 2881 1842 2939 appa-

248 2956 357 3014 ruit
384 2957 582 3011 nullam
606 2955 771 3012 fuisse
795 2955 1171 3011 necessitatem
1219 2963 1424 3011 naturae
1476 2955 1724 3012 humanae
1745 2971 1838 3012 ca-

246 3047 506 3103 lumniam
531 3047 855 3114 concitandi,
883 3047 954 3104 ob
982 3046 1085 3102 hoc
1108 3043 1280 3104 solum
1306 3089 1321 3113 ,
1373 3061 1442 3103 ne
1493 3047 1840 3119 Baptismatis

243 3139 416 3210 magis
463 3138 636 3209 gratia
671 3138 849 3194 varios
896 3137 1096 3194 habere
1149 3153 1248 3209 pro
1290 3139 1534 3194 aetatibus
1572 3139 1838 3196 diceretur

256 3229 499 3288 effectus.
528 3230 644 3299 Quo
671 3230 1036 3301 persuasionis
1085 3229 1265 3286 colore
1312 3230 1522 3285 sublato
1545 3271 1561 3296 ,
1611 3231 1656 3285 si
1709 3230 1836 3301 quid

245 3337 532 3380 nervorum
563 3322 747 3386 habes,
772 3321 818 3376 si
845 3321 974 3392 quid
995 3321 1213 3394 ingenii,
1239 3321 1288 3377 si
1307 3320 1435 3392 quid
1460 3321 1674 3376 virtutis
1695 3362 1711 3390 ,
1739 3337 1837 3376 an-

244 3417 425 3472 nitere
451 3415 680 3486 probare
714 3415 958 3471 naturale
982 3423 1294 3486 peccatum,
1349 3414 1491 3484 quod
1547 3415 1696 3470 vides
1743 3431 1834 3470 ra-

247 3508 425 3575 tione,
463 3509 795 3574 auctoritate,
815 3507 1064 3578 :equitate
1090 3507 1440 3562 destructum.
1469 3506 1586 3572 Quo
1605 3507 1750 3561 enim
1774 3521 1835 3564 es

247 3601 510 3669 deceptus
542 3599 758 3666 intuitu,
778 3607 838 3654 ut
862 3598 1303 3655 commixtionem
1320 3612 1628 3668 corporum,
1671 3612 1833 3668 quam

245 3691 698 3758 Deusinstituit‘,
723 3699 778 3748 et
805 3691 1230 3748 conciliatricem
1276 3689 1446 3761 ipsius
1492 3691 1834 3746 commixtio-

245 3783 335 3839 nis
356 3783 682 3854 voluptatem
703 3796 951 3850 sexuum,
980 3796 1099 3852 quae
1131 3790 1238 3837 tam
1270 3781 1324 3836 in
1353 3780 1658 3837 hominibus
1672 3796 1852 3852 quam

243 3871 300 3929 in
320 3873 603 3944 pecoribus
628 3872 836 3943 vigens,
866 3879 1143 3928 auctorem
1171 3886 1328 3927 suum
1367 3887 1490 3928 eum
1517 3888 1674 3943 quem
1707 3888 1832 3929 eor-

241 3979 432 4037 porum
451 3964 651 4022 indicat
680 3963 1018 4021 conditorem
1043 4006 1060 4032 ,
1085 3963 1284 4020 diaboli
1321 3978 1455 4035 opus
1487 3971 1542 4019 et
1587 3964 1832 4021 fruticem

242 4070 463 4113 vocares
477 4056 502 4110 ?
1367 4103 1376 4114 .
1783 4117 1786 4120 .

311 4145 450 4203 Aac.
473 4145 747 4202 Erubesce
777 4163 791 4201 :
824 4153 883 4201 tu
908 4160 969 4202 es
994 4146 1085 4204 ille
1126 4144 1371 4202 laudator
1413 4145 1666 4203 libidinis.
1697 4147 1833 4204 Eru-

241 4235 426 4302 besce,
448 4237 663 4307 inquam
688 4254 702 4290 :
737 4236 904 4293 libido
931 4237 1054 4304 ista,
1084 4253 1202 4308 quae
1231 4236 1326 4292 tibi
1361 4237 1590 4292 multum
1617 4238 1830 4308 placet,

246 4334 440 4382 contra
462 4342 620 4398 quam
644 4341 866 4383 necesse
893 4337 979 4385 est
1004 4337 1063 4382 ut
1092 4336 1312 4398 pugnet,
1339 4328 1429 4398 qui
1479 4343 1586 4384 non
1628 4330 1741 4385 vult
1780 4329 1831 4386 ei

245 4417 962 4475 sollicitanticonsentiendo
1006 4427 1314 4489 perpetrare
1361 4427 1636 4490 peccatum
1665 4459 1682 4486 ,
1723 4435 1831 4477 non

243 4509 434 4568 eratin
461 4507 708 4580 paradiso
749 4517 872 4565 ante
919 4518 1215 4580 peccatum.
1269 4516 1375 4566 Aut
1399 4525 1525 4582 ergo
1568 4510 1716 4578 nulla
1757 4511 1832 4568 ibi

248 4609 389 4668 erat,
413 4610 508 4656 aut
528 4601 854 4657 voluntatem
870 4603 1062 4658 mentis
1088 4617 1186 4658 nec
1213 4601 1584 4674 praecedebat,
1608 4617 1709 4659 nec
1731 4617 1830 4658 ex-

243 4692 492 4748 cedebat.
535 4691 652 4748 Non
683 4700 767 4748 est
791 4692 906 4748 talis
945 4693 1146 4750 modo:
1178 4693 1281 4749 hoc
1325 4687 1392 4748 in
1417 4708 1477 4749 se
1503 4693 1620 4764 ipso
1669 4695 1833 4750 sentit

244 4784 424 4840 omnis
458 4784 652 4852 homo;
685 4792 742 4840 et
763 4792 817 4840 tu
846 4783 1005 4842 homo
1044 4801 1125 4842 es.
1162 4784 1362 4841 Cohibe
1401 4784 1666 4842 renitendi
1713 4793 1829 4841 stu-

256 4873 436 4941 dium,
482 4882 540 4930 et
593 4891 830 4948 agnosce
857 4876 1049 4931 vitium
1091 4875 1278 4934 3unde
1304 4874 1540 4929 trahitur
1571 4872 1845 4945 originale

255 4975 560 5037 peceatum.
595 4967 709 5022 Hoc
736 4969 793 5022 in
821 4967 1128 5022 hominibus
1157 4967 1466 5038 propagatis
1514 4965 1844 5022 invenerunt

258 5059 460 5128 nuptiae
477 5099 491 5124 ,
520 5074 629 5114 non
654 5058 934 5116 fecerunt:
962 5060 1062 5116 hoc
1088 5060 1109 5090 ⁸
1130 5060 1455 5116 necessitate
1480 5065 1722 5124 utuntur,
1755 5072 1843 5113 ca-

261 5151 448 5206 stitate
479 5153 616 5209 bene
629 5163 875 5224 utuntur,
899 5155 1102 5212 idcirco
1124 5155 1270 5210 nulla
1296 5153 1505 5209 ratione
1534 5153 1836 5222 culpantur.

261 5241 382 5298 Hoc
409 5243 461 5297 in
493 5247 778 5313 pecoribus
811 5248 932 5303 ideo
964 5263 1073 5302 non
1093 5255 1178 5302 est
1217 5243 1436 5312 malum,
1469 5244 1596 5315 quia
1639 5259 1749 5299 non
1782 5244 1838 5300 in

258 5334 346 5390 eis
366 5350 494 5390 caro
507 5338 832 5407 concupiscit
861 5340 1120 5396 adversus
1141 5337 1389 5410 spiritum
1416 5350 1432 5391 :
1458 5337 1602 5406 quod
1638 5335 1843 5391 malum

309 5477 490 5545 fruiti,
515 5491 621 5542 quo.
646 5481 952 5545 Iss,,qu0d._
1005 5543 1013 5545 _
1055 5517 1068 5522 —

309 5541 328 5603 ξ
352 5545 418 5588 Ita
442 5541 547 5603 Mss;
566 5548 622 5593 At
640 5543 776 5603 editi,
799 5541 1032 5594 mea.

308 5600 618 5672 ‘atenardtis,
660 5600 773 5667 aute
815 5606 1040 5672 formam.
1078 5605 1370 5668 vignierius,
1411 5605 1494 5671 qui
1523 5607 1574 5660 in
1597 5608 1824 5672 formam.

233 5657 540 5724 (mitigantur
558 5657 624 5714 ei
645 5657 1004 5728 manuscriptis.
1133 5657 1164 5668 ν

303 5723 327 5798 2
349 5722 512 5798 Ἧι
535 5733 680 5798 Petita
695 5740 825 5798 θνα.
839 5737 969 5798 es!“
991 5726 1192 5779 ίηειίιυίι

647 5761 680 5787 0’
705 5761 814 5787 Ἶσιιυυ
839 5761 969 5778 aly-oc
992 5761 1210 5784 unt-omo.

303 5783 420 5845 {sic
434 5790 542 5834 uss.
572 5795 626 5836 At
647 5783 784 5845 editi,
807 5787 1015 5841 initium.

311 5841 332 5873 ο
351 5844 492 5910 antu,
515 5845 625 5899 hac.
650 5841 822 5899 Melius
843 5859 970 5912 uss...
986 5850 1092 5901 hoc.

605 5930 835 5995 δινεῖ.
883 5936 1164 5998 Auens'r.
1210 5937 1291 5998 Χ.

1600 365 1804 424 LIBER
1842 365 2220 429 SECUNDUS.

3425 389 3565 450 ηθι

1981 485 2036 540 in
2063 485 2370 548 hominibus
2392 495 2688 554 sanandum
2717 505 2799 556 est
2823 499 3060 560 bonitate
3088 502 3295 574 divina,
3323 522 3433 565 non
3459 509 3564 568 hu-

1976 591 2133 632 mana
2163 581 2397 639 vanitate
2419 585 2767 645 laudandum.

2046 667 2279 726 CXXIII.
2307 672 2424 729 Jun.
2454 675 2584 746 Quae
2610 690 2790 736 autem
2816 683 2953 738 ratio
2973 684 3091 753 fuit,
3121 695 3178 743 ut
3206 688 3381 759 primo
3412 692 3429 722 ί
3464 690 3552 748 in-

1975 763 2274 817 nocentiam
2289 767 2514 822 crimine
2537 772 2805 827 sauciares
2830 775 3006 831 alieno
3025 819 3040 845 ,
3068 778 3264 836 dehinc
3295 797 3410 839 rem
3431 791 3547 839 stu-

1975 849 2184 907 diorum
2215 855 2442 912 misccre
2463 858 2758 917 seminibus
2784 867 3094 922 conareris?

2046 942 2185 1000 Anc.
2214 944 2418 1002 Eadem
2462 962 2560 1018 per
2603 952 2791 1008 eadem
2808 953 2941 1010 dicis
2975 973 2988 1011 :
3018 956 3113 1012 sed
3161 959 3346 1029 procul
3389 960 3550 1020 dubio

1971 1043 2098 1091 sunt
2121 1051 2258 1093 vana
2284 1040 2304 1070 ²
2323 1054 2442 1110 qua:
2467 1041 2623 1098 dicis.
2655 1044 2852 1100 Natura
2888 1048 3026 1104 bona
3048 1059 3169 1105 sunt
3199 1053 3425 1122 semina,
3456 1055 3550 1111 sed

1968 1128 2223 1186 vitiantur
2246 1139 2301 1187 et
2325 1134 2551 1203 semina,
2584 1137 2769 1208 eisque
2795 1140 2991 1196 vitiatis
3014 1156 3374 1216 propagantur
3391 1159 3446 1205 et
3474 1151 3556 1207 vi-

1969 1219 2063 1274 tia.
2117 1221 2317 1278 Saltem
2357 1223 2564 1295 species
2603 1234 2656 1283 te
2709 1243 2993 1299 corporum
3044 1233 3267 1303 doceat,
3316 1254 3545 1310 quorum

1966 1326 2091 1367 cum
2114 1314 2185 1370 sit
2215 1315 2389 1388 opifex
2419 1311 2644 1375 summe
2684 1319 2854 1378 bonus
2883 1333 2938 1380 et
2960 1326 3109 1382 nullo
3133 1327 3260 1384 vitio
3281 1329 3548 1400 deprava-

1967 1411 2085 1470 tus,
2117 1406 2304 1462 vitiosa
2333 1416 2506 1465 tamen
2535 1412 2700 1466 multa
2730 1424 3020 1471 nascuntur
3046 1433 3060 1470 :
3086 1425 3142 1474 et
3175 1421 3355 1492 utique
3380 1422 3426 1478 si
3459 1441 3554 1480 ne-

1963 1510 2054 1551 mo
2072 1511 2365 1569 peccasset,
2411 1503 2556 1559 nulla
2585 1504 2640 1558 in
2660 1507 2908 1575 paradiso
2936 1509 3058 1564 talia
3083 1524 3451 1571 nascerentur.

2032 1588 2266 1646 CXXIV.
2288 1591 2410 1647 JUL.
2441 1593 2512 1651 Ut
2531 1595 2846 1668 Baptismati
2872 1601 3152 1657 veritatem
3172 1606 3403 1676 propria:
3419 1621 3549 1678 ope-

1961 1680 2184 1736 rationis
2207 1681 2481 1741 auferres?
2510 1695 2565 1742 ut
2596 1688 2725 1753 Deo,
2749 1691 2838 1760 qui
2871 1698 3014 1748 totus
3046 1694 3272 1765 :equitas
3301 1707 3383 1753 est
3405 1739 3420 1764 ,
3452 1701 3543 1770 qui

1961 1770 2077 1826 sine
2097 1772 2299 1842 justitia
2323 1776 2466 1832 Deus
2495 1793 2614 1834 esse
2639 1794 2749 1837 non
2774 1791 2985 1854 potest,
3005 1786 3299 1857 perspicua:
3348 1789 3545 1862 iniqui-

1961 1865 2084 1920 tatis
2101 1867 2301 1924 crimen
2330 1869 2708 1929 adscriberes?
3055 1886 3061 1891 '

2030 1956 2164 2014 Anc.
2197 1959 2304 2015 Vos
2332 1959 2436 2018 hoc
2473 1965 2649 2033 potius
2696 1964 2868 2023 facitis
2899 1985 2913 2023 :
2943 1972 3196 2040 quoniam
3241 1973 3287 2030 si
3338 1977 3548 2046 parvuli

1957 2048 2073 2104 sine
2087 2049 2250 2107 ullius
2275 2055 2477 2123 peccati
2523 2058 2713 2114 merito
2742 2071 3062 2129 premuntur
3090 2063 3239 2134 gravi
3259 2066 3409 2138 jugo,
3439 2067 3539 2123 ini-

1956 2155 2092 2210 quus
2142 2152 2225 2199 est
2252 2145 2389 2200 Deus
2420 2164 2433 2200 :
2465 2147 2560 2203 sed
2585 2150 2706 2220 quia
2733 2151 2823 2208 ille
2848 2167 2954 2210 non
3000 2165 3086 2212 est
3135 2158 3367 2230 iniquus,
3399 2171 3455 2216 tu
3480 2176 3554 2238 esi

1955 2231 2315 2290 calumniosus
2337 2245 2392 2292 et
2415 2253 2611 2298 caecus.

2023 2322 2231 2418 CXXV.
2261 2326 2380 2418 Jun.
2427 2329 2579 2400 Tam,
2629 2333 2864 2405 inquam,
2915 2340 3248 2412 perspicuae,
3304 2353 3363 2400 ut
3413 2347 3536 2418 ipse

1953 2411 2090 2470 hanc
2114 2416 2384 2488 injustitiae
2412 2423 2665 2492 speciem,
2689 2441 2848 2495 quam
2885 2429 3000 2499 ejus
3043 2434 3290 2490 mentiris
3343 2411 3507 2498 adlisit,

1950 2518 2069 2562 rere
2087 2506 2325 2578 judiciis,
2352 2511 2482 2582 legis
2509 2528 2618 2570 suae
2646 2519 2967 2576 auctoritate
2989 2520 3349 2582 damnaverit.

1968 2609 1974 2615 '
2018 2598 2153 2655 Anc.
2179 2601 2234 2655 In
2253 2602 2369 2672 ejus
2391 2605 2507 2675 lege
2535 2607 2791 2677 scriptum
2819 2618 2925 2678 est,
2955 2613 3190 2670 animam
3233 2619 3456 2688 parvuli,
3484 2622 3533 2678 si

1947 2688 2034 2746 die
2055 2701 2246 2748 octavo
2272 2711 2378 2752 non
2409 2698 2844 2768 circumcidatur,
2874 2703 3212 2763 interituram
3242 2709 3310 2766 de
3335 2715 3535 2784 populo

1946 2795 2046 2836 suo
2074 2782 2226 2854 (Gen.
2261 2802 2393 2855 xvn,
2426 2790 2514 2862 H)
2542 2809 2556 2845 :
2593 2807 2700 2862 quo
2723 2795 2959 2852 merito?
2985 2796 3092 2867 die,
3138 2799 3184 2854 si
3229 2782 3536 2871 potes.'Sed

1945 2875 2166 2932 omnino
2195 2894 2300 2935 non
2331 2889 2504 2950 potes;
2531 2892 2587 2939 et
2617 2893 2793 2942 tamen
2844 2887 3106 2960 originale
3135 2901 3412 2964 peccatum
3434 2913 3534 2956 ne-

1943 2968 2120 3035 gando
2148 2985 2254 3025 non
2283 2979 2450 3030 taces.

2012 3057 2250 3117 CXXVI.
2279 3064 2398 3122 JUL.
2430 3067 2559 3134 ane
2602 3085 2729 3141 ergo
2773 3079 2850 3128 tot
2875 3073 2898 3106 ³
2921 3073 3375 3146 blaSphemiarum
3432 3098 3531 3140 ne-

1942 3154 2162 3210 cessitas
2190 3155 2308 3226 fuit,
2341 3159 2386 3214 si
2439 3175 2540 3217 nec
2589 3163 2689 3218 ista
2745 3179 2902 3235 quam
2949 3169 3341 3240 amplexabaris
3382 3172 3532 3230 fuit?

1940 3243 2069 3337 Qua:
2093 3246 2311 3315 quidem
2333 3249 2469 3306 nihil
2486 3251 2688 3309 habens
2708 3258 2986 3327 momenti,
3009 3267 3190 3317 tamen
3215 3264 3361 3319 velut
3383 3280 3530 3337 quie-

1939 3334 2061 3390 dam
2093 3338 2270 3394 tabula
2315 3341 2617 3413 videbatur,
2648 3361 2809 3416 quam
2839 3348 2890 3403 in
2923 3358 3072 3407 tanto
3099 3354 3375 3428 naufragio
3400 3334 3533 3416 con-

1941 3428 2160 3498 tineres,
2193 3448 2352 3504 quam
2382 3436 2538 3493 victis
2583 3439 2879 3509 remisisti,
2929 3459 3052 3500 sero
3103 3447 3263 3516 licet,
3292 3451 3529 3510 lacertis.

1943 3516 2009 3574 Ut
2036 3521 2179 3576 enim
2222 3539 2309 3580 res
2351 3528 2672 3596 repetitione
2718 3531 3009 3589 clarescat:
3035 3535 3156 3594 ideo
3200 3539 3529 3602 Manichaeus

1937 3610 2243 3706 credebaris
2272 3614 2341 3671 ab
2369 3616 2565 3688 ineptis
2589 3619 2887 3692 quibusque
2921 3625 3232 3685 tolerandus
3260 3671 3277 3699 ,
3309 3647 3378 3689 ne
3399 3647 3528 3706 gra-

1937 3703 2026 3760 tiae
2052 3704 2251 3764 Christi
2279 3723 2388 3765 non
2416 3710 2470 3766 in
2502 3712 2750 3769 omnibus
2769 3731 2875 3772 una
2901 3717 3186 3775 efﬁcientia
3213 3703 3490 3784 videretur
3507 3745 3526 3784 :

1935 3796 2004 3852 ad
2021 3797 2125 3854 hoc
2143 3807 2198 3854 tu
2228 3815 2388 3869 nunc,
2413 3801 2529 3859 sine
2554 3803 2745 3859 adactu
2766 3815 2951 3865 nostro
2967 3806 3012 3876 ⁸,
3041 3813 3391 3880 expositionis
3412 3824 3519 3874 tuae

1936 3890 2275 3960 processibus
2325 3893 2581 3965 intulisti,
2629 3895 2812 3952 dicens
2861 3900 3105 3969 Apostoli
3148 3907 3468 3964 sententiam
3499 3951 3518 3978 ,

1935 3996 2056 4051 quae
2083 3983 2178 4050 ait,
2208 3981 2387 4038 Gratia
2410 3995 2577 4040 autem
2598 4003 2660 4040 ea:
2693 3989 2865 4044 multis
2889 3989 3086 4047 delictis
3111 3995 3166 4048 in
3185 3995 3520 4068 justi/iamia-

1853 4103 1858 4108 -
1935 4089 2071 4141 nera,
2102 4074 2157 4128 in
2191 4073 2498 4132 hominibus
2525 4077 2742 4148 quidem
2773 4080 2994 4151 majoris
3028 4085 3200 4141 aetatis
3225 4103 3383 4158 posse
3406 4133 3422 4159 ,
3463 4092 3518 4147 in

1935 4166 2168 4236 parvulis
2194 4181 2321 4222 vero
2344 4182 2450 4222 non
2479 4183 2636 4238 posse
2655 4171 2933 4242 compleri;
2960 4174 3056 4230 sed
3083 4191 3205 4234 esse
3237 4177 3294 4234 in
3321 4195 3519 4251 parvu-

1937 4255 2003 4312 lis
2027 4256 2170 4312 aliud
2202 4257 2434 4326 brevius,
2467 4259 2680 4329 exilius,
2707 4264 2969 4333 egentius;
2996 4267 3139 4337 quod
3184 4268 3310 4326 licet
3333 4279 3388 4327 tu
3415 4289 3513 4330 ex-

1934 4350 2158 4422 cogites,
2183 4360 2359 4410 tamen
2379 4367 2714 4427 nequaquam
2743 4356 2945 4416 dixisse
2978 4361 3294 4433 Apostolum
3347 4368 3518 4424 conti-

1936 4443 2083 4499 teris.
3105 4479 3108 4484 .

1969 4573 1974 4578 -
2005 4538 2142 4593 Aac.
2169 4537 2459 4611 Relegatur
2479 4541 2623 4611 quod
2647 4542 2742 4598 tibi
2764 4559 3083 4616 responsum
3109 4558 3210 4619 est,
3239 4560 3298 4608 ut
3319 4552 3519 4611 intelli-

1932 4634 2088 4697 gatur
2103 4635 2156 4685 te
2180 4629 2518 4699 nihildicere,
2547 4640 2602 4688 et
2626 4641 2800 4690 tamen
2826 4645 3004 4694 tacere
3020 4655 3125 4696 non
3153 4655 3332 4711 posse,
3351 4621 3517 4702 homo

1935 4718 2194 4790 linguose.
2247 4720 2429 4777 Gratia
2449 4737 2514 4778 ex
2539 4723 2722 4780 multis
2751 4725 2958 4784 delictis
2975 4731 3150 4786 mittit
3174 4733 3226 4786 in
3242 4733 3510 4805 justilica-

1936 4811 2156 4877 tionem,
2182 4827 2304 4868 cum
2328 4813 2532 4868 salvum
2559 4814 2686 4871 facit
2707 4815 2864 4876 Iesus
2879 4821 3134 4891 populum
3165 4838 3321 4880 suum
3339 4841 3367 4880 a
3386 4843 3518 4898 pec-

1933 4903 2068 4958 catis
2093 4917 2300 4961 eorum.
2349 4903 2408 4960 In
2434 4905 2636 4962 eisdem
2681 4909 2862 4966 multis
2885 4911 3087 4969 invenit
3113 4916 3274 4973 etiam
3304 4919 3536 4992 singula‘

1933 4995 2278 5066 parvulorum
2309 4999 2794 5070 :quemadmodum
2845 5003 3054 5061 etiamsi
3099 5017 3319 5077 peccata
3356 5014 3518 5084 origi-

1933 5090 2074 5145 nalia
2094 5090 2236 5146 nulla
2279 5098 2479 5157 essent,
2508 5092 2561 5147 in
2597 5093 2804 5150 eisdem
2845 5096 3024 5154 multis
3051 5099 3314 5158 inveniret
3342 5102 3365 5136 ³
3391 5119 3518 5174 pee-

1935 5199 2061 5241 eare
2086 5185 2450 5255 incipientium
2475 5187 2636 5242 etiam
2663 5187 2872 5259 singula
2899 5191 3243 5261 grandiorum
3279 5235 3292 5258 ,
3321 5196 3514 5267 quibus

1935 5278 2001 5334 ad
2021 5277 2214 5336 Christi
2253 5280 2519 5350 Baptisma
2547 5281 2880 5337 venientibus
2931 5284 3075 5339 nullo
3113 5285 3274 5342 modo
3303 5287 3514 5342 dicere-

1936 5379 2040 5439 tur,
2063 5370 2178 5426 Non
2207 5371 2429 5441 potestis
2481 5371 2639 5426 modo
2666 5371 2941 5442 baptizari,
2973 5374 3098 5443 quia
3131 5376 3364 5431 nondum
3410 5376 3512 5433 ha-

1999 5486 2017 5550 ξ
2043 5485 2160 5550 Editi
2183 5495 2201 5534 :
2225 5490 2339 5544 oua:
2358 5482 2538 5534 malum
2557 5484 2680 5536 ratio
2693 5483 2802 5549 ﬂvit,
2825 5484 2876 5536 in
2896 5483 3056 5550 primo
3081 5498 3102 5538 :
3123 5487 3269 5538 male.

1999 5548 2019 5579 ³
2040 5547 2177 5607 Editi,
2200 5559 2314 5597 una.
2335 5553 2464 5608 Mss,
2487 5559 2625 5598 ama.

2001 5610 2087 5671 itu
2106 5617 2229 5671 Mss.,
2256 5615 2368 5659 tota.

1999 5670 2022 5702 ⁸
2045 5671 2285 5721 Editiones
2307 5670 2517 5721 Memrdi
2541 5677 2594 5722 et
2613 5672 2760 5730 Masii,
2786 5670 2890 5723 sine
2911 5671 3128 5723 adducta
3148 5678 3325 5724 nostra.

1999 5734 2020 5765 ⁸
2047 5734 2334 5806 \‘jgnierius,
2373 5731 2506 5806 nulla
2537 5737 2692 5785 essent
2726 5733 2780 5806 in
2821 5731 3022 5805 eisdem,
3039 5734 3224 5806 multa
3256 5734 3510 5806 eueniret.

1938 5800 2055 5842 Tum
2076 5796 2182 5856 ipse
2202 5807 2260 5845 ac
2283 5795 2550 5857 Menardus,
2590 5801 2788 5860 peccata
2823 5795 3168 5858 incipientium.
3194 5797 3518 5853 mnendantur

1941 5861 2133 5907 ειυς-ς.

2781 5939 3271 6021 (Trente-Ituit.)
