4062 6526
517 375 656 435 I195

516 493 653 548 betis
705 486 871 543 multa
923 481 1148 545 delicta;
1199 475 1368 548 gratia
1405 471 1550 528 enim
1579 484 1647 525 ex
1682 464 1869 522 multis
1898 457 2112 517 delictis

518 584 681 644 mittit
705 581 757 635 in
784 572 1237 648 jnstiticationem.
1272 563 1563 622 Verissime
1592 561 1791 633 quippe
1818 553 2114 627 responde-

518 685 661 739 rent,
690 674 745 728 In
774 665 1113 725 multitudine
1140 662 1482 726 delictorum,
1521 673 1590 714 ex
1614 654 1811 728 quibus
1857 650 2119 724 justiﬁcat

517 767 713 841 gratia,
740 744 900 817 etiam
923 766 1103 814 nostra
1132 755 1324 811 delicta
1354 759 1479 808 sunt
1506 747 1740 841 singula,
1769 743 1862 803 ubi
1916 742 2119 841 habent

517 835 683 930 aliqui
709 855 882 926 plura,
912 848 1074 921 aliqui
1105 845 1522 918 paueiora,qu:e
1550 838 1714 898 simul
1768 851 1891 895 cum
1929 835 2115 907 singu-

518 949 588 1007 lis
614 947 813 1007 nostris
829 944 996 1002 multa
1025 948 1151 999 sunt
1169 939 1372 997 omnia.

595 1038 854 1100 CXXVII.
876 1036 995 1093 Jun.
1024 1033 1187 1106 Igitur
1213 1039 1270 1087 et
1296 1026 1589 1087 secundum
1618 1034 1694 1094 te,
1721 1024 1776 1082 in
1795 1022 2117 1095 adoptione‘

530 1135 746 1209 quidem
771 1147 866 1204 per
900 1143 1089 1186 omnes
1124 1131 1310 1182 mtates
1359 1122 1545 1196 gratiae
1590 1127 1675 1178 est
1716 1119 1942 1191 aequalis
1989 1116 2122 1183 eﬂ'eg

523 1237 644 1285 ctus
673 1243 688 1282 :
712 1225 765 1282 in
792 1221 1107 1279 remissione
1135 1232 1264 1273 vero
1293 1222 1636 1287 peccatorum
1656 1227 1765 1269 non
1791 1213 1845 1268 in
1870 1209 2123 1268 omnibus

526 1329 612 1378 est
635 1333 743 1375 una
762 1315 984 1373 taxatio.
1007 1310 1113 1370 Sed
1138 1310 1220 1382 egi
1247 1309 1509 1393 hactenus
1533 1319 1694 1378 parce
1746 1303 1907 1360 nimis
1959 1310 2123 1374 atque

526 1411 799 1486 patienter
830 1424 845 1463 :
1960 1446 1971 1457 ,

602 1502 741 1560 Anc.
789 1498 846 1556 Si
887 1506 993 1553 tam
1027 1494 1195 1550 multa
1246 1490 1481 1565 loqueris
1533 1502 1693 1560 parce
1741 1486 1968 1559 loquens
1997 1524 2018 1554 ,
2065 1491 2127 1542 ut

532 1611 700 1653 unum
723 1607 904 1649 meum
930 1590 1123 1647 librum
1146 1588 1247 1659 (a),
1281 1601 1379 1641 nec
1405 1585 1577 1655 ipsum
1605 1589 1776 1645 totum
1802 1622 1816 1646 ,
1846 1580 1952 1636 tuis
1999 1586 2124 1635 octo

531 1688 685 1746 libris
710 1683 1010 1750 iuseeteris;
1041 1680 1266 1737 nimium
1295 1674 1508 1750 profusa
1533 1682 1588 1731 et
1614 1673 1886 1729 luxuriosa
1907 1679 1991 1728 est
2014 1686 2130 1743 par-

533 1780 768 1839 cimonia
797 1785 911 1834 tua.
939 1774 1047 1832 Sed
1068 1772 1114 1830 si
1142 1772 1398 1827 hactenus
1427 1780 1588 1841 parce
1628 1765 1823 1839 egisti;
1869 1779 2037 1836 quare
2071 1761 2128 1821 in

536 1883 648 1930 tam
674 1871 857 1927 multis
881 1876 1067 1925 contra
1089 1864 1368 1922 veritatem
1397 1860 1656 1926 clamans,
1683 1857 1879 1915 animm
1895 1864 2000 1913 tua:
2020 1870 2131 1913 non

535 1964 828 2039 pepercisti
843 1963 869 2015 ‘l

607 2054 892 2116 CXXVIII.
923 2051 1041 2111 Jun.
1075 2048 1359 2108 Praemissa
1390 2047 1600 2104 scilicet
1621 2043 1988 2118 disputatione
2008 2059 2133 2115 pro-

536 2151 667 2207 bare
693 2154 999 2214 contentus,
1030 2155 1082 2200 te
1111 2156 1323 2216 quoque
1341 2139 1436 2212 qui
1474 2139 1631 2197 nobis
1675 2136 1996 2197 seditionem
2022 2152 2135 2209 .per

538 2241 644 2298 hoc
665 2239 957 2295 maximam
978 2233 1309 2299 concitabas,
1335 2231 1518 2288 dicere
1562 2229 1902 2288 remissionis
1941 2243 2136 2301 pecca-

538 2344 718 2393 torum
741 2348 851 2390 non
894 2332 950 2389 in
974 2330 1183 2387 cunctis
1230 2342 1395 2384 unam
1436 2334 1688 2383 constare
1726 2323 2028 2392 rationem;
2077 2333 2137 2380 ut

540 2427 754 2487 etiamsi
800 2441 967 2483 unum
1011 2424 1115 2480 hoc
1189 2420 1432 2479 naturale
1473 2427 1753 2492 peccatum
1809 2417 2139 2490 persuadere

540 2535 751 2593 posses,
776 2525 956 2574 tamen
981 2516 1216 2587 liqueret
1241 2512 1549 2570 necessario
1585 2511 1727 2579 diei,
1768 2526 1877 2568 non
1922 2525 2140 2581 semper

542 2610 913 2669 accedentium
938 2607 1005 2664 ad
1035 2608 1264 2680 gratiam
1291 2619 1457 2661 unum
1504 2610 1701 2660 statum
1727 2616 1888 2670 esse;
1923 2608 1980 2658 et
2033 2600 2139 2659 hoc

542 2705 787 2778 Apostoli
815 2702 1040 2768 dictum,
1058 2716 1122 2756 ea:
1139 2699 1310 2755 multis
1326 2697 1523 2753 delictis
1574 2698 1629 2752 in
1668 2696 2092 2768 justi/icationem
2117 2735 2137 2763 ,

543 2799 602 2855 in
622 2796 804 2854 adulta
830 2794 1026 2862 solum,
1055 2808 1164 2850 non
1213 2798 1393 2848 autem
1437 2790 1600 2847 etiam
1654 2788 1710 2845 in
1758 2788 1931 2860 prima
1981 2796 2144 2845 aetate

545 2887 828 2961 compleri.

614 2985 761 3039 Auo.
791 2977 1098 3037 Secundum
1124 2985 1213 3032 tua
1235 2974 1560 3046 vaniloquia,
1590 2988 1693 3031 nec
1706 2973 1760 3029 in
1779 2971 1960 3031 adulta
1982 2980 2149 3031 aetate

544 3076 844 3145 completur
888 3090 903 3129 :
946 3070 1197 3143 quoniam
1267 3069 1423 3124 multi
1471 3066 1639 3125 adulti
1689 3066 1892 3125 habent
1931 3068 2140 3137 singula

548 3165 782 3241 (etiamsi
802 3162 1097 3225 secundum
1116 3175 1213 3216 vos
1234 3174 1345 3214 non
1370 3159 1569 3215 habent
1592 3157 1915 3229 originalia),
1942 3158 2141 3229 quibus

544 3255 772 3327 contigit
799 3253 984 3309 venire
1004 3250 1073 3307 ad
1096 3250 1449 3322 Baptismum,
1464 3248 1678 3319 quando
1705 3263 1937 3319 peccare
1957 3264 2143 3321 cmpe-

544 3358 691 3416 runt;
716 3346 882 3418 aliqui
907 3344 1106 3401 habent
1120 3343 1281 3400 etiam
1303 3343 1644 3414 paucissima,
1670 3356 1781 3398 non
1802 3350 1980 3399 tamen
2001 3344 2145 3400 mul-

548 3452 640 3498 ta:
670 3456 779 3499 non
807 3453 940 3511 ergo
970 3435 1310 3511 pertinebunt
1333 3433 1401 3490 ad
1445 3433 1586 3491 hanc
1636 3434 1864 3505 gratiam
1903 3434 2143 3504 Christi;

546 3534 800 3607 quoniam
826 3547 895 3603 es
919 3529 1102 3585 multis
1140 3525 1355 3582 delictis
1388 3526 1479 3583 illa
1527 3525 1823 3597 justiﬁeat,
1867 3543 1991 3598 qua:
2035 3543 2146 3585 non

548 3623 847 3682 babentisti
878 3640 893 3676 :
917 3619 1059 3693 quod
1089 3619 1134 3675 si
1160 3617 1401 3691 quisquis
1429 3618 1588 3688 sapit,
1618 3617 1966 3685 inetl‘abiliter
1986 3620 2144 3677 desi-

546 3718 648 3791 pit.
679 3717 927 3787 Agnosce
961 3712 1235 3768 Christum
1280 3725 1352 3767 ex
1394 3709 1583 3766 multis
1604 3709 1818 3777 delictis
1841 3710 2146 3783 iustiﬁcati-

549 3818 677 3877 tem,
711 3806 1024 3878 salvumque
1046 3803 1334 3861 facientem
1382 3805 1637 3876 pupulum
1661 3821 1838 3873 suum,
1867 3815 1924 3865 et
1943 3806 1998 3863 in
2041 3808 2143 3864 iis-

550 3905 679 3962 dem
726 3901 907 3960 multis
948 3898 1255 3971 intelligens
1280 3912 1440 3969 posse
1461 3900 1821 3975 quorumlibet
1870 3908 1929 3958 et
1974 3916 2149 3973 pauca

548 4005 606 4053 et
624 3994 830 4068 singula
857 3992 1174 4064 computari,
1209 3991 1319 4046 noli
1343 3991 1412 4047 ab
1432 3991 1757 4062 hocpopulo
1784 4003 1986 4051 sortem
2011 3996 2133 4052 sub-

552 4087 772 4145 trahere
821 4084 1196 4158 parvulorum;
1224 4083 1385 4140 etiam
1414 4083 1735 4163 ipsis‘crede
1781 4088 2147 4147 necessarium

551 4179 901 4244 esseJesum,
929 4177 1022 4248 qui
1042 4177 1147 4233 hoc
1192 4191 1303 4233 non
1326 4184 1567 4245 vocatur,
1614 4176 1718 4243 nisi
1766 4179 1893 4248 quia
1936 4183 2142 4237 salvum

550 4272 679 4331 facit
700 4271 951 4343 populum
972 4284 1151 4335 suum,
1174 4268 1229 4325 in
1258 4283 1367 4340 quo
1392 4269 1578 4340 utique
1597 4278 1724 4327 sunt
1759 4278 1815 4327 et
1843 4273 2089 4343 parvuli,
2110 4289 2145 4330 a

554 4364 1030 4441 peccatiseorum.
1482 4366 1535 4439 λ
1632 4430 1639 4437 η
1710 4413 1717 4419 ,
1958 4418 1965 4427 ,

626 4456 864 4517 CXXIX.
896 4456 1016 4514 Ius.
1045 4454 1202 4513 Nunc
1224 4468 1355 4511 vero
1370 4468 1555 4511 assero
1582 4468 1988 4530 consequenter
2010 4460 2146 4519 nihil

554 4551 874 4624 Apostolum
902 4548 971 4606 de
990 4547 1280 4605 Manichaea
1320 4546 1543 4606 traduce
1589 4550 1951 4621 suspicatum:
1974 4563 2149 4611 osten-

557 4644 638 4701 dit
658 4643 860 4716 quippe
883 4641 953 4697 ad
973 4654 1189 4712 gravem
1240 4638 1493 4710 injuriam
1536 4642 1813 4714 pertinere
1856 4648 2146 4719 mysterio-

554 4752 700 4803 rum,
727 4736 774 4791 si
798 4742 1239 4805 compararentur
1260 4743 1569 4803 pet-cuncta
1592 4738 1849 4806 peccatis,
1879 4739 2067 4807 idest,
2097 4743 2171 4799 εξ.

555 4841 666 4884 non
688 4823 960 4882 efﬁcacius
982 4822 1261 4894 prodesset
1301 4825 1471 4895 gratia
1494 4865 1511 4892 ,
1551 4842 1712 4897 quam
1758 4830 1932 4904 culpae
1975 4832 2147 4889 forma

554 4918 849 4979 nocuisset.
880 4914 1162 4972 Maximam
1188 4931 1319 4988 ergo
1347 4917 1657 4976 christiana:
1680 4922 1805 4980 ﬁdei
1831 4925 2146 4997 dignitatem

558 5014 613 5071 in
644 5027 711 5070 eo
731 5010 981 5082 Magister
1013 5007 1265 5067 Gentium
1295 5013 1600 5082 collocavit,
1655 5017 1801 5087 quod
1836 5032 1955 5074 eam
2005 5020 2149 5077 aﬂir-

555 5104 724 5164 mavit
752 5111 1025 5159 antestare
1049 5101 1261 5161 delictis
1288 5120 1302 5158 :
1325 5104 1397 5161 ob
1433 5105 1536 5162 hoc
1586 5106 1675 5164 illi
1715 5124 1860 5165 cura:
1893 5109 2031 5180 fuit,
2088 5123 2149 5171 ut

561 5193 766 5251 morbis
788 5192 1062 5250 veteribus
1088 5192 1368 5251 medicinae
1394 5195 1675 5266 praeterret
1688 5198 1959 5257 effectum.
1993 5231 1999 5236 -

531 5280 536 5290 ’
631 5288 763 5346 Anc.
789 5287 941 5345 Hanc
965 5287 1280 5345 medicinam
1306 5289 1515 5360 negatis
1543 5292 1816 5360 parvulis,
1844 5309 1982 5365 quos
2019 5296 2148 5356 falsa

560 5388 618 5438 et
645 5379 861 5438 inimica
888 5377 1205 5437 defensione
1250 5379 1432 5437 salvos
1478 5396 1599 5441 esse
1642 5385 1986 5443 contenditis.
2041 5389 2149 5447 Sed
2216 5384 2227 5399 ³

556 5473 699 5531 Deus
719 5488 928 5540 eorum,
958 5472 1048 5545 qui
1073 5486 1141 5529 ex
1178 5486 1277 5529 ore
1309 5472 1592 5551 infantium
1633 5484 1796 5548 atque
1833 5478 2148 5541 lactentium

557 5567 835 5624 medicinae
862 5582 974 5623 suae
1016 5564 1223 5637 perﬁcit
1264 5566 1512 5636 laudem,
1543 5569 1784 5638 profecto
1819 5582 1872 5628 et
1914 5588 2010 5631 vos
2055 5577 2150 5634 de-

620 5705 638 5735 ι
658 5702 734 5752 sic
753 5709 867 5752 uss.
889 5700 1027 5762 aditi,
1052 5697 1379 5766 adoptionem.

555 5779 915 5903 "gzulibrum
959 5762 1161 5839 scilicet
1189 5785 1455 5839 secundum
1490 5788 1555 5841 de
1600 5791 1780 5859 Nuptiis
1824 5801 1876 5847 et
1918 5762 2159 5867 Concupi;

1203 352 1453 415 OPERIS
1489 342 1909 411 IMPERFECTI
1940 337 2216 401 CONTRA
2253 334 2619 405 JULIANUM,
2661 337 3097 399 S.AUGUSTINI

2221 459 2399 525 struit,
2430 460 2517 531 qui
2543 462 2621 517 eis
2646 461 2909 525 adhibetis
2953 462 3239 527 inimicam.
3264 461 3665 531 defensionem,
3696 478 3828 522 cum

2224 551 2453 611 destruit
2481 554 2754 615 inimicum
2779 566 2833 613 et
2861 555 3221 625 defensorem.

2296 649 2515 709 CXXX.
2545 650 2665 709 Jun.
2698 650 2825 708 lnde
2849 652 3075 726 gratiam
3116 649 3352 708 ostendit
3395 664 3520 711 esse
3566 647 3828 709 laudabi-

2228 743 2361 816 lem,
2383 746 2432 803 si
2459 745 2513 803 ei
2531 761 2627 818 per
2644 746 2821 804 omnia
2850 746 3165 803 conveniret
3187 743 3332 817 quod
3369 743 3528 812 dixit,
3550 741 3831 800 Iudiciaria

2224 857 2288 897 ea:
2314 856 2416 897 tuto
2442 840 2499 897 in
2525 839 3023 907 condemnationem,
3040 839 3207 911 gratia
3234 845 3402 894 autem
3429 830 3495 901 sit;
3528 836 3709 891 multis
3730 837 3832 893 (ιι-

2228 914 2361 991 lictis
2380 933 2432 987 in
2446 932 2888 1004 justiﬁcatt'onent.
2917 931 3033 1000 Qua
3063 940 3121 988 tu
3156 946 3285 1004 ergo
3332 930 3554 989 licentia
3590 930 3834 1000 gratiam

2227 1024 2427 1083 Christi
2446 1040 2511 1082 ea
2532 1024 2839 1087 laudatione
2865 1022 3135 1081 fraudabis
3155 1062 3172 1092 ,
3197 1038 3302 1096 qua
3350 1023 3500 1085 illam
3529 1022 3833 1094 Apostolus

2230 1120 2402 1185 voluit
2426 1119 2740 1191 praedicari;
2765 1118 3063 1190 utdcjicias
3117 1117 3329 1179 titulum
3370 1115 3655 1188 dignitatis
3684 1156 3700 1181 .
3730 1130 3832 1187 pel

2229 1228 2390 1286 quem
2419 1213 2594 1271 solum
2623 1211 2885 1271 honorem
2900 1211 3020 1282 ejus
3045 1224 3139 1271 vas
3164 1207 3445 1271 elsctionis
3463 1206 3637 1269 voluit
3658 1221 3855 1297 agnos

2229 1306 2308 1363 sci
2323 1304 2347 1360 ?
3849 1303 3853 1309 ’

2248 1450 2253 1453 Α
2303 1404 2441 1457 Anc.
2463 1397 2592 1456 Bato
2606 1395 2673 1454 ad
2694 1396 2951 1470 parvulos
2972 1411 3084 1454 non
3110 1392 3384 1467 pervenit,
3422 1392 3471 1451 si
3496 1390 3647 1451 nullo
3690 1390 3836 1455 deli-

2232 1502 2345 1563 cto,
2374 1491 2672 1550 secundum
2702 1505 2820 1559 vos,
2849 1489 3066 1561 obligati
3106 1496 3232 1544 sunt
3265 1502 3280 1541 :
3312 1484 3412 1545 sed
3450 1484 3578 1556 quia
3606 1482 3837 1555 obligati

2232 1594 2375 1654 sunt,
2407 1585 2645 1658 profecto
2668 1584 2839 1656 gratia
2859 1598 2929 1640 ex
2963 1582 3151 1639 multis
3170 1580 3381 1638 delictis
3427 1577 3838 1636 multitudine-

2234 1679 2475 1736 Iidelium
2496 1693 2715 1736 suorum
2730 1675 3053 1747 iustiﬁcam,
3074 1674 3241 1732 etiam
3268 1672 3338 1728 ad
3364 1687 3531 1729 unum
3571 1669 3836 1727 delitam

2236 1772 2535 1831 sanandum
2575 1764 2846 1842 "pervenit
2910 1775 3242 1836 comment
3286 1782 3357 1824 ex
3395 1781 3494 1822 ore
3541 1763 3837 1822 infantiu-

2239 1865 2484 1923 destruat
2559 1879 2657 1922 ora
2710 1862 3009 1921 Iallentium
3088 1862 3433 1919 inimicorum
3475 1868 3535 1918 et
3578 1857 3837 1917 Metisc-

2236 1975 2381 2017 rum.

2310 2052 2550 2108 CXXXI.
2575 2051 2694 2109 Jun.
2718 2050 2813 2107 llle
2837 2050 2993 2120 dixit,
3020 2049 3205 2106 Gratia
3225 2065 3292 2106 es
3316 2047 3494 2109 uti!
3525 2045 3733 2103 delictis
3778 2046 3837 2102 in

2240 2145 2652 2217 iustiﬁcatlouan
2700 2161 2722 2201 :
2760 2146 2852 2201 ille
2893 2144 3101 2215 peccati
3144 2142 3491 2199 efﬁcientia‘
3547 2139 3835 2197 medicina

2240 2242 2451 2312 copiam
2481 2240 2746 2312 praetulit;
2778 2239 2871 2310 qui
2916 2251 3110 2294 sensus
3152 2235 3554 2292 Catholieormn
3590 2232 3839 2305 deum

2242 2336 2507 2406 congruit,
2534 2334 2945 2404 intelligentiam
2974 2333 3028 2388 in
3050 2332 3136 2389 his
3172 2330 3552 2388 remissionem
3579 2339 3841 2400 peccato-

2243 2442 2363 2483 rum
2394 2426 2511 2482 ﬁeri
2534 2466 2550 2492 ,
2592 2427 2648 2481 in
2678 2426 2873 2496 quibus
2921 2433 3146 2496 possunt
3170 2424 3341 2479 multa
3367 2421 3740 2491 deprehendi,
3780 2418 3843 2477 id

2244 2526 2347 2586 est,
2376 2527 2529 2574 motu
2554 2518 2795 2589 proprias
2813 2516 3105 2573 voluntatis
3140 2523 3366 2571 attracta
3400 2530 3415 2568 :
3438 2512 3495 2569 in
3520 2514 3721 2584 quibus
3743 2527 3845 2569 an-

2203 2658 2211 2663 .
2244 2619 2354 2667 tem
2382 2626 2489 2667 non
2520 2612 2590 2668 sit
2605 2610 2691 2667 hic
2711 2618 2889 2666 motus
2911 2611 3146 2682 propria:
3169 2608 3495 2674 voluntatis,
3543 2606 3601 2663 id
3778 2605 3838 2663 in

2244 2704 2504 2776 parvulis,
2524 2720 2637 2761 non
2664 2705 2843 2761 minus
2870 2704 3015 2760 nulla
3043 2717 3187 2772 esse,
3218 2717 3381 2774 quam
3411 2702 3601 2759 multa.

2315 2795 2454 2852 Anc.
2481 2794 2635 2851 Nulla
2664 2794 2870 2867 ergoad
2892 2810 2986 2850 eos
3008 2794 3300 2851 Salvatoris
3323 2794 3558 2865 pertinet
3612 2791 3839 2850 medici-

2246 2901 2347 2953 na,
2376 2895 2434 2943 et
2452 2886 2701 2942 Christus
2723 2902 2828 2942 non
2859 2895 2944 2943 est
2969 2887 3049 2942 eis
3071 2886 3228 2942 Iesus
3256 2902 3271 2940 :
3300 2895 3361 2942 et
3394 2894 3454 2941 tu
3496 2886 3587 2956 qui
3616 2884 3722 2941 hoc
3746 2884 3835 2941 di-

2247 2981 2348 3047 cis,
2374 2980 2540 3036 audes
2555 2980 2736 3035 vocari
2763 2979 3116 3036 christianos!
3146 2978 3350 3035 Deinde
3372 3018 3391 3047 ,
3422 2979 3504 3046 si,
3536 2987 3597 3034 nt
3623 2978 3834 3044 deﬁnis,

2248 3071 2304 3127 in
2333 3073 2419 3127 his
2440 3072 2499 3127 lit
2539 3072 2791 3128 remissio
2848 3080 3226 3142 peccatorum,
3270 3071 3327 3127 in
3371 3070 3567 3142 quibus
3617 3077 3840 3141 possunt

2247 3164 2413 3220 multa
2436 3163 2766 3235 deprehendi
2786 3180 2802 3227 ;
2825 3165 3077 3234 quoniam
3106 3164 3185 3220 sic
3204 3163 3405 3234 accipis
3426 3163 3569 3234 quod
3594 3164 3670 3218 ait
3694 3164 3842 3234 Apo-

2247 3258 2436 3324 stolus,
2469 3257 2650 3313 Gratia
2671 3275 2735 3313 ea:
2755 3258 2930 3312 multis
2956 3257 3153 3312 delictis
3175 3257 3229 3312 in
3248 3257 3667 3329 iustiﬁcationes»
3687 3272 3708 3311 τ
3732 3271 3838 3312 non

2246 3348 2518 3421 pertinent
2547 3350 2612 3404 ad
2631 3348 3005 3405 remissionem
3034 3358 3411 3420 peccatorum,
3463 3348 3554 3418 qui
3578 3391 3593 3415 ,
3648 3362 3841 3404 secun-

2248 3440 2374 3497 dum
2401 3454 2521 3507 vos,
2542 3456 2649 3495 non
2672 3440 2933 3497 habentes
2953 3440 3216 3512 originale
3268 3449 3574 3512 peccatum,
3598 3440 3668 3496 ad
3689 3442 3840 3498 lavs-

2248 3547 2399 3588 crum
2429 3533 2850 3604 regenerationis
2876 3547 2999 3589 eum
3042 3531 3271 3604 singulis
3319 3533 3545 3589 veniunt
3586 3534 3837 3603 paueisve

2248 3628 2502 3699 peccatis.
2527 3627 2717 3684 Videte
2735 3644 2856 3700 qua:
2879 3628 3083 3693 dicitis;
3114 3636 3169 3684 et
3197 3645 3303 3687 non
3330 3630 3653 3687 erubescitis
3682 3672 3698 3697 ,
3730 3645 3834 3686 non

2248 3723 2620 3793 expavescitis,
2648 3737 2751 3778 non
2780 3722 3005 3778 tacetis?
3030 3722 3087 3778 Si
3102 3731 3279 3779 autem
3319 3714 3569 3779 homines
3614 3720 3839 3795 psecare

2249 3813 2591 3887 incipientes,
2619 3823 2674 3871 et
2691 3815 2928 3870 nondum
2958 3810 3220 3871 habentes
3270 3816 3437 3871 multa
3463 3815 3681 3881 delicta,
3715 3832 3836 3887 prr-

2249 3906 2455 3977 cipiunt
2501 3918 2678 3964 tamen
2705 3909 2929 3979 gratiam
2951 3924 3015 3963 ex
3044 3909 3230 3964 multis
3274 3909 3653 3980 justiﬂeantem
3707 3909 3839 3966 deli-

2249 3999 2371 4066 etis;
2393 4014 2493 4055 cur
2512 4000 2565 4055 in
2586 4000 2787 4058 eisdem
2816 4002 2995 4056 multis
3014 4003 3174 4057 etiam
3217 4002 3423 4073 singula
3473 4002 3838 4072 quorumlibet

2248 4102 2561 4163 computare
2588 4110 2696 4150 non
2727 4095 2910 4163 vultis,
2940 4111 3046 4150 non
3070 4095 3140 4150 ob
3165 4095 3307 4151 aliud
3337 4137 3353 4163 ,
3407 4095 3509 4150 nisi
3556 4104 3613 4151 ut
3660 4094 3730 4150 ab
3775 4111 3837 4152 ea

2249 4189 2499 4258 parvulos
2540 4189 2702 4259 impie
2742 4191 3040 4261 separetis;
3077 4191 3335 4262 vobisque
3378 4190 3645 4263 pernicies
3672 4193 3837 4262 passi.

2248 4295 2351 4335 ma:
2373 4279 2669 4351 iniquitatis
2717 4281 3011 4348 incumbat,
3045 4291 3101 4337 ut
3126 4283 3194 4339 ab
3219 4283 3307 4337 illa
3335 4284 3496 4339 etiam
3524 4284 3834 4355 grandiores

2248 4373 2482 4445 primum
2516 4386 2739 4444 peccare
2768 4376 3086 4448 incipientes
3118 4420 3133 4445 ,
3184 4377 3532 4450 nondumque
3580 4376 3835 4434 habentes

2248 4467 2439 4534 multa,
2471 4466 2569 4524 sed
2588 4469 2825 4542 singula,
2856 4469 2939 4528 vel
2957 4487 3126 4544 pauca
3166 4482 3384 4546 peccata
3407 4510 3426 4549 ,
3469 4470 3679 4528 alienos
3719 4485 3834 4529 esse

2196 4626 2205 4632 ο
2247 4558 2476 4618 dicatis?

2322 4647 2582 4711 CXXXII.
2612 4654 2730 4713 IUL.
2760 4656 3051 4728 Apostolus
3077 4673 3206 4730 ergo
3229 4657 3321 4715 ubi
3346 4656 3587 4732 praetulit
3613 4658 3833 4731 gratiam

2250 4730 2490 4820 peccato,
2515 4758 2756 4805 nostrum
2785 4734 2974 4822 dogma
3002 4751 3321 4806 Communit.

2276 4912 2281 4917 Δ
2322 4843 2458 4898 Anc.
2485 4840 2596 4897 Imo
2627 4851 2860 4898 vestrum
2907 4842 3102 4915 dogma
3130 4844 3423 4901 subvertit:
3447 4844 3571 4915 quia
3596 4844 3696 4901 ista
3720 4859 3835 4921 gra-

2251 4933 2321 4989 tia
2348 4949 2507 5006 quam
2536 4926 2769 5006 peccato
2817 4936 3074 5008 praetulit,
3103 4952 3168 4992 ex
3201 4937 3381 4992 multis
3409 4932 3621 4993 delictis
3642 4936 3835 5009 justiﬁ-

2250 5032 2357 5089 cat,
2382 5034 2437 5081 et
2458 5025 2578 5081 ideo
2605 5026 2879 5097 pertinens
2920 5027 2985 5081 ad
3018 5028 3245 5098 pusillos
3271 5043 3391 5084 cum
3439 5028 3681 5100 magnis,
3733 5043 3829 5085 nec

2252 5116 2417 5171 ullum
2445 5119 2683 5190 praeterit
2714 5118 3029 5190 pusillorum
3054 5159 3073 5189 ,
3122 5121 3212 5193 qui
3253 5120 3476 5176 remittit
3526 5120 3704 5175 omnia
3732 5135 3836 5179 om-

2201 5273 2209 5277 ,
2252 5207 2402 5264 nium
2444 5223 2699 5278 suorum,
2759 5209 2812 5266 id
2866 5220 2981 5280 est,
3037 5212 3349 5285 pusillorum
3401 5223 3561 5286 atque
3610 5228 3833 5285 magnoo

2251 5317 2391 5357 rum.

2322 5391 2610 5450 CXXXIII.
2638 5393 2759 5452 Jun.
2786 5393 2939 5453 Nunc
2962 5405 3017 5453 tu
3044 5397 3146 5454 ede
3164 5440 3181 5467 ,
3202 5397 3295 5455 ttbi
3324 5398 3619 5472 aequaverit
3647 5414 3832 5471 pecca-

2204 5542 2211 5549 ,
2255 5494 2312 5543 to
2334 5489 2557 5558 gratiam
2582 5502 2597 5553 ;
2620 5495 2677 5543 ut
2700 5490 2951 5559 quoniam
2981 5490 3114 5546 Iides
3144 5499 3231 5546 tua
3263 5505 3370 5547 non
3408 5492 3555 5563 capit
3600 5491 3839 5548 remrdia.

2253 5580 2817 5656 prmlatavulneribus,
2845 5583 3036 5639 saltem
3077 5584 3258 5653 capiat
3295 5583 3352 5640 in
3394 5593 3678 5655 angustum
3730 5597 3836 5638 non

2253 5671 2565 5727 excedentia
2606 5675 3063 5743 comparationem
3116 5677 3375 5732 redacta:
3412 5676 3556 5748 quod
3608 5676 3653 5731 si
3707 5675 3839 5732 scri-

2257 5807 2336 5921 m‘
2371 5809 2446 5858 sic
2469 5810 2733 5864 Menenius.
2773 5819 2829 5865 At
2851 5814 3125 5879 vignierius
3158 5820 3213 5867 et
3235 5816 3364 5881 915.,
3384 5808 3657 5881 £115ch
3674 5818 3840 5879 pecca-
