4062 6494
261 361 404 424 H97

257 489 406 553 ptum
436 475 646 545 uspiam
675 470 981 542 repereris;
1027 463 1252 525 Paulum
1279 475 1456 522 tamen
1485 464 1554 521 ab
1583 464 1686 519 hac
1710 477 1844 517 con~

256 572 422 630 stabit
469 569 761 625 abhorrere
801 563 1108 620 sententia:
1142 571 1195 616 et
1237 569 1298 616 ut
1347 557 1666 629 compendio
1707 564 1850 609 totus

257 663 501 737 Apostoli
525 674 717 718 sensus
737 659 965 720 eluceat,
998 657 1092 718 ait,
1137 653 1314 708 Gratia
1331 670 1397 707 ac
1435 653 1608 706 multis
1655 647 1852 702 delictis

259 759 316 814 in
335 753 758 830 justiﬁcationem
790 765 809 804 :
835 749 1003 804 multa
1046 755 1224 801 autem
1275 745 1468 799 delicta
1513 756 1612 796 nec
1661 753 1854 794 secun-

259 849 388 908 dum
416 856 469 904 te
497 843 703 916 parvuli
731 841 950 906 habent,
998 839 1089 911 qui
1143 837 1440 894 secundum
1479 831 1798 904 Apostolum
1831 865 1851 898 ,

258 943 468 1001 nullum
484 943 502 973 ³
527 937 747 994 habent.

333 1039 470 1096 Anc.
504 1034 661 1090 Multa
699 1029 898 1086 delicta
947 1041 1045 1082 nec
1097 1022 1390 1082 secundum
1418 1028 1470 1075 te
1490 1017 1720 1083 habent,
1763 1014 1856 1086 qui

261 1135 504 1206 primum.
525 1140 748 1199 peccare
774 1129 1057 1192 coeperunt
1087 1137 1102 1175 :
1125 1127 1180 1172 et
1204 1127 1384 1172 tamen
1411 1128 1506 1168 eos
1528 1126 1729 1183 negare
1748 1124 1857 1165 non

262 1232 425 1299 potes
447 1222 516 1277 ad
544 1223 680 1275 hanc
727 1231 793 1271 ex
835 1213 1020 1268 multis
1057 1211 1268 1267 delictis
1307 1206 1687 1279 justiﬁcantem
1731 1218 1857 1274 gra-

265 1296 431 1381 tiam,
455 1329 574 1370 cum
601 1311 666 1366 ad
714 1307 984 1378 Baptisms
1046 1299 1638 1371 veniunt,-pertinere.
1695 1296 1856 1352 Multa

266 1423 402 1478 ergo
427 1405 616 1460 delicta
639 1409 764 1455 sunt
807 1399 976 1454 totius
1006 1395 1222 1467 populi,
1270 1394 1322 1450 in
1359 1407 1468 1463 quo
1492 1399 1617 1447 sunt
1642 1398 1698 1445 et
1720 1404 1860 1461 par-

265 1499 413 1563 vuli;
447 1495 514 1551 ad
535 1509 694 1565 quem
734 1490 988 1562 populum
1028 1487 1262 1544 civitatis
1302 1484 1397 1540 Dei
1443 1498 1568 1539 cum
1618 1480 1862 1552 pervenit

264 1591 439 1665 gratia
465 1586 763 1644 ex-multis
801 1582 1014 1640 delictis
1049 1579 1387 1652 justiﬁcans,
1438 1574 1643 1631 invenit
1683 1573 1756 1629 ibi
1808 1581 1864 1628 et

263 1686 436 1740 multa
465 1680 790 1750 aliquorum,
821 1683 876 1731 et
895 1687 1066 1746 pauca
1093 1671 1344 1733 aliorum,
1371 1675 1430 1724 et
1479 1665 1689 1737 singula
1741 1679 1864 1735 par-

264 1774 552 1838 vulorum;
585 1783 706 1841 quae
756 1768 918 1824 simul
972 1766 1158 1836 utique
1210 1762 1378 1818 multa
1408 1769 1535 1816 sunt
1561 1758 1770 1825 omnia,
1808 1765 1865 1814 et

195 1893 204 1899 -
266 1864 618 1925 multitudine
660 1877 757 1918 sua
808 1859 1138 1930 redarguunt
1179 1855 1347 1912 multa
1381 1862 1437 1910 et
1484 1853 1664 1908 inania
1700 1849 1864 1906 verba

267 1968 385 2017 tua.
410 1959 466 2014 Si
493 1966 673 2013 autem
691 1953 986 2011 secundum
1013 1949 1351 2020 Apostolum,
1371 1947 1514 2003 sicut
1541 1953 1717 2016 putas,
1743 1943 1866 1998 nul-

269 2051 385 2109 lum
411 2049 664 2106 delictum
692 2046 894 2102 habent
932 2041 1177 2114 parvuli;
1229 2039 1371 2095 unde
1400 2053 1528 2109 ergo
1569 2034 1866 2091 secundum

269 2141 591 2215 Apostolum
615 2137 816 2195 mortui
848 2134 1012 2193 sunt?
1037 2134 1172 2203 Quia
1199 2141 1256 2189 et
1279 2130 1574 2188 secundum
1605 2137 1677 2194 te,
1705 2127 1866 2182 etiam

266 2251 370 2310 pro
398 2235 532 2306 ipsis
547 2241 802 2289 mortuus
825 2239 908 2286 est
931 2227 1223 2285 Christus:
1259 2224 1405 2282 Unus
1433 2224 1578 2280 enim
1625 2238 1720 2296 pro
1759 2237 1869 2276 om-

274 2330 428 2386 nibus
452 2337 684 2383 mortuus
708 2335 782 2381 est
801 2341 820 2392 ;
840 2339 960 2395 ergo
989 2337 1160 2377 omnes
1179 2321 1367 2375 mortui
1403 2327 1553 2384 sunt;
1573 2325 1620 2371 et
1648 2331 1742 2387 pro
1761 2331 1872 2369 om-

272 2423 425 2479 nibus
443 2430 676 2476 mortuus
693 2427 767 2473 est
787 2417 854 2490 (-lI
879 2417 998 2471 Cor.
1022 2430 1076 2480 ν,
1094 2414 1163 2469 Η
1181 2422 1228 2468 et
1243 2411 1358 2483 l6).
1375 2411 1607 2478 Juliane,
1629 2424 1737 2464 non
1767 2407 1871 2464 hoc

279 2515 628 2587 Augustinus,
659 2511 754 2568 sed
775 2509 1064 2580 Apostolus
1092 2506 1259 2572 dixit;
1285 2506 1395 2560 imo
1421 2505 1538 2574 ipse
1584 2518 1683 2575 per
1713 2515 1869 2557 suum

279 2607 598 2682 Apostolum
611 2605 854 2662 Christus
874 2621 887 2654 :
907 2602 1102 2658 cohibe
1119 2608 1173 2655 te
1187 2615 1218 2654 a
1237 2597 1566 2668 vaniloquio,
1589 2596 1720 2653 cede
1737 2596 1870 2652 Deo.

265 2762 274 2768 _
353 2697 642 2757 CXXXIV.
671 2698 787 2754 JoL.
817 2699 1042 2752 Constat
1066 2693 1154 2749 hic
1195 2692 1358 2763 igitur
1385 2691 1693 2762 Magistrum
1723 2689 1870 2746 Gen-

277 2795 414 2851 tium
440 2808 550 2849 non
571 2791 639 2847 de
662 2789 1004 2846 nascentibus
1027 2787 1331 2858 disputasse
1352 2825 1367 2850 ,
1398 2783 1494 2840 sed
1548 2781 1617 2839 de
1648 2781 1734 2838 his
1780 2781 1873 2853 qui

274 2887 388 2960 jam
410 2894 558 2941 motu
585 2882 814 2954 propriae
833 2878 1124 2936 voluntatis
1144 2884 1386 2932 utuntur.

351 2980 487 3035 Acs.
514 2976 710 3046 Digcre
733 2971 1006 3044 crapulam
1019 2968 1400 3034 contentionis,
1447 2973 1503 3023 et
1528 2959 1872 3036 expergisce-

275 3085 360 3140 re,
388 3077 442 3125 et
465 3067 702 3137 intellige
721 3065 997 3128 delictum,
1025 3071 1079 3117 et
1103 3061 1283 3128 unius,
1311 3067 1366 3115 et
1403 3072 1567 3114 unum
1585 3099 1602 3124 ,
1651 3057 1724 3113 de
1769 3069 1876 3128 quo

277 3163 481 3219 dictum
503 3167 607 3224 est,
655 3156 719 3214 Si
761 3157 896 3210 enim
920 3154 982 3210 ob
1010 3154 1162 3208 unius
1209 3152 1450 3206 delictum
1489 3149 1640 3204 metti
1689 3147 1877 3204 mortui

275 3264 394 3314 sunt
420 3253 599 3330 (Rom.
632 3265 690 3318 ν,
710 3249 840 3321 15):
869 3247 1021 3306 multi
1050 3246 1246 3316 quippe
1274 3243 1359 3298 isti
1385 3243 1488 3313 ipsi
1515 3249 1640 3297 sunt
1659 3254 1874 3306 omnes,

276 3349 348 3404 de
371 3346 565 3418 quibus
587 3341 834 3399 alioloco
863 3338 1015 3404 dicit,
1051 3336 1198 3391 Sicut
1242 3333 1299 3389 in
1349 3332 1518 3388 Adam
1556 3348 1728 3388 ontnes
1765 3346 1878 3386 mo-

280 3442 488 3496 riuntur
509 3437 552 3508 (l
569 3435 688 3492 Cor.
718 3449 809 3500 xv,
835 3431 961 3502 23):
983 3439 1039 3486 et
1063 3429 1134 3485 ibi
1159 3426 1364 3484 videbis
1381 3433 1437 3482 et
1459 3425 1730 3508 parvulos,
1753 3423 1877 3495 quia

285 3541 342 3590 et
367 3545 468 3603 pro
481 3507 610 3600 ipsis
632 3527 885 3593 etiam,‘te
903 3522 1212 3585 conﬁtente,
1232 3526 1477 3575 mortuus
1493 3528 1575 3573 est
1588 3507 1835 3574 Christus
1860 3534 1875 3572 :

286 3625 475 3694 utique
503 3637 624 3677 cum
653 3619 876 3675 dixisset
904 3613 1201 3686 Apostolus
1222 3651 1239 3677 ,
1270 3610 1394 3682 quia
1419 3625 1552 3663 unus
1582 3624 1674 3680 pro
1715 3607 1881 3661 omni-

289 3718 385 3774 bus
408 3723 635 3770 mortuus
659 3721 754 3778 est,
781 3709 1034 3767 continuo
1057 3705 1185 3776 quid
1208 3702 1510 3759 necessario
1537 3708 1877 3772 sequeretur,

287 3808 528 3866 ostendit
548 3806 753 3870 dicens,
778 3802 914 3874 Ergo
930 3813 1103 3856 omnes
1123 3795 1314 3852 mortui
1338 3802 1497 3860 sunt;
1523 3801 1571 3849 et
1595 3807 1690 3864 pro
1709 3791 1880 3847 omni-

282 3899 380 3956 bus
397 3907 629 3953 mortuus
647 3903 742 3950 est.

357 3989 622 4049 CXXXV.
653 3987 775 4044 Jun.
816 3984 932 4041 Jam
973 3996 1104 4038 vero
1139 3977 1282 4052 quod
1309 3975 1517 4033 addidit
1551 3974 1879 4046 Apostolus,

286 4086 434 4144 Sicut
459 4101 550 4156 per
575 4082 728 4137 unius
743 4079 982 4134 delictum
1002 4075 1057 4129 in
1081 4088 1258 4128 omnes
1282 4069 1350 4124 ad
1375 4068 1883 4133 condemnationem;

285 4177 364 4233 ita
392 4187 440 4230 et
465 4191 555 4246 per
590 4174 740 4228 unius
777 4169 1026 4239 iustitiam
1066 4166 1120 4220 in
1149 4179 1322 4218 omnes
1343 4161 1571 4215 homines
1600 4159 1666 4212 ad
1687 4158 1885 4230 justifi-

291 4269 538 4324 cotionem
568 4263 746 4334 (Rom.
776 4278 829 4327 v,
869 4259 981 4330 18),
1013 4266 1218 4312 tantum
1264 4253 1384 4324 opis
1429 4251 1666 4320 impertit
1707 4249 1882 4315 nobis,

293 4371 547 4433 quantum
577 4359 630 4413 in
650 4359 840 4428 dogma
863 4364 1008 4409 tuum
1027 4359 1204 4406 movet
1231 4346 1474 4417 fragoris.
1494 4344 1704 4400 Ponens
1731 4342 1889 4414 quip-

294 4471 367 4526 pe
394 4453 446 4507 in
475 4451 754 4506 con-trariis
783 4447 1018 4518 partibus
1035 4459 1226 4507 omnes,
1253 4441 1446 4512 quibus
1471 4438 1652 4494 verbis
1669 4451 1774 4491 non
1797 4449 1890 4506 po-

297 4552 407 4601 test
431 4544 534 4599 ulla
553 4556 676 4598 esse
701 4537 1027 4610 coniunctio,
1053 4535 1119 4590 ad
1147 4535 1540 4603 Scripturarum
1568 4543 1668 4584 nos
1684 4541 1886 4584 morem

294 4636 544 4702 remittit,
575 4641 632 4688 ut
655 4632 1005 4700 intelligamus
1032 4639 1208 4684 omnes
1232 4624 1336 4681 dici
1367 4623 1544 4678 solere
1567 4635 1666 4692 pro
1687 4618 1886 4675 multis.

293 4729 428 4786 Nam
459 4727 512 4783 in
543 4727 658 4796 ipsa
701 4724 878 4780 fronte
914 4721 1200 4778 verborum
1229 4731 1424 4788 magna
1463 4713 1738 4769 barbaries
1763 4719 1845 4768 est
1872 4727 1888 4765 :

295 4821 384 4892 qui
407 4819 556 4876 enim
577 4828 769 4873 omnes
812 4813 878 4868 ad
905 4809 1339 4883 justiticationem
1367 4805 1607 4872 veniunt,
1631 4803 1679 4860 si
1706 4817 1890 4874 perre-

215 4987 218 4990 _
297 4914 476 4971 xerint
495 4926 685 4967 omnes
711 4908 779 4964 ad
806 4901 1346 4963 condemnationem?
1371 4908 1466 4956 aut
1491 4900 1580 4970 qui
1615 4913 1803 4954 omnes
1823 4895 1893 4952 ad

301 5019 536 5078 prunam,
564 5003 610 5058 si
637 5015 828 5057 omnes
853 4999 1134 5070 rapiuntur
1171 4994 1241 5050 ad
1269 4991 1536 5065 gloriam?
1559 4988 1894 5048 Generalitas

305 5101 463 5155 unius
487 5097 654 5168 partis
673 5137 688 5163 ,
715 5097 892 5150 locum
921 5090 1162 5148 excludit
1188 5087 1429 5143 alterius.

382 5196 516 5249 Anc.
558 5193 697 5262 Ergo
723 5199 776 5245 et
799 5188 890 5244 ubi
927 5187 1128 5241 dictum
1159 5191 1261 5248 est,
1291 5181 1358 5236 In
1392 5195 1492 5251 quo
1516 5193 1690 5233 omnes
1715 5191 1896 5248 pecca-

308 5296 484 5343 uerunt
509 5283 688 5357 (lbid.,
713 5280 825 5353 12),
849 5278 1000 5336 multi
1019 5284 1143 5332 sunt
1169 5271 1520 5345 intelligendi,
1543 5285 1650 5326 non
1676 5281 1899 5324 omnes:

310 5378 453 5451 quod
475 5377 517 5433 si
552 5377 622 5432 ita
645 5381 745 5440 est,
772 5373 982 5444 cogeris
1010 5371 1213 5433 dicere,
1243 5382 1350 5422 non
1379 5379 1568 5421 omnes
1593 5370 1904 5434 peccatores

305 5470 468 5526 unius
497 5467 639 5524 illius
665 5466 901 5523 hominis
939 5461 1235 5518 imitatione
1265 5472 1535 5530 peccasse,
1567 5456 1661 5509 sed
1688 5454 1903 5526 multos.

1569 347 1769 405 LIBER
1806 344 2189 406 SECUNDUS.

1960 462 2087 518 los:
2118 465 2527 533 respondebitur
2553 470 2668 540 tibi,
2697 473 2819 544 quia
2840 489 2940 531 nec
2961 475 2983 510 ί
3013 480 3205 535 mortui
3227 487 3352 537 sunt
3375 482 3428 538 in
3457 486 3549 542 illo

1960 555 2186 658 parvuli,
2215 571 2395 658 ac-per
2418 559 2520 616 hoc
2551 577 2656 616 non
2680 579 2775 633 pro
2796 566 2901 620 illis
2927 567 3168 625 Christus
3186 581 3426 627 mortuus
3446 585 3546 641 est,

1959 651 2079 716 quia
2131 651 2342 704 nonnisi
2389 666 2486 720 pro
2551 657 2775 710 mortuis
2823 658 2912 712 ille
2977 669 3220 716 mortuus
3256 671 3359 731 est,
3415 666 3554 721 sicut

1958 737 2248 807 Apostolus
2275 741 2473 796 clamat
2503 761 2518 798 :
2555 754 2714 814 atque
2743 748 2843 815 ita,
2867 757 2923 804 et
2944 759 3128 806 contra
3171 762 3222 809 te
3255 754 3427 824 ipsum
3460 772 3553 813 ve-

1961 832 2096 897 nies,
2119 842 2173 886 et
2190 850 2216 886 a
2231 837 2399 903 gratia
2421 835 2618 891 Christi
2635 841 2842 908 penitus
2859 844 3114 912 parvulos
3136 849 3428 915 separabis,
3457 865 3555 919 pro

1961 926 2156 997 quibus
2169 926 2438 982 Christum
2459 939 2727 985 mortuum
2742 949 2846 987 non
2865 949 2987 991 esse
3001 937 3241 992 dicturus
3260 953 3339 994 es.
3353 940 3555 995 Conse-

1961 1028 2189 1089 quenter
2230 1020 2390 1074 etiam
2430 1021 2780 1090 baptizandus
2805 1026 3026 1094 negabis
3067 1027 3120 1081 in
3150 1026 3382 1084 Christo.
3428 1030 3558 1098 Qui-

1962 1128 2172 1182 cumque
2194 1111 2335 1167 enim
2357 1113 2601 1183 baptizati
2618 1131 2792 1169 sumus
2812 1117 2865 1170 in
2885 1117 3106 1185 Christo,
3127 1120 3283 1176 sicuti
3306 1122 3382 1177 ait
3410 1123 3554 1179 idem

1962 1205 2238 1272 apostolus
2261 1246 2276 1270 ,
2304 1205 2360 1258 in
2385 1214 2546 1259 morte
2573 1207 2594 1236 '
2620 1206 2783 1275 ipsius
2811 1206 3051 1277 θηρήιαιὶ
3075 1227 3249 1266 sumus
3280 1212 3454 1287 (Rom.
3478 1230 3556 1282 vr,

1963 1294 2061 1368 3):
2099 1296 2175 1350 illi
2200 1308 2380 1351 autem
2412 1296 2752 1366 baptizantur
2782 1298 2834 1354 in
2863 1311 3035 1357 morte
3072 1302 3293 1369 Christi,
3318 1321 3414 1375 pro
3437 1307 3559 1378 qui-

1965 1388 2065 1446 bus
2095 1398 2340 1444 mortuus
2362 1399 2446 1445 est
2465 1433 2468 1437 λ
2489 1389 2754 1445 Christus.
2799 1392 2957 1448 Nullo
2986 1394 3147 1449 modo
3171 1395 3330 1466 igitur
3357 1397 3424 1453 ab
3453 1398 3563 1455 ori—

1965 1483 2128 1555 ginali
2168 1491 2390 1555 peccato
2431 1483 2693 1539 alienabis
2732 1485 3008 1554 parvulos,
3051 1487 3154 1542 nisi
3189 1503 3284 1543 eos
3327 1489 3487 1545 simul
3529 1502 3563 1546 a

1964 1576 2134 1646 gratia
2177 1575 2518 1645 Baptismatis
2561 1574 2759 1631 Christi
2805 1577 2998 1633 feceris
3037 1579 3243 1636 alienos
3289 1580 3335 1636 ⁸.
3378 1581 3437 1637 In
3493 1597 3560 1639 eo

1966 1680 2098 1724 vero
2121 1667 2264 1738 quod
2295 1668 2388 1722 tibi
2415 1667 2650 1736 videtur,
2678 1668 2786 1723 duo
2809 1669 2909 1724 ista
2942 1671 3082 1725 inter
3105 1685 3164 1727 se
3193 1687 3314 1730 esse
3343 1683 3562 1730 contra-

1967 1763 2066 1831 ria,
2096 1773 2154 1818 ut
2174 1779 2363 1820 omnes
2391 1771 2516 1819 eant
2538 1764 2591 1819 in
2631 1764 3134 1821 condemnationem
3164 1783 3259 1837 per
3287 1768 3476 1836 Adam,
3509 1778 3566 1826 et

1968 1870 2158 1912 omnes
2173 1872 2360 1912 rursus
2380 1857 2434 1912 in
2449 1857 2886 1928 justiﬁeationem
2911 1873 3010 1928 per
3031 1859 3321 1928 Christum,
3344 1862 3565 1918 omnino

1969 1965 2140 2007 erras.
2181 1950 2370 2006 Nullus
2397 1950 2544 2006 enim
2582 1950 2856 2005 hominum
2887 1951 2988 2006 nisi
3016 1967 3114 2022 per
3139 1953 3306 2008 Adam
3340 1953 3568 2012 trahitur

1969 2044 2039 2100 ad
2067 2044 2488 2112 damnationem,
2519 2043 2588 2100 de
2616 2059 2716 2115 qua
2765 2059 2862 2114 per
2895 2045 3165 2101 lavacrum
3199 2049 3565 2119 regeneratio-

1970 2137 2056 2192 nis
2084 2136 2328 2192 homines
2354 2137 2687 2202 liberantur;
2723 2143 2778 2192 et
2814 2137 2991 2193 nullus
3031 2138 3306 2194 hominum
3334 2140 3433 2196 nisi
3469 2156 3568 2212 per

1972 2226 2240 2283 Christum
2271 2227 2343 2283 ab
2362 2227 2462 2282 hac
2490 2226 2834 2284 damnatione
2859 2227 3120 2284 liberatur
3146 2247 3160 2284 :
3191 2229 3312 2286 ideo
3333 2246 3398 2286 ex
3422 2241 3567 2286 utra-

1971 2334 2075 2389 que
2096 2326 2246 2389 parle
2274 2317 2402 2375 dicti
2424 2325 2550 2373 sunt
2568 2333 2790 2385 omnes;
2822 2320 2948 2390 quia
2975 2334 3134 2376 nemo
3165 2321 3232 2376 ad
3271 2321 3570 2379 damnatio-

1971 2424 2098 2466 nem
2117 2410 2480 2482 generationis
2506 2409 2612 2465 nisi
2647 2425 2746 2480 per
2771 2409 2954 2478 istum,
2989 2426 3149 2467 nemo
3186 2411 3253 2467 ad
3280 2413 3442 2469 vitam
3477 2430 3568 2470 re-

1972 2503 2339 2574 generationis
2367 2503 2473 2558 nisi
2506 2519 2604 2574 per
2624 2503 2798 2558 illum.
2827 2504 2903 2558 Ac
2930 2517 3029 2581 per
3056 2505 3156 2559 hoc
3174 2519 3276 2560 non
3299 2507 3570 2576 generali-

1976 2600 2060 2648 tas
2096 2593 2256 2649 unius
2275 2593 2442 2664 partis
2468 2594 2643 2650 locum
2689 2593 2922 2649 excludit
2949 2594 3203 2662 alterius;
3236 2597 3357 2667 quia
3389 2612 3460 2652 ex
3485 2598 3571 2654 his

1975 2684 2109 2756 ipsis
2129 2686 2220 2757 qui
2245 2685 2568 2757 generaliter
2590 2686 2890 2740 moriuntur
2911 2686 2962 2739 in
2981 2685 3176 2754 Adam,
3205 2703 3338 2758 quos
3360 2690 3474 2745 vult
3495 2688 3575 2743 vi-

1975 2781 2154 2836 vilicat
2171 2781 2438 2837 Christus.
2461 2779 2582 2838 Non
2604 2797 2734 2852 ergo
2759 2782 2850 2837 tibi
2875 2782 3201 2838 videbuntur
3229 2782 3368 2838 inter
3389 2796 3450 2839 se
3471 2783 3573 2838 ista

1974 2873 2264 2938 contraria,
2297 2873 2343 2928 sl
2366 2889 2471 2928 non
2493 2874 2568 2928 sis
2594 2873 2689 2928 tibi
2712 2873 2827 2945 ipse
2845 2874 3169 2929 contrarius.
3326 2880 3328 2882 '

1979 2995 1983 2998 -
2046 2963 2334 3020 CXXXVI.
2374 2964 2492 3020 Jun.
2549 2965 2748 3022 Verum
2800 2973 2860 3020 ut
2912 2965 3001 3021 hic
3055 2981 3267 3036 quoque
3319 2974 3578 3036 quantum

1976 3055 2282 3111 muniamur
2300 3055 2545 3111 advertas
2578 3073 2592 3110 :
2632 3070 2663 3111 a
2702 3057 2822 3111 loco
2860 3056 3177 3112 medicantis
3210 3058 3388 3113 locum
3420 3059 3576 3114 intel-

1977 3147 2082 3219 lige
2096 3148 2427 3205 vulnerantis
2446 3147 2488 3202 ⁸.
2513 3148 2568 3206 Si
2589 3150 2836 3205 Christus
2855 3151 3078 3205 salvavit
3091 3151 3579 3220 universos,Adam

1977 3255 2192 3311 quoque
2219 3239 2482 3296 universis
2512 3243 2761 3298 nocuisse
2791 3243 3042 3313 ﬁngatur.

2051 3334 2188 3391 Anc.
2227 3333 2496 3405 Numquid
2535 3335 2656 3392 ideo
2681 3351 2787 3391 non
2817 3339 3102 3392 mittuntur
3125 3351 3317 3394 omnes
3343 3339 3394 3394 in
3421 3339 3576 3396 dam-

1980 3427 2254 3481 nationem
2278 3442 2373 3496 per
2401 3427 2592 3491 Adam,
2623 3429 2875 3498 quoniam
2899 3444 3036 3500 quos
3057 3431 3171 3484 vult
3199 3431 3266 3485 ab
3299 3431 3397 3486 hac
3423 3432 3580 3488 dam-

1938 3567 1947 3575 .
1981 3519 2196 3574 natione
2216 3518 2405 3574 liberat
2431 3519 2708 3574 Christus?
2733 3519 2833 3587 Qui
2853 3530 3130 3590 propterea
3150 3536 3335 3576 omnes
3352 3522 3582 3580 liberare

1981 3611 2156 3666 dictus
2181 3617 2264 3666 est
2287 3611 2448 3664 etiam
2476 3609 2610 3680 ipse,
2632 3612 2883 3681 quoniam
2913 3628 3017 3666 non
3046 3611 3237 3666 liberat
3257 3627 3580 3684 quemquam

1983 3706 2085 3761 nisi
2116 3706 2229 3775 ipse
2255 3721 2268 3759 :
2292 3704 2615 3758 sicutdictus
2637 3713 2720 3759 est
2742 3703 3041 3759 illuminare
3063 3719 3276 3759 omnem
3308 3706 3582 3763 hominem

1985 3796 2180 3868 (Joan.
2224 3794 2406 3882 1,9),
2449 3794 2572 3866 quia
2619 3809 2778 3850 nemo
2821 3811 3143 3866 quemquam
3197 3796 3489 3868 illuminat,
3535 3800 3584 3856 si

1984 3903 2091 3945 non
2123 3900 2257 3956 ipse.

2057 3978 2362 4036 CXXXVII.
2404 3976 2523 4034 IUL.
2563 3975 2621 4034 Si
2664 3975 2907 4032 Christus
2947 3978 3170 4033 mutavit
3206 3977 3384 4034 ofﬁcia
3431 3981 3586 4051 geni-

1986 4071 2170 4127 talium
2194 4112 2209 4136 ,
2242 4070 2414 4124 Adam
2458 4085 2519 4124 ea
2564 4070 2884 4140 pervertisse
2921 4068 3171 4124 credatur
3207 4089 3222 4126 :
3254 4072 3297 4125 si
3339 4069 3584 4130 Christus

1985 4166 2186 4237 aliquid
2222 4165 2456 4220 correxit
2483 4164 2506 4196 ⁸
2533 4164 2584 4218 in
2628 4164 2871 4218 sensibus
2916 4163 3121 4228 carnis,
3167 4166 3460 4220 mstimetur
3490 4182 3584 4222 eos

1988 4261 2118 4316 Adar
2136 4260 2290 4328 culpa
2312 4257 2584 4328 turpasse‘
2618 4275 2631 4311 :
2664 4258 2707 4311 si
2730 4256 2969 4312 Christus
3001 4256 3124 4312 fecit
3155 4258 3475 4315 medicinam
3506 4260 3586 4317 ire

1989 4368 2086 4424 per
2104 4366 2470 4425 prapagmem,
2493 4351 2698 4406 dicatur
2714 4349 2886 4404 Adam
2897 4365 2992 4420 per
3006 4351 3404 4422 generationem
3421 4359 3587 4409 trans-

1989 4445 2203 4501 misisse
2231 4443 2503 4498 delictum.
2942 4439 2946 4444 ’

2062 4539 2202 4594 Anc.
2240 4536 2358 4592 Jam
2385 4535 2452 4589 ad
2489 4536 2585 4589 ista
2618 4547 2934 4604 reSponsum
2965 4541 3050 4590 est
3079 4549 3094 4586 :
3127 4532 3221 4588 sed
3246 4532 3370 4590 audi
3410 4532 3589 4591 brevi-

1993 4638 2079 4687 ter
2122 4631 2284 4686 etiam
2310 4641 2473 4683 nunc.
2503 4627 2559 4682 Si
2596 4625 2932 4681 Christianus
2973 4623 3267 4681 catholicus
3297 4639 3466 4694 esses,
3494 4641 3591 4700 ap-

1993 4728 2208 4794 pareret
2224 4720 2317 4774 tibi
2340 4727 2393 4797 et
2412 4717 2582 4772 Adam
2601 4717 2850 4772 delictum
2871 4716 3177 4788 generando
3199 4717 3588 4785 transmittens,

1995 4823 2050 4871 et
2088 4813 2331 4869 Christus
2359 4810 2725 4882 regenerando
2751 4810 3045 4865 dimittens.
3085 4808 3384 4864 Carnaliter
3411 4818 3590 4866 autem

1995 4916 2216 4981 generat
2256 4905 2456 4972 Adam,
2489 4903 2836 4974 spiritualiter
2868 4911 3148 4975 regenerat
3177 4903 3440 4958 Christus.
3471 4902 3592 4959 Noli

1997 5017 2126 5072 ergo
2154 5012 2396 5070 quaerere
2432 4997 2486 5051 in
2525 5005 2750 5066 utroque
2799 4994 3145 5066 propaginem
3175 4995 3350 5051 carnis
3380 5011 3395 5062 ;
3433 5010 3592 5066 quam

1999 5092 2345 5166 propaginem
2369 5104 2471 5144 non
2487 5089 2756 5160 pertinere
2776 5087 2841 5142 ad
2865 5087 3322 5158 regenerationem
3339 5087 3594 5157 Spiritus-

2001 5186 2108 5241 lem
2132 5227 2148 5252 ,
2175 5184 2219 5239 si
2248 5200 2352 5238 non
2381 5181 2660 5237 contendis
2683 5222 2699 5248 ,
2731 5179 2980 5234 attendis.
3006 5177 3202 5235 Contra
3232 5179 3594 5233 inﬁrmitatem

2002 5295 2132 5336 vero
2161 5277 2337 5333 carnis
2379 5290 2522 5331 nunc
2560 5272 2759 5329 Christi
2811 5274 2975 5344 gratia
3022 5281 3292 5327 certamen
3337 5271 3589 5342 instituit,

2073 5371 2089 5403 ³
2115 5377 2212 5420 Hoc
2231 5370 2352 5418 item
2375 5365 2482 5417 loco
2503 5367 2551 5416 in
2574 5364 2720 5415 editis
2739 5366 2970 5416 omissum
2993 5370 3127 5425 erat,
3156 5375 3262 5414 nec.

2070 5433 2091 5464 ³
2114 5439 2195 5482 Ms.
2216 5437 2362 5491 Port.,
2394 5429 2446 5480 in
2469 5434 2686 5491 mortem.

2074 5495 2095 5527 ⁸
2119 5501 2243 5552 Post,
2269 5484 2440 5555 feceris
2462 5489 2659 5550 alienos,
2684 5489 2957 5555 vignierius
2978 5487 3212 5555 addebat,
3240 5484 3355 5555 Ideo
3380 5497 3446 5536 ex
3461 5487 3599 5536 utra-

306 5561 458 5630 Quod
487 5560 531 5615 si
583 5558 806 5622 dixeris,
859 5555 981 5610 ideo
1025 5568 1133 5608 non
1176 5564 1386 5615 omnes,
1429 5548 1524 5603 sed
1556 5547 1754 5601 multos
1790 5545 1909 5614 ejus
2009 5567 2109 5630 que.
2130 5545 2422 5630 ρᾳτῶμξειὶ
2443 5559 2551 5603 sunt
2571 5545 2764 5630 omnes,"
2775 5550 2888 5614 quia
2910 5562 3047 5600 nemo
3083 5563 3113 5597 a
3135 5545 3438 5620 damnatione
3459 5559 3603 5611 gem.

307 5646 604 5711 imitatione
627 5663 904 5722 peccasse,
942 5646 1065 5717 quia
1089 5644 1260 5705 multi,
1293 5657 1399 5697 non
1428 5653 1616 5695 omnes
1649 5652 1908 5710 peccave-

308 5755 467 5809 runt;
489 5745 678 5800 volens
703 5755 800 5799 eos
821 5739 914 5810 qui
935 5754 1040 5793 non
1063 5742 1434 5806 peccaverunt,
1455 5729 1676 5802 intelligi
1715 5745 1909 5802 parvu-

373 5884 394 5918 ι
417 5883 521 5950 Hic,
541 5879 752 5945 nudant,
776 5890 842 5931 ex
864 5883 976 5932 Itss.
998 5874 1318 5928 restituimus.

2010 5612 2212 5670 rationis
2241 5614 2443 5666 alienus.
2471 5622 2580 5666 Haec
2602 5627 2664 5663 eo
2686 5612 2797 5661 loco
2824 5627 2920 5661 non
2955 5616 3150 5660 exstant
3191 5612 3240 5658 in
3275 5615 3383 5659 Mss.
3410 5617 3520 5658 mar.
3548 5613 3604 5663 et

2014 5688 2163 5747 Ροξνῐ.ν
2180 5679 2268 5728 sed
2289 5677 2630 5747 tantuminl'ra,
2647 5676 2736 5747 ubi
2760 5676 2821 5747 ab
2843 5676 2947 5737 ipso
2963 5672 3207 5738 Vignierio
3228 5676 3539 5735 repetuntur.

2081 5745 2102 5775 ι
2123 5737 2189 5793 Ita
2205 5748 2314 5789 Mss.
2343 5747 2395 5789 Αῑ
2420 5740 2554 5796 editi,
2579 5737 2830 5788 vulnerati.

2082 5807 2104 5839 ⁸
2130 5813 2254 5861 Mss,
2281 5808 2567 5851 correxertt.

2087 5868 2108 5900 ⁶
2132 5866 2269 5929 Editi,
2295 5861 2529 5926 turbasse,
2551 5868 2798 5928 corrupte.
