4062 6546
517 399 658 457 H99

517 525 702 588 postea
730 513 845 585 ejus
873 511 1112 584 perficiet
1138 510 1420 566 sanitatem
1456 524 1470 562 :
1501 505 1654 576 cuius
1692 503 1936 562 sanitatis
1963 503 2106 558 futu-

520 622 596 662 rae
620 616 775 674 atque
804 610 1071 672 perpetuae
1093 614 1232 654 nunc
1253 598 1441 668 pignus
1464 595 1717 667 Spiritum
1749 602 1988 650 sanctum
2013 592 2108 648 de-

521 697 599 751 dit
625 696 644 766 (
669 696 705 750 Il
729 693 845 748 Cor.
875 707 928 758 v,
956 689 1034 762 5),
1063 705 1160 761 per
1183 705 1342 759 quem
1367 685 1678 742 diﬂ'unditur
1698 687 1750 739 in
1771 684 1966 740 nostris
1985 699 2106 740 cor-

519 786 674 840 dibus
696 783 926 838 charitas
951 773 1127 851 (Rdm.
1155 795 1212 845 v,
1238 778 1320 852 5),
1346 786 1405 833 ut
1425 791 1524 833 nos
1550 775 1616 832 ad
1641 789 1866 846 agonem
1892 774 2104 831 interim

521 874 706 931 relicta
739 873 916 928 carnis
945 886 1051 926 non
1082 871 1261 926 vincat
1284 869 1585 924 inﬁrmitas.

591 961 920 1019 CXXXVIII.
959 961 1077 1017 Jun.
1122 961 1217 1017 Sin
1257 968 1437 1015 autem
1483 960 1566 1013 his
1605 958 1854 1014 omnibus
1896 957 1952 1012 in
1992 971 2059 1013 eo
2085 998 2101 1024 ,

521 1071 678 1126 quem
707 1055 1004 1124 suscipiunt
1029 1068 1060 1108 a
1087 1063 1296 1120 natura,
1319 1051 1506 1107 ordine
1531 1050 1985 1122 permanentibus,
2013 1051 2107 1107 ad-

519 1145 933 1212 hortationibus,
961 1145 1144 1214 signis,
1174 1144 1454 1214 exemplis,
1487 1144 1839 1214 promissione
1867 1145 1953 1199 vel
1981 1159 2103 1200 mu-

521 1252 712 1292 nerum
731 1279 745 1302 ,
783 1238 866 1292 vel
911 1251 1189 1307 pmnarum
1209 1277 1225 1302 ,
1257 1235 1324 1290 ad
1353 1235 1509 1290 ﬁdem
1540 1236 1782 1290 voluntas
1810 1236 1926 1290 sine
1953 1234 2107 1290 indu-

520 1328 698 1383 ctione
725 1327 1061 1383 necessitatis
1085 1325 1338 1393 allicitur,
1370 1335 1425 1382 et
1448 1324 1563 1382 haec
1588 1341 1686 1399 per
1722 1326 1983 1393 instituta,
2009 1342 2106 1397 per

522 1420 802 1491 mysteria,
836 1435 933 1490 per
976 1419 1148 1485 dona;
1181 1435 1287 1475 non
1317 1435 1572 1490 oppressa
1596 1460 1612 1486 ,
1643 1419 1734 1476 sed
1761 1428 2062 1491 exspectata
2085 1460 2102 1487 ,

527 1509 624 1566 sed
656 1511 842 1578 libera,
875 1510 970 1566 sed
1002 1520 1286 1581 provoeata
1316 1518 1562 1575 curatur;
1592 1518 1831 1579 apparet,
1854 1519 1908 1566 et
1934 1509 1980 1566 si
2001 1524 2108 1566 uno

521 1605 713 1675 spiritu
736 1613 878 1660 totus
899 1605 1130 1660 mundus
1147 1604 1233 1660 vel
1256 1603 1472 1674 rugiens
1491 1604 1575 1658 vel
1603 1602 1816 1658 rabiens
1834 1603 1849 1634 ¹
1875 1601 2109 1674 refrage-

524 1706 648 1762 tur,
704 1699 1028 1754 voluntatem
1084 1697 1538 1767 uniuscujusque,
1583 1711 1690 1751 non
1733 1694 2102 1767 nativitatem,

523 1789 743 1844 tinctam
769 1789 1062 1844 imitatione
1090 1789 1252 1843 fuisse
1281 1788 1504 1857 peccati.

596 1883 730 1938 Avo.
766 1882 1112 1951 Quacumque
1141 1888 1191 1934 te
1238 1888 1416 1934 vertas
1440 1918 1455 1944 ,
1501 1879 1569 1933 ab
1597 1878 1842 1949 originali
1890 1886 2107 1950 peccato

527 1987 637 2028 non
663 1972 925 2028 alienabis
954 1971 1208 2044 parvulos
1233 2013 1249 2037 ,
1276 1971 1377 2026 nisi
1405 1985 1498 2027 eos
1524 1973 1802 2043 negaveris
1825 1982 2062 2028 mortuos
2089 1989 2105 2028 :

522 2065 664 2135 quod
691 2065 734 2119 si
767 2064 978 2128 feceris,
1009 2073 1276 2120 mortuum
1306 2078 1403 2133 pro
1432 2063 1512 2119 eis
1535 2063 1802 2119 Christum
1827 2064 1983 2118 simul
2009 2079 2107 2119 ne-

521 2155 671 2225 gabis
695 2170 711 2209 :
734 2155 778 2209 si
807 2164 1007 2222 autem,
1031 2171 1098 2210 ne
1121 2155 1224 2211 hoc
1247 2169 1429 2227 neges,
1459 2164 1696 2212 mortuos
1721 2157 1966 2227 parvulos
1989 2171 2110 2212 con-

523 2249 724 2314 literis;
749 2248 985 2318 profecto
1013 2249 1068 2303 in
1095 2248 1264 2303 Adam
1289 2257 1529 2304 mortuos
1553 2263 1659 2304 non
1691 2249 1907 2321 negabis
1929 2251 1949 2282 ³
1975 2267 1990 2306 :
2019 2257 2111 2305 aut

523 2339 568 2396 si
603 2354 708 2394 non
739 2338 830 2402 ibi,
861 2339 945 2394 dic
976 2338 1085 2393 ubi.

594 2431 880 2488 CXXXIX.
924 2431 1046 2488 Jun.
1078 2431 1331 2501 Quamvis
1369 2431 1528 2488 nimis
1554 2433 1787 2490 molliter
1813 2434 2012 2505 egerim
2039 2434 2060 2467 ⁸
2091 2451 2107 2489 :

530 2525 630 2579 etsi
661 2524 804 2579 enim
825 2522 1070 2580 Christus
1093 2539 1155 2578 ex
1179 2539 1244 2579 eo
1266 2537 1375 2594 quo
1401 2524 1547 2579 venit
1571 2533 1829 2596 tempore,
1852 2525 2112 2582 universis

525 2614 833 2672 hominibus
862 2615 1148 2670 doceretur
1185 2625 1241 2670 et
1284 2616 1386 2672 iter
1408 2615 1773 2673 interclusisse
1801 2618 1987 2674 mortis
2006 2659 2020 2685 ,
2052 2626 2110 2675 et

524 2707 689 2764 vitam
716 2707 948 2762 donasse
971 2714 1302 2778 perpetuam,
1327 2717 1384 2764 nt
1406 2724 1564 2765 nemo
1589 2725 1808 2780 prorsus
1829 2727 1894 2766 ex
1917 2726 1983 2768 eo
2003 2712 2111 2780 die,

526 2816 633 2873 quo
660 2800 902 2856 Verbum
930 2815 1057 2856 caro
1101 2800 1297 2856 factum
1325 2810 1428 2868 est,
1460 2811 1550 2869 aut
1577 2802 1631 2858 in
1661 2812 1935 2874 peccatum
1963 2804 2112 2861 Iabe-

525 2902 694 2961 retur,
723 2902 812 2949 aut
843 2909 954 2964 pro.
986 2902 1205 2965 peccato
1236 2909 1446 2965 pmnam
1477 2896 1718 2962 timeret;
1743 2912 1851 2952 non
1877 2905 2052 2952 tamen
2081 2912 2114 2954 a

525 2984 832 3042 conditione
845 2983 866 3016 ⁵
883 2985 1067 3056 primae
1087 2985 1398 3056 iniquitatis,
1414 3002 1534 3057 quae
1555 2987 1888 3044 liberalitatis
1902 2988 2118 3046 docere-

528 3085 615 3131 tur
659 3085 915 3131 extremm
947 3093 960 3128 :
992 3077 1245 3147 quoniam
1283 3077 1566 3134 subvenire
1608 3095 1716 3134 non
1745 3079 2072 3136 merentibus
2095 3120 2112 3148 ,

528 3177 702 3238 potest
721 3176 775 3223 et
799 3167 935 3222 solet
949 3167 1112 3234 Deus,
1133 3183 1256 3223 cum
1277 3167 1432 3224 laude
1461 3168 1754 3226 clementiae
1773 3187 1788 3237 ;
1815 3171 2003 3242 punire
2020 3187 2117 3227 au-

528 3265 635 3314 tem
661 3273 764 3312 non
795 3266 1075 3327 peccantes
1104 3273 1210 3313 non
1229 3267 1425 3330 potest,
1444 3260 1560 3314 sine
1583 3261 1861 3318 eversione
1873 3261 2112 3332 iustitiae.

599 3351 738 3406 Aue.
781 3348 915 3416 Quia
957 3364 1086 3420 ergo
1114 3349 1261 3420 gravi
1286 3349 1414 3422 jugo
1458 3367 1489 3406 a
1519 3350 1607 3407 die
1633 3352 1807 3408 exitus
1831 3353 1900 3409 de
1925 3363 2115 3410 ventre

517 3440 739 3514 _matris,
768 3439 935 3510 puniti
961 3449 1086 3494 sunt
1114 3440 1355 3510 parvuli;
1382 3456 1612 3511 agnosce
1635 3441 1866 3512 iudicem
1887 3443 2112 3514 justum,

529 3541 584 3587 et
609 3531 867 3587 confitere
909 3531 1165 3600 originale
1191 3541 1486 3601 peccatum.
1520 3533 1714 3588 Punire
1738 3533 1881 3589 enim
1919 3536 2116 3592 nullius

530 3622 732 3692 peccati
760 3621 1005 3677 meritum
1031 3621 1310 3688 habentes,
1335 3623 1475 3678 sicut
1493 3623 1651 3678 etiam
1679 3623 1794 3694 ipse
1821 3625 2112 3695 confiteris,

531 3729 637 3769 non
667 3721 842 3782 potest
871 3713 988 3769 sine
1017 3714 1295 3769 eversione
1319 3715 1560 3784 iustitia).

601 3805 758 3858 CXL.
789 3804 908 3860 Jun.
937 3805 1171 3861 Attende
1196 3806 1354 3877 igitur
1379 3807 1506 3878 quid
1535 3807 1822 3878 disputatio
1851 3818 1959 3868 tota
1988 3827 2118 3869 con-

527 3895 730 3950 fecerit.
759 3897 813 3951 Si
855 3897 1020 3967 gratia
1050 3895 1248 3952 Christi
1277 3905 1332 3954 et
1361 3898 1492 3954 Atla:
1519 3901 1673 3970 culpa
1701 3902 1754 3956 in
1787 3901 2010 3960 diversns
2037 3904 2115 3960 ef-

528 3986 756 4042 fectibus
778 3988 1056 4056 aequaliter
1084 4001 1450 4058 censerentur,
1477 4000 1535 4047 ut
1560 3994 1644 4050 vel
1673 4010 1898 4052 numero
1926 4012 2116 4068 opera-

529 4080 734 4135 tionnm
756 4095 915 4154 pares
944 4090 1145 4150 essent,
1175 4098 1295 4153 quae
1339 4085 1708 4155 operationum
1737 4103 1936 4158 genere
1959 4089 2116 4146 dissi-

529 4169 761 4237 debant;
804 4171 1104 4229 docendum
1143 4181 1301 4243 erat,
1344 4176 1502 4230 tantis
1548 4177 1809 4246 profuisse
1851 4182 2113 4253 gratiam,

528 4263 742 4334 quantis
767 4264 923 4333 culpa
951 4265 1271 4321 nocuisset:
1314 4273 1372 4319 ut
1416 4268 1756 4336 appensionis
1799 4269 1966 4336 illius,
2011 4286 2116 4342 qna

537 4352 933 4409 trutinabantur
953 4394 968 4418 ,
1000 4355 1222 4434 aequitas
1248 4363 1303 4410 et
1328 4365 1594 4412 momenta
1625 4368 1949 4416 constarent.
1972 4360 2117 4418 Sub-

538 4445 722 4501 venire
765 4461 896 4516 ergo
920 4446 1105 4502 debuit
1147 4448 1309 4502 etiam
1354 4448 1460 4504 illis
1501 4450 1718 4506 omnino
1748 4451 1881 4508 locis
1907 4453 2116 4526 illisque

527 4539 768 4608 partibus
791 4539 1074 4606 medicina,
1098 4541 1288 4613 quibus
1313 4542 1582 4598 insederat
1605 4545 1897 4615 aegritudo;
1931 4547 1982 4603 id
2007 4558 2110 4616 est,

525 4629 570 4682 si
599 4628 799 4700 aliquid
828 4631 880 4686 in
911 4632 1144 4688 motibus
1172 4632 1479 4704 genitalium
1499 4674 1514 4700 ,
1543 4633 1598 4690 in
1627 4637 1872 4694 sensibus
1914 4654 2114 4695 coeun-

529 4723 681 4790 tium,
715 4724 768 4779 in
805 4723 1135 4781 obscenitate
1163 4726 1559 4794 membrorum,
1605 4727 1658 4783 in
1689 4729 1992 4788 infelicitate
2021 4748 2117 4788 na-

521 4807 835 4882 scentium,
877 4817 1157 4887 antiquum
1200 4820 1401 4874 crimen
1446 4819 1715 4888 effecerat,
1747 4825 2114 4884 immutatione

524 4906 715 4963 horum
738 4923 857 4979 quae
889 4909 1119 4966 diximus
1141 4952 1157 4978 ,
1187 4913 1423 4970 remedia
1468 4916 1779 4971 contulisset
1825 4935 1838 4972 :
1879 4918 2113 4990 alioquin

527 5001 731 5072 grande
760 5001 1121 5058 testimonium
1165 5003 1447 5062 imbecilla:
1475 5007 1604 5062 artis
1623 5049 1640 5076 ,
1669 5007 1906 5079 nihilque
1933 5009 2114 5080 profu-

524 5089 698 5161 tura},
739 5108 842 5151 nec
869 5095 1041 5150 locum
1071 5096 1401 5166 aegritudinis
1423 5097 1709 5166 invenisse,
1739 5108 1794 5155 et
1819 5101 2114 5172 languenti-

535 5185 636 5240 bus
665 5185 973 5256 eversisque
1001 5188 1351 5256 naturalibus,
1384 5190 1576 5248 inertia
1601 5191 1622 5223 ³
1660 5189 1890 5248 fomenta
1918 5193 2108 5260 volun:-

520 5277 720 5332 tatibus
749 5276 1071 5334 admovisse.

527 5367 536 5382 ’·
595 5367 732 5424 Auc.
773 5367 892 5424 Jam
921 5383 1237 5440 responsum
1277 5379 1379 5437 est,
1425 5385 1548 5428 cum
1590 5370 1658 5428 de
1695 5371 1945 5430 distantia
1971 5351 2109 5447 prae-

584 5505 602 5572 ξ
628 5505 838 5572 sic_)tss._
856 5512 910 5556 At
933 5505 1070 5572 editi,
1095 5505 1306 5572 rapiens.

583 5565 774 5642 sat-idin,
796 5566 850 5642 si
862 5575 1024 5642 autem
1039 5567 1126 5642 hoc
1143 5565 1236 5620 non
1257 5582 1416 5642 neges,
1443 5575 1491 5621 et
1505 5575 1714 5642 mortuos
1734 5573 1957 5642 parantes
1991 5589 2104 5628 can-

517 5623 672 5692 ﬁteria
693 5643 708 5688 ;
731 5623 944 5696 profecto
963 5628 1192 5696 inﬁdam
1215 5623 1425 5684 morinos
1443 5631 1655 5696 negabis.
1687 5623 2011 5690 ἑὸ]θῶιῆιί
2022 5623 2105 5692 '6:

516 5689 951 5752 manuscript.on
974 5689 1087 5742 fide.

582 5752 606 5814 _'
635 5750 777 5808 editi,
795 5752 966 5814 egerit,
989 5753 1242 5804 mendose.

580 5811 606 5882 ξ
635 5803 995 5882 genardus,_éa
1017 5803 1239 5868 conditio.

581 5870 606 5904 ⁸
637 5870 988 5936 Ιεεᾼηενιίω.

1200 391 1445 451 OPERIS
1481 385 1891 446 IMPERFECTI
1927 384 2200 444 CONTRA
2238 383 2596 454 JULIANUM,
2635 384 2694 443 S.
2735 386 3099 446 AUGUSTINI

3665 392 3822 453 ηθο

2215 501 2384 557 sentis
2411 491 2474 555 ρι’
2493 500 2650 556 futuri
2671 501 2848 557 saeculi
2881 493 3042 558 lecuti
3069 517 3252 559 sumus
3272 503 3489 574 (Supra,
3515 519 3679 575 capp.
3713 505 3814 575 93,

2212 592 2300 658 94,
2335 591 2482 664 106).
2516 591 2614 647 Hic
2636 593 2775 648 enim
2803 594 3091 664 accipimus
3123 611 3216 666 per
3244 597 3436 668 pignus
3462 597 3734 667 Spiritus,
3758 609 3815 656 et

2209 679 2450 740 certandi
2475 690 2530 737 et
2557 682 2798 739 vincendi
2828 683 2975 739 vires
2999 700 3013 738 :
3037 685 3110 741 ibi
3137 693 3332 752 autem,
3357 687 3476 741 sine
3502 685 3665 743 hoste
3694 688 3817 744 ullo

2210 781 2432 829 externo
2473 781 2528 828 et
2569 773 2800 839 interno,
2848 773 3101 830 ineﬂ‘abili
3148 774 3250 830 hac
3289 771 3619 846 sempiterna
3663 791 3812 848 pace

2209 866 2562 938 perfruemur.
2593 866 2843 938 Quisquis
2880 881 3009 938 ergo
3055 867 3232 923 omnia
3261 883 3382 939 quae
3420 868 3495 924 ibi
3541 868 3807 926 habenda

2209 964 2353 1023 sunt,
2387 956 2472 1012 hic
2509 957 2622 1012 vult
2659 955 2878 1024 habere,
2913 957 3068 1013 ﬁdem
3099 973 3158 1015 se
3193 958 3391 1015 indicat
3417 975 3528 1016 non
3570 955 3807 1017 habere.

2220 1087 2222 1090 -
2279 1047 2458 1104 CXLI.
2498 1047 2617 1103 Jun.
2655 1047 3095 1104 Ostenditautem
3121 1049 3261 1105 inter
3284 1049 3400 1105 hac
3417 1051 3641 1118 veritas,
3673 1053 3807 1122 quia

2209 1140 2308 1197 etsi
2353 1140 2631 1210 prodesset
2669 1140 2834 1197 effusa
2872 1141 3196 1212 generaliter
3237 1141 3507 1198 medicina
3555 1144 3807 1202 motibus

2209 1241 2371 1303 atque
2388 1233 2406 1265 ί
2434 1232 2765 1299 mortalibus,
2800 1233 2907 1288 illis
2933 1248 3146 1305 quoque
3176 1235 3268 1306 qui
3291 1250 3410 1292 eam
3436 1237 3591 1292 nullo
3615 1237 3808 1294 studio

2209 1340 2312 1382 nec
2335 1325 2440 1382 ulla
2465 1327 2762 1385 intentione
2791 1327 3140 1394 meruissent;
3171 1342 3278 1384 non
3320 1337 3498 1385 tamen
3531 1331 3806 1387 continuo

2209 1430 2425 1478 noceret
2460 1422 2617 1494 culpa
2659 1420 3016 1487 nascentibus,
3047 1423 3138 1493 qui
3166 1422 3297 1478 nihil
3337 1422 3404 1478 ad
3444 1438 3566 1480 eam
3610 1437 3811 1481 assen-

2208 1512 2376 1569 sionis
2399 1512 2685 1569 admovere
2711 1512 3029 1584 potuissent.
3055 1513 3135 1569 Ac
3162 1528 3260 1584 per
3284 1513 3407 1580 hoc,
3435 1514 3540 1569 etsi
3577 1515 3808 1585 :equalis

2207 1601 2573 1674 esset'gratiaa
2596 1605 2910 1676 peccatique
2955 1603 3184 1670 taxatio;
3214 1604 3452 1661 clarebat
3478 1614 3686 1673 tamen,
3736 1621 3810 1662 ne

2210 1705 2322 1753 tum
2366 1697 2580 1770 quidem
2620 1698 2882 1770 ejusmodi
2926 1698 3309 1770 appensionem
3350 1713 3418 1755 eo
3454 1714 3630 1771 usque
3670 1715 3808 1756 con-

2209 1787 2376 1857 stare,
2402 1799 2462 1846 ut
2479 1789 2761 1863 quisquam
2787 1791 2932 1848 nasci
2960 1791 3276 1862 probaretur
3301 1805 3446 1847 reus.
3528 1806 3532 1810 '
3803 1807 3810 1812 ·

2282 1883 2419 1939 Aue.
2459 1882 2520 1938 in
2561 1883 2656 1938 illo
2699 1883 2844 1954 gravi
2887 1882 3037 1954 jugo,
3067 1897 3176 1953 quo
3216 1882 3377 1938 etiam
3422 1883 3631 1954 parvuli
3674 1899 3804 1954 pre-

2209 1985 2448 2044 muntur,
2475 1975 2744 2046 quomodo
2770 1983 2854 2032 est
2875 1975 3052 2047 justus
3082 1975 3248 2042 Deus,
3277 1975 3324 2031 si
3349 1975 3529 2031 nullus
3558 1977 3806 2032 nascitur

2210 2067 2370 2123 rcus?
2836 2087 2840 2100 ι
2903 2080 2911 2087 °

2218 2178 2220 2180 ·
2281 2155 2482 2213 CXLII.
2521 2156 2639 2214 Jun.
2679 2156 2831 2213 Nunc
2854 2164 3054 2224 autem,
3093 2170 3215 2213 cum
3244 2155 3535 2228 Apostolus
3575 2171 3684 2212 non
3711 2171 3804 2213 so-

2213 2249 2322 2305 lum
2359 2265 2464 2305 non
2508 2249 2873 2320 postposuerit
2905 2248 3074 2318 culpae
3109 2248 3360 2318 gratiam,
3401 2261 3592 2303 verum
3635 2248 3804 2305 etiam

2212 2340 2581 2412 praeposuerit,
2611 2340 2794 2396 dicens
2822 2338 2990 2394 multo
3019 2340 3074 2393 in
3101 2338 3279 2408 plures
3305 2337 3612 2394 abundasse
3637 2336 3804 2394 bene-

2212 2433 2352 2499 ﬁcia,
2382 2448 2540 2502 quam
2577 2429 3203 2503 irrepsisse'dispendia;
3230 2444 3328 2500 per
3365 2429 3673 2501 opinionem
3701 2444 3803 2484 an-

2213 2533 2320 2580 tem
2353 2524 2604 2588 traducis,
2637 2524 2805 2580 multo
2826 2523 3006 2593 magis
3033 2531 3242 2578 constet
3279 2521 3529 2578 nocuisse
3557 2530 3800 2591 peccata,

2214 2627 2373 2683 quam
2412 2611 2676 2682 profuisse
2711 2612 2936 2683 gratiam
2965 2629 2979 2666 :
3007 2609 3412 2666 irrefutabiliter
3447 2608 3801 2679 approbatum

2215 2715 2314 2771 est,
2346 2702 2646 2773 apostolum
2668 2701 2887 2757 Paulum
2914 2700 3046 2756 nihil
3077 2700 3314 2757 sensisse
3339 2698 3408 2757 de
3438 2699 3678 2767 traduce,
3705 2700 3800 2756 sed

2215 2793 2331 2865 ejus
2356 2793 2622 2850 sententia
2644 2791 3011 2849 .Traducianos
3035 2805 3158 2847 cum
3195 2788 3504 2847 Manichais
3527 2790 3801 2862 magistris

2215 2887 2326 2942 suis
2355 2886 2552 2957 pariter
2574 2883 2739 2941 fuisse
2763 2885 3087 2942 destructos.

2286 2979 2422 3036 Aue.
2460 2976 2741 3033 Nondixit
2775 2976 3046 3048 apostolus
3072 2973 3290 3042 Paulus,
3326 2991 3349 3028 ‹
3379 2974 3550 3031 multo
3593 2974 3649 3030 in
3678 2973 3798 3046 plu-

2217 3071 2306 3126 res
2348 3068 2650 3138 abundasse
2700 3067 2990 3134 beneficia,
3041 3081 3203 3137 quam
3246 3065 3531 3138 irrepsisse
3579 3067 3798 3138 dispen-

2216 3161 2341 3226 dia:
2371 3179 2394 3216 D
2437 3175 2544 3216 non
2586 3160 2690 3217 hoc
2726 3159 2892 3225 dixit;
2927 3173 3146 3230 prorsus
3175 3158 3394 3225 falleris,
3421 3159 3492 3222 si
3531 3159 3649 3230 ipse
3692 3175 3796 3217 non

2220 3252 2380 3309 fallis.
2412 3252 2577 3309 Multo
2616 3254 2787 3326 magis
2813 3255 2956 3310 enim
2990 3252 3294 3310 abundasse
3330 3253 3556 3324 gratiam
3586 3253 3722 3309 dixit
3743 3254 3796 3311 in

2217 3344 2436 3411 multos,
2478 3359 2587 3400 non
2613 3345 2669 3399 in
2697 3344 2866 3416 magis
2894 3343 3122 3411 multos;
3152 3343 3250 3400 sed
3279 3345 3450 3416 magis
3475 3344 3794 3402 abundasse.

2175 3445 2187 3522 ι
2219 3437 2274 3494 In
2311 3437 2714 3508 comparatione
2739 3452 2970 3508 namque
3009 3437 3345 3508 pereuntium
3376 3437 3529 3507 pauci
3559 3446 3683 3494 sunt
3706 3438 3796 3508 qui

2219 3529 2526 3596 salvantur;
2567 3530 2685 3586 sine
2730 3529 3128 3600 comparatione
3166 3535 3346 3592 autem
3375 3529 3711 3600 pereuntium
3745 3538 3797 3586 et

2174 3617 2184 3684 ἒ
2218 3622 2320 3692 ipsi
2342 3622 2494 3678 multi
2523 3632 2665 3678 sunt.
2699 3621 2806 3679 Sed
2839 3636 3005 3692 quare
3029 3621 3138 3677 sint
3173 3620 3251 3676 illi
3285 3621 3484 3692 plures,
3515 3637 3678 3694 quam
3701 3623 3795 3690 illi.

2219 3718 2504 3774 consilium
2533 3716 2630 3772 Dei
2656 3715 2793 3773 velle
2824 3730 2985 3772 nosse
3023 3715 3311 3772 multorum
3365 3723 3449 3772 est
3471 3734 3486 3772 :
3511 3732 3672 3773 nosse
3708 3733 3797 3772 au-

2221 3815 2328 3863 tem
2351 3807 2438 3864 vel
2463 3807 2904 3877 paucissimorum
2931 3805 3232 3874 hominum,
3263 3806 3351 3862 vel
3386 3809 3605 3864 omnino
3629 3809 3798 3864 nullo-

2220 3913 2362 3953 rum.
2405 3897 2594 3954 Posset
2643 3907 2822 3954 autem
2866 3897 3209 3969 omnipotens
3255 3913 3364 3955 non
3414 3914 3616 3966 creare,
3662 3916 3799 3972 quos

2217 3989 2456 4046 omnium
2486 4005 2666 4046 rerum
2691 3989 2948 4066 praescius
2987 3990 3158 4046 malos
3185 3991 3391 4047 futuros
3419 3991 3665 4062 ignorare
3689 4008 3794 4049 non

2218 4090 2420 4153 posset,
2451 4081 2553 4137 nisi
2578 4082 2654 4137 uti
2681 4081 2843 4138 etiam
2871 4079 3030 4138 malis
3057 4081 3298 4152 pluribus
3337 4083 3540 4153 optime
3567 4084 3795 4154 optimus

2219 4180 2402 4242 posset
2428 4189 2443 4225 :
2474 4171 2616 4228 unde
2645 4187 2744 4228 nos
2768 4171 2968 4244 aliquid
2993 4172 3285 4242 Apostolus
3299 4172 3503 4240 docuit,
3532 4175 3585 4230 id
3613 4185 3712 4244 est,
3739 4183 3795 4231 ut

2218 4265 2352 4321 iram
2384 4279 2536 4320 suam
2565 4264 2965 4336 potentiamque
2995 4274 3318 4322 monstraret
3345 4266 3402 4332 in
3435 4267 3538 4335 eis,
3569 4283 3686 4339 quas
3716 4277 3794 4324 at-

2219 4355 2340 4412 tulit
2364 4356 2420 4411 in
2458 4356 2625 4411 multa
2651 4356 2905 4427 patientia
2946 4372 3070 4413 vasa
3095 4357 3210 4423 irae,
3251 4365 3306 4412 et
3333 4365 3392 4413 ut
3416 4365 3574 4413 notas
3603 4357 3795 4416 iaceret

2216 4448 2428 4504 divitias
2467 4447 2653 4519 glorias
2697 4463 2821 4526 suae.
2849 4448 2902 4503 in
2936 4462 3063 4505 vasa
3103 4447 3489 4505 misericordiae
3520 4448 3693 4523 (Rom.
3719 4467 3790 4520 ix,

2216 4541 2308 4609 9.2,
2335 4539 2451 4614 25).
2489 4540 2596 4596 Sed
2632 4540 2820 4598 nolunt
2855 4542 3079 4598 credere
3103 4541 3392 4614 Pelagiani,
3419 4543 3564 4616 quod
3605 4545 3659 4601 in
3692 4561 3792 4602 uno

2217 4636 2434 4692 homine
2480 4642 2590 4690 tota
2630 4643 2714 4692 est
2741 4649 2920 4692 massa
2957 4634 3162 4704 vitiata,
3208 4644 3266 4694 et
3309 4644 3422 4693 tota
3448 4636 3735 4694 damnata:
3760 4653 3793 4696 a

2215 4743 2323 4800 quo
2347 4727 2478 4784 vitio
2514 4737 2569 4784 et
2603 4727 2946 4785 damnatione
2973 4729 3087 4784 sola
3115 4737 3271 4785 sanat
3295 4738 3351 4786 et
3390 4730 3583 4788 liberat
3609 4732 3790 4803 gratia.

2216 4819 2394 4887 Quare
2433 4820 2577 4876 enim
2611 4819 2790 4890 justus
2834 4820 2922 4877 vix
2960 4821 3139 4877 salvus
3181 4821 3286 4877 erit
3313 4820 3357 4895 (Ι
3385 4821 3532 4878 Par.
3563 4839 3643 4891 iv,
3671 4824 3794 4894 £8)?

2215 4911 2480 4982 Numquid
2514 4912 2743 4970 liberare
2764 4912 2968 4984 justum
2996 4913 3148 4974 labor
3181 4924 3265 4970 est
3307 4915 3452 4970 Deo?
3475 4914 3632 4972 Absit
3658 4933 3674 4971 :
3701 4915 3794 4972 sed

2216 5011 2276 5058 ut
2312 5001 2643 5072 ostendatur,
2687 5005 2830 5073 quo’
2866 5004 3059 5060 merito
3097 5004 3261 5064 fuerit
3294 5005 3543 5062 damnata
3586 5015 3789 5076 natura,
3861 4995 3870 5002 ’

2215 5110 2321 5150 non
2347 5095 2461 5150 vult
2500 5093 2654 5150 facile
2683 5095 2752 5152 de
2793 5103 2940 5152 tanto
2983 5096 3144 5165 male,
3175 5112 3274 5154 nec
3310 5098 3426 5169 ipse
3450 5097 3794 5170 Omnipotens

2213 5187 2470 5255 liberare;
2503 5199 2720 5260 propter
2751 5189 2913 5260 quod,
2943 5199 2998 5245 et
3023 5198 3240 5261 peccata
3283 5191 3540 5261 proclivia
3569 5200 3713 5260 sunt,
3741 5199 3792 5248 et

2212 5279 2475 5335 laboriosa
2507 5280 2731 5351 justitia,
2763 5281 2864 5335 nisi
2900 5281 3202 5337 amantibus
3228 5299 3244 5336 :
3271 5281 3367 5338 sed
3393 5281 3648 5350 charitas,
3675 5298 3792 5354 qua

2211 5370 2312 5428 bos
2336 5381 2575 5428 amantes
2605 5371 2748 5435 facit,
2781 5386 2848 5428 ex
2873 5372 2984 5428 Deo
3009 5383 3094 5429 est
3119 5373 3165 5446 (Ι
3185 5373 3341 5428 Jaan.
3367 5389 3440 5440 tv,
3468 5371 3549 5447 7).

2282 5463 2505 5522 CXLIII.
2543 5463 2661 5520 Jun.
2704 5463 2901 5520 Verum
2940 5465 3064 5537 quia
3108 5464 3195 5522 hic
3234 5465 3308 5522 fui
3339 5465 3569 5538 longior,
3610 5479 3789 5537 perga-

2209 5571 2331 5614 mus
2349 5555 2416 5612 ad
2442 5557 2666 5627 reliqua.

2281 5649 2416 5705 Auc.
2459 5647 2532 5703 ita
2566 5647 2670 5706 hoc
2695 5647 2849 5717 dicis,
2876 5649 3027 5722 quasi
3060 5649 3182 5707 alibi
3209 5649 3426 5708 brevior
3447 5649 3524 5706 sis
3546 5648 3785 5712 futurus;

2273 5762 2290 5827 ξ
2321 5759 2462 5827 lfaiiti,
2485 5758 2687 5827 motibus
2707 5772 2859 5824 teque.
2877 5770 3056 5827 omnes
3077 5769 3242 5814 tamen
3256 5769 3388 5827 Ias,
3409 5759 3612 5816 om
3630 5765 3784 5825 m-

2209 5819 2476 5890 palndanus
2496 5825 2737 5890 correxit,
2757 5819 2972 5876 euntibus
2993 5837 3147 5890 teque.

2273 5883 2292 5914 ²
2332 5883 2467 5946 Editi,
2489 5883 2792 5950 quod.-l\tss.,
2815 5899 2924 5944 quo.
