4062 6532
303 515 430 559 cum
471 495 848 570 loquacissime
888 492 1127 565 inquiras
1163 488 1613 565 quemadmodum
1648 489 1892 562 Apostoli

303 588 757 650 manifestissimis
780 585 957 643 verbis
983 584 1207 642 nebulas
1230 584 1443 656 ingeras
1466 582 1736 640 vanitatis.

374 680 607 741 CXLIV.
646 680 769 737 Jun.
797 697 819 733 ι
848 677 1050 736 Omnes
1076 686 1259 735 autem
1284 676 1420 734 dixit
1458 677 1525 734 ad
1564 676 1891 734 condemna-

304 778 511 838 tionem
536 789 636 847 per
672 773 866 841 Adam,
897 781 952 831 et
986 788 1175 830 omnes
1198 772 1267 828 ad
1303 771 1736 844 justiﬁeationem
1769 770 1894 827 vita:

298 886 401 943 per
427 869 614 927 Jesum
641 866 944 935 Christum;
974 882 1097 925 cum
1125 868 1307 939 utique
1333 882 1438 924 non
1464 880 1651 922 omnes
1680 878 1775 921 eos
1800 862 1893 935 qui

298 965 608 1021 moriuntur
650 962 706 1018 in
745 960 939 1030 Adam,
980 960 1267 1018 transferat
1302 959 1543 1017 Christus
1577 958 1647 1015 ad
1684 960 1890 1016 vitam:

299 1055 398 1113 sed
423 1069 613 1111 omnes
635 1053 770 1110 dixit
792 1062 955 1126 atque
989 1068 1199 1122 omnes,
1238 1054 1359 1125 quia
1400 1051 1538 1108 sicut
1577 1053 1696 1110 sine'
1721 1051 1892 1109 Adam

298 1146 480 1201 nullus
505 1145 574 1201 ad
611 1153 860 1210 mortem,
903 1144 974 1199 ita
1003 1145 1119 1200 sine
1158 1142 1369 1200 Christo
1407 1143 1581 1199 nullus
1609 1143 1677 1199 ad
1703 1143 1889 1199 vitam.

298 1235 452 1293 Sicut
480 1233 702 1292 dicimus
740 1234 809 1290 de
837 1234 1133 1289 litterarum
1176 1233 1452 1304 magistro,
1494 1233 1541 1289 si
1580 1232 1634 1289 in
1678 1233 1893 1291 civitate

301 1326 452 1383 solus
492 1335 597 1391 est,
639 1325 835 1380 Omnes
875 1324 977 1380 iste
1019 1323 1108 1380 hic
1148 1322 1352 1379 litteras
1389 1323 1587 1380 docet:
1620 1338 1726 1380 non
1768 1323 1890 1395 quia

300 1431 494 1472 omnes
532 1416 756 1482 discunt,
800 1415 897 1472 sed
933 1416 1058 1487 quia
1101 1430 1261 1471 nemo
1309 1415 1411 1471 nisi
1448 1417 1517 1472 ab
1556 1415 1695 1487 ipso.
1744 1414 1891 1484 Quos

296 1517 478 1563 autem
518 1522 707 1564 omnes
744 1507 972 1573 dixerat,
1018 1507 1217 1564 multos
1257 1516 1442 1579 postea
1467 1507 1635 1574 dixit;
1673 1509 1889 1564 eosdem

294 1609 476 1657 tamen
513 1616 703 1657 omnes
740 1602 1040 1672 multosque
1086 1602 1409 1674 signiﬁcans.
1452 1602 1600 1658 Sicut
1639 1603 1772 1657 enim
1801 1620 1892 1674 per

290 1694 446 1749 unius
492 1694 880 1753 inobedientiam
920 1705 1203 1765 peccatores
1245 1695 1499 1751 constituti
1553 1704 1669 1751 sunt
1720 1695 1886 1764 multi,

288 1786 365 1840 ita
405 1795 454 1842 et
494 1804 584 1857 per
621 1788 774 1843 unius
816 1787 1148 1844 obedientiam
1173 1787 1305 1859 justi
1345 1788 1707 1843 constituentur
1743 1788 1891 1845 multi

291 1876 474 1947 (Rom.
504 1893 561 1946 v,
592 1878 707 1949 l9).
735 1878 935 1935 Adhuc
958 1888 1161 1950 quaerat
1202 1893 1298 1949 per
1322 1878 1449 1949 quid
1490 1887 1763 1949 peccatum
1801 1878 1888 1934 in-

291 1971 541 2024 veniatur
578 1970 631 2024 iu
661 1970 902 2040 parvulo.
946 1970 1291 2040 Respondent
1328 1970 1376 2025 ei
1409 1971 1612 2042 paginm
1659 1980 1879 2038 sanctre,

292 2060 404 2116 Per
451 2079 606 2116 unum
652 2062 906 2117 hominem
946 2070 1204 2133 peccatum
1241 2064 1297 2116 in
1344 2064 1587 2118 mundum
1629 2063 1832 2116 intravit
1859 2080 1881 2116 ι

292 2154 398 2227 (De
436 2155 645 2227 Nuptiis
687 2166 735 2211 et
772 2156 1208 2227 Concupiscentia,
1250 2156 1339 2211 tib.
1382 2155 1439 2224 2,
1489 2173 1579 2210 nn.
1636 2157 1728 2223 46,
1768 2155 1883 2227 47).

287 2246 519 2304 Sanctas
559 2248 777 2320 quidem
833 2248 1076 2319 Apostoli
1117 2262 1238 2304 esse
1280 2248 1500 2318 paginas
1544 2247 1882 2317 conﬁtemur,

288 2354 399 2395 non
435 2340 508 2396 ob
551 2340 720 2406 aliud,
770 2340 875 2396 nisi
913 2341 1036 2411 quia
1083 2339 1300 2407 rationi,
1342 2336 1545 2408 pietati,
1595 2337 1717 2393 ﬁdei
1755 2352 1885 2393 con-

286 2440 564 2502 gruentes,
594 2430 845 2487 erudiunt
887 2446 985 2487 nos
1018 2439 1073 2486 et
1101 2430 1271 2486 Deum
1305 2427 1530 2484 credere
1558 2428 1884 2485 inviolabilis

287 2524 577 2595 aequitatis,
604 2534 658 2580 et
681 2539 843 2596 Opera
876 2525 995 2595 ejus
1017 2524 1157 2579 bona
1198 2524 1532 2593 honestaque
1568 2521 1878 2592 defendere,

290 2627 346 2673 et
382 2617 659 2688 praeceptis
681 2617 797 2688 ejus
830 2615 1280 2685 moderationem,
1312 2613 1648 2687 prudentiam
1666 2613 1707 2681 ί,
1726 2613 1883 2684 juSti~

293 2708 425 2764 tiam
450 2708 738 2764 vindicare.

288 2840 293 2841 κ
361 2800 499 2855 Ave.
540 2799 656 2870 Ipsa
701 2807 754 2855 te
790 2798 1061 2855 convincit
1110 2798 1165 2854 in
1207 2797 1446 2870 parvulis
1485 2797 1707 2870 aequitas
1745 2784 1879 2853 Dei':

270 2893 582 2965 Aquoniam'
622 2908 813 2965 magna
860 2901 946 2949 est
990 2893 1265 2964 iniquitas,
1315 2894 1362 2949 si
1396 2893 1523 2969 jugo
1566 2892 1711 2964 gravi
1757 2907 1883 2963 pre-

286 2995 507 3042 muntur
540 2994 597 3042 et
625 2986 830 3058 parvuli
863 2987 981 3043 sine
1020 2986 1130 3043 ullo
1174 2986 1369 3043 merito
1410 2986 1733 3059 vinculoque
1758 3000 1885 3058 pec-

284 3079 411 3134 cati.
1860 3092 1863 3101 λ

355 3169 562 3227 CXLV.
602 3170 725 3228 Jun.
763 3172 845 3228 Ac
880 3188 975 3243 per
1005 3172 1128 3239 hoc,
1176 3187 1374 3244 negare
1412 3188 1733 3244 quemquam
1780 3187 1881 3244 pro

284 3258 508 3318 alterius
550 3270 770 3332 peccato
798 3278 959 3335 posse
996 3263 1260 3338 damnari,
1306 3278 1506 3335 negare
1547 3265 1713 3320 ullum
1752 3260 1881 3336 pec-

283 3360 462 3407 catum
483 3352 550 3408 ad
578 3362 823 3424 posteros
846 3364 1053 3410 natura
1078 3354 1387 3411 conditione
1418 3346 1684 3412 transire:
1716 3364 1879 3427 atque

289 3444 535 3513 credere,
560 3456 720 3519 atque
755 3462 1021 3516 asserere,
1054 3446 1323 3503 hominem
1352 3434 1421 3504 de
1443 3449 1682 3504 instituta
1711 3465 1741 3504 a
1768 3449 1881 3506 Deo

289 3537 616 3596 fecunditate
647 3540 885 3612 genitum
917 3541 1071 3598 liberi
1108 3541 1313 3597 arbitrii
1336 3541 1495 3612 justis
1519 3541 1723 3613 legibus
1747 3557 1880 3598 con-

288 3628 521 3698 veniri’,
570 3639 630 3685 ut
672 3631 801 3686 vitet
841 3645 1002 3687 omne
1047 3630 1191 3702 quod
1236 3632 1433 3687 malum
1478 3639 1583 3701 est,
1630 3640 1881 3688 exerceat

291 3734 456 3777 omne
477 3721 620 3792 quod
647 3721 845 3778 bonum
883 3730 985 3791 est,
1024 3737 1145 3789 nec,
1186 3723 1480 3779 secundum
1506 3738 1620 3791 vos,
1652 3723 1881 3780 aestimet

288 3826 532 3870 amorem
571 3823 628 3871 et
670 3816 1042 3872 necessitatem
1085 3814 1368 3870 criminum
1414 3814 1727 3872 substantite
1767 3829 1880 3871 sua;

282 3908 482 3975 causis,
525 3907 578 3963 id
617 3916 720 3975 est,
752 3908 883 3979 ipsis
920 3907 1213 3964 adhzesisse
1250 3907 1578 3975 seminibus;
1612 3922 1710 3963 nec
1737 3909 1877 3964 reci-

280 3997 394 4069 piat
424 4007 532 4054 tam
557 3999 799 4066 stultam,
833 4007 939 4054 tam
966 3998 1228 4065 insanam,
1260 4006 1369 4053 tam
1400 3997 1619 4069 impiam
1660 4008 1879 4054 senten-

284 4092 433 4157 tiam,
460 4093 514 4148 in
532 4092 913 4148 contumeliam
940 4090 1189 4148 videlicet
1217 4099 1442 4159 naturre,
1480 4091 1725 4158 rationis,
1759 4090 1873 4159 Dei,

282 4183 527 4254 Apostoli
556 4184 827 4239 volumine
867 4182 1155 4249 contineri,
1186 4183 1310 4255 quia
1343 4182 1541 4238 dixerit
1582 4197 1679 4253 per
1709 4196 1874 4238 unum

287 4275 559 4332 hominem
587 4286 866 4347 peccatum
894 4276 950 4331 in
976 4276 1120 4332 hunc
1144 4273 1401 4331 mu‘ndum
1441 4276 1692 4341 intrasse,
1738 4283 1792 4331 et
1821 4275 1875 4331 in

288 4382 477 4423 omnes
498 4368 739 4424 homines
763 4370 1019 4425 transisse
1045 4376 1273 4424 mortem
1302 4367 1479 4439 (Rem.
1506 4383 1561 4435 ν,
1594 4367 1722 4437 12);
1750 4380 1874 4422 cum

290 4458 394 4514 hoc
420 4460 510 4516 diu
536 4461 763 4532 caligare
791 4477 897 4518 non
938 4460 1140 4527 siverit,
1174 4460 1378 4517 addens
1403 4475 1497 4516 eos
1523 4475 1656 4531 quos
1686 4473 1876 4515 omnes

288 4549 519 4619 dixerat,
547 4551 743 4609 debere
769 4553 963 4609 multos
997 4552 1240 4625 intelligi,
1283 4552 1375 4624 qui
1414 4551 1731 4619 imitatione,
1763 4566 1869 4607 non

285 4644 634 4714 generatione
660 4651 991 4716 peccassent.

355 4737 491 4793 Anc.
537 4736 694 4792 Potes
712 4736 912 4804 dicere,
940 4751 1052 4792 non-
1071 4750 1263 4792 omnes
1281 4743 1467 4808 gentes
1487 4735 1675 4791 semini
1705 4733 1875 4792 Abra-

283 4826 368 4883 ha:
406 4827 572 4884 fuisse
599 4828 908 4899 promissas,
953 4829 1043 4885 ubi
1068 4828 1270 4884 dictum
1313 4837 1416 4895 est,
1450 4828 1518 4882 In
1564 4828 1753 4883 semine
1776 4830 1872 4897 ςιιιο

282 4919 634 4976 benedicentur
659 4937 831 4976 omnes
856 4907 1027 4994 gentes
1054 4919 1209 4993 (Gen.
1239 4937 1374 4988 χιιι,
1422 4921 1511 4993 l8)
1535 4935 1551 4988 ;
1581 4921 1706 4992 quia
1750 4935 1875 4976 eas-

283 5010 405 5067 dem
437 5011 573 5067 dixit
613 5020 669 5068 et
711 5013 927 5077 multas.
961 5013 1049 5068 ubi
1084 5012 1298 5089 legitur,
1346 5011 1556 5067 Patrem
1597 5014 1875 5067 multarunt

286 5104 504 5173 gentium
543 5106 689 5176 posui
732 5114 783 5160 te
818 5103 931 5175 (Id.
963 5121 1097 5173 xvn,
1147 5092 1443 5178 5)j?potes,
1487 5105 1724 5177 inquam,
1772 5105 1874 5160 hoc

285 5194 488 5264 dicere,
516 5205 570 5251 et
607 5197 661 5253 in
689 5211 755 5254 eo
781 5212 996 5269 quoque
1021 5198 1141 5254 loco
1168 5196 1461 5268 Scriptum
1498 5196 1873 5268 pramuntianti

285 5286 429 5357 quod
454 5287 612 5344 rebus
636 5288 768 5360 ipsis
785 5290 1033 5347 videmus
1057 5289 1267 5362 impleri
1298 5299 1389 5345 tuo
1412 5290 1719 5362 vaniloquio
1743 5305 1874 5347 con-

286 5377 583 5444 tradicere;
616 5387 671 5436 et
690 5380 976 5452 prohibere
1010 5395 1109 5438 nos
1129 5380 1424 5452 intelligere
1449 5395 1639 5437 omnes
1659 5390 1869 5453 gentes,

282 5469 372 5525 ubi
397 5472 674 5539 promissa:
701 5482 845 5541 sunt,
890 5473 1020 5545 quid
1048 5473 1193 5530 aliud
1221 5489 1380 5545 quam
1398 5539 1402 5542 ,
1423 5474 1874 5545 omnes'gentes?

279 5563 401 5635 quia
433 5578 529 5636 per
557 5574 702 5622 tuam
725 5566 1084 5636 dialecticam,
1124 5583 1297 5624 omnes
1338 5557 1445 5625 non
1472 5583 1569 5640 pro
1598 5568 1869 5639 omnibus,

294 5704 919 5809 ’ξεςιίυηηςιικείιὲυ

340 5804 365 5872 ξ
395 5805 471 5872 sic
630 5806 751 5872 Editi
775 5821 914 5869 vero,
936 5819 1102 5872 quam.

341 5866 368 5904 ⁸
397 5867 602 5924 Sicula.
625 5869 767 5936 Edlti.
788 5866 1042 5927 σαωθιὶἱνε
1424 5894 1434 5925 ι
1462 5916 1475 5921 ν
1514 5891 1531 5930 ·,
1566 5916 1577 5931 ,
1604 5884 1689 5923 κέ..
1791 5876 1799 5897 ί

1647 369 1850 428 LIBER
1884 369 2260 433 SECUNDUS.
2725 374 2780 423 ':.
2838 383 2875 411 ιι

3455 391 3594 455 1202

2002 489 2098 547 sed
2131 507 2228 563 pro
2267 493 2448 553 multis
2476 510 2596 570 qua
2628 512 2815 560 omnes
2857 518 2967 562 non
3011 514 3155 578 sunt,
3186 508 3388 580 positas
3424 521 3585 582 atque

2000 583 2373 657 intelligendas
2413 588 2596 648 doces.
2644 592 2703 650 Si
2743 604 2923 654 autem
2961 608 3184 669 possunt
3223 601 3464 673 quidem,
3496 604 3589 660 ubi

2000 676 2251 735 dicuntur
2276 683 2451 751 multi,
2484 699 2590 741 non
2620 700 2810 746 omnes
2847 691 3100 763 intelligi;
3144 692 3239 749 sed
3268 703 3443 751 tamen
3491 696 3583 752 ubi

1998 768 2248 827 dicuntur
2265 787 2473 844 omnes,
2500 793 2735 852 vereque
2771 792 2898 839 sunt
2926 800 3134 853 omnes,
3163 797 3310 845 recte
3336 788 3585 846 dicuntur

1996 861 2251 930 etmulti;
2279 878 2346 920 ne
2369 864 2470 935 ipsi
2491 881 2698 937 omnes,
2728 875 2881 942 pauci
2908 875 3305 948 intelligantur;
3336 880 3477 935 sicut
3504 879 3582 939 illi

1997 956 2189 1026 sancti,
2218 972 2353 1029 quos
2375 957 2512 1029 ignis
2536 962 2731 1021 ardens
2750 982 2910 1024 urere
2938 978 3021 1025 est
3045 971 3237 1027 vetitus
3265 970 3363 1044 (a),
3397 986 3587 1029 omnes

1997 1047 2138 1104 inter
2182 1048 2426 1106 innoxias
2464 1051 2706 1113 ﬂammas
2743 1057 3029 1115 laudabant
3071 1061 3259 1129 Deum,
3311 1072 3366 1120 et
3409 1073 3586 1121 tamen

1998 1135 2100 1208 ipsi
2128 1153 2318 1196 omnes
2348 1144 2499 1213 pauci
2526 1155 2698 1214 erant,
2728 1149 2979 1217 quoniam
3008 1160 3118 1207 tres
3144 1164 3295 1208 erant
3318 1152 3479 1226 (Dan.
3503 1170 3585 1223 tu.

1998 1229 2189 1302 49-51)
2232 1234 2399 1303 :quid
2450 1235 2611 1292 habet
2653 1237 2844 1294 virium
2890 1244 3276 1312 argumentatio
3326 1254 3436 1311 tua,
3484 1262 3587 1316 qua

1998 1331 2277 1393 propterea
2316 1341 2503 1383 omnes
2542 1342 2647 1383 non
2692 1330 2774 1385 vis
2812 1345 2998 1388 omnes
3045 1331 3287 1405 intelligi,
3334 1336 3587 1405 quoniam

1997 1413 2157 1471 iidem
2189 1418 2290 1487 ipsi
2329 1418 2458 1475 dicti
2491 1430 2615 1476 sunt
2654 1422 2847 1478 multi?
2875 1423 3316 1494 Quandoquidem
3346 1428 3433 1498 qui
3462 1444 3589 1486 vere

1996 1515 2121 1563 sunt
2156 1524 2365 1577 omnes,
2395 1511 2517 1569 ideo
2546 1529 2928 1585 nonnunquam
2958 1516 3209 1573 dicuntur
3244 1529 3299 1574 et
3325 1520 3497 1585 multi,
3528 1530 3588 1577 ut

1996 1596 2369 1656 discernantur
2396 1603 2463 1658 ab
2492 1604 2589 1669 eis,
2626 1605 2949 1678 quicumque
2992 1606 3065 1662 ita
3110 1618 3234 1664 sunt
3271 1624 3480 1678 omnes,
3528 1619 3590 1666 ut

1994 1689 2102 1746 sint
2150 1700 2324 1749 tamen
2374 1696 2545 1765 pauci.
2600 1694 2788 1767 Capilli
2832 1699 3030 1771 quippe
3076 1699 3305 1757 hominis
3363 1718 3579 1771 omnes,

1994 1780 2153 1837 etiam
2200 1784 2351 1841 multi
2388 1795 2545 1855 sunt;
2596 1788 2747 1861 digiti
2790 1805 2919 1847 vero
2959 1793 3121 1849 etiam
3164 1781 3395 1863 omnes,
3421 1797 3579 1867 pauci

1993 1879 2136 1926 sunt.
2814 1889 2818 1899 '
3082 1894 3087 1897 λ

2063 1963 2289 2023 CXLVI.
2328 1967 2451 2026 Jun.
2490 1970 2681 2027 Totum
2712 1972 2942 2045 denique
2971 1976 3113 2046 quod
3140 1986 3341 2047 egerat,
3373 1978 3579 2034 cnoda-

1991 2057 2068 2112 vit
2096 2057 2297 2127 dicens,
2331 2059 2479 2116 Sicut
2502 2063 2636 2116 enim
2661 2080 2749 2133 per
2772 2064 3162 2121 inobedientiam
3193 2070 3341 2122 unius
3362 2070 3585 2126 hominis

1992 2158 2275 2221 peccatores
2312 2155 2570 2208 constituti
2611 2165 2733 2209 sunt
2764 2157 2949 2221 multi;
2992 2158 3067 2211 ita
3092 2168 3137 2211 et
3163 2176 3252 2237 per
3288 2160 3439 2215 unius
3463 2162 3583 2216 obe-

1991 2240 2233 2295 dientiam
2271 2243 2397 2313 iusti
2444 2245 2814 2301 constituentur
2856 2247 3003 2302 multi
3048 2247 3225 2322 (Rom.
3270 2264 3322 2315 v,
3360 2250 3450 2321 19)
3480 2267 3493 2303 :
3525 2260 3583 2307 ut

1989 2330 2131 2386 sicut
2168 2347 2328 2387 nemo
2366 2336 2585 2404 praemia
2611 2336 2823 2409 virtutis
2855 2348 3110 2406 meretur,
3145 2340 3246 2395 nisi
3274 2340 3365 2411 qui
3396 2341 3463 2397 ad
3492 2356 3580 2413 ca,

1990 2431 2112 2493 post
2161 2424 2581 2483 incarnationem
2622 2438 2799 2485 tamen
2844 2428 3073 2497 Christi,
3121 2432 3418 2489 sanctitatis
3462 2434 3581 2502 ejus

1988 2514 2285 2570 imitatione
2330 2518 2699 2585 contenderit;
2758 2520 2829 2576 ita
2884 2521 2938 2577 in
2986 2522 3155 2578 Adam
3201 2524 3579 2592 praevaricator

1988 2621 2149 2661 nemo
2167 2615 2429 2677 teneatur,
2451 2610 2552 2665 nisi
2574 2612 2663 2681 qui
2689 2611 2742 2666 in
2767 2606 3191 2683 transgressione
3217 2613 3349 2686 legis
3374 2613 3533 2686 primi
3552 2614 3572 2650 ι

1988 2696 2223 2753 hominis
2250 2699 2548 2757 imitatione
2577 2702 2881 2773 deliquerit.
3110 2716 3123 2727 ‘
3555 2704 3559 2719 '

2058 2789 2196 2846 Anc.
2238 2789 2350 2846 Hoc
2368 2800 2450 2846 est
2478 2793 2743 2848 occultum
2766 2803 2820 2849 et
2839 2792 3165 2851 horrendum
3185 2796 3332 2852 virus
3357 2795 3582 2854 haeresis

1988 2888 2201 2950 vestrae,
2252 2890 2312 2937 ut
2347 2881 2522 2938 velitis
2557 2878 2792 2954 gratiam
2829 2885 3025 2942 Christi
3073 2880 3126 2942 in
3169 2887 3418 2957 exemplo
3462 2870 3583 2960 ejus

1987 2985 2130 3039 esse,
2157 2988 2263 3028 non
2304 2974 2358 3028 in
2388 2973 2693 3047 dono’ejus,
2723 2976 2984 3044 dicentes,
3027 2980 3150 3051 quia
3181 2995 3280 3051 per
3316 2982 3435 3052 ejus
3460 2981 3584 3039 imi-

1983 3062 2243 3120 tationem
2274 3065 2408 3121 ﬁunt
2432 3066 2583 3137 justi,
2611 3083 2717 3124 non
2748 3085 2845 3140 per
2872 3071 3422 3129 subministrationem
3452 3075 3581 3146 Spi-

1987 3156 2123 3212 ritus
2157 3158 2347 3226 sancti,
2389 3167 2448 3214 ut
2475 3175 2598 3216 eum
2628 3160 2902 3218 imitentur
2928 3163 3180 3231 adducti;
3213 3181 3374 3236 quem
3404 3167 3579 3239 Spiri-

1990 3256 2100 3304 tum
2121 3262 2283 3320 super
2296 3252 2461 3305 ttuos'l
2490 3250 2753 3309 ditissime
2779 3253 3003 3310 eﬁ‘udit:
3031 3264 3085 3311 et
3114 3258 3265 3327 quasi
3294 3257 3582 3329 vigilanter

1986 3338 2200 3406 additis,
2242 3358 2263 3396 ι
2290 3350 2411 3412 post
2440 3342 2861 3401 incarnationem
2901 3354 3080 3403 tamen
3117 3346 3269 3417 ejus;
3303 3365 3323 3401 ι
3360 3358 3611 3420 propter

1985 3432 2234 3503 antiquos
2252 3433 2520 3503 videlicet,
2551 3450 2687 3507 quos
2712 3435 2832 3494 sine
2868 3440 3036 3509 gratia
3067 3438 3185 3509 ejus
3208 3438 3373 3496 fuisse
3398 3440 3580 3498 dicitis

1980 3526 2173 3598 justos,
2202 3541 2270 3583 eo
2295 3527 2436 3599 quod
2479 3544 2586 3584 non
2613 3529 2897 3586 habuerint
2926 3532 3047 3601 ejus
3066 3532 3393 3602 exemplum.
3436 3532 3576 3601 Quid

1984 3620 2032 3675 si
2062 3634 2191 3690 ergo
2222 3628 2280 3675 et
2304 3629 2425 3691 post
2444 3621 2862 3678 incarnationem
2882 3622 3105 3692 Christi,
3134 3624 3371 3681 nondum
3394 3626 3578 3683 audito

1984 3710 2297 3783 Evangelia,
2324 3716 2700 3784 proposuerint
2728 3715 2829 3771 sibi
2855 3716 3017 3787 aliqui
3047 3715 3294 3775 homines
3329 3720 3576 3789 superio-

1984 3804 2105 3859 rum
2133 3804 2377 3874 exempla
2401 3804 2689 3879 justorum,
2716 3805 2967 3876 justeque
3003 3808 3273 3864 vixerint?
3301 3802 3427 3880 quid
3455 3811 3575 3881 agi-

1982 3894 2054 3950 tis
2076 3894 2100 3949 i
2125 3893 2215 3951 ubi
2252 3909 2351 3950 vos
2380 3895 2611 3952 videtis?
2654 3897 2804 3953 Itane
2839 3913 2970 3954 vero
2998 3897 3081 3954 isti
3112 3900 3325 3955 virtutis
3354 3901 3576 3972 pra-mia

1984 3997 2094 4042 non
2123 3987 2438 4042 merentur?
2474 3987 2531 4043 Si
2572 4002 2703 4059 ergo
2744 4003 2809 4044 ex
2844 3976 3111 4059 jnstorum
3141 3990 3439 4046 imitatione
3479 3990 3573 4062 ju-

1982 4075 2155 4141 stitia;
2197 4074 2440 4132 Christus
2477 4078 2644 4148 gratis
2686 4087 2931 4135 mortuus
2966 4089 3051 4137 est
3089 4078 3287 4151 (Colat.
3330 4097 3386 4147 ll,
3425 4082 3519 4155 21)
3550 4099 3567 4139 :

1981 4169 2105 4240 quia
2133 4167 2350 4225 fuerunt
2370 4168 2498 4259 justi
2538 4181 2591 4227 ct
2631 4180 2753 4228 ante
2786 4162 2979 4243 ipsum,
3004 4190 3161 4245 -quos
3206 4164 3400 4231 imitari
3443 4191 3571 4246 pos-

1982 4269 2122 4325 sent,
2152 4258 2245 4331 qui
2269 4258 2399 4329 justi
2433 4275 2556 4317 esse
2584 4262 2895 4318 voluissent.
2917 4264 3075 4332 ?Quid
3106 4275 3191 4321 cst
3231 4266 3392 4322 etiam
3430 4266 3572 4338 quod

1980 4350 2270 4421 Apostolus
2299 4366 2404 4407 non
2446 4352 2542 4420 ait,
2574 4353 2878 4410 imitatores
2903 4364 3077 4412 estote
3101 4356 3320 4424 Christi,
3355 4358 3491 4413 sicut
3517 4368 3573 4416 ct

1981 4456 2115 4513 ego;
2143 4436 2242 4500 sed
2266 4443 2362 4511 ait,
2392 4442 2685 4501 Imitatorcs
2717 4447 2815 4501 mei
2835 4452 3011 4512 estote,
3056 4450 3184 4504 sicut
3210 4460 3255 4504 et
3287 4467 3379 4523 ego
3422 4450 3573 4507 Chri-

1981 4533 2048 4591 sti
2073 4533 2115 4606 (Ι
2140 4532 2262 4589 Cor.
2297 4550 2375 4602 st,
2408 4536 2498 4607 l)?
2535 4538 2676 4609 Ergo
2698 4552 2758 4594 se
2782 4539 2889 4594 illis
2912 4541 3080 4596 voluit
3114 4556 3237 4598 esse
3279 4557 3375 4613 pro
3410 4543 3571 4601 Chri-

1980 4624 2100 4681 sto?
2132 4625 2403 4685 Videtisne
2437 4634 2571 4699 qua:
2596 4628 2735 4684 mala
2778 4644 2874 4686 vos
2906 4642 3323 4705 consequantur,
3353 4636 3569 4707 quando

1980 4716 2153 4773 Adam
2186 4726 2242 4774 ct
2281 4718 2549 4775 Christum
2590 4722 2848 4793 Apostolo
2880 4736 3230 4796 proponente,
3261 4744 3355 4784 vos
3402 4729 3572 4788 imita-

1980 4808 2179 4871 tionem
2220 4809 2527 4879 imitationi,
2558 4813 2703 4869 non“
2740 4812 3200 4887 regenerationem
3236 4821 3571 4892 generationi

1979 4903 2141 4959 vultis
2165 4908 2474 4975 opponere?

2051 4996 2298 5053 CXLV“.
2339 4997 2458 5055 ιω..
2493 4998 2781 5059 Pervenire
2820 5000 2998 5060 autem
3044 5010 3102 5062 et
3142 5004 3211 5061 ad
3256 5004 3570 5064 innocentes

1978 5086 2452 5160 gratiamiCltristi,
2492 5091 2559 5147 ad
2593 5094 2729 5164 quos
2768 5093 2898 5154 Adae
2937 5096 3092 5167 culpa
3133 5113 3241 5153 non
3284 5099 3566 5169 pervenit:

1979 5190 2207 5253 propter,
2225 5183 2389 5254 quod,
2411 5184 2695 5255 vigilanter
2721 5187 3026 5257 inculcavit,
3063 5188 3229 5245 Multo
3255 5192 3420 5264 magis
3442 5207 3570 5263 gra-

1980 5274 2054 5329 tia
2079 5273 2183 5337 Dei,
2202 5285 2250 5331 et
2273 5276 2463 5332 donum
2494 5278 2647 5335 unius
2675 5280 2894 5337 hominis
2918 5272 3047 5339 Iesu
3085 5281 3275 5340 Christi
3310 5284 3364 5339 in
3395 5282 3571 5355 plures

1983 5364 2259 5441 abundavit
2285 5367 2462 5439 (Rom.
2493 5384 2549 5441 v,
2576 5371 2712 5443 l5):
2749 5381 2807 5429 ut
2847 5373 2935 5429 illa
2982 5375 3228 5446 superior
3250 5374 3571 5459 eoa-quatit)

2044 5502 2062 5572 ξ
2096 5501 2216 5572 editi
2235 5539 2251 5565 ,
2272 5502 2425 5572 quasi
2444 5502 2609 5569 primi.
2634 5506 2811 5572 Abest,
2850 5505 3017 5572 quasi,
3042 5520 3071 5558 a
3098 5506 3349 5572 Μεδεὼν.
3375 5516 3430 5572 et
3450 5515 3566 5560 Mar.

1992 5601 2005 5607 -
2041 5566 2064 5597 ί
2095 5565 2364 5637 leuandus,
2389 5565 2498 5630 qua!
2512 5580 2658 5633 super
2675 5565 2897 5637 spiritga'n
2914 5565 3056 5633 super
3074 5570 3464 5637 vos._\'_ignietius,
3485 5583 3570 5635 qus

1977 5640 2119 5707 signa
2139 5631 2362 5707 spiritum
2394 5642 2537 5694 super
2568 5631 2666 5707 eos.
2702 5631 3252 5695 Corriguutnrexﬁde'
3287 5639 3413 5683 l’ort.

1872 5688 2097 5777 .0”!-

1992 5730 2327 5825 jft’articula
2361 5748 2551 5817 negans
2590 5738 2820 5808 hoc-loco
2855 5732 3128 5808 restituitur
3144 5730 3436 5814 auctoritate
3467 5778 3570 5820 ma.

1979 5821 2350 5876 nuscriptorum.
2800 5866 2801 5869 η
2960 5846 2963 5847 ν
3056 5854 3057 5857 η
3190 5852 3199 5857 .
3306 5852 3336 5863 ..
3398 5838 3417 5863 ,λ
3498 5839 3506 5865 ι

2043 5875 2517 5944 (a)Forte,veritus.
2636 5890 2663 5899 "
3133 5880 3175 5939 ,’
