4062 6494
251 311 395 377 ωδ

251 425 575 493 consentiat,
608 434 786 504 utrum
816 435 916 493 ego
937 421 1027 495 qui
1055 422 1175 483 dico
1198 435 1541 489 verumnesse
1562 419 1708 494 quod
1745 417 1850 485 ait,

253 519 360 577 Per
384 518 535 574 unius
564 516 803 572 delictum
827 515 883 570 in
909 530 1079 570 omnes
1113 514 1338 571 homines
1363 514 1431 569 ad
1464 512 1846 569 condemnatio-

252 628 369 671 nem
384 628 406 680 ;
433 619 490 668 et
515 625 700 666 verum
727 608 1013 681 essequod
1039 610 1134 675 ait,
1158 607 1262 664 Per
1282 610 1431 666 unius
1454 607 1847 665 inobedientiam

254 714 542 780 peccatores
572 701 831 757 constituti
856 709 971 757 sunt
1000 702 1149 756 multi
1174 700 1192 769 (
1201 699 1349 755 Rom.
1372 717 1424 769 ν,
1457 699 1545 766 18,
1574 698 1698 768 19);
1722 712 1848 768 quo-

256 798 400 854 niam
442 812 552 852 non
592 806 850 866 repugnat
878 804 935 849 ut
967 795 1055 866 qui
1088 795 1239 875 multi
1279 803 1405 850 sunt
1432 807 1620 849 omnes
1642 792 1767 856 sint,
1794 798 1850 847 et

254 880 345 962 qui
387 903 578 946 omnes
619 898 744 943 sunt
778 887 932 943 multi
966 887 1074 943 sint
1097 905 1110 940 :
1136 902 1203 942 an
1242 895 1296 941 tu
1336 886 1427 957 qui
1463 883 1618 947 dicis,
1652 882 1750 939 Ubi
1775 881 1851 938 ait

251 983 475 1050 multos,
501 979 651 1036 multi
671 989 822 1045 sunt;
855 980 943 1034 ubi
962 979 1037 1033 ait
1059 993 1265 1046 omnes,
1296 992 1400 1032 non
1419 982 1776 1037 omnessunt.

331 1060 443 1133 CL.
476 1073 597 1131 Jun.
639 1072 905 1130 Patefacto
936 1073 1094 1145 igitur
1124 1073 1205 1128 vel
1250 1072 1510 1141 imperitia
1549 1071 1635 1126 vel
1672 1069 1849 1140 impu-

256 1164 442 1227 dentia
470 1154 583 1234 tua,
614 1182 729 1239 quae
757 1174 850 1220 aut
878 1181 983 1220 non
1010 1174 1161 1220 curat
1186 1173 1278 1219 aut
1309 1179 1412 1218 non
1453 1162 1592 1219 valet
1616 1161 1742 1233 quid
1767 1161 1852 1223 die

255 1272 417 1321 catur
444 1276 728 1332 exponere,
759 1268 1081 1329 ostensoque
1109 1256 1344 1312 veritatis
1376 1256 1563 1325 ipsius,
1598 1269 1756 1325 quam
1793 1269 1854 1310 se

261 1342 388 1410 esse
416 1353 654 1408 Christus
683 1350 977 1421 appellavit
1007 1348 1186 1419 (Joan.
1217 1364 1327 1416 xiv,
1359 1348 1441 1420 6),
1469 1346 1694 1413 lumine,
1719 1345 1855 1403 nihil

261 1443 331 1500 de
352 1443 575 1515 apostoli
600 1442 745 1498 Pauli
761 1441 1099 1497 sermonibus
1118 1440 1444 1509 Manicbmae,
1469 1438 1521 1494 id
1540 1449 1622 1496 est
1637 1447 1850 1509 vestras,

258 1537 539 1593 cohaerere
561 1536 844 1592 dementia:
866 1555 881 1592 :
902 1551 1045 1591 nunc
1067 1536 1383 1606 expositioni
1405 1550 1622 1605 operam
1644 1535 1854 1601 demus,

259 1638 319 1683 ut
348 1628 488 1682 sicut
516 1637 788 1683 ostensum
818 1638 900 1683 est
928 1628 1160 1699 qualiter
1186 1644 1292 1683 non
1323 1628 1511 1697 possit,
1551 1627 1625 1683 ita
1657 1628 1860 1685 clareat

259 1721 491 1795 qualiter
517 1731 572 1777 et
593 1720 786 1777 debeat
814 1721 1009 1778 Paulus
1034 1729 1089 1777 et
1118 1721 1285 1792 possit
1309 1721 1553 1793 intelligi.

335 1814 473 1869 Auc.
522 1812 600 1867 ita
645 1811 912 1868 desereris
959 1814 1211 1879 veritate,
1248 1822 1302 1868 et
1340 1823 1528 1869 conU‘a
1577 1811 1858 1871 manifesta

264 1903 509 1978 Apostoli
528 1904 691 1979 verba
719 1921 825 1961 non
854 1916 1004 1975 potes
1027 1904 1268 1961 invenire
1287 1905 1416 1976 quid
1444 1906 1612 1970 dicas.
1640 1915 1698 1961 ut
1716 1905 1860 1977 quod

268 2000 325 2055 in
355 1998 435 2055 eis
474 1998 852 2054 intellexerunt
885 2007 962 2053 tot
997 1999 1165 2055 sancti
1196 1999 1434 2068 clarique
1457 1998 1727 2067 doctores,
1768 1998 1862 2070 qui

270 2090 376 2149 hoc
399 2090 451 2146 in
481 2090 720 2149 Ecclesia
746 2090 1007 2145 Catholica
1037 2089 1340 2147 didicerunt
1365 2098 1526 2158 atque
1563 2090 1864 2149 docuerunt

273 2184 404 2259 (non
432 2184 577 2240 enim
596 2200 787 2240 sanum
825 2198 1040 2239 sensum
1074 2184 1329 2240 habentes
1358 2185 1413 2240 in
1432 2193 1540 2240 tam
1563 2182 1862 2241 manifestis

266 2275 450 2333 verbis
471 2274 616 2333 aliud
654 2276 956 2347 intelligere
992 2278 1323 2350 potuerunt),
1356 2286 1410 2334 tu
1451 2277 1864 2333 Manicbmm-um

268 2383 390 2425 esse
423 2366 604 2438 dicas,
640 2367 783 2440 quod
824 2368 946 2424 illos
989 2385 1096 2426 non
1146 2368 1312 2428 fuisse
1350 2371 1561 2441 cogeris
1595 2370 1863 2438 conﬁteri,

268 2460 597 2532 quantolibet
619 2475 826 2517 veneno
851 2460 1147 2532 Pelagianae
1173 2463 1338 2533 pestis
1362 2463 1616 2521 insanias.

345 2552 478 2608 CLI.
519 2551 638 2611 ιω..
690 2551 943 2611 Scribens
986 2555 1166 2625 itaque
1209 2555 1278 2612 ad
1320 2555 1622 2622 Romanos,
1664 2568 1731 2611 eo
1754 2553 1867 2626 jam

276 2653 542 2715 tempore,
568 2660 670 2716 quo
693 2644 944 2701 Gentium
969 2656 1206 2716 coeperat
1231 2661 1354 2705 esse
1378 2646 1682 2716 permixtio,
1707 2655 1868 2717 atque

275 2734 401 2793 ideo
430 2745 535 2790 tam
572 2752 639 2792 ex
665 2735 862 2792 Judaeis
889 2753 1047 2807 quant
1072 2754 1138 2794 ex
1164 2737 1424 2795 Gentibus
1461 2739 1869 2808 complebantur

274 2828 553 2896 Ecclesiaz,
584 2829 842 2885 tumultus
871 2830 1052 2901 populi
1081 2830 1357 2901 utriusque
1384 2832 1679 2900 componit,
1705 2831 1870 2887 incul-

273 2935 406 2979 Cans
432 2923 681 2991 quomam
711 2937 811 2976 nec
838 2931 1024 2992 gentes
1054 2923 1382 2992 impietatem
1410 2939 1585 2990 suam,
1613 2938 1718 2995 qua
1751 2938 1872 2978 mu»

278 3023 522 3079 taverant
558 3015 785 3085 gloriam
830 3015 924 3071 Dei
967 3015 1021 3071 in
1063 3015 1468 3073 similitudinem
1497 3015 1745 3087 imaginis
1770 3014 1871 3072 hoc

272 3107 456 3185 minis,
480 3117 535 3163 et
561 3107 858 3173 volucrum,
887 3115 944 3163 et
969 3106 1394 3178 quadrupedum,
1424 3117 1484 3165 et
1514 3108 1866 3178 serpentium,

279 3198 420 3273 legis
438 3200 648 3272 possint
668 3200 1007 3270 ignoratione
1028 3200 1254 3267 diluere.
1283 3215 1405 3273 quae
1430 3216 1528 3272 per
1558 3202 1669 3258 vim
1700 3201 1869 3258 ratio~

277 3288 363 3348 nis
386 3291 660 3364 ingenitae,
696 3291 798 3351 etsi
839 3308 949 3351 non
978 3293 1137 3353 ritum
1160 3294 1588 3353 ceremoniarum
1615 3293 1871 3352 iudaice.-

278 3401 422 3455 rum,
468 3396 646 3445 tamen
702 3387 866 3445 Deum
920 3386 1346 3451 innotescantsi:
1392 3390 1682 3460 Operibus,
1739 3390 1871 3447 sub.

284 3477 497 3541 stantia:
521 3493 652 3537 vero
678 3478 1039 3551 profunditate
1072 3490 1338 3538 secretum
1358 3522 1375 3547 ,
1406 3483 1675 3553 potuerint
1691 3498 1762 3539 ex
1784 3482 1872 3539 his

282 3569 356 3627 ab
381 3584 450 3625 eo
487 3584 608 3640 quae
640 3580 763 3629 sunt
797 3571 935 3630 facta
954 3587 1302 3644 cognoscere.
1332 3574 1489 3646 Legis
1514 3585 1700 3632 autem
1742 3590 1873 3632 nora-

284 3678 456 3732 mam,
483 3672 739 3735 quantum
760 3665 825 3725 ad
850 3667 987 3723 vitor
1012 3668 1329 3736 probitatem
1356 3667 1595 3741 respicit,
1623 3670 1875 3740 proprius

284 3756 576 3828 unicuique
603 3758 914 3828 suggerebat
940 3758 1191 3825 aﬁ‘ectus;
1223 3761 1469 3817 videlicet
1501 3771 1562 3817 ut
1601 3763 1731 3818 nihil
1769 3762 1876 3820 tale

278 3846 508 3905 inferret
533 3848 795 3918 proximo,
822 3850 984 3919 quale
1007 3851 1215 3921 perpeti
1239 3851 1543 3909 noluisset:
1574 3860 1733 3923 atque
1754 3854 1876 3911 ideo

280 3938 663 4013 profanitatem
688 3938 938 3997 Gentium
976 3940 1101 4011 jure
1140 3942 1344 4012 optimo
1382 3942 1532 4012 argui
1562 3957 1722 4015 posse
1746 3956 1879 3999 cort-

280 4030 468 4105 vincit,
498 4030 603 4101 etsi
641 4046 748 4086 non
778 4047 872 4101 per
898 4032 1089 4103 legem,
1122 4047 1219 4104 per
1246 4048 1365 4089 eam
1411 4043 1587 4088 tamen
1617 4033 1878 4104 justitiam

278 4138 402 4196 qua:
426 4122 668 4194 condidit
691 4123 960 4194 legem,_et
980 4139 1082 4194 qua
1105 4124 1396 4193 judicante,
1421 4125 1474 4181 lii
1502 4124 1597 4195 qui
1619 4126 1735 4182 sine
1760 4126 1879 4198 lege

280 4223 669 4288 peccaverunt,
692 4216 807 4271 sine
836 4215 954 4287 lege
974 4226 1029 4273 et
1048 4217 1312 4286 peribunt.
1339 4216 1555 4275 Juduros
1568 4233 1714 4283 vero,
1741 4233 1881 4289 quo-

286 4321 411 4367 tum
460 4307 632 4378 magis
670 4308 944 4375 intererat,
988 4308 1112 4379 quia
1162 4309 1220 4364 in
1272 4307 1583 4380 despectum
1629 4308 1882 4367 Gentium

284 4399 528 4459 maxime
551 4401 937 4467 tumescebant,
970 4401 1225 4470 honorem
1252 4402 1352 4461 sibi
1377 4402 1446 4459 de
1471 4404 1603 4475 legis
1630 4404 1883 4475 puriﬁca-

291 4491 532 4552 tionibus
560 4492 909 4558 vindicantes,
937 4508 1002 4553 ac
1042 4510 1136 4564 per
1161 4495 1261 4553 hoc
1284 4496 1610 4553 aestimantes
1652 4510 1758 4551 non
1780 4496 1883 4552 sibi

291 4584 368 4643 ita
394 4592 453 4639 ut
481 4583 743 4641 Gentibus
771 4583 1033 4655 promisse
1062 4576 1511 4659 Christi/gratiam
1539 4596 1753 4657 peccata
1783 4587 1886 4643 do-

292 4684 540 4745 nantem,
568 4675 1147 4748 quandoquidemllegis
1165 4693 1229 4735 ea
1256 4678 1588 4735 institutione
1607 4680 1883 4744 vitassent,

291 4786 487 4842 magna
515 4769 937 4841 disputationum
963 4773 1157 4828 virtute
1180 4772 1488 4844 confringit.
1517 4772 1777 4842 allegans,
1805 4773 1887 4829 eis

293 4871 444 4920 tanto
459 4863 690 4934 amplius
702 4877 802 4934 per
818 4862 1202 4936 indulgentiam
1222 4862 1384 4923 fuisse
1396 4865 1669 4931 collatum,
1687 4874 1888 4935 quanto

284 4964 419 5027 .post
446 4955 580 5028 legis
600 4954 1022 5015 admonitionem
1043 4957 1160 5015 sine
1188 4957 1288 5012 ulla
1316 4956 1649 5027 ignoratione
1674 4971 1891 5027 peccas-

253 5091 265 5095 -
300 5054 449 5112 rem;
472 5061 573 5117 per
597 5045 742 5118 quod
764 5047 1030 5119 approbat
1050 5063 1144 5105 eos
1175 5064 1295 5105 reos
1313 5048 1497 5115 fuisse,
1525 5057 1580 5104 et
1602 5047 1891 5105 vehemen-

298 5147 388 5196 ter
414 5140 648 5209 potuisse
669 5139 915 5221 damnari
953 5142 1008 5197 in
1035 5141 1156 5212 ejus
1184 5142 1405 5212 iustitia:
1436 5142 1711 5221 examine,
1749 5142 1891 5213 apud

305 5248 465 5305 quem
494 5236 583 5306 qui
610 5237 663 5291 in
697 5219 815 5310 lege
841 5252 1216 5311 peccaverunt,
1257 5255 1353 5313 per
1379 5242 1550 5313 legem
1576 5219 1895 5311 judicabun—

292 5334 394 5383 ur
422 5343 437 5380 :
467 5326 589 5384 Non
613 5331 745 5386 enim
781 5332 1039 5389 auditores
1064 5333 1193 5405 leqis
1221 5335 1347 5405 justi
1384 5343 1503 5389 sunt
1531 5333 1670 5404 apud
1699 5331 1890 5401 Deum,

286 5419 394 5477 sed
424 5419 644 5493 [adoras
666 5420 799 5495 legis.
816 5424 1238 5497 juuiﬁcabuntur
1266 5420 1452 5497 '(Rom.
1491 5438 1600 5492 t-tt,
1634 5425 1750 5499 15).
1781 5425 1895 5482 Hoc

284 5528 433 5587 ergo
457 5518 752 5586 proposito,
777 5531 879 5589 per
906 5528 1077 5574 totum
1109 5517 1303 5575 librum
1326 5521 1626 5592 disputans,
1658 5532 1773 5579 tum
1798 5538 1895 5578 su-

248 5641 253 5645 -
294 5606 538 5677 peritiam
565 5608 812 5681 reprimit
832 5609 1162 5678 Iudaeorum,
1191 5618 1298 5665 mm
1326 5615 1723 5671 exornationem
1746 5616 1897 5669 vani-

301 5699 425 5752 tatis
467 5697 732 5755 Gentibus
772 5701 974 5769 demit,
1017 5711 1075 5756 ut
1111 5701 1300 5769 doceat
1333 5708 1608 5779 aequaliter
1636 5710 1895 5765 ambobus

300 5793 516 5867 populis
540 5793 745 5852 Christi
764 5794 1031 5868 profuisse
1058 5795 1397 5857 medicinam.

1592 289 1797 350 LIBER
1832 283 2207 357 SECUNDUS.

3411 303 3549 371 Ιυιῗ

2030 414 2168 472 Anc.
2205 411 2357 473 Hanc
2388 416 2708 477 medicinam
2742 418 2975 493 parvulis
3007 434 3105 479 vos
3145 425 3381 496 negatis,
3409 442 3543 496 quos
3658 426 3661 429 ’

1953 506 2040 564 lex
2078 507 2194 580 ipsa
2238 510 2547 568 circumcidi
2589 521 2776 571 octava
2818 514 2907 571 die
2944 515 3125 586 jussit,
3162 516 3278 588 ejus
3314 520 3541 589 gratiam

1952 601 2319 675 prmligurans,
2350 605 2503 678 cujus
2532 609 2979 667 resurrectionem
3008 610 3333 678 dominicus,
3358 612 3410 669 id
3437 625 3540 679 est,

1955 703 2076 769 post
2116 696 2401 765 septimum
2447 698 2667 755 Sabbati
2708 701 2824 757 dies
2865 712 3087 759 octavus
3127 704 3367 760 ostendit
3401 725 3412 758 :
3443 720 3544 762 nec

1954 784 2144 841 valetis
2171 801 2234 841 ac
2271 786 2430 842 vultis
2457 789 2770 857 attendere,
2803 793 2872 847 ita
2905 796 3180 864 parvulum
3226 796 3544 855 morientem

1954 877 2069 937 sine
2090 876 2289 933 Christi
2320 880 2489 949 gratia
2515 883 2827 952 periturum,
2859 888 3307 956 quemadmodum
3341 890 3545 947 dictum

1955 978 2057 1049 est,
2091 971 2445 1027 incircumcisi
2489 974 2722 1032 animam
2763 979 2966 1048 parvuli
3004 979 3227 1037 interire
3255 981 3324 1037 de
3352 982 3548 1053 populo

1955 1078 2055 1119 suo
2080 1062 2233 1134 (Gen.
2262 1079 2397 1132 xvu,
2424 1064 2514 1132 12,
2549 1069 2640 1139 14)
2670 1087 2685 1125 :
2713 1070 2866 1139 cujus
2892 1070 3140 1129 interitus
3166 1073 3405 1130 invenire
3434 1090 3550 1133 me-

1955 1156 2115 1210 ritum
2147 1171 2251 1212 non
2278 1162 2503 1229 potestis
2530 1200 2549 1227 ,
2586 1161 2843 1230 quamdiu
2883 1180 2988 1225 non
3027 1168 3239 1237 trahere
3271 1179 3548 1239 peccatum

1959 1247 2178 1319 originis
2205 1250 2459 1320 parvulos
2483 1251 2683 1309 dicitis.

2030 1340 2182 1395 CLll.
2236 1340 2355 1397 Jun.
2387 1342 2491 1410 Qui
2529 1352 2585 1401 et
2626 1346 2852 1403 crimina
2897 1348 3188 1406 voluntatis
3238 1350 3470 1423 ignovit,
3518 1370 3554 1409 a

1960 1431 2156 1509 quibus
2187 1434 2413 1491 liberum
2442 1435 2617 1493 fuerat
2653 1438 2964 1508 abstinere;
3003 1451 3059 1498 et
3098 1444 3182 1499 sui
3211 1443 3507 1507 imitatione
3532 1485 3550 1514 ,

1960 1526 2051 1599 qui
2075 1536 2189 1583 erat
2207 1529 2461 1586 virtutum
2490 1530 2661 1589 forma
2690 1543 2746 1589 et
2761 1549 2947 1590 norma
2966 1577 2980 1604 ,
3003 1539 3262 1596 correctis
3280 1541 3297 1572 ί
3327 1541 3555 1612 gloriam

1960 1617 2133 1677 beata:
2160 1622 2476 1678 aeternitatis
2513 1624 2755 1682 indulsit.
2785 1627 2919 1683 Cum
2970 1644 3101 1700 ergo
3133 1640 3413 1703 utramque
3453 1649 3556 1689 na-

1962 1710 2162 1765 tionem
2192 1727 2290 1782 pro
2314 1714 2606 1771 voluminis
2633 1717 2715 1771 sui
2746 1726 2988 1788 tempore
3014 1728 3069 1774 et
3089 1720 3208 1790 jure
3227 1724 3509 1780 conveniat
3536 1741 3555 1781 :

1963 1803 2019 1869 in
2052 1804 2137 1860 bis
2161 1815 2336 1862 tamen
2364 1807 2497 1864 locis
2519 1850 2535 1877 ,
2562 1808 2634 1865 de
2651 1810 2844 1881 quibus
2858 1814 3083 1883 quaestio
3102 1823 3215 1882 est,
3237 1829 3358 1870 cum
3379 1815 3557 1873 lsrae-

1964 1896 2072 1953 litis
2099 1899 2317 1955 omnino
2356 1916 2570 1956 insnum
2597 1904 2864 1972 conserit,
2895 1905 2987 1976 qui
3033 1906 3301 1979 audebant
3325 1906 3393 1964 de
3418 1923 3561 1979 prac-

1967 1989 2286 2061 pntiatorum
2308 1993 2477 2063 stirpe
2498 1994 2804 2063 venientes,
2836 2012 2903 2052 eo
2950 2013 3122 2068 usque
3149 1997 3454 2069 despicere,
3498 2005 3562 2055 ut

1966 2080 2296 2139 afﬁrmarent
2323 2099 2450 2150 eos,
2516 2101 2619 2141 nec
2671 2087 2926 2160 sutl‘ragio
2953 2089 3079 2146 ﬁdei
3123 2089 3191 2146 ad
3229 2092 3560 2148 consortium

1966 2190 2124 2231 suum
2154 2177 2386 2234 transire
2408 2178 2647 2249 potuisse
2673 2197 2688 2234 :
2720 2190 2908 2238 contra
2937 2181 3082 2253 quod
3118 2183 3463 2254 supercilium
3484 2198 3566 2241 re-

1968 2266 2126 2337 plicat
2149 2266 2349 2324 Judzete
2372 2270 2551 2340 gentis
2584 2271 2843 2342 exordia,
2881 2283 2935 2329 et
2976 2274 3032 2331 in
3065 2276 3086 2307 ⁸
3112 2274 3227 2345 ipsa
3247 2275 3429 2332 radice
3454 2276 3564 2332 cir-

1969 2359 2349 2427 cumcisionis,
2400 2362 2638 2420 ostendit
2683 2379 2794 2421 non
2844 2364 2979 2422 tanti
3028 2379 3153 2423 esse
3197 2368 3560 2438 praeputium,

1970 2459 2033 2509 ut
2064 2461 2157 2507 aut
2199 2451 2430 2525 injustos
2465 2454 2584 2527 ejus
2619 2455 2867 2528 relictio,
2896 2465 2992 2515 aut
3033 2456 3212 2530 justus
3260 2458 3422 2516 iaciat
3446 2459 3567 2539 ejus

1969 2542 2189 2600 ablatio.

2042 2636 2181 2691 Anc.
2222 2635 2448 2704 Quando
2490 2637 2595 2696 ista
2617 2639 2831 2699 dicebat
2849 2641 3178 2713 Apostolus,
3219 2658 3329 2701 non
3373 2643 3442 2700 de
3467 2644 3573 2701 cir-

1971 2730 2334 2798 cumcisione,
2376 2731 2465 2788 vel
2490 2735 2754 2805 praeputio
2780 2751 2796 2803 ;
2826 2735 2929 2792 sed
2950 2735 3020 2793 de
3050 2737 3332 2809 prmeeptis
3355 2738 3491 2809 legis
3513 2739 3572 2797 in

1972 2822 2168 2893 quibus
2195 2833 2280 2881 est
2314 2824 2475 2882 etiam
2496 2865 2514 2893 ,
2544 2825 2669 2884 Non
2688 2830 3013 2900 concupisces
3037 2829 3232 2904 (Exod.
3260 2845 3365 2900 xx,
3384 2833 3452 2888 i7
3474 2871 3491 2899 ,
3521 2839 3573 2887 et

1972 2913 2130 2975 Deut.
2179 2932 2249 2985 v,
2276 2917 2410 2987 21),
2436 2919 2629 2989 agebat
2663 2936 2679 2976 :
2717 2920 2860 2992 quod
2885 2929 2942 2977 et
2975 2921 3092 2992 ipse
3124 2924 3573 2981 commemoravit

1976 3005 2153 3079 (Rom.
2181 3023 2281 3075 vn,
2326 3006 2403 3082 7).
2430 3009 2575 3078 Quid
2599 3011 3072 3083 tergiversaminii
3097 3014 3317 3072 Priores
3343 3015 3568 3087 peritis.

1974 3095 2104 3188 dum
2132 3096 2416 3170 caliginem
2441 3099 2719 3159 oti'unditis
2746 3102 3032 3173 imperitis.
3256 3175 3268 3188 ί

2046 3187 2226 3245 CLIII.
2245 3189 2369 3246 Jun.
2398 3191 2523 3247 Non
2559 3209 2678 3265 ergo
2705 3211 2796 3266 per
2823 3196 2984 3268 legem
3019 3187 3288 3268 promissio
3311 3197 3533 3255 Atratus
3551 3239 3572 3270 ,

1976 3289 2033 3337 ut
2056 3281 2218 3339 lateres
2254 3293 2383 3340 esset
2404 3285 2618 3352 mundi,
2647 3287 2736 3343 sed
2764 3304 2856 3361 per
2884 3289 3143 3360 justitiam
3170 3290 3311 3361 ﬁdei.
3340 3290 3404 3348 Si
3439 3292 3575 3347 enim

1976 3374 2063 3445 qui
2078 3383 2197 3429 sunt
2221 3390 2288 3431 ea;
2316 3376 2456 3448 lege,
2484 3377 2709 3435 heredes
2731 3389 2851 3435 sunt
2861 3396 2883 3447 ;
2910 3390 3150 3437 uacuam
3187 3389 3261 3437 est
3291 3382 3418 3453 ﬁdes
3435 3422 3452 3452 ,
3475 3383 3572 3439 ds-

1975 3472 2168 3521 structa
2192 3475 2264 3521 est
2286 3467 2574 3541 promissio.
2604 3467 2714 3525 ιω
2735 3470 2869 3526 enirn
2892 3471 3027 3528 iram
3049 3483 3290 3544 opemtur
3314 3488 3337 3529 :
3363 3474 3450 3529 ubi
3473 3489 3574 3529 au-

1976 3565 2079 3612 tem
2103 3571 2205 3614 non
2231 3568 2305 3617 est
2331 3559 2449 3627 les,
2479 3576 2572 3616 nec
2596 3566 2967 3634 pmoricotio.
2995 3564 3127 3621 Ideo
3149 3580 3215 3622 ea:
3238 3566 3378 3638 ﬁde,
3406 3576 3463 3622 ut
3488 3583 3574 3623 se-

1980 3654 2203 3711 cundum
2223 3656 2446 3728 gratiam
2480 3657 2633 3726 ﬁrma
2671 3658 2737 3713 sit
2782 3661 3052 3731 νενοηιῆάο
3073 3662 3212 3718 comi
3233 3662 3446 3729 semini;
3474 3676 3577 3717 non

1978 3749 2030 3815 ei
2050 3758 2248 3807 tantum
2274 3752 2410 3822 quod
2432 3768 2498 3809 ea:
2516 3751 2626 3826 lege
2641 3764 2750 3821 est,
2780 3756 2872 3811 sed
2888 3758 3026 3828 quod
3053 3774 3118 3814 ex
3130 3759 3234 3829 fide
3246 3768 3320 3814 est
3333 3759 3576 3828 Abrahae,

1979 3841 2073 3913 qui
2094 3851 2170 3897 est
2198 3852 2342 3912 pater
2358 3845 2586 3909 omnium
2606 3855 2837 3902 nostrum
2865 3848 3019 3921 (sicut
3044 3851 3291 3922 scriptum
3312 3860 3407 3919 est,
3442 3851 3579 3918 Quia

1978 3942 2181 4006 patrem
2207 3935 2485 3992 multarum
2506 3938 2730 4010 gentium
2756 3941 2903 4011 posui
2924 3939 2994 4014 te)
3012 3982 3029 4009 ,
3059 3950 3178 3997 ante
3193 3939 3359 3997 Deum
3373 3944 3459 3999 cui
3469 3952 3586 4000 cre-

1975 4026 2148 4093 didit,
2187 4028 2276 4100 qui
2297 4027 2519 4100 oioiﬁcat
2559 4040 2818 4097 mortuos,
2846 4041 2895 4088 et
2920 4043 3063 4089 vocat
3085 4049 3147 4089 ea
3172 4050 3287 4107 qua
3320 4051 3423 4092 non
3460 4044 3583 4094 sunt

1976 4127 2227 4191 usquam
2251 4136 2369 4192 qua
2388 4131 2526 4177 sunt.
2562 4122 2665 4192 Qui
2690 4134 2875 4195 praeter
2912 4141 3054 4197 spem
3079 4126 3136 4180 in
3162 4143 3303 4199 spem
3331 4129 3578 4199 credidit,

1986 4219 2041 4265 ut
2066 4212 2209 4281 ﬁeret
2236 4223 2378 4283 pater
2396 4214 2671 4270 multarum
2715 4218 2942 4289 gentium
2959 4260 2974 4282 ,
2996 4220 3273 4274 secundum
3317 4221 3456 4290 quod
3491 4221 3579 4275 dit-

1978 4312 2124 4363 ctum
2148 4312 2243 4371 est,
2267 4304 2358 4362 Sic
2383 4307 2477 4361 erit
2496 4312 2665 4363 temeri
2692 4312 2854 4363 tuum.
2881 4308 2947 4364 Et
2974 4324 3077 4364 non
3093 4308 3384 4380 infirmatus
3405 4313 3457 4366 in
3479 4310 3584 4381 ﬁde

1986 4395 2322 4455 considerauit
2352 4395 2375 4429 ³
2401 4413 2588 4468 corpus
2627 4416 2775 4455 suum
2809 4402 2924 4473 jam
2971 4411 3287 4470 emortuum,
3317 4418 3435 4457 cum
3476 4405 3587 4474 fere

1980 4496 2191 4543 centum
2223 4504 2475 4544 annorum
2502 4499 2664 4558 esset,
2690 4501 2737 4545 et
2762 4501 3042 4546 emortuam
3071 4493 3269 4547 vulvam
3291 4492 3470 4550 Sarrae
3491 4511 3509 4549 :
3528 4495 3584 4549 in

1976 4581 2379 4651 repromissione
2401 4592 2571 4639 autem
2598 4583 2695 4639 Dei
2722 4600 2822 4641 non
2864 4585 3114 4641 haesitavit
3161 4587 3464 4659 diﬁidentia,
3497 4587 3587 4642 sed

1980 4673 2321 4743 conﬁrmatus
2366 4683 2444 4730 est
2471 4675 2608 4743 fide,
2664 4676 2792 4733 dans
2837 4677 3052 4748 gloriam
3109 4675 3260 4744 Deo;
3299 4678 3588 4749 plenissime

1991 4765 2155 4820 sciens
2176 4766 2296 4837 quia
2322 4782 2651 4838 quacumque
2687 4769 2917 4839 promisit
2940 4809 2956 4836 ,
2987 4778 3166 4841 potens
3184 4778 3259 4824 est
3295 4776 3344 4824 et
3372 4774 3540 4841 fama
3565 4782 3586 4825 :

1978 4864 2201 4930 propter
2224 4860 2362 4933 quod
2384 4860 2433 4917 et
2455 4871 2747 4934 reputatum
2769 4872 2843 4918 est
2878 4862 2959 4918 illi
2975 4862 3046 4917 ad
3057 4864 3315 4937 justitiam
3348 4860 3465 4937 (Id.
3495 4879 3547 4919 tv
3562 4846 3585 4935 ι’

1994 4948 2204 5020 45-22).

2066 5042 2204 5100 Aac.
2237 5042 2364 5100 Hice
2384 5052 2439 5101 te
2470 5058 2899 5103 commemorare
2918 5059 3026 5103 non
3052 5046 3251 5118 pudet,
3282 5045 3375 5119 qui
3411 5060 3594 5117 oppon

1995 5146 2131 5204 gnas
2155 5134 2381 5205 gratiam
2409 5149 2515 5205 qua
2541 5135 2642 5193 ista
2681 5138 2943 5208 promissa
2991 5137 3366 5213 complentur?
3388 5137 3590 5195 Contra

2001 5225 2171 5283 Deum
2191 5226 2338 5282 enim
2364 5225 2680 5299 loquimini,
2709 5230 2938 5287 dicendo
2955 5269 2973 5297 ,
2999 5229 3111 5286 Nos
3156 5220 3417 5285 iacimus:
3445 5228 3591 5302 quod

1997 5318 2173 5377 illese
2203 5320 2466 5379 lucturum
2484 5336 2608 5380 esse
2654 5321 2918 5396 promisit.
2955 5321 3011 5377 In
3048 5322 3199 5378 Isaac
3232 5322 3457 5394 quippe,
3500 5321 3591 5390 qui

1999 5412 2232 5472 Abrahm
2256 5415 2555 5487 promissus
2582 5425 2665 5473 est
2690 5416 2850 5483 illius,
2881 5415 2937 5472 hi
2959 5414 3282 5488 prteﬁguratl
3309 5423 3455 5480 sunt,
3478 5426 3588 5469 non

2001 5568 2374 5683 daautltrenartnts
2396 5576 2449 5621 et
2470 5570 2773 5634 vignierius,
2807 5574 2853 5620 et
2873 5580 3045 5620 norma
3061 5562 3392 5619 correctionis.
3418 5570 3590 5616 Emen-

2202 5645 2264 5681 (τι
2329 5643 2397 5680 ss.

2202 5645 2264 5681 PX
2291 5643 2397 5680 MSS.

2067 5696 2087 5725 ²
2123 5694 2440 5756 rnanuscripti,
2464 5700 2508 5744 ct
2529 5693 2635 5758 ipsa
2657 5692 2841 5753 radice,
2859 5693 3055 5758 omisSQ,
3078 5690 3147 5741 in.

2070 5758 2089 5788 ⁸
2122 5759 2193 5804 Sic
2220 5766 2319 5820 vss.
2348 5749 2695 5820 i.t_'t'ignicrius
2718 5769 2730 5805 :
2753 5762 2804 5806 Et
2825 5749 2919 5806 non
2953 5749 3229 5806 infirmatus
3271 5758 3343 5806 est
3387 5766 3439 5806 tu
3460 5749 3597 5820 ﬁde,

2004 5832 2091 5869 nec
2112 5815 2450 5869 consideravit.
