4062 6522
511 372 649 430 1207

509 487 602 560 qui
623 500 683 542 se
708 484 854 555 ipsos
875 479 1048 551 iustos
1069 518 1083 544 ,
1117 474 1211 532 sed
1237 488 1372 544 quos
1401 473 1542 526 Deus
1568 468 1741 560 fuerat
1780 469 1894 560 ipse
1915 466 2099 560 iactu-

516 558 651 633 rus?
676 574 828 632 Unde
865 571 1129 627 universa:
1165 581 1261 637 per
1280 562 1594 635 prophetam
1625 559 1754 615 dicit
1803 558 2097 614 Ecclesiae:

512 671 628 742 Ego
653 669 783 723 enim
803 681 915 721 sum
939 661 1190 716 Dominus
1211 699 1226 724 ,
1255 657 1339 727 qui
1364 655 1497 726 [ario
1519 665 1566 710 te
1585 652 1738 725 (Isai.
1763 668 1884 718 XLV,
1914 651 1969 718 8,
2001 667 2103 708 sec.

513 760 702 829 LXX).
731 758 960 827 Propter
977 752 1120 825 quod
1162 759 1218 807 et
1271 749 1365 805 ﬁlii
1396 746 1766 820 promissionis
1793 752 2052 800 vocantur
2081 783 2099 811 ,

511 851 848 924 apertissime
872 845 1088 902 dicente
1111 841 1369 913 Apostolo
1402 857 1415 894 :
1460 839 1584 894 Non
1629 847 1791 908 potest
1817 844 1984 890 autent
2009 850 2104 890 ea;-

511 943 680 999 cidere
703 941 904 995 verbum
923 937 1021 992 Dei
1053 951 1072 991 :
1099 951 1200 990 non
1226 934 1358 988 enim
1388 947 1558 986 omnes
1585 931 1670 1001 qui
1707 945 1769 984 ea:
1814 926 2010 993 Israel,
2044 926 2098 980 hi

512 1041 628 1088 sunt
670 1031 866 1094 Israel;
893 1043 1053 1097 neque
1077 1025 1196 1097 quia
1243 1039 1409 1078 semen
1454 1021 1710 1088 Abralue,
1757 1035 1929 1074 omnes
1967 1017 2102 1088 ﬁlii;

513 1126 601 1179 sed
621 1124 674 1177 in
695 1121 846 1177 Isaac
872 1121 1131 1176 vocabitur
1159 1117 1248 1172 tibi
1278 1131 1449 1171 semen
1476 1130 1495 1169 :
1518 1114 1612 1168 hoc
1640 1121 1748 1179 est,
1776 1129 1878 1167 non
1925 1111 1979 1166 hi
2013 1110 2102 1181 qui

515 1216 610 1285 ﬁlii
638 1214 834 1278 carnis,
866 1213 921 1266 hi
950 1212 1044 1282 ﬁlii
1064 1209 1160 1265 Dei
1181 1251 1197 1278 ,
1223 1207 1312 1263 sed
1335 1207 1430 1276 ﬁlii
1459 1205 1808 1276 promissionis
1849 1205 2099 1273 deputan-

511 1316 593 1360 tur
613 1307 664 1360 in
683 1305 870 1359 semine
891 1302 1065 1374 (Rom.
1097 1317 1150 1356 ιι
1172 1341 1187 1370 ,
1223 1297 1361 1372 6-8).
1384 1299 1536 1366 Quod
1567 1301 1583 1332 ί
1607 1301 1784 1368 itaque
1812 1296 1956 1350 Deus
1980 1309 2104 1364 pro-

509 1399 691 1466 misit,
715 1399 856 1454 Deus
901 1395 1050 1452 facit.
1074 1395 1186 1450 Hoc
1213 1409 1341 1464 ergo
1366 1403 1535 1449 totum
1562 1394 1698 1448 sicut
1737 1390 1963 1447 aedificat
2004 1405 2099 1446 eos

511 1506 738 1562 quorum
763 1503 888 1560 spes
914 1490 971 1544 in
1001 1489 1110 1544 Deo
1131 1495 1214 1544 est
1233 1528 1249 1556 ,
1272 1486 1350 1542 sic
1369 1486 1560 1542 evertit
1583 1500 1674 1541 eos
1695 1484 1786 1555 qui
1827 1481 2102 1538 conﬁdunt

512 1583 565 1637 in
597 1583 790 1638 virtute
822 1596 916 1636 sua
952 1578 1122 1652 (Psal.
1155 1594 1317 1633 xsvm
1337 1619 1352 1646 ,
1385 1579 1442 1647 7)
1474 1594 1488 1631 :
1527 1591 1590 1632 ac
1627 1592 1723 1647 per
1766 1577 1868 1630 hoc
1899 1616 1916 1644 ,
1965 1576 2104 1630 sicut

510 1671 830 1729 catholicam
847 1670 1006 1726 ﬁdem
1020 1669 1267 1736 aediﬁcat,
1291 1670 1368 1725 sic
1388 1668 1726 1740 Pelagianum
1743 1667 1936 1724 evertit
1954 1681 2104 1724 erro-

509 1780 646 1820 rem.

582 1858 761 1913 CLIV.
791 1857 909 1914 Jun.
929 1857 1029 1924 Qui
1043 1857 1193 1913 locus
1212 1871 1368 1926 quam
1395 1855 1463 1910 sit
1486 1854 1723 1925 opinioni
1747 1863 1938 1910 vestrae
1961 1861 2102 1910 totus

512 1948 852 2014 inlestus,et
879 1949 1053 2020 primo
1091 1961 1255 2016 opere
1303 1946 1630 2016 disputatum
1649 1953 1756 2010 est,
1787 1953 1841 2000 et
1879 1945 1925 1999 si
1974 1943 2100 2015 quid

510 2039 638 2095 hinc
667 2041 828 2096 recoli
844 2039 1169 2110 Oportuerit,
1197 2037 1508 2092 disseretur.
1531 2036 1681 2091 Nunc
1699 2045 1874 2091 autem
1902 2035 2101 2091 adver-

511 2137 654 2185 tatur
675 2172 690 2198 ,
721 2130 1130 2200 promissionem
1153 2170 1169 2196 ,
1201 2144 1320 2199 qua:
1356 2128 1493 2183 facta
1521 2137 1603 2183 est
1641 2127 1707 2182 ad
1735 2126 2003 2183 Abraham
2031 2127 2100 2182 ob

511 2222 998 2278 remunerationem
1029 2220 1155 2276 ﬁdei
1176 2221 1322 2291 ejus,
1351 2221 1405 2277 in
1426 2236 1529 2292 qua
1554 2220 1749 2276 dicitur
1768 2262 1782 2288 ,
1809 2221 1928 2290 quia
1952 2228 2101 2291 pater

513 2313 800 2368 multarum
854 2313 1094 2384 gentium
1130 2312 1582 2380 constitueretur,
1624 2311 1951 2379 ostendisse,
2001 2326 2101 2366 nec

508 2404 668 2460 unius
689 2405 835 2459 illum
853 2404 1029 2475 populi
1054 2404 1348 2475 genitorem
1369 2404 1565 2459 debere
1584 2403 1817 2472 defendi,
1841 2403 1929 2474 qui
1960 2403 2100 2457 mul-

509 2504 686 2551 tarum
712 2496 949 2565 gentium
979 2504 1134 2566 pater
1173 2496 1242 2551 sit
1285 2495 1602 2564 praedictus;
1659 2510 1758 2550 nec
1808 2494 1881 2550 ita
1924 2494 2099 2550 solum

510 2585 842 2641 credulitatis
868 2585 1136 2656 recepisse
1183 2586 1522 2653 mercedem,
1567 2594 1626 2640 ut
1667 2586 1800 2641 alios
1853 2585 2100 2641 similiter

509 2679 794 2735 credentes
819 2694 850 2734 a
875 2679 1080 2749 praemii
1099 2679 1371 2734 consortio
1389 2686 1601 2749 putetur
1628 2678 1929 2734 excludere.
1980 2677 2101 2732 Non

512 2780 587 2826 est
607 2780 774 2825 autem
798 2773 1042 2842 scriptum
1058 2813 1073 2838 ,
1107 2771 1297 2843 inquit,
1327 2772 1670 2826 tantummodo
1693 2781 1894 2843 propter
1909 2772 2096 2843 ipsum,

513 2863 634 2933 quia
653 2871 939 2934 reputatum
962 2872 1033 2918 est
1060 2862 1175 2930 illi;
1221 2864 1309 2918 sed
1337 2873 1381 2917 et
1411 2872 1614 2935 prapter
1652 2880 1744 2917 nos
1768 2905 1783 2929 ,
1814 2863 1989 2931 quibus
2014 2880 2099 2918 re-

511 2955 794 3025 putabitur,
817 2953 1132 3009 credentibus
1153 2954 1207 3008 in
1226 2971 1342 3009 eam
1379 2956 1464 3024 qui
1488 2955 1740 3009 suscitavit
1759 2953 1791 3007 J
1797 2971 1936 3009 esum
1953 2952 2102 3010 Chri-

513 3057 650 3102 stum
688 3047 967 3102 Dominunt
983 3056 1213 3102 nostrum
1237 3063 1268 3100 a
1293 3048 1536 3112 mortuis;
1561 3047 1646 3114 qui
1670 3046 1884 3100 traditus
1904 3055 1973 3099 est
1991 3062 2101 3114 pro-

516 3146 627 3206 pter
653 3137 834 3191 delicta
863 3147 1036 3193 nostra
1054 3178 1070 3203 ,
1102 3147 1149 3191 et
1177 3137 1446 3191 resurrexit
1471 3147 1672 3207 prapter
1685 3136 2102 3206 justiﬁcationem

513 3237 737 3283 nostram
772 3227 948 3298 (Rom.
970 3243 1026 3284 tv
1046 3269 1062 3295 ,
1087 3227 1301 3297 25-25).

587 3322 723 3376 Auc.
756 3320 927 3376 Dicite
952 3320 1145 3388 nobis,
1196 3336 1230 3375 o
1270 3320 1428 3388 vani,
1461 3333 1568 3374 non
1615 3319 1962 3388 defensores,
2006 3321 2102 3378 sed

514 3411 790 3469 inﬁatores
815 3411 968 3468 liberi
991 3411 1232 3479 arbitrii,
1263 3412 1354 3482 qui
1378 3413 1684 3482 ignorantes
1707 3412 1799 3467 Dei
1821 3411 2100 3481 justitiam,

516 3514 574 3562 et
600 3513 832 3562 vestram
849 3505 1107 3575 justitiam
1127 3505 1368 3561 volentes
1388 3504 1711 3560 constituere
1729 3545 1744 3571 ,
1772 3503 1991 3575 iustitia:
2008 3505 2106 3562 Del

516 3612 623 3654 non
644 3597 775 3653 estis
793 3596 1018 3668 subjecti
1040 3595 1154 3667 (Id.
1183 3613 1218 3651 ι
1241 3638 1255 3663 ,
1277 3593 1333 3669 5)
1354 3612 1368 3661 ;
1391 3596 1554 3651 dicite
1571 3636 1588 3664 ,
1633 3595 1847 3666 inquam
1865 3637 1880 3663 ,
1904 3597 2057 3654 nobis
2086 3613 2102 3652 :

515 3691 561 3747 si
588 3691 884 3747 noluissent
902 3700 1088 3763 gentes
1111 3690 1330 3748 credere
1350 3689 1598 3760 justeque
1630 3685 1810 3746 vivere
1829 3729 1846 3757 ,
1877 3704 2104 3746 evacua-

518 3791 669 3840 retur
695 3783 981 3854 promissio
1005 3798 1124 3854 qua:
1165 3781 1302 3838 facta
1350 3790 1433 3837 est
1481 3781 1549 3836 ad
1590 3781 1899 3837 Abraham?
1938 3782 2103 3850 Non,

518 3875 746 3948 inquies.
779 3875 922 3946 Ergo
943 3885 1005 3929 ut
1023 3874 1290 3930 Abraham
1315 3873 1386 3928 ob
1404 3873 1726 3943 stipendium
1769 3873 1892 3929 ﬁdei
1911 3889 2104 3931 conse-

520 3975 775 4038 queretur
807 3966 1172 4022 dilatationem
1208 3966 1753 4036 seminis,pr:eparata
1769 3975 1852 4021 est
1869 3967 2106 4038 gentium

517 4061 760 4116 voluntas
775 4075 806 4114 a
828 4059 1080 4126 Domino;
1104 4067 1160 4115 et
1185 4067 1243 4115 ut
1267 4058 1470 4114 vellent
1491 4059 1632 4128 quod
1661 4067 1717 4114 et
1736 4058 1875 4114 nolle
1903 4060 2107 4130 potuis-

518 4160 674 4218 sent,
701 4151 769 4208 ab
793 4151 886 4208 illo
915 4152 1109 4208 factum
1131 4158 1243 4220 est,
1273 4151 1364 4222 qui
1389 4165 1453 4207 ea
1481 4165 1600 4221 quae
1621 4151 1895 4221 promisit,
1917 4160 2107 4223 potens

519 4253 604 4302 est
625 4252 681 4300 et
699 4245 896 4300 facere.

590 4333 744 4391 CLV.
771 4335 891 4391 Jun.
920 4331 1052 4390 Cum
1082 4348 1209 4405 ergo
1238 4333 1328 4389 ille
1351 4332 1527 4389 adhuc
1555 4333 1610 4388 in
1661 4336 1917 4404 prreputio
1957 4335 2108 4391 testis

519 4428 593 4484 sit
638 4427 760 4483 ﬁdei
791 4425 1195 4496 pronuntiatus,
1223 4435 1278 4480 et
1304 4426 1372 4480 ob
1423 4425 1536 4494 ejus
1564 4425 1885 4496 stipendium
1915 4426 2106 4482 dilata-

522 4522 720 4590 tiowm
749 4518 910 4575 fuerit
930 4517 1152 4574 seminis
1178 4527 1531 4582 consecutus;
1563 4532 1686 4586 qua,
1715 4517 1904 4586 inquit,
1927 4517 2107 4588 regula

522 4619 578 4664 tu
603 4651 618 4675 ,
649 4609 854 4677 Judtee,
878 4623 984 4664 non
1001 4615 1155 4680 putas
1169 4606 1236 4662 ad
1260 4609 1585 4662 consortium
1593 4605 1813 4676 justitire
1839 4607 2109 4678 pertinere

523 4701 790 4766 Gentiles,
817 4699 908 4771 qui
933 4699 1094 4756 ﬁdem
1121 4697 1350 4754 Abrahae
1368 4739 1385 4767 ,
1427 4696 1576 4770 paria
1603 4696 1677 4753 de
1705 4697 1801 4754 Dei
1824 4698 2106 4755 virtutibus

500 4789 792 4855 -,credendo
809 4832 822 4855 ,
851 4788 1180 4846 restituunt?

595 4883 728 4939 Anc.
755 4881 901 4937 Bene
924 4889 1109 4938 contra
1129 4895 1228 4937 vos
1269 4880 1508 4952 loqueris
1540 4899 1552 4935 :
1591 4882 1712 4952 quia
1743 4881 1925 4953 utique
1964 4882 2011 4937 si
2042 4881 2110 4938 de

525 4973 622 5030 Dei
646 4971 931 5029 virtutibus
950 4972 1204 5038 credunt,
1239 4987 1346 5027 non
1367 4973 1614 5030 sicutvos
1637 4973 1912 5029 conﬁdunt
1930 4972 1985 5028 in
2005 4975 2111 5029 vir-

523 5073 637 5121 tute
656 5077 754 5120 sua
773 5103 791 5131 ,
817 5069 879 5118 ut
899 5061 1274 5134 justiﬁcentur,
1304 5063 1358 5119 id
1383 5072 1486 5133 est,
1509 5073 1569 5120 ut
1585 5055 1715 5135 justi
1743 5063 1904 5130 ﬁant;
1935 5063 2028 5121 sed
2056 5065 2110 5120 in

522 5155 669 5212 illius
685 5196 703 5223 ,
735 5154 829 5226 qui
853 5151 1107 5225 justiﬁcat
1131 5152 1373 5225 impium.

594 5247 772 5305 CLVI.
799 5247 919 5305 Jun.
949 5247 1056 5303 Cur
1079 5255 1234 5318 putes
1252 5288 1268 5315 ,
1311 5248 1516 5319 inquit,
1546 5247 1663 5320 sine
1689 5248 2110 5304 consecrationi-

521 5341 624 5399 bus
645 5342 776 5414 legis
793 5382 808 5407 ,
831 5340 896 5396 ad
925 5339 1156 5396 Abrahae
1174 5349 1399 5396 stemma
1421 5341 1667 5396 nationes
1685 5356 1792 5395 non
1819 5355 1982 5412 posse
1999 5345 2109 5411 pcr-

523 5435 680 5503 duci;
712 5449 834 5490 curn
879 5441 1088 5490 constet
1116 5431 1558 5502 promissionem,
1604 5447 1723 5501 quae
1750 5429 1889 5506 facta
1923 5440 2006 5487 est
2026 5430 2110 5488 fad

523 5525 791 5582 Abraham
814 5566 829 5591 ,
862 5527 1185 5579 anteriorem
1231 5523 1396 5578 fuisse
1418 5537 1576 5592 quam
1608 5523 1808 5593 legem,
1849 5538 1948 5579 nec
1991 5539 2107 5608 eam

522 5618 883 5676 ablutionibus
911 5618 932 5649 '
967 5617 1216 5672 tributam
1233 5615 1422 5682 fuisse,
1454 5614 1547 5672 sed
1578 5614 1859 5672 moribus?

589 5775 604 5805 ¹
641 5774 779 5834 aliti,
803 5785 936 5836 quos.
955 5778 1065 5836 Mss,
1083 5779 1203 5836 _Ma_r.
1226 5770 1346 5824 Clar.
1375 5776 1520 5834 Port.,
1545 5767 1674 5834 quod
1681 5807 1692 5819 .

588 5836 608 5868 ³
631 5837 704 5888 sic
720 5832 826 5887 L155;
853 5835 989 5900 inditi,
1012 5832 1258 5889 ablutiom.

1220 355 1464 416 OPERIS
1502 352 1915 412 IMPERFECTI
1951 349 2224 410 CONTRA
2262 349 2621 420 JULIANUM,
2662 352 2719 411 S.
2751 352 3119 413 AUGUSTINI

2217 491 2220 496 -
2283 465 2420 522 Auc.
2449 464 2558 523 llos
2587 480 2766 525 mores
2784 511 2800 537 ,
2829 482 2964 541 quos
2983 467 3371 541 proculdubio
3404 468 3580 528 bonos
3606 471 3701 528 vis
3727 473 3821 530 in-

2211 556 2377 627 telligi
2403 599 2419 626 ,
2447 559 2493 614 si
2518 566 2578 614 ut
2600 560 2830 631 putatis,
2859 560 3020 617 homo
3047 560 3150 618 sibi
3181 559 3335 629 facit;
3381 561 3688 634 praedicere
3711 563 3824 624 ista

2209 647 2394 706 debuit
2412 651 2554 708 Deus
2589 654 2984 724 praescius,non
3009 655 3353 725 promittere;
3375 664 3434 711 ut
3462 670 3575 714 non
3600 655 3675 714 de
3724 657 3821 714 illo

2210 739 2266 795 in
2294 739 2393 796 hac
2433 756 2592 798 causa
2620 744 2919 811 diceretur,
2951 745 3079 813 Qua:
3107 747 3375 816 promisit,
3409 756 3590 818 potens
3629 757 3713 804 est
3770 760 3822 805 es

2209 836 2377 905 facere
2401 833 2572 904 (Rom.
2604 851 2658 891 tv
2674 877 2690 905 ,
2711 836 2804 908 21)
2829 853 2846 904 ;
2875 837 2969 894 sed
2987 879 3002 906 ,
3027 838 3158 906 Qua:
3181 839 3483 909 praescivit,
3507 850 3709 913 potens
3727 855 3820 901 est

2207 932 2262 980 et
2280 926 2658 994 przenuntiare,
2687 937 2797 995 aut,
2825 937 3017 999 potens
3041 939 3122 986 est
3147 940 3202 986 et
3228 931 3539 989 ostendere.
3569 933 3816 1002 Quando

2208 1024 2385 1071 autem
2413 1016 2592 1072 dicunt
2616 1018 2859 1075 homines
2877 1061 2894 1089 ,
2921 1020 3074 1089 Quod
3105 1021 3243 1078 Deus
3269 1023 3550 1094 promisit,
3591 1040 3697 1081 nos
3725 1025 3814 1081 fa-

2207 1107 2412 1174 cimus;
2445 1122 2506 1164 se
2549 1109 2693 1179 ipsos
2739 1109 2935 1166 faciunt
2974 1112 3230 1183 iactantia
3256 1114 3275 1146 ²
3311 1123 3597 1187 potentes,
3653 1117 3814 1174 illum

2207 1199 2509 1269 arrogantia
2539 1201 2907 1257 mentientem.

2277 1291 2473 1348 CLVII.
2501 1292 2619 1349 ιω..
2645 1293 2706 1350 Si
2729 1294 2862 1349 enim
2888 1296 2973 1365 qui
2995 1304 3113 1350 sunt
3137 1313 3202 1352 ea:
3229 1297 3364 1368 lege,
3395 1298 3625 1354 lateredes
3647 1309 3811 1366 sunt;

2207 1395 2447 1440 evacuata
2473 1397 2546 1442 est
2573 1387 2721 1458 ﬁdes,
2749 1389 3004 1444 destructa
3032 1399 3106 1446 est
3134 1391 3455 1461 repromissio
3473 1390 3667 1465 (Ibid.,
3686 1394 3810 1464 14).

2205 1476 2307 1544 Qui
2358 1493 2568 1546 sermo,
2600 1480 2701 1536 nisi
2728 1479 3055 1552 intelligatur
3075 1524 3089 1550 ,
3118 1483 3312 1554 ingerit
3331 1486 3623 1542 maximam
3652 1503 3811 1559 quae-

2207 1566 2437 1624 stionem
2463 1587 2477 1624 :
2503 1570 2664 1626 dubio
2683 1571 2826 1626 enim
2854 1573 3038 1642 procul
3058 1589 3075 1638 ,·
3106 1573 3236 1629 dicit
3267 1588 3364 1630 eos
3387 1589 3510 1633 esse
3547 1593 3618 1634 ex
3663 1578 3808 1650 lege,

2205 1675 2342 1730 quos
2368 1676 2528 1731 supra
2577 1662 2784 1718 dixerat
2809 1678 2878 1719 ex
2902 1663 3308 1722 circumcisione
3328 1707 3343 1734 ,
3373 1681 3508 1738 quos
3555 1668 3666 1725 sibi
3685 1678 3812 1726 tan-

2207 1761 2318 1808 tum
2339 1762 2566 1810 noverat
2584 1769 2836 1825 arrogare
2851 1797 2867 1823 ,
2889 1763 2948 1810 Ill
2970 1766 3218 1827 putarent
3232 1767 3429 1828 praeter
3443 1774 3508 1817 se
3531 1761 3808 1818 neminem

2205 1848 2404 1902 assumi
2451 1848 2518 1902 ad
2565 1847 2796 1904 Abrahae
2841 1850 3061 1906 seminis
3105 1850 3416 1921 dignitatem
3451 1859 3668 1926 :‘atque
3694 1854 3801 1912 hoe

2205 1938 2561 2010 disputatione
2585 1940 2901 2011 collegerat,
2945 1951 3002 1997 ut
3022 1941 3144 2013 quia
3173 1956 3282 1998 non
3309 1943 3483 2000 solum
3520 1944 3578 1999 hi
3603 1945 3699 2017 qui
3727 1961 3797 2002 ex

2205 2033 2644 2100 circumcisione,
2673 2033 2768 2089 sed
2807 2043 2861 2090 et
2883 2035 2955 2089 illi
2977 2034 3068 2104 qui
3089 2051 3156 2091 ex
3183 2038 3444 2106 praeputio
3475 2038 3675 2094 sectari
3703 2054 3806 2095 vo-

2205 2123 2426 2180 luissent
2456 2126 2676 2195 vestigia
2706 2125 2828 2182 ﬁdei
2853 2125 3081 2182 Abrabm
3099 2169 3114 2195 ,
3140 2143 3248 2184 non
3275 2129 3548 2186 immerito
3568 2129 3804 2188 Abrahae

2206 2215 2299 2271 ﬁlii
2319 2226 2690 2273 censerentur.

2276 2311 2410 2366 Anc.
2441 2310 2608 2378 Quid,
2637 2311 2681 2366 si
2709 2311 3046 2368 noluissent?
3075 2321 3427 2370 evacuaretur
3460 2314 3749 2384 promissio
3773 2317 3801 2372 2

2203 2400 2481 2456 Admoneo
2509 2411 2567 2456 ut
2591 2401 2902 2473 intelligatis
2926 2443 2942 2469 ,
2971 2403 3055 2458 cui
3079 2405 3267 2473 gratiae
3299 2405 3418 2460 sitis
3441 2405 3680 2474 inimici,
3705 2422 3801 2463 ne-

2205 2491 2381 2564 gando
2409 2493 2620 2562 operari
2671 2494 2840 2548 Deum
2867 2493 3169 2551 voluntates
3217 2495 3272 2553 in
3315 2495 3590 2552 mentibus
3625 2496 3800 2553 homi-

2205 2601 2331 2641 num
2359 2603 2374 2640 :
2404 2601 2508 2640 non
2539 2595 2596 2640 ut
2643 2586 2888 2642 nolentes
2927 2587 3184 2653 credant,
3221 2587 3367 2658 quod
3410 2588 3798 2648 absurdissima

2204 2677 2432 2744 dicitur;
2465 2677 2558 2733 sed
2584 2685 2646 2733 ut
2668 2679 2911 2734 volentes
2930 2694 3000 2735 ex
3029 2679 3334 2736 nolentibus
3350 2680 3500 2737 ﬁant.
3525 2680 3642 2738 Non
3661 2683 3798 2739 sicut

2204 2769 2331 2825 facit
2353 2769 2542 2825 doctor
2571 2771 2766 2838 homo,
2817 2769 3061 2828 docendo
3111 2779 3167 2828 et
3204 2771 3514 2841 hortando,
3543 2775 3798 2832 minando

2203 2872 2260 2920 et
2286 2863 2643 2934 promittendo
2662 2864 2716 2919 in
2744 2877 2994 2922 sermone
3021 2865 3118 2922 Dei
3147 2866 3329 2937 :quod
3357 2859 3557 2922 {rustra
3583 2867 3664 2934 ﬁt,
3695 2869 3795 2925 nisi

2207 2955 2346 3010 Deus
2371 2955 2512 3011 intus
2557 2966 2811 3026 operetur
2848 2965 2904 3014 et
2929 2957 3066 3013 velle
3102 2972 3199 3028 per
3243 2958 3644 3030 invesﬁgabiles
3686 2960 3796 3016 vias

2205 3061 2348 3102 suas.
2376 3047 2509 3103 Cum
2534 3047 2678 3104 enim
2703 3049 2881 3104 verbis
2905 3048 3095 3104 doctor
3116 3048 3322 3119 plantat
3365 3058 3422 3106 et
3457 3050 3629 3120 rigat,
3669 3065 3795 3122 pos-

2205 3153 2391 3194 sumus
2415 3138 2596 3195 dicere
2621 3181 2636 3206 ,
2669 3139 2831 3196 Forte
2854 3140 3058 3208 credit,
3089 3140 3225 3197 forte
3250 3156 3360 3197 non
3384 3141 3556 3198 credit
3581 3144 3603 3174 '
3648 3143 3795 3198 audi-

2208 3238 2293 3284 tor
2318 3242 2334 3284 :
2364 3245 2486 3286 cum
2507 3245 2636 3286 vero
2659 3231 2752 3287 dat
2779 3232 3170 3288 incrementum
3198 3232 3340 3289 Deus
3371 3233 3417 3304 (Ι
3439 3232 3560 3289 Cor.
3587 3249 3673 3300 tu,
3700 3235 3790 3306 6),

2207 3319 2325 3376 sine
2347 3320 2509 3378 dubio
2532 3323 2704 3379 credit
2722 3332 2776 3379 et
2794 3323 3024 3394 prolicit.
3049 3323 3190 3380 Ecce
3211 3323 3357 3396 quod
3385 3325 3615 3381 interest
3653 3325 3790 3382 inter

2208 3412 2379 3483 legem
2397 3422 2463 3469 .et
2487 3416 2895 3484 promissionem
2911 3458 2926 3485 ,
2955 3417 3096 3472 inter
3118 3417 3352 3474 litteram
3376 3425 3432 3473 et
3455 3417 3722 3488 spiritum.

2205 3537 2218 3555 τ
2277 3504 2504 3561 CLVIII.
2527 3506 2646 3562 Jun.
2679 3507 2810 3563 Cum
2831 3523 2962 3579 ergo
2991 3507 3236 3580 superius
3257 3506 3310 3564 id
3339 3509 3575 3580 egisset,
3603 3519 3666 3566 ut
3708 3511 3790 3567 in-

2208 3597 2568 3668 telligeremus
2589 3614 2620 3654 a
2645 3601 2916 3656 consortio
2938 3601 3158 3672 iustitiae
3181 3616 3289 3658 non
3316 3602 3557 3673 potuisse
3583 3603 3791 3660 excludi

2207 3685 2406 3745 Gentes
2425 3730 2441 3755 ,
2493 3689 2589 3746 sed
2617 3705 2715 3761 per
2733 3691 2975 3748 eamdem
3017 3691 3176 3748 ﬁdem
3210 3707 3333 3749 cum
3361 3693 3485 3750 ﬁliis
3515 3693 3793 3751 circumci-

2209 3782 2376 3838 sionis
2400 3783 2457 3838 in
2484 3783 2711 3839 Abrahae
2737 3785 2901 3856 stirpe
2935 3785 3239 3852 numerari;
3281 3800 3423 3840 nunc
3449 3786 3665 3854 intulit,
3697 3803 3792 3844 ne-

2209 3876 2408 3932 minem
2433 3875 2502 3931 de
2529 3876 2934 3933 circumcisione
2957 3876 3023 3932 ad
3053 3891 3171 3933 eam
3197 3878 3605 3948 promissionem
3626 3921 3642 3948 ,
3675 3895 3792 3950 qua:

2209 3968 2441 4024 Abrahae
2460 3968 2581 4024 data
2605 3978 2688 4025 est
2705 4011 2721 4038 ,
2751 3970 3019 4040 pertinere
3052 3987 3066 4024 :
3095 3969 3198 4026 hoc
3222 3979 3403 4026 autem
3422 3971 3662 4039 omnino,
3693 3973 3793 4028 nisi

2210 4058 2536 4131 intelligatur
2557 4103 2573 4130 ,
2605 4071 2886 4133 repugnat.
2914 4061 3068 4131 Quod
3095 4062 3274 4134 itaque
3299 4063 3402 4133 ait,
3455 4063 3516 4120 Si
3541 4065 3677 4120 enim
3709 4065 3795 4136 qui

2210 4160 2329 4206 sunt
2366 4168 2428 4207 ea,
2453 4154 2588 4224 lege,
2617 4153 2840 4208 nteredes
2863 4162 2978 4209 sunt
2994 4169 3016 4220 ;
3043 4163 3284 4210 evacuate
3309 4165 3382 4211 est
3407 4156 3535 4226 ﬁdes
3558 4197 3573 4223 ,
3604 4165 3652 4212 et
3701 4159 3793 4214 de-

2211 4251 2406 4298 structa
2435 4253 2508 4299 est
2531 4247 2834 4316 promissio;
2865 4263 2968 4302 non
2997 4247 3098 4304 hoc
3127 4251 3526 4319 pronuntiavit,
3553 4259 3612 4306 ut
3649 4250 3794 4309 vide-

2212 4337 2340 4393 licet
2363 4352 2522 4394 nemo
2540 4339 2607 4395 de
2649 4339 2846 4396 Iudaeis
2869 4356 2967 4411 per
3010 4340 3166 4397 ﬁdem
3199 4341 3313 4399 ﬁeri
3343 4343 3597 4399 credatur
3621 4345 3794 4402 haeres

2213 4429 2584 4499 promissionis
2611 4433 2877 4502 antiquae:
2907 4433 3002 4489 sed
3027 4433 3178 4489 deest
3205 4448 3383 4491 sermo
3405 4475 3424 4504 ,
3448 4434 3603 4506 cujus
3627 4436 3792 4492 vicem

2213 4519 2402 4589 implet
2447 4520 2794 4591 intelligentia
2816 4563 2832 4588 ,
2861 4537 2969 4578 non
3013 4523 3157 4580 solos
3183 4523 3424 4581 haeredes
3447 4541 3571 4582 esse
3613 4527 3700 4596 qui
3727 4541 3792 4582 ex

2214 4609 2333 4681 lege
2357 4620 2512 4677 sunt;
2544 4620 2601 4666 ut
2623 4612 2668 4666 si
2688 4611 2792 4669 hoc
2827 4613 2988 4668 modo
3005 4613 3208 4669 dictum
3237 4623 3382 4671 esset
3407 4632 3422 4670 :
3446 4616 3504 4673 Si
3533 4617 3676 4673 enim
3703 4616 3791 4688 qui

2213 4711 2340 4758 sunt
2369 4719 2434 4760 ex
2464 4703 2580 4775 lege
2598 4744 2613 4768 .
2643 4703 2744 4760 soli
2772 4703 3014 4762 haeredes
3055 4698 3220 4775 sunt,
3246 4716 3502 4764 evacuata
3530 4719 3612 4765 est
3641 4709 3790 4765 ﬁdes.

2215 4794 2356 4852 Vere
2379 4798 2520 4852 enim
2548 4799 2864 4868 praeputium
2890 4800 3160 4856 videretur
3187 4800 3433 4870 excludi,
3463 4803 3510 4858 si
3535 4802 3602 4858 ad
3625 4803 3794 4860 nullos

2216 4895 2412 4956 praeter
2435 4902 2528 4943 eos
2555 4889 2644 4958 qui
2671 4904 2734 4944 ex
2761 4890 3166 4947 circumcisione
3197 4901 3352 4953 erant
3370 4935 3386 4960 ,
3412 4892 3795 4950 benedictionis

2217 4977 2500 5034 haereditas
2545 4980 2870 5051 perveniret.
2900 4981 3254 5051 lntelligenda
3282 4983 3444 5054 igitur
3469 4983 3796 5040 consuetudo

2215 5072 2609 5144 Scripturarum
2636 5083 2719 5130 est
2741 5113 2756 5140 ,
2788 5075 2912 5145 quia
2944 5089 3047 5130 non
3068 5075 3324 5132 continuo
3345 5075 3486 5147 quod
3512 5092 3617 5132 non
3662 5074 3796 5132 dici-

2203 5167 2335 5224 .tur,
2360 5157 2653 5228 denegatur
2671 5198 2687 5225 ,
2712 5167 2775 5213 ut
2801 5158 3355 5231 intelligentiae‘opere
3383 5159 3668 5216 verborum
3690 5159 3793 5216 dis-

2194 5293 2208 5300 -
2217 5250 2408 5322 pendia
2421 5250 2802 5322 ‘suppleautur.

2201 5377 2229 5415 ,-
2287 5343 2428 5402 Auc.
2451 5343 2540 5397 Sic
2563 5341 2902 5412 intelligunt,
2933 5342 3024 5414 qui
3049 5357 3158 5398 non
3189 5341 3511 5413 intelligunt.
3544 5343 3655 5399 Cur
3690 5357 3792 5399 non

2197 5432 2522 5512 ;attcnditis,
2567 5447 2734 5502 rogo,
2773 5432 2894 5488 ideo
2939 5449 3045 5489 non
3075 5448 3196 5490 esse
3239 5431 3486 5506 heredes
3530 5450 3596 5490 ex
3639 5434 3792 5505 lege,

2198 5523 2338 5594 ,quia
2366 5523 2448 5577 lea:
2475 5523 2601 5576 iram
2655 5524 2937 5592 aperatur?
2971 5523 3069 5580 Ubi
3108 5525 3242 5580 enim
3286 5541 3388 5580 non
3424 5535 3498 5580 est
3540 5525 3660 5587 lex.
3707 5539 3794 5584 nec

2215 5615 2560 5688 prmaricatio
2588 5614 2763 5686 (Rom.
2795 5633 2846 5671 tv
2870 5658 2886 5683 ,
2919 5617 3030 5689 l5).
3061 5616 3186 5674 Ideo
3222 5625 3403 5674 autem
3448 5632 3517 5674 ex
3567 5615 3790 5689 promis-

2284 5773 2297 5803 ³
2322 5769 2572 5820 Menardus
2589 5779 2645 5834 et
2667 5778 2791 5834 Mss,
2817 5769 3059 5821 instantia.
3217 5832 3226 5834 ᾼ
3637 5827 3645 5834 λ
3729 5829 3733 5834 η

2287 5834 2305 5867 ³
2329 5840 2391 5884 iis
2413 5841 2516 5883 Mss.
2543 5827 2824 5896 addidimus,
2850 5834 2972 5898 forte
2994 5844 3085 5884 non
3109 5832 3283 5888 credit.
3313 5873 3316 5876 .
3581 5827 3650 5855 --Α
3676 5841 3704 5872 ·.
3729 5829 3733 5834 ·
3758 5845 3772 5874 ι
