4062 6474
279 464 434 522 sione
451 501 467 529 ,
488 459 614 533 quia
639 457 782 516 Deus
798 455 939 528 quod
961 453 1253 527 promittit,
1282 455 1400 526 ipse
1418 453 1566 512 facit.
1591 454 1694 523 Qui
1719 453 1861 509 enim

279 559 546 625 praecepta
576 549 710 621 legis
724 547 945 620 implere
968 561 1028 603 se
1046 553 1196 617 putat
1220 560 1316 618 per
1330 546 1607 602 arbitrium
1633 544 1864 616 propriae

277 642 570 702 voluntatis
610 641 730 698 sine
777 640 969 711 spiritu
1013 638 1232 710 gratiae,
1262 653 1413 694 suam
1458 637 1716 708 justitiam
1750 635 1865 692 vult

275 736 644 802 constituere,
687 746 795 788 non
812 730 1072 802 jusritiam
1121 729 1218 786 Dei
1265 744 1498 786 sumere.
1536 727 1670 782 Nam
1723 726 1864 784 unde

275 830 408 887 dicit
433 827 578 884 idem
602 824 881 896 apostolus
904 866 919 892 ,
951 823 1020 879 Ut
1059 823 1288 878 inveniar
1309 824 1363 878 in
1397 822 1488 876 illo
1531 837 1635 875 non
1676 820 1863 876 habens

276 937 440 977 meam
459 919 715 992 justitiam
735 957 748 982 ,
771 932 884 988 qute
902 933 966 971 ea;
991 916 1097 988 lege
1125 925 1230 982 est,
1260 915 1350 970 sed
1362 913 1614 985 justitiam
1641 928 1756 985 qua:
1789 922 1864 968 est

275 1029 340 1068 ex
365 1011 469 1082 ﬁde
485 1053 499 1076 ,
513 1008 767 1082 justitiam
786 1023 849 1062 ea:
866 1005 976 1061 Deo
998 1006 1254 1080 (Philipp.
1272 1021 1329 1060 ιιι
1351 1045 1366 1071 ,
1395 1002 1492 1076 9)?
1513 1003 1687 1072 Quare
1710 1017 1862 1060 suam

277 1107 411 1163 dicit
439 1103 700 1176 justitiam
721 1142 737 1167 ,
763 1115 883 1171 qua:
911 1115 980 1155 ex
1029 1099 1146 1170 lege
1173 1107 1256 1154 est
1274 1138 1289 1164 ,
1343 1112 1571 1167 eamque
1602 1096 1862 1167 justitiam

276 1197 568 1269 reprobat;
596 1209 702 1250 non
753 1198 930 1247 autem
963 1205 1145 1258 suam,
1187 1187 1282 1246 sed
1329 1204 1397 1245 ex
1423 1187 1813 1257 Deojustitiam
1843 1227 1860 1255 ,

279 1305 405 1362 quae
433 1296 518 1346 est
543 1303 606 1342 ex
627 1282 770 1340 ﬁde?
791 1281 1058 1352 Numquid
1087 1281 1172 1337 lex
1216 1294 1324 1336 non
1347 1288 1429 1336 est
1458 1296 1521 1335 ex
1549 1280 1697 1336 Deo?
1733 1279 1864 1348 Quis

278 1382 388 1438 nisi
417 1378 642 1436 inﬁdelis
667 1376 769 1432 hoc
791 1375 1024 1432 dixerit?
1051 1373 1157 1430 Sed
1182 1388 1250 1429 ex
1293 1373 1411 1444 lege
1435 1372 1565 1428 dicit
1602 1372 1860 1443 justitiam

273 1488 429 1530 suam
449 1512 465 1538 ,
492 1471 547 1525 in
574 1485 679 1540 qua
707 1468 869 1524 homo
905 1474 1056 1538 putat
1077 1465 1327 1523 sufﬁcere
1354 1465 1455 1522 sibi
1493 1465 1662 1534 legem
1689 1464 1756 1518 ad
1782 1463 1862 1518 fa-

275 1564 470 1622 cienda
499 1563 678 1620 divina
709 1561 958 1618 mandata
977 1603 992 1628 ,
1026 1561 1305 1617 conﬁdens
1342 1561 1394 1616 in
1420 1561 1616 1617 virtute
1635 1575 1750 1616 sua.
1782 1559 1863 1616 Ex

274 1656 383 1713 ﬁde
409 1664 594 1712 autem
641 1654 937 1725 justitiam,
989 1653 1112 1708 ideo
1137 1652 1267 1708 dicit
1294 1666 1415 1708 esse
1453 1667 1520 1707 ex
1562 1652 1671 1708 Deo
1692 1692 1708 1718 ,
1739 1650 1863 1722 quia

273 1749 422 1804 Deus
454 1746 739 1818 unicuique
763 1747 990 1817 partitur
1013 1759 1320 1800 mensuram
1360 1743 1484 1800 ﬁdei
1513 1743 1687 1818 (Rom.
1737 1760 1815 1800 xu
1843 1785 1860 1811 ,

274 1838 334 1914 3)
365 1859 380 1895 :
407 1848 464 1896 et
498 1838 566 1894 ad
597 1838 756 1894 ﬁdem
784 1837 1017 1908 pertinet
1036 1836 1258 1893 credere
1281 1837 1422 1908 quod
1443 1837 1496 1892 in
1534 1837 1688 1893 nobis
1723 1837 1863 1893 Deus

276 1939 532 2003 operetur
555 1938 609 1986 et
627 1929 764 1985 velle
793 1927 1054 1999 (Philipp.
1099 1942 1173 1994 ιι,
1207 1926 1332 1998 15);
1381 1928 1517 1983 sicut
1543 1927 1864 1998 cperabatur

277 2027 336 2083 in
374 2026 463 2082 illa
500 2023 813 2096 purpuraria
835 2062 851 2090 ,
877 2022 1028 2092 cujus
1056 2029 1342 2092 aperuerat
1388 2037 1605 2078 sensum
1629 2064 1643 2089 ,
1677 2031 1735 2077 ut
1783 2023 1864 2078 in-

277 2118 524 2176 tenderet
547 2117 602 2172 in
627 2131 692 2173 ea
719 2131 837 2188 qua:
862 2131 894 2170 a
911 2115 1073 2170 Paulo
1098 2114 1417 2170 dicebantur
1439 2116 1576 2188 (Act.
1607 2132 1695 2171 xv:
1711 2159 1724 2182 ,
1748 2117 1860 2187 14).

275 2213 354 2268 Ac
382 2226 481 2283 per
499 2211 602 2267 hoc
621 2252 636 2276 ,
660 2224 760 2266 nec
787 2209 887 2280 ipsi
929 2209 1099 2264 Judaei
1123 2209 1217 2280 qui
1247 2208 1589 2265 crediderunt
1623 2210 1676 2264 in
1707 2208 1865 2264 Chri-

272 2314 414 2360 stum
436 2343 456 2371 ,
485 2304 542 2359 in
560 2303 754 2374 quibus
775 2312 828 2359 et
860 2302 1055 2358 Paulus
1081 2301 1204 2368 fuit,
1238 2317 1304 2358 ex
1337 2302 1452 2373 iege
1480 2301 1721 2357 haeredes
1749 2316 1866 2357 om-

273 2397 404 2452 nino
424 2395 638 2452 dicendi
656 2402 780 2451 sunt
801 2395 819 2426 ¹
842 2434 858 2460 ,
888 2394 982 2450 sed
1027 2393 1204 2465 potius
1227 2409 1292 2450 ex
1323 2393 1694 2464 promissione.
1740 2392 1866 2450 Ideo

274 2490 421 2545 enim
447 2489 648 2545 dictum
677 2497 760 2544 est
779 2529 793 2554 ,
822 2486 890 2542 In
910 2486 1061 2542 Isaac
1079 2487 1340 2542 vocabitur
1368 2487 1458 2542 tibi
1481 2503 1649 2542 semen
1669 2528 1684 2552 ,
1741 2489 1862 2557 quia

276 2597 381 2636 non
406 2582 493 2651 qui
521 2581 615 2650 ﬁlii
641 2581 834 2647 carnis,
867 2579 920 2633 Iti
957 2579 1052 2649 ﬁlii
1081 2578 1215 2643 Dei;
1243 2579 1330 2634 sed
1377 2579 1472 2648 ﬁlii
1519 2579 1866 2651 promissionis

277 2672 587 2744 deputantur
609 2673 659 2726 in
677 2673 864 2728 semine
891 2671 1065 2741 (Rom.
1098 2687 1150 2726 rx
1170 2711 1185 2738 ,
1219 2672 1251 2725 7
1280 2677 1328 2726 et
1349 2671 1426 2742 8).

347 2765 530 2822 CLIX.
560 2764 676 2821 Jun.
701 2763 926 2834 Collegit
969 2764 1146 2833 itaque
1173 2763 1461 2834 Apostolus
1489 2773 1863 2835 argumentum

276 2857 384 2913 hoc
429 2855 592 2912 modo
641 2873 654 2910 :
697 2855 753 2910 Si
783 2854 913 2910 nulli
945 2861 1128 2910 essent
1157 2853 1398 2910 hacrcdes
1441 2854 1861 2920 benedictionis,

278 2949 380 3006 nisi
405 2950 496 3021 qui
519 2965 586 3006 ex
613 2948 730 3020 lege
755 2956 905 3015 sunt;
935 2955 993 3002 ut
1019 2946 1332 3017 praeputium
1360 2947 1637 3003 constabat
1681 2947 1866 3004 exclu-

274 3057 429 3109 sum,
476 3041 548 3095 ita
584 3054 923 3110 consequens
964 3045 1109 3107 erat,
1157 3038 1422 3094 neminem
1461 3039 1549 3109 qui
1586 3038 1773 3095 fuisset
1801 3054 1868 3095 ex

274 3132 428 3204 lege,
474 3131 847 3189 benedictione
888 3130 1084 3201 privari
1129 3147 1145 3184 :
1183 3129 1236 3184 id
1277 3138 1392 3195 est,
1439 3131 1484 3186 si
1531 3131 1869 3187 circumcisio

276 3232 482 3280 tantum
524 3223 762 3289 valeret,
807 3230 867 3277 ut
907 3222 1021 3277 sine
1048 3220 1268 3277 eaﬁdes
1310 3221 1442 3277 nihil
1488 3225 1726 3289 valeret;
1764 3223 1870 3280 sic-

276 3325 337 3374 ut
373 3317 573 3375 Gentes
609 3316 846 3388 liquebat
896 3315 1141 3386 repulsas
1164 3356 1179 3382 ,
1220 3316 1292 3371 ita
1321 3316 1644 3388 probabatur
1667 3317 1734 3373 de
1773 3317 1868 3374 Ju-

279 3410 413 3466 daeis
453 3408 522 3465 ad
555 3407 952 3480 perditionem”
981 3422 1252 3479 nunquam
1279 3422 1602 3481 quemquam
1642 3409 1722 3467 ire
1765 3424 1866 3483 po-

281 3502 470 3558 tuisse.

292 3619 300 3630 -
353 3598 494 3654 Aue.
518 3595 793 3665 Quomodo
834 3603 950 3652 erat
976 3609 1342 3667 consequens,
1391 3611 1426 3652 o
1469 3609 1654 3666 grosse
1701 3595 1868 3651 diale-

279 3689 459 3747 ctice?
482 3687 752 3761 quomodo
775 3698 890 3746 erat
916 3704 1252 3760 consequens
1272 3730 1288 3756 ,
1315 3689 1361 3744 si
1399 3687 1529 3744 nulli
1551 3695 1731 3745 essent
1753 3687 1869 3744 ha:-

279 3783 439 3840 redes
464 3782 847 3840 benedictionis
888 3825 904 3851 ,
933 3783 1035 3839 nisi
1062 3784 1152 3855 qui
1175 3797 1242 3838 ex
1269 3782 1386 3854 lege
1409 3791 1568 3849 sunt,
1601 3782 1869 3838 neminem

277 3879 369 3952 qui
415 3866 603 3937 fuisset
631 3895 697 3936 ex
744 3879 862 3952 lege
885 3923 900 3949 ,
927 3879 1299 3937 benedictione
1325 3879 1562 3952 privari?
1603 3878 1869 3950 Numquid

275 3974 400 4046 quia
427 3987 588 4030 nemo
612 3982 694 4030 est
735 3973 908 4028 haeres
926 4015 941 4041 ,
973 3973 1074 4028 nisi
1103 3973 1425 4044 baptizetur,
1474 3981 1754 4044 propterea
1780 3972 1869 4043 qui

274 4064 616 4138 baptizantur
633 4105 650 4133 ,
681 4079 871 4121 omnes
896 4063 1138 4121 haeredes
1163 4065 1328 4121 sunt?
1359 4063 1466 4121 Sed
1493 4064 1597 4121 hoc
1620 4065 1866 4132 dixerim,

275 4170 388 4214 non
414 4157 538 4228 quia
562 4155 636 4212 ibi
665 4165 749 4212 est
785 4171 906 4228 qua:
946 4157 1087 4213 inter
1123 4171 1224 4212 nos
1246 4157 1472 4212 vertitur
1496 4157 1750 4228 quaestio;
1779 4171 1872 4212 ve-

280 4263 403 4304 rum
448 4257 508 4304 ut
548 4248 888 4305 ostenderem
931 4263 1091 4320 quam
1135 4249 1210 4304 sis
1248 4248 1363 4319 ipse
1391 4257 1607 4318 acutus,
1653 4248 1744 4319 qui
1782 4261 1873 4305 me

285 4341 652 4398 obtunsiorem
677 4339 810 4397 dicis
829 4355 949 4397 esse
977 4339 1176 4410 pistillo
1204 4339 1402 4413 (Supra
1420 4383 1436 4407 ,
1465 4357 1580 4412 cap.
1612 4341 1760 4412 117).

359 4429 515 4487 CLX.
540 4430 660 4487 ιω..
704 4430 852 4486 Nune
874 4440 1049 4486 autem
1072 4443 1194 4486 cum
1222 4429 1581 4486 conﬁteamini
1616 4429 1873 4500 praevari-

289 4529 502 4579 catores
525 4522 581 4577 in
606 4521 724 4592 lege
755 4535 863 4577 non
889 4535 1010 4578 esse
1033 4519 1420 4577 benedictionis
1449 4519 1721 4586 heredes,
1749 4520 1873 4590 quia

288 4613 487 4670 talibus
511 4613 597 4670 lex
625 4613 761 4669 iram
789 4619 1068 4682 Operatur;
1097 4619 1310 4670 constat
1334 4611 1355 4644 ³
1379 4611 1788 4683 promissionem
1811 4611 1876 4666 il-

288 4705 396 4763 lam
423 4720 535 4762 non
560 4703 949 4762 circumcisieni
976 4705 1261 4762 convenire
1276 4746 1292 4771 ,
1330 4703 1425 4759 sed
1450 4702 1593 4759 ﬁdei.
1617 4703 1874 4760 Destrue-

284 4807 440 4857 retur
463 4807 641 4856 autem
667 4797 951 4869 promissio
970 4838 985 4863 ,
1018 4797 1062 4853 si
1089 4803 1284 4869 praeter
1305 4796 1479 4868 legem
1521 4809 1679 4851 nemo
1701 4794 1875 4867 justus

287 4897 433 4948 esset
463 4908 478 4946 :
507 4887 937 4961 quandoquidem
962 4897 1085 4958 post
1125 4886 1538 4958 quadringentos
1580 4892 1635 4942 et
1663 4886 1875 4957 triginta

291 4995 460 5038 annos
498 4979 870 5053 promissionis
919 4979 1076 5035 allata
1126 4979 1214 5036 lex
1250 4979 1281 5050 -(
1299 4977 1470 5034 Galat.
1501 4993 1593 5045 ιιι,
1638 4978 1779 5049 17),
1822 4984 1878 5034 et

292 5073 468 5143 ipsum
496 5071 785 5138 Abraham,
813 5078 868 5128 et
895 5070 1060 5137 Isaac,
1087 5078 1142 5128 et
1166 5070 1351 5138 Jacob,
1379 5079 1436 5126 et
1458 5083 1645 5126 omnes
1673 5070 1728 5125 in
1762 5085 1877 5126 me-

295 5165 494 5222 dietate
527 5164 552 5198 δ
595 5171 813 5222 sanctos
871 5173 1120 5235 expertes
1178 5162 1568 5220 benedictionis
1625 5162 1876 5219 ostende-

294 5264 414 5324 ret,
462 5271 581 5328 qua:
629 5271 736 5313 non
781 5255 1045 5328 potuisset
1089 5255 1334 5328 cuiquam
1383 5255 1501 5313 sine
1564 5254 1682 5327 lege
1742 5269 1876 5312 con-

291 5348 443 5406 ferri.

357 5466 376 5499 ι
397 5470 446 5515 ιιι
472 5464 630 5527 editis,
677 5464 868 5516 omnim
903 5477 998 5514 non
1021 5461 1233 5515 dicendi
1263 5467 1389 5515 stati.
1431 5462 1662 5515 Particula
1693 5475 1881 5528 negans

289 5529 588 5598 auctoritate
601 5529 839 5598 musci
846 5533 1036 5598 ptorum
1055 5528 1369 5598 expungitur.

353 5591 375 5621 ³
399 5590 667 5660 Meuardus,
681 5589 756 5660 ad
776 5586 1483 5660 priedwtionepinﬁgnierius,
1508 5586 1572 5639 ad
1595 5586 1882 5639 benedictio-

287 5661 416 5702 nem.
438 5654 754 5714 corriguntur
780 5663 842 5700 ex
867 5654 1222 5714 manuscriptis.

353 5713 534 5774 mtiliti,
558 5710 605 5763 e't
619 5717 822 5763 constat.
838 5710 1243 5774 Expungendum,
1266 5715 1328 5772 et,
1342 5712 1481 5774 juyua
1512 5713 1878 5774 manuscriptos.

297 5833 310 5844 ν
353 5773 378 5806 δ
402 5776 703 5891 vigata-ius,
737 5770 1185 5838 immediateIMss.,
1208 5770 1260 5826 in
1301 5770 1554 5827 medietate
1581 5786 1599 5827 :
1622 5770 1878 5838 forte'pro,

297 5846 342 5891 ιη
363 5848 438 5890 me
540 5843 700 5891 (etate.

1618 339 1820 399 LIBER
1856 336 2227 398 SECUNDUS.

3421 361 3556 419 1210

1997 469 2000 472 λ
2043 456 2180 513 Ana.
2209 455 2325 513 Imo
2351 457 2716 518 destrueretur
2739 464 3056 534 promissio,
3086 465 3134 524 si
3157 481 3224 525 ex
3248 467 3366 541 lege
3407 473 3555 542 quis-

1971 558 2129 615 quam
2150 546 2326 616 justus
2345 559 2509 607 esset.
2541 551 2604 608 Si
2622 553 2753 607 enim
2776 555 2863 625 qui
2888 571 2952 611 ea:
2984 555 3122 629 lege,
3151 558 3370 615 heredes
3400 569 3555 629 sunt;

1968 635 2226 691 exinanita
2264 649 2338 694 est
2386 641 2514 710 ﬁdes
2531 683 2546 708 ,
2578 654 2816 699 evacuata
2851 655 2924 701 est
2953 649 3251 717 promissio;
3294 651 3376 706 lea:
3419 652 3552 706 enim

1968 723 2099 779 iram
2123 737 2362 797 operatur
2383 732 2561 800 (Rom.
2594 748 2680 801 ιν,
2709 735 2810 803 id,
2843 734 2933 810 15)
2968 754 2982 792 :
3010 738 3078 794 ad
3122 739 3223 795 hoc
3249 742 3428 812 utique
3448 784 3463 811 ,
3491 751 3552 799 ut

1969 813 2037 871 ad
2066 816 2198 872 iram
2227 819 2555 876 evadendam
2575 864 2590 891 ,
2616 823 2710 879 Dei
2736 827 2903 895 gratia
2926 828 3244 898 requiratur.

2037 909 2218 965 CLXI.
2246 910 2364 966 Jun.
2390 911 2542 980 Quod
2570 916 2692 986 quia
2713 917 2993 974 manifesto
3017 920 3205 976 falsum
3231 931 3340 990 est;
3372 932 3426 978 et
3450 924 3548 980 sub

1967 1001 2085 1072 lege
2111 1003 2306 1074 quippe
2345 1014 2652 1073 peccatores
2690 1023 2902 1078 poenam
2941 1011 3316 1081 merebantur,
3348 1023 3402 1070 et
3421 1025 3548 1073 ante

1968 1094 2139 1167 legem
2177 1097 2382 1167 justitia
2425 1106 2479 1153 et
2506 1099 2636 1156 ﬁdes
2679 1104 3121 1160 remunerationis
3145 1120 3255 1160 suae
3287 1106 3547 1163 fructibus

1968 1190 2185 1259 privatae
2223 1202 2330 1246 non
2374 1199 2529 1257 sunt;
2577 1201 2816 1262 constat,
2859 1211 2963 1250 non
3007 1196 3073 1250 ad
3099 1203 3365 1253 truncatas
3404 1197 3547 1254 ferro

1967 1295 2156 1335 carnes
2176 1322 2189 1347 ,
2213 1281 2306 1337 sed
2335 1282 2400 1337 ad
2423 1283 2654 1339 illustres
2683 1286 2944 1355 probitate
2969 1295 3174 1343 mentes
3194 1329 3207 1354 ,
3238 1288 3547 1359 promissio-

1967 1371 2051 1425 nis
2078 1372 2220 1427 illius
2265 1373 2486 1444 gloriam
2517 1377 2801 1445 pertinere.
2851 1378 3102 1449 Sequitur
3145 1387 3320 1435 autem
3363 1379 3547 1435 fulmi-

1967 1476 2068 1517 nea
2113 1473 2296 1519 contra
2343 1465 2614 1523 traducem
2658 1471 2921 1525 sententia
2953 1487 2965 1524 :
2996 1471 3104 1526 Lex
3143 1471 3306 1539 enim,
3339 1471 3544 1540 inquit,

1965 1555 2094 1609 iram
2135 1569 2371 1628 operatur
2399 1574 2418 1613 :
2455 1562 2541 1615 ubi
2558 1571 2725 1616 autem
2749 1579 2850 1618 non
2877 1573 2948 1620 est
2986 1565 3096 1633 lex,
3125 1583 3214 1621 nec
3244 1567 3548 1637 pravarica-

1973 1648 2062 1702 tio.
2095 1648 2363 1707 Persuade
2401 1667 2528 1724 ergo
2574 1654 2742 1727 legem
2770 1656 2946 1712 datam
2984 1673 3102 1715 esse
3124 1660 3430 1730 conceptis,
3467 1661 3548 1717 Ie-

1967 1755 2086 1810 gem
2112 1756 2270 1812 posse
2297 1743 2413 1798 dari
2463 1748 2838 1817 nascentibus;
2883 1759 2940 1806 ut
2972 1765 3067 1808 eos
3102 1751 3549 1821 praevaricationis

1967 1845 2088 1887 reos
2108 1833 2276 1903 possit
2294 1850 2540 1906 arguere.
2567 1837 2829 1895 Caeterum
2869 1857 2965 1898 nos
2992 1856 3114 1897 cum
3145 1842 3402 1912 Apostolo
3426 1856 3548 1897 cre-

1968 1923 2174 1994 dimus,
2213 1942 2372 1996 quem
2416 1929 2548 1984 nihil
2574 1940 2759 1986 contra
2800 1934 3058 1990 rationem
3101 1935 3334 1990 sensisse
3358 1932 3549 1990 defen-

1967 2017 2172 2087 dimus,
2196 2035 2302 2076 non
2328 2036 2449 2078 esse
2473 2022 2528 2077 in
2554 2038 2616 2079 ea
2640 2034 2794 2081 aetate
2815 2028 3304 2096 przevaricationem
3325 2070 3339 2094 ,
3368 2029 3420 2082 in
3446 2042 3550 2098 qua

1967 2112 2050 2168 lex
2078 2128 2198 2180 esse
2226 2130 2330 2170 non
2356 2117 2568 2187 potuit;
2600 2119 2723 2188 quia
2745 2119 2828 2173 ubi
2847 2137 2949 2174 non
2978 2128 3052 2174 est
3091 2121 3203 2187 lex,
3235 2136 3324 2175 nec
3351 2135 3550 2191 praten-

1967 2206 2146 2262 ricatio
2186 2223 2205 2262 :
2246 2225 2364 2280 qua:
2403 2210 2485 2265 lea:
2509 2211 2639 2265 iram
2676 2221 2946 2284 cperatur,
2987 2229 3095 2269 non
3136 2213 3264 2269 vitio
3293 2228 3426 2281 suo,
3456 2211 3550 2269 sed

1967 2312 2153 2354 eorum
2213 2299 2521 2372 iniquitate,
2596 2303 2687 2374 qui
2731 2313 2949 2375 peccata
2999 2305 3281 2362 virtutibus
3328 2313 3550 2376 antepo-

1967 2400 2119 2447 nunt.

2040 2487 2175 2542 Auc.
2219 2486 2336 2542 Non
2363 2496 2600 2560 estergo
2645 2488 2731 2545 lex
2768 2488 3001 2554 Christi,
3045 2488 3163 2544 Nisi
3207 2489 3319 2560 quis
3347 2497 3554 2543 renatus

1969 2575 2116 2644 fuerit
2141 2592 2202 2631 ea:
2236 2593 2367 2647 aqua
2388 2587 2434 2632 et
2464 2578 2698 2648 Spiritu,
2727 2596 2827 2634 non
2853 2587 3010 2649 potest
3034 2579 3224 2634 intrare
3255 2581 3309 2634 in
3345 2594 3554 2651 regnum

1969 2667 2065 2722 Dei
2094 2668 2271 2741 (Joan.
2299 2685 2386 2736 ιιι,
2418 2671 2512 2742 5)?
2536 2688 2694 2742 quam
2735 2672 2908 2742 legem
2944 2671 3127 2739 vides,
3156 2672 3314 2728 etiam
3341 2671 3406 2726 ad
3436 2686 3555 2741 par-

1968 2761 2122 2816 vulos
2149 2762 2434 2832 pertinere.
2465 2762 2660 2819 Verum
2692 2772 2747 2820 tu
2773 2765 2859 2820 dic
2885 2765 3060 2836 potius
3080 2807 3096 2834 ,
3125 2764 3374 2836 parvulus
3402 2765 3574 2835 cujus

1969 2855 2144 2909 anima
2170 2855 2420 2910 interibat
2463 2855 2530 2911 de
2567 2871 2764 2927 genere
2789 2857 2934 2928 ejus,
2960 2857 3006 2912 si
3033 2857 3119 2912 die
3146 2859 3251 2912 non
3277 2856 3557 2912 circumci-

1970 2943 2188 3000 dcretur
2215 2955 2404 3001 octavo
2434 2945 2587 3017 (Gen.
2619 2963 2760 3015 xvn,
2794 2949 2884 3018 14)
2906 2988 2919 3013 ,
2961 2948 3113 3019 cujus
3154 2949 3557 3018 prtevaricatio-

1970 3036 2054 3092 nis
2103 3038 2456 3107 arguebatur,
2498 3047 2556 3094 ut
2605 3041 2692 3094 tali
2740 3039 3002 3110 supplicio
3045 3041 3406 3112 plecteretur?
3443 3041 3556 3099 Nisi

1971 3129 2093 3200 quia
2133 3129 2246 3200 ipse
2273 3130 2328 3184 in
2358 3147 2416 3186 se
2460 3131 2576 3200 ipso
2622 3131 2754 3186 nihil
2799 3146 3062 3202 peccans,
3111 3134 3390 3200 tenebatur
3432 3145 3558 3189 reus

1968 3222 2022 3277 in
2063 3223 2393 3278 similitudine
2459 3224 2884 3292 prwvaricationis
2934 3224 3096 3293 Adae,
3144 3227 3199 3279 in
3245 3241 3342 3296 quo
3385 3241 3556 3280 omnes

1970 3324 2300 3388 peccaverunt
2321 3314 2497 3385 (Rom.
2523 3331 2588 3384 v,
2622 3317 2721 3384 14,
2751 3315 2861 3387 12).
2891 3316 3020 3385 Quae
3048 3316 3210 3372 verba
3238 3316 3552 3388 apostolica,

1971 3417 2078 3464 tam
2140 3408 2284 3463 clara
2335 3407 2650 3476 obscurare,
2702 3415 2811 3463 tam
2856 3415 3002 3464 recta
3049 3423 3303 3477 curvare,
3356 3408 3556 3480 ingenti

1896 3532 1907 3543 -
1971 3499 2184 3571 quidem
2211 3540 2225 3564 ,
2255 3498 2349 3554 sed
2378 3499 2520 3553 inani
2546 3499 2732 3555 labore
2756 3500 2989 3555 conaris.

2041 3589 2244 3646 CLXII.
2272 3590 2390 3646 Juu.
2435 3589 2763 3661 Approbavit
2789 3603 2917 3662 ergo
2939 3590 3260 3661 Apostolus,
3287 3589 3409 3661 quia
3448 3604 3556 3647 non

1972 3684 2043 3739 sit
2087 3680 2454 3738 tantummodo
2498 3681 2755 3752 scriptum
2791 3690 3012 3753 propter
3056 3681 3361 3749 Abraham,
3412 3679 3554 3752 quod

1972 3783 2272 3846 reputatum
2301 3783 2386 3830 est
2421 3774 2497 3829 illi
2534 3773 2601 3828 ad
2639 3773 2919 3843 justitiam;
2966 3772 3058 3828 sed
3081 3782 3135 3829 et
3164 3780 3380 3844 propter
3421 3786 3554 3841 nos,

1973 3868 2166 3940 quibus
2207 3867 2322 3923 sine
2363 3865 2526 3922 dubio
2558 3873 2866 3936 reputatur,
2913 3879 3034 3921 cum
3077 3865 3132 3920 in
3180 3865 3348 3921 Deum
3379 3865 3554 3921 credi-

1973 3975 2126 4026 mus,
2173 3960 2263 4032 qui
2305 3959 2484 4016 Jesum
2537 3958 2806 4016 Christum
2855 3975 2920 4015 ex
2969 3958 3194 4014 mortuis
3241 3959 3489 4015 excitavit
3536 3975 3553 4014 :

1978 4051 2079 4117 Qui
2117 4051 2330 4106 traditus
2367 4059 2473 4117 est,
2510 4050 2718 4120 inquit,
2752 4058 2954 4122 prapter
2975 4049 3159 4105 delicta
3189 4058 3378 4116 nostra,
3407 4058 3455 4104 et
3475 4065 3556 4104 re-

1973 4141 2195 4197 surrexit
2235 4149 2439 4213 pr0pter
2471 4132 2889 4212 justiﬁcationem
2931 4148 3153 4197 nostram
3193 4139 3302 4214 (Id.
3332 4157 3414 4209 tv,
3459 4141 3557 4196 25-

1974 4233 2088 4306 es).

2046 4324 2183 4381 Anc.
2206 4323 2290 4380 Ab
2320 4323 2421 4381 hac
2466 4323 2633 4395 gratia
2663 4323 2920 4395 separatis
2962 4323 3210 4395 parvulos
3229 4365 3244 4392 ,
3272 4338 3406 4395 quos
3431 4322 3556 4379 nul-

1977 4417 2088 4475 lum
2115 4419 2367 4475 delictum
2403 4434 2470 4475 ex
2498 4419 2701 4490 origine
2727 4427 2952 4474 tractum
2979 4418 3176 4476 habere
3203 4417 3568 4485 contenditis;

1977 4511 2118 4567 unde
2145 4512 2204 4566 lit
2228 4525 2561 4582 consequens
2580 4551 2594 4576 ,
2627 4519 2686 4565 ut
2731 4526 2838 4566 non
2863 4510 2928 4566 ad
2957 4525 3050 4566 eos
3077 4511 3338 4581 pertineat
3364 4510 3558 4568 beneﬁ-

1977 4603 2151 4670 cium,
2179 4618 2284 4672 quo
2322 4610 2541 4672 propter
2581 4601 2775 4657 delicta
2823 4609 3002 4657 nostra
3044 4611 3126 4658 est
3160 4603 3383 4658 traditus
3411 4603 3556 4658 Chrio

1977 4706 2092 4752 Stus
2123 4714 2135 4749 :
2165 4703 2221 4751 et
2246 4695 2362 4751 haec
2390 4695 2682 4751 sentientes
2715 4703 2771 4750 et
2793 4694 3212 4767 dogmatizantes
3235 4695 3556 4754 christianos

1977 4789 2270 4846 catholicos
2299 4803 2394 4844 vos
2415 4789 2592 4844 dicere
2616 4787 2854 4844 audetis!
2985 4809 2992 4814 ·
3565 4787 3568 4792 ’

1993 4899 2000 4904 ·
2049 4881 2269 4940 CLXIII.
2301 4881 2422 4937 JuL.
2451 4877 2619 4947 Quam
2645 4880 2987 4937 vehementer
3024 4881 3284 4960 inculcat,
3324 4881 3462 4954 apud
3486 4884 3564 4954 ju-

1979 4983 2118 5031 stum
2154 4973 2386 5044 judicem
2415 4973 2578 5029 Deum
2605 4973 2777 5028 aliena
2801 4981 3016 5043 peccata
3039 4975 3157 5031 aliis
3191 4991 3300 5031 non
3329 4991 3524 5032 nocere
3543 5016 3561 5045 ,

1979 5069 2069 5139 qui
2097 5066 2480 5124 commendans
2507 5073 2732 5122 mortem
2756 5065 2954 5122 Christi
2979 5067 3263 5139 vigilanter
3286 5069 3526 5125 enuntiat
3544 5091 3575 5137 ,-

1979 5169 2198 5232 propter
2233 5169 2414 5216 nostra
2445 5159 2592 5214 illum
2623 5159 2815 5216 delicta
2834 5203 2849 5228 ,
2889 5175 3008 5232 quae
3037 5170 3091 5217 et
3115 5162 3264 5233 plura
3291 5171 3440 5218 erant
3464 5204 3478 5229 ,
3509 5168 3563 5217 et

1980 5259 2162 5308 nostra
2189 5259 2377 5317 erant,
2421 5260 2476 5307 et
2519 5267 2624 5307 non
2669 5259 2890 5323 propter
2927 5268 3090 5308 unum
3113 5262 3167 5309 et
3199 5253 3464 5320 alienum,
3508 5259 3572 5308 et'

1982 5345 2108 5400 olim
2134 5344 2370 5402 defuncti
2395 5344 2626 5401 hominis
2646 5386 2660 5412 ,
2692 5353 2921 5400 mortem
2951 5344 3277 5416 oppetiisse?

2054 5435 2189 5492 Auc.
2223 5434 2584 5491 lnobedientia
2626 5435 2840 5505 quidem
2867 5434 3023 5490 unius
3049 5433 3279 5490 hominis
3320 5446 3426 5488 non
3470 5432 3564 5488 ab-

1983 5526 2144 5584 surde
2169 5527 2353 5597 utiqne
2393 5526 2640 5582 delictum
2668 5525 2863 5581 dicitur
2887 5524 3116 5580 alienum
3135 5563 3150 5587 ,
3177 5523 3296 5592 quia
3323 5521 3562 5579 nondum

1983 5618 2096 5676 nati
2141 5617 2378 5674 nondum
2417 5631 2696 5689 cgeramus
2738 5614 2937 5684 aliquid
2965 5611 3272 5684 proprium,
3319 5612 3430 5668 sive
3463 5613 3561 5668 bo-

1985 5727 2150 5777 num,
2180 5710 2296 5765 sive
2333 5709 2533 5764 malum
2582 5725 2596 5762 :
2642 5705 2736 5764 sed
2783 5705 2903 5776 quia
2947 5704 3000 5759 in
3027 5703 3118 5784 illo
3159 5706 3249 5775 qui
3279 5703 3381 5760 hoc
3422 5701 3558 5775 egit,

1986 5803 2199 5878 quando
2235 5801 2288 5860 id
2331 5802 2474 5876 egit,
2503 5815 2690 5860 omnes
2733 5812 2981 5869 eramus,
3014 5804 3325 5873 tantumque
3363 5794 3464 5856 fuit
3503 5808 3572 5863 ac
