4062 6530
299 489 403 548 per
426 473 552 541 hoc,
581 472 639 531 in
681 469 1015 545 philosophis
1047 471 1358 540 christiana,
1406 479 1468 528 ut
1505 469 1798 544 gloriemur
1838 469 1895 531 ἰι

301 564 757 631 tribulationibus,
785 579 891 620 non
919 570 1004 620 est
1031 573 1295 629 nostrum,
1327 562 1449 634 quia
1468 563 1485 596 ¹
1513 572 1568 619 et
1606 563 1710 619 hoc
1734 575 1895 618 accev

298 661 484 732 pimus
516 675 531 716 :
557 656 794 728 alioquin
817 664 1067 726 tanquam
1087 654 1158 712 de
1198 670 1298 710 suo
1325 670 1353 709 a
1380 671 1439 711 se
1465 656 1566 712 sibi
1597 663 1747 726 parto
1771 656 1888 726 glo-

300 751 464 810 rianti
495 749 699 806 homini
727 747 941 813 dicitur,
975 746 1114 814 Quid
1137 747 1270 801 enim
1293 746 1446 803 habes
1467 747 1602 818 quod
1620 762 1724 802 non
1741 762 1892 801 acce-

299 843 424 918 pisti
450 842 477 897 7
502 840 564 900 Si
590 849 759 896 autem
783 848 831 894 et
857 838 1099 909 accepisti
1119 879 1136 904 ,
1163 837 1288 909 quid
1327 838 1564 911 gloriaris
1601 837 1750 910 quasi
1791 853 1894 892 non

299 933 553 1005 acceperis
595 932 646 1004 (l
687 929 804 986 Cor.
839 945 917 996 tv,
961 928 1070 1002 7)?
1100 931 1168 986 Et
1205 939 1384 986 tamen
1427 929 1753 1000 gloriamur,
1785 943 1894 984 non

297 1027 382 1083 sic
425 1024 576 1096 quasi
623 1039 732 1080 non
777 1023 1180 1092 acceperimus'
1211 1038 1226 1088 ;
1258 1021 1352 1077 sed
1395 1020 1686 1091 gloriamur
1715 1021 1767 1076 iu
1806 1021 1896 1077 illo

299 1119 396 1192 qui
424 1117 526 1173 hoc
549 1115 714 1182 dedit,
773 1123 832 1169 ut
872 1114 961 1183 qui
992 1114 1272 1184 gloriatur,
1323 1112 1378 1167 in
1434 1112 1661 1166 Domino
1690 1113 1891 1183 glorie-

302 1212 436 1284 tur(
464 1208 552 1264 Id.
583 1225 622 1273 1,
650 1208 714 1263 3|
738 1207 779 1278 ).
804 1205 930 1261 Haec
950 1213 1032 1260 est
1057 1204 1249 1275 gratia,
1275 1219 1435 1274 quam
1466 1203 1729 1259 catholica
1756 1203 1890 1262 ﬁdes

303 1301 564 1374 praedicat
591 1319 605 1355 :
631 1297 807 1369 utquid
829 1313 970 1362 eam,
990 1311 1196 1367 (ιιιίεεα,
1219 1305 1403 1351 vester
1421 1310 1575 1352 error
1598 1302 1889 1368 oppugnat,

302 1409 430 1450 cum
459 1393 612 1446 etiam
644 1401 820 1446 vestro
845 1404 940 1444 vos
966 1403 1061 1444 ore
1081 1388 1408 1444 convincat?

373 1482 630 1540 CLXVII.
662 1481 781 1538 Jun.
827 1481 1032 1537 Deinde
1053 1496 1176 1536 cum
1217 1481 1272 1536 in
1309 1481 1643 1537 testamentis
1671 1495 1754 1552 agt
1781 1495 1844 1535 ea
1869 1521 1888 1549 ,

297 1589 422 1646 qua:
441 1582 567 1630 sunt
590 1573 850 1643 promissa
869 1615 884 1639 ,
917 1572 1314 1642 cormpicimus;
1355 1572 1634 1642 prmsentis
1663 1571 1783 1627 vitae
1807 1571 1892 1626 iu-

297 1673 382 1722 ter
407 1665 611 1720 ludicra
631 1665 850 1720 omnino
876 1664 1056 1719 omnia
1084 1664 1220 1718 bona
1247 1665 1489 1734 malaque
1519 1679 1888 1733 numeramus,

298 1758 462 1814 ﬁdem
489 1757 888 1830 pollicitationis
919 1757 1012 1813 Dei
1039 1759 1105 1813 de
1131 1757 1491 1829 magnitudine
1509 1759 1561 1812 in
1588 1775 1686 1814 nos
1715 1757 1886 1813 chari-

295 1850 426 1906 tatis
453 1849 596 1905 illius
618 1850 964 1906 aestimantes.
995 1849 1176 1920 Neque
1192 1850 1334 1906 enim
1365 1848 1657 1906 confutabit
1685 1849 1707 1881 ³
1735 1865 1886 1920 spem

299 1953 540 2000 nostram
582 1953 912 2000 aeternorum
943 1943 1216 2000 frustratio
1251 1945 1655 2000 commodorum
1683 1962 1696 2010 ;
1728 1960 1890 2016 quan-

301 2032 586 2104 doquidem
614 2033 804 2089 vadem
835 2034 1176 2090 beatitudinis
1205 2033 1396 2089 futurae
1434 2035 1527 2091 Dei
1571 2035 1886 2089 charitatem

302 2138 568 2197 tenemus,
595 2146 715 2201 qua:
741 2130 906 2185 effusa
931 2139 1014 2187 est
1040 2131 1092 2184 in
1119 2129 1372 2186 cordibus
1391 2129 1588 2184 nostris
1603 2146 1701 2202 per
1729 2128 1890 2200 Spiri-

299 2230 414 2279 tum
447 2230 711 2290 sanctum,
756 2223 847 2294 qui
877 2221 1034 2280 datus
1063 2231 1146 2278 est
1173 2222 1329 2280 nobis
1355 2239 1370 2276 :
1398 2221 1452 2278 id
1479 2230 1597 2287 est,
1634 2237 1729 2292 per
1749 2221 1888 2276 dona

295 2316 476 2373 sancti
502 2315 752 2388 Spiritus,
783 2332 1023 2374 amorem
1046 2332 1203 2374 suum
1232 2317 1376 2374 Deus
1395 2316 1540 2372 circa
1566 2331 1735 2388 genus
1764 2329 1889 2386 pro-

295 2409 446 2466 bavit
473 2409 788 2466 humanum.

369 2503 510 2560 Anc.
531 2500 646 2558 Non
673 2501 755 2556 vis
772 2516 893 2558 esse
919 2501 1058 2558 inter
1080 2501 1194 2558 huic
1217 2500 1358 2557 dona
1377 2543 1392 2568 ,
1417 2501 1579 2556 etiam
1611 2515 1718 2556 non
1756 2515 1888 2571 pec-

301 2606 432 2650 care
459 2611 474 2648 :
497 2593 594 2650 sed
632 2593 908 2648 conﬁdens
936 2593 990 2648 in
1019 2593 1216 2648 virtute
1243 2603 1364 2660 tua,
1401 2591 1505 2647 hoc
1544 2593 1636 2649 tibi
1676 2599 1733 2647 tu
1774 2591 1890 2662 ipse

305 2686 388 2742 vis
414 2685 558 2740 dare.
606 2684 720 2741 Noli
751 2685 907 2740 irasci
954 2684 1181 2741 obsecro
1211 2703 1224 2740 :
1254 2683 1559 2740 Maledictus
1601 2683 1764 2740 omnis
1801 2683 1890 2755 qui

297 2790 442 2846 spem
463 2774 611 2830 habet
637 2776 690 2830 in
715 2776 916 2830 homine
945 2773 964 2844 (
979 2775 1172 2829 Jerem.
1200 2791 1332 2842 xvn,
1363 2772 1461 2848 5

368 2866 649 2923 CLXVIII.
675 2867 794 2923 Jun.
823 2867 1091 2924 Restituet
1113 2882 1244 2939 ergo
1266 2875 1431 2924 totum
1462 2866 1712 2934 ﬁdeliter,
1743 2865 1889 2939 quod

297 2957 547 3016 ﬁdelibus
578 2959 906 3030 repromisit.

370 3056 505 3111 Anc.
547 3053 817 3110 Restituet
846 3055 1004 3124 plane
1047 3053 1209 3109 etiam
1253 3053 1354 3110 hoc
1381 3053 1591 3124 ipsum,
1617 3061 1676 3109 ut
1701 3053 1889 3110 fideles

293 3147 402 3204 sint
418 3163 436 3214 ;
462 3147 584 3217 quia
597 3146 756 3202 ﬁdem
777 3149 1010 3217 gentium
1035 3146 1280 3216 promisit
1305 3145 1534 3201 Abrahae
1557 3164 1572 3199 :
1596 3153 1652 3202 et
1665 3146 1886 3217 quidam

297 3253 521 3308 magnus
549 3237 722 3294 ﬁdelis
743 3238 891 3302 dicit,
925 3237 1334 3294 Misericordiam
1357 3246 1652 3295 consecutus
1671 3254 1805 3307 sum,
1833 3245 1890 3293 ut

299 3331 464 3403 ﬁdelis
484 3348 641 3388 essem
669 3331 723 3400 (Ι
751 3329 868 3386 Cor.
894 3347 987 3397 vn,
1014 3330 1084 3386 25
1106 3329 1151 3404 ).

371 3421 600 3480 CLXIX.
630 3422 747 3486 ιυι.
779 3422 881 3490 Qui
923 3422 1066 3478 enim
1108 3421 1249 3478 Filio
1273 3437 1368 3477 suo
1397 3437 1499 3476 non
1533 3421 1776 3493 pepercit,
1798 3419 1890 3490 sed

303 3531 398 3587 pro
429 3514 570 3570 nobis
597 3514 824 3572 omnibus
851 3515 1062 3570 tradidit
1090 3531 1222 3581 eum,
1255 3529 1350 3585 per
1380 3529 1539 3585 quem
1562 3529 1662 3569 uos
1699 3528 1890 3586 opera.-

306 3605 485 3672 tioue"
509 3609 680 3664 sancti
709 3607 938 3679 Spiritus
964 3608 1338 3676 consecravit,
1367 3607 1554 3679 procul
1581 3606 1746 3663 dubio
1773 3623 1890 3662 cum

301 3698 396 3755 illo
423 3700 594 3756 omnia
615 3699 754 3756 nobis
776 3700 981 3758 donauit
1001 3701 1022 3733 ⁸
1045 3698 1222 3771 (Rom.
1245 3715 1361 3764 vut,
1384 3700 1500 3772 3‘2).
1532 3698 1602 3756 Ut
1615 3699 1738 3771 quid
1757 3699 1892 3756 enim

304 3793 553 3860 Christus,
579 3810 697 3854 cum
722 3794 890 3852 adhuc
917 3791 1110 3864 inﬁrmi
1133 3810 1374 3863 essemus,
1400 3794 1678 3850 secundum
1693 3804 1891 3866 tempus

301 3903 396 3958 pro
419 3886 592 3958 impiis
613 3899 840 3942 mortuus
862 3895 933 3942 est
955 3884 1080 3960 (Id.
1112 3901 1168 3954 v,
1197 3884 1265 3956 6)
1283 3886 1307 3940 ἳ

369 3981 504 4038 Anc.
525 3980 850 4036 Testimonia
873 3980 1051 4035 divina
1068 3994 1482 4049 commemoras,
1502 3980 1693 4050 quibus
1710 3989 1892 4038 vester

297 4086 448 4128 error
467 4072 748 4129 evertitur.
777 4071 898 4128 Non
928 4073 1072 4129 enim
1092 4073 1292 4128 dictum
1322 4081 1424 4138 est,
1461 4071 1708 4144 Christus
1726 4073 1888 4130 etiam

299 4179 396 4236 pro
423 4164 637 4235 impiis;
663 4163 781 4232 sed,
826 4181 918 4235 pro
947 4165 1140 4236 impiis,
1192 4165 1404 4235 inquit,
1432 4175 1661 4220 mortuus
1689 4175 1780 4220 est.
1825 4164 1892 4222 Ut

301 4267 480 4314 autem
505 4267 560 4314 et
581 4257 696 4329 ipse
720 4257 844 4316 alibi
861 4257 1140 4316 confessus
1168 4272 1228 4316 es
1252 4257 1350 4330 (a),
1381 4257 1541 4315 etiam
1569 4273 1668 4328 pro
1697 4273 1890 4327 parvu-

307 4350 372 4406 lis
384 4360 623 4407 mortuus
639 4359 722 4406 est
745 4368 758 4404 :
785 4359 839 4406 et
857 4360 1054 4418 tamen,
1074 4366 1178 4422 qua
1201 4350 1377 4407 fronte
1391 4352 1590 4416 nescio,
1612 4352 1891 4412 transiisse

305 4443 360 4498 in
387 4457 481 4498 eos
499 4443 825 4514 originaliter
847 4443 1173 4514 impietatem
1203 4444 1359 4514 primi
1385 4443 1406 4476 '
1436 4442 1675 4499 hominis
1701 4459 1886 4513 negas.

305 4533 586 4601 Quomodo
612 4549 740 4607 ergo
767 4535 1035 4606 pertinent
1059 4535 1128 4592 ad
1154 4550 1304 4606 eum,-
1330 4536 1420 4607 qui
1443 4552 1535 4607 pro
1559 4535 1729 4607 impiis
1755 4551 1892 4591 mor-

303 4636 421 4690 tuus
455 4636 527 4682 est
543 4625 570 4681 .’

370 4717 585 4777 CLXX.
609 4718 733 4780 «Ιυι.
768 4717 868 4778 γεω
889 4721 1021 4778 enim
1047 4737 1140 4793 pro
1159 4721 1305 4794 justo
1334 4720 1446 4790 quis
1471 4721 1727 4776 moritur:
1764 4737 1888 4776 nam

280 4787 392 4886 δρνο
412 4813 543 4868 bono
568 4812 788 4884 forsitan
829 4815 942 4885 quis
968 4787 1327 4870 audeat'mori.
1348 4787 1690 4868 Commendat
1717 4824 1889 4868 autem

297 4909 440 4968 Deus
469 4909 768 4965 charitatem
789 4926 938 4966 suam
964 4911 1018 4964 in
1039 4909 1181 4964 nobis
1202 4925 1222 4964 :
1250 4909 1488 4981 quoniam
1519 4909 1564 4964 si
1581 4925 1698 4963 cum
1721 4909 1889 4966 adhuc

269 4730 290 4786 ’ρ

308 5012 584 5059 saeculares
619 5019 862 5069 essemus,
911 5002 1141 5060 Christus
1185 5020 1276 5074 pro
1325 5004 1466 5058 nobis
1500 5012 1725 5057 mortuus
1777 5010 1888 5067 est;

305 5094 462 5150 multo
503 5095 665 5168 magis
697 5095 972 5168 iustiﬁcati
1013 5112 1148 5154 nunc
1182 5096 1237 5156 in
1260 5096 1521 5170 sanguine
1544 5096 1731 5166 ipsius,
1761 5095 1890 5152 salui

373 5271 391 5344 ξ
414 5271 554 5344 gditi,
577 5274 677 5336 qui.
702 5281 903 5344 At_|tss.,
929 5274 1062 5338 quia.

369 5333 392 5364 ⁸
416 5333 500 5383 Hic
547 5333 974 5400 ntanttscriptorum
1024 5338 1311 5400 auctoritate
1357 5338 1512 5388 verba
1552 5337 1635 5389 illa
1675 5335 1894 5400 restitui-

299 5405 446 5510 π,
478 5400 537 5447 Et
565 5403 723 5451 tanta
766 5395 1033 5464 gloriamur
1052 5439 1066 5463 ,
1102 5413 1196 5452 non
1226 5399 1296 5451 sic
1329 5400 1467 5466 quasi
1517 5414 1612 5454 non
1643 5395 1888 5466 acceperi-

368 5521 391 5591 _’
419 5522 496 5591 sic
515 5528 620 5574 Mss.
645 5531 701 5574 At
723 5525 858 5591 Editi,
883 5523 1158 5591 comitavit.

353 5584 388 5650 -ξ
420 5585 496 5634 ste
517 5592 620 5636 Mss.
642 5593 698 5650 At
729 5584 866 5650 editi,
891 5587 941 5650 in
965 5584 1303 5650 operationem.

293 5691 302 5699 .
364 5648 386 5740 ξ
418 5654 472 5720 In
489 5653 620 5710 Iam,
1045 5665 1276 5724 gramen],

421 5716 505 5759 Htc
526 5724 590 5759 ex
617 5712 872 5759 veteribus
907 5711 1025 5759 tbrts
1046 5713 1262 5759 addimus
1281 5750 1294 5759 .
1312 5727 1474 5759 m'smi.

366 5708 386 5777 ξ
421 5710 505 5777 llic
526 5724 590 5777 ex
606 5708 872 5777 veteribus
886 5708 1025 5777 libris
1046 5708 1294 5777 addimus,
1312 5709 1474 5777 primi.

365 5771 438 5832 (ιι)
462 5777 512 5820 In
535 5772 658 5821 libro
693 5774 848 5834 prinis
873 5774 932 5822 ad
955 5775 1265 5825 Turbantium
1279 5771 1290 5824 Ῐ
1310 5771 1424 5826 'Vide
1464 5775 1548 5827 lib.
1566 5775 1603 5829 3
1625 5782 1792 5830 contra
1813 5781 1896 5827 Ju-

301 5831 502 5892 ltauutn.
521 5848 572 5887 n.
595 5835 678 5892 58.
693 5831 754 5890 et
773 5832 862 5888 lib.
885 5837 941 5897 ti.
957 5836 1087 5894 ωδ.
1659 5863 1662 5866 -
1711 5881 1714 5884 ί
1811 5844 1814 5848 ·

1613 355 1817 414 LIBER
1851 354 2233 419 SECUNDUS.

2003 475 2197 575 erimus
2331 491 2444 533 eum
2471 481 2534 535 ab
2572 481 2671 575 ira.
2701 481 2764 540 Si
2787 482 2919 539 enim
2956 506 3078 548 eunt
3097 489 3296 546 ﬂuitet
3313 502 3540 544 essemus
3565 529 3584 556 ,
3621 545 3638 575 γ

2001 568 2310 623 reconciliati
2342 585 2516 626 sumus
2559 569 2669 628 Deo
2709 590 2800 644 per
2838 587 3049 632 mortem
3079 576 3205 632 Filii
3229 577 3380 648 ejus;
3424 579 3588 636 multo

2001 660 2164 730 magis
2185 663 2512 732 reconciliati,
2542 665 2672 720 salvi
2691 667 2878 724 erimus
2901 669 2956 724 in
2984 670 3086 723 vita
3113 670 3243 742 ejus.
3274 669 3398 726 Nor.-
3417 672 3584 728 solum

1999 761 2171 807 autem
2190 753 2307 822 hoc,
2333 756 2424 811 sed
2447 769 2495 810 et
2523 756 2794 827 gloriantes
2829 761 2885 816 in
2907 761 3018 817 Deo
3054 779 3146 833 per
3169 763 3445 819 Dominum
3479 781 3582 820 no-

1999 851 2159 899 strum
2182 841 2362 898 Iesum
2385 843 2662 914 Christum,
2693 865 2780 915 per
2797 867 2942 921 quem
2963 868 3096 908 nunc
3121 855 3580 911 reconciliationem

1999 938 2284 1007 accepimus
2319 936 2511 1011 (Rom.
2535 954 2591 1006 v,
2615 941 2669 1006 7,
2705 944 2848 1013 etc.).
2895 945 3119 1014 Aperuit
3161 959 3354 1017 quanta
3408 957 3577 1005 totum

1999 1027 2242 1086 Christus
2284 1030 2478 1099 pietate
2507 1032 2784 1101 gessisset,
2821 1035 2910 1106 qui
2934 1037 3072 1092 mori
3096 1037 3348 1108 dignatus
3367 1047 3454 1095 est
3480 1053 3580 1110 pro

1999 1121 2134 1177 nihil
2162 1121 2284 1176 boni
2313 1123 2663 1179 merentibus.

2070 1215 2203 1272 Alte.
2237 1215 2364 1274 Hinc
2388 1214 2550 1270 verba
2581 1224 2668 1270 tua
2695 1215 2776 1271 sic
2805 1224 3097 1290 temperata
3140 1228 3263 1276 sunt
3287 1261 3303 1286 ,
3331 1231 3389 1277 ut
3416 1221 3578 1277 etiam

1997 1307 2256 1377 parvulos
2303 1315 2522 1378 tangere
2553 1308 2868 1378 videantur;
2907 1311 3158 1381 quoniam
3187 1322 3244 1367 et
3275 1311 3420 1382 ipsos
3446 1309 3582 1366 nihil

1997 1398 2124 1454 boni
2180 1399 2444 1456 meruisse
2495 1401 2812 1469 conceditis,
2870 1417 3006 1471 quos
3057 1401 3191 1458 nihil
3239 1401 3364 1458 boui
3407 1402 3583 1470 egisse

1969 1556 1975 1562 _
1994 1490 2235 1546 fatemini
2264 1509 2278 1546 :
2303 1492 2397 1546 sed
2417 1492 2704 1562 Apostolus
2725 1509 2832 1548 non
2855 1495 2924 1549 ita
2948 1494 3156 1551 locutus
3182 1496 3403 1578 est,.qui
3423 1494 3578 1561 dixit,

1994 1582 2261 1638 Christum
2292 1599 2388 1653 pro
2417 1585 2593 1654 impiis
2618 1595 2674 1642 et
2706 1586 3075 1656 peccatoribus
3099 1596 3366 1643 mortuum
3394 1585 3582 1642 fuisse.

1993 1672 2216 1730 Frustra
2234 1689 2362 1745 ergo
2385 1682 2441 1729 tu
2471 1691 2719 1746 magnam
2748 1676 2946 1732 Christi
2978 1677 3394 1734 misericordiam
3420 1687 3576 1734 exte-

1993 1766 2262 1822 nuandam
2312 1771 2505 1837 putasti
2539 1787 2554 1823 :
2586 1770 2675 1826 ille
2729 1772 2872 1826 enim
2922 1786 3019 1840 pro
3063 1771 3204 1826 male
3249 1771 3582 1828 merentibus

1991 1861 2236 1907 mortuus
2260 1861 2378 1908 est:
2409 1869 2438 1908 a
2463 1869 2568 1922 quo
2598 1863 2745 1910 tanto
2771 1855 3032 1912 beneﬁcio
3073 1855 3364 1911 Salvatoris
3391 1871 3584 1926 parvu-

1993 1942 2074 2000 los
2107 1946 2399 2014 separatis,
2429 1947 2676 2016 quoniam
2704 1947 2884 2003 salvos
2909 1963 3004 2003 eos
3029 1948 3204 2004 dicitis
3237 1966 3252 2004 :
3279 1947 3370 2004 illo
3398 1957 3580 2016 autem

1992 2033 2140 2100 dicit,
2193 2033 2316 2090 Non
2340 2045 2415 2091 est
2457 2053 2587 2107 Opus
2627 2039 2768 2092 sanis
2796 2037 3016 2093 medicus
3044 2037 3274 2110 (Matth.
3328 2054 3406 2105 ιχ,
3439 2037 3579 2109 l2):

1991 2145 2100 2188 non
2150 2139 2233 2186 est
2285 2145 2415 2202 ergo
2458 2145 2594 2201 opus
2631 2132 2866 2201 parvulis
2914 2131 3180 2198 Christus,
3233 2130 3430 2202 quibus
3473 2129 3580 2186 uti-

1992 2234 2099 2293 que
2125 2221 2416 2276 secundum
2443 2237 2540 2277 vos
2564 2237 2670 2277 non
2692 2231 2776 2278 est
2801 2221 2958 2278 Jesus
2986 2240 3000 2276 :
3031 2222 3225 2292 quibus
3241 2230 3420 2276 autem
3438 2234 3577 2291 opus

1991 2321 2094 2378 est,
2124 2311 2209 2367 his
2238 2313 2423 2383 procul
2446 2313 2608 2368 dubio
2633 2323 2716 2370 est
2741 2313 2916 2370 Jesus.
2957 2313 3067 2371 Sed
3097 2313 3357 2380 discedite
3386 2314 3425 2377 ³,
3458 2314 3572 2368 ma—

1989 2401 2117 2473 ligni
2156 2422 2169 2459 :
2213 2419 2349 2474 opus
2392 2415 2477 2462 est
2515 2407 2772 2476 parvulis.
2806 2407 2870 2462 Et
2910 2407 3055 2477 ipsos
3083 2422 3211 2477 ergo
3257 2422 3288 2461 a
3343 2406 3580 2476 peccatis

1991 2509 2178 2551 eorum
2221 2497 2399 2554 salvos
2427 2496 2574 2565 facit,
2616 2497 2869 2568 quoniam
2899 2508 3184 2570 propterea
3233 2497 3340 2554 tale
3381 2512 3576 2556 nomen

1989 2591 2196 2658 accepit
2221 2607 2236 2644 :
2254 2590 2342 2644 ubi
2361 2589 2583 2660 angelus
2601 2589 2754 2659 dixit,
2793 2590 3006 2645 Vocabis
3027 2606 3210 2648 nonum
3229 2589 3339 2660 ejus
3362 2588 3583 2656 Iesum;

1991 2680 2101 2752 ipse
2128 2682 2262 2737 enim
2289 2685 2487 2738 salvum
2521 2684 2672 2756 faciet
2719 2683 2962 2756 populum
2983 2699 3136 2740 suum
3175 2701 3208 2738 a
3237 2683 3454 2753 peccatis
3490 2697 3579 2738 eo—

1989 2790 2105 2828 rum
2130 2773 2240 2844 (Id.
2261 2790 2298 2840 ι,
2328 2774 2392 2829 at
2418 2773 2464 2847 ).

2063 2867 2295 2924 CLXXI.
2327 2869 2447 2927 Jun.
2473 2868 2685 2941 Quippe
2711 2871 2803 2941 qui
2831 2871 3096 2927 rationem
3125 2877 3180 2925 et
3199 2868 3370 2940 legem
3401 2868 3585 2926 crimiv

1990 2977 2120 3018 num
2144 2978 2330 3018 amore
2353 2963 2714 3033 ealcaverant,
2765 2973 2956 3021 euntes
2984 2974 3102 3036 post
3127 2964 3395 3022 desideria
3442 2978 3538 3019 sua
3559 3001 3580 3031 ,

1989 3072 2110 3127 qua:
2139 3057 2252 3126 ipsa
2279 3058 2625 3121 conscientia,
2656 3058 2810 3128 cujus
2852 3068 2937 3114 est
2961 3059 3198 3114 maxima
3225 3058 3328 3121 vis,
3357 3057 3581 3127 castiga:-

1988 3148 2105 3204 bat.
2140 3148 2339 3205 Verum
2366 3150 2488 3219 quia
2510 3149 2809 3216 constabat,
2842 3151 3003 3205 etiam
3031 3149 3329 3220 Prophetas
3361 3158 3581 3219 propter

1985 3238 2248 3310 justitiam
2272 3242 2467 3298 crebro
2511 3242 2701 3297 mortis
2727 3241 2984 3298 enitulsse
3008 3250 3344 3310 contemptu,
3373 3249 3429 3296 et
3456 3239 3581 3308 plus.-

1988 3332 2158 3388 rimos
2182 3347 2279 3403 pro
2299 3333 2504 3403 magnis
2523 3332 2818 3404 quibusque
2844 3332 3004 3388 rebus
3016 3330 3392 3402 dignitatisque
3414 3330 3583 3386 insita:

1991 3423 2202 3496 fulgore
2225 3426 2564 3482 rutilantibus
2586 3440 2774 3480 securo
2795 3424 2860 3480 ad
2890 3425 3162 3480 interitum
3186 3423 3366 3480 animo
3393 3437 3583 3480 cucur-

1989 3518 2146 3584 risse,
2175 3533 2244 3574 ne
2265 3534 2370 3574 non
2391 3520 2412 3550 ¹
2435 3518 2772 3588 singularitas
2802 3517 3015 3574 virtutis
3033 3515 3234 3572 Christi
3252 3514 3536 3572 dilucidior
3557 3513 3580 3554 ³

1989 3612 2254 3686 ejusmodi
2279 3618 2424 3668 esset
2445 3610 2728 3679 exemplis,
2760 3609 2938 3666 intulit
2965 3607 3278 3678 Apostolus,
3307 3621 3407 3676 per
3427 3603 3577 3676 quod

1989 3704 2298 3764 ostenderet
2323 3702 2638 3760 charitatem
2689 3711 2744 3756 et
2799 3699 3166 3757 fortitudinem
3224 3698 3371 3754 illius
3416 3697 3576 3756 unico

1989 3798 2230 3855 eminere
2257 3795 2503 3865 fastigio:
2537 3793 2786 3854 Assentio
2810 3801 2866 3850 et
2910 3806 3035 3863 ego,
3067 3791 3191 3848 licet
3240 3805 3403 3855 raro,
3453 3788 3581 3845 licet

1991 3891 2101 3956 vix,
2149 3899 2326 3945 tamen
2361 3902 2458 3958 pro
2494 3885 2656 3942 rebus
2706 3884 2866 3955 iustis
2911 3893 2969 3940 et
3007 3883 3163 3940 bonis
3188 3882 3324 3938 mori
3352 3881 3582 3952 elegisse

1993 3981 2304 4046 nonnullos;
2333 3978 2428 4035 sed
2453 3978 2560 4034 illis
2588 3976 2924 4048 negotiorum
2949 3975 3199 4045 dignitas,
3231 3973 3285 4030 id
3305 3983 3410 4041 est,
3441 3973 3583 4043 ipsa-

1990 4093 2112 4134 rum
2139 4089 2317 4130 rerum
2345 4088 2443 4144 pro
2467 4071 2662 4142 quibus
2685 4070 3071 4126 dimicaverant
3107 4065 3370 4124 claritudo
3389 4107 3408 4135 ,
3437 4066 3581 4138 peri-

1992 4161 2235 4225 cuiorum
2281 4164 2598 4235 temperavit
2639 4162 2882 4219 dolorem
2909 4180 2922 4218 :
2951 4161 3197 4217 Christus
3239 4170 3418 4216 autem
3448 4158 3582 4214 nihil

1993 4259 2178 4318 habuit
2218 4257 2362 4330 quod
2385 4263 2590 4312 amaret
2615 4254 2668 4310 in
2697 4253 2890 4310 studiis
2921 4253 3228 4323 impiorum,
3257 4260 3314 4308 et
3356 4266 3456 4321 pro
3496 4249 3583 4307 his

1993 4353 2083 4426 qui
2110 4361 2262 4409 erant
2283 4350 2494 4421 propria
2519 4348 2790 4405 voluntate
2813 4344 3086 4404 deformes
3106 4387 3123 4414 ,
3155 4361 3263 4406 non
3289 4353 3374 4402 est
3393 4358 3581 4414 asper—

1989 4458 2150 4506 natus
2179 4447 2413 4518 impendi
2444 4464 2457 4502 :
2488 4453 2708 4516 apparet
2748 4451 2927 4498 autem
2953 4443 3104 4498 illum
3132 4441 3371 4498 omnium
3409 4439 3581 4496 virtu-

1989 4542 2140 4597 tibus
2168 4539 2532 4603 antecellere;
2571 4537 2696 4608 quia
2733 4535 2837 4591 etsi
2876 4534 2934 4590 in
2959 4531 3238 4590 tolerantia
3264 4544 3460 4601 paucos
3483 4569 3498 4596 ,
3527 4528 3584 4586 in

1987 4649 2151 4691 causa
2173 4641 2349 4688 tamen
2364 4630 2540 4686 nullos
2557 4636 2737 4700 potest
2755 4625 2955 4683 habere
2967 4631 3262 4682 consortes.
3275 4621 3416 4679 Nihil
3429 4621 3586 4693 igitur

1975 4728 2063 4784 de
2091 4726 2205 4797 ejus
2252 4724 2614 4784 muniﬁcentia
2647 4721 2999 4792 desperemus
3027 4719 3190 4792 :quia
3219 4719 3264 4775 si
3302 4733 3401 4788 pro
3423 4717 3579 4774 nobis

1994 4829 2242 4878 mortuus
2285 4827 2370 4873 est
2393 4833 2514 4873 cum
2535 4815 2712 4871 adhuc
2749 4828 2999 4870 essemus
3027 4820 3367 4884 peccatores;
3413 4808 3584 4866 multo

1994 4910 2164 4982 magis
2180 4909 2455 4980 justiﬁcati
2472 4923 2613 4966 nunc
2638 4908 2693 4964 in
2717 4907 2978 4980 sanguine
3002 4905 3191 4978 ipsius,
3217 4903 3350 4961 salvi
3375 4902 3586 4962 erimus

1995 5023 2092 5080 per
2119 5021 2241 5062 eum
2271 5005 2338 5060 ab
2363 5005 2462 5060 ira.

2066 5101 2211 5158 Anc.
2248 5097 2424 5154 Nolite
2472 5109 2604 5168 ergo
2649 5095 2892 5152 eximere
2944 5091 3200 5163 parvulos
3245 5089 3326 5150 de
3361 5099 3585 5146 nuntero

1996 5203 2333 5267 peccatorum
2389 5209 2403 5246 :
2457 5190 2582 5262 quia
2631 5197 2689 5246 et
2735 5202 2834 5259 pro
2858 5186 2993 5258 ipsis
3034 5192 3299 5242 mortuum
3343 5176 3584 5236 fatemini

1995 5285 2288 5344 Christum.

2067 5373 2318 5434 CLXXII.
2349 5373 2468 5430 Jun.
2493 5373 2561 5429 Et
2579 5380 2701 5444 post
2731 5369 3242 5432 reconciliationem,
3272 5376 3434 5434 quam
3462 5374 3584 5415 cum

1998 5473 2111 5530 Deo
2158 5471 2354 5528 habere
2401 5467 2794 5539 promeruimus
2817 5507 2834 5532 ,
2879 5480 2976 5536 per
3027 5474 3246 5533 operam
3273 5459 3306 5522 ‘_
3337 5454 3589 5512 videlicet

2062 5586 2082 5617 ⁸
2116 5585 2188 5635 Sic
2208 5591 2314 5633 Mss.
2340 5582 2460 5632 Edtti
2484 5589 2674 5638 autem,
2701 5576 2890 5629 discite.

2061 5649 2082 5680 ⁸
2115 5645 2394 5697 Particulam
2432 5653 2700 5709 negantem
2742 5642 2823 5692 hic
2859 5639 3165 5718 restituimur;
3213 5646 3279 5685 ex
3322 5638 3432 5685 Ias.
3473 5638 3583 5682 nar.

1995 5709 2287 5820 Carausius
2307 5778 2359 5820 et
2375 5768 2508 5820 eolb.
2533 5776 2637 5829 ιιι..
2659 5764 2880 5821 dilutior.

2065 5837 2086 5868 δ
2120 5840 2321 5897 tnuss.,
2349 5846 2439 5898 per
2469 5843 2639 5895 opera.
