4062 6566
506 395 651 453 Hi5

507 507 844 576 Mediatoris;
893 506 1156 564 debemus
1210 505 1487 576 percipere
1549 503 1731 558 animo
1769 501 2096 572 sempiterna

507 603 721 676 gaudia,
747 608 804 658 et
829 613 937 656 non
964 597 1138 653 solum
1159 597 1388 653 salutem
1422 609 1660 667 sperare,
1680 593 1776 650 sed
1794 593 1957 650 etiam
1983 592 2100 664 glo-

512 698 668 752 riam.

518 819 524 823 -
583 787 720 841 Ave.
745 783 895 854 Rogo
912 791 988 851 te,
1007 782 1223 840 attende
1247 781 1389 853 quod
1406 781 1535 838 dicit
1552 780 1864 853 Apostolus,
1882 773 2103 850 propter

512 875 654 948 quod
679 873 875 930 factum
896 883 981 930 est
1004 882 1063 928 ut
1099 872 1167 930 de
1193 873 1366 944 primo
1395 871 1610 928 homine
1653 873 1961 942 loqueretur
1987 885 2001 926 :
2035 869 2104 926 de

514 968 953 1026 reconciliatione
978 966 1188 1039 agebat,
1216 982 1376 1038 quam
1407 975 1461 1021 tu
1482 980 1695 1037 quoque
1723 981 1819 1036 per
1839 964 2102 1020 mediato-

519 1076 633 1117 rem
648 1059 918 1114 Christum
939 1073 1007 1114 ex
1028 1057 1338 1125 inimicitiis,
1361 1071 1493 1128 quas
1521 1072 1642 1112 cum
1662 1057 1771 1112 Deo
1787 1056 2100 1124 habuimus,

519 1153 711 1206 tactam
750 1164 870 1206 esse
920 1149 1193 1205 concedis.
1253 1148 1393 1205 Ecce
1438 1148 1559 1204 vide
1605 1148 1768 1204 verba
1813 1143 2099 1220 Apostoli:

515 1241 796 1311 Iustiﬁcati
831 1241 986 1312 igitur
1011 1256 1075 1295 ea:
1111 1240 1250 1310 ﬁde,
1288 1239 1508 1311 inquit,
1528 1255 1708 1311 pacem
1737 1238 2010 1293 habeamus
2036 1237 2104 1292 ad

517 1332 716 1402 Deum,
758 1349 848 1404 per
894 1331 1173 1388 Dominum
1219 1342 1446 1388 nostrum
1489 1331 1665 1386 Iesum
1707 1331 1984 1387 Christum.
2040 1332 2108 1389 Et

519 1427 682 1497 paulo
711 1435 874 1498 post:
919 1424 981 1481 Si
1006 1426 1140 1480 enim
1159 1425 1391 1480 Christus
1412 1467 1427 1492 ,
1460 1441 1573 1478 cum
1617 1426 1809 1494 infirmi
1851 1441 2103 1494 essemus,

517 1519 688 1574 adhuc
720 1520 876 1592 juxta
938 1527 1134 1588 tempus
1181 1534 1274 1587 pro
1323 1517 1493 1587 impiis
1544 1527 1771 1572 mortuus
1821 1527 1913 1573 est.
1975 1518 2104 1574 Item

521 1611 679 1683 paulo
726 1618 848 1680 post
895 1627 910 1663 :
951 1608 1276 1664 Commendat
1321 1617 1506 1674 autem,
1568 1609 1754 1680 inquit,
1813 1611 2109 1664 charitatem

523 1720 668 1760 suam
694 1702 831 1758 Deus
872 1701 926 1756 in
971 1701 1136 1767 nobis,
1178 1700 1414 1771 quoniam
1459 1716 1571 1754 cum
1615 1700 1783 1754 adhuc
1827 1710 2110 1771 peccatores

521 1811 773 1860 essemus,
801 1793 1029 1849 Christus
1060 1808 1151 1862 pro
1179 1792 1319 1846 nobis
1355 1803 1584 1846 mortuus
1618 1802 1690 1847 est
1714 1808 1734 1846 :
1765 1795 1922 1848 multo
1947 1794 2109 1864 magis

525 1903 658 1942 nunc
669 1886 941 1957 justi/icati
965 1886 1018 1939 in
1043 1885 1287 1956 sanguine
1314 1885 1473 1954 ipsius
1500 1925 1514 1950 ,
1546 1884 1672 1939 salvi
1713 1885 1898 1941 erimus
1939 1886 2001 1939 ab
2031 1885 2112 1940 ira

529 1998 616 2052 per
639 1981 826 2052 ipsum.
859 1978 1046 2034 Adhuc
1078 1977 1293 2032 attende
1322 1996 1337 2032 :
1371 1978 1434 2033 Si
1457 1979 1590 2032 enim
1617 1995 1732 2032 cum
1755 1979 1947 2033 inimici
1976 1997 2112 2036 esse-

525 2090 658 2142 mus,
684 2073 854 2144 inquit
879 2115 895 2140 ,
923 2071 1234 2128 reconciliati
1271 2076 1446 2127 sumus
1487 2071 1594 2126 Deo
1622 2090 1712 2144 per
1740 2083 1953 2128 mortem
1983 2073 2032 2127 F
2035 2073 2112 2128 itii

524 2168 674 2239 ejus;
725 2166 883 2221 multo
931 2166 1092 2236 magis
1141 2165 1491 2234 reconciliati,
1533 2167 1662 2221 salvi
1693 2168 1880 2221 erimus
1918 2169 1971 2221 in
2009 2167 2112 2222 vita

523 2258 706 2328 ipsius.
736 2255 883 2311 Hanc
908 2247 1427 2324 reconciliationem,
1459 2272 1617 2326 quam
1648 2258 1803 2312 toties
1832 2273 2110 2313 commen-

528 2350 670 2405 davit
693 2390 708 2417 ,
736 2349 895 2404 etiam
923 2349 976 2403 in
1007 2349 1300 2404 novissimo
1326 2349 1505 2418 posuit
1533 2390 1548 2414 ,
1576 2348 1762 2404 dicens
1784 2389 1799 2416 ,
1835 2347 1935 2403 Per
1961 2365 2109 2420 quem

533 2451 580 2496 et
609 2458 743 2495 nunc
757 2441 1215 2495 reconciliationem
1233 2441 1552 2510 accepimus:
1583 2453 1646 2494 ac
1671 2439 1864 2494 deinde
1890 2439 2110 2509 intulit,

531 2531 752 2604 Propter
771 2532 884 2595 hoc,
915 2532 1043 2584 sicut
1068 2548 1159 2601 per
1177 2547 1333 2585 unum
1362 2531 1612 2586 hominem
1650 2541 1913 2603 peccatum
1942 2533 2111 2586 intra-

427 2639 429 2644 ‘
527 2625 596 2678 uit
614 2623 669 2677 in
697 2623 941 2678 mundum
969 2622 1157 2694 (Rom.
1187 2638 1241 2689 v,
1274 2622 1404 2677 I-I2
1424 2621 1466 2695 ).
1497 2623 1644 2679 Sicut
1677 2639 1806 2694 ergo
1835 2640 1934 2695 per
1970 2623 2115 2681 hunc

529 2733 695 2773 unum
719 2717 1029 2783 inimicitiae,
1058 2716 1137 2772 sie
1171 2731 1269 2787 per
1305 2730 1467 2770 unum
1497 2715 1768 2771 Christum
1799 2717 2113 2772 reconcilia-

534 2809 629 2864 tio.
652 2807 909 2878 Quisquis
942 2807 1103 2878 igitur
1126 2822 1156 2861 a
1181 2817 1402 2878 peccato
1433 2807 1484 2861 in
1514 2822 1618 2877 quo
1646 2806 1937 2863 inimicitia:
1962 2807 2114 2864 factm

529 2908 678 2966 sunt,
706 2899 904 2955 liberos
945 2913 1067 2955 esse
1096 2899 1348 2969 parvulos
1378 2897 1546 2966 dicit,
1571 2898 1811 2969 profecto
1841 2915 1933 2956 eos
1958 2908 2115 2971 negat

527 2989 595 3046 ad
639 2989 778 3044 hanc
817 2989 1343 3055 reconciliationem,
1388 2997 1607 3059 propter
1658 3005 1818 3061 quam
1872 2991 2116 3048 Christus

527 3079 790 3136 mediator
819 3079 989 3136 factus
1013 3090 1097 3136 est
1116 3122 1131 3148 ,
1157 3081 1430 3152 pertinere
1461 3096 1476 3134 :
1505 3081 1729 3151 proinde
1771 3093 1984 3152 separat
2019 3097 2115 3140 eos

529 3183 584 3229 et
608 3189 635 3227 a
683 3174 1065 3244 justitieatione
1103 3189 1222 3244 quae
1248 3175 1307 3228 tit
1334 3169 1393 3228 in'
1415 3173 1609 3229 Christi
1645 3175 1936 3245 sanguine;
1961 3176 2115 3247 cujus

527 3266 782 3323 fundendi
807 3281 968 3322 causa
989 3308 1004 3334 ,
1044 3266 1258 3338 quando
1287 3261 1409 3322 eum
1438 3266 1728 3323 bibendum
1765 3269 2114 3325 commenda-

531 3362 646 3428 vit,
703 3362 848 3417 nulla
887 3362 988 3416 nisi
1029 3363 1080 3416 in
1121 3362 1492 3418 remissionem
1541 3362 1683 3419 dicta
1731 3372 1816 3418 est
1864 3370 2114 3434 peccato-

529 3468 648 3508 rum
693 3454 920 3522 (Matth.
965 3443 1116 3522 xxvl,
1159 3452 1288 3525 28).
1331 3453 1486 3510 Unde
1534 3453 1595 3510 Iit
1638 3469 1996 3526 consequens,
2058 3463 2116 3510 ut

528 3545 760 3616 parvulis
789 3554 1003 3616 peccata
1043 3561 1148 3601 non
1183 3546 1499 3602 habentibus
1544 3562 1691 3604 mors
1741 3548 1937 3604 Christi
1984 3547 2116 3603 nihil

530 3637 698 3708 prosit
749 3639 1000 3693 omnino:
1043 3652 1139 3708 per
1164 3637 1304 3694 hanc
1346 3639 1491 3695 enim
1552 3640 1884 3695 reconciliati
1928 3655 2116 3696 sumus

531 3729 662 3798 Deo,
694 3745 814 3785 cum
837 3730 1036 3786 inimici
1069 3745 1345 3797 essemus;
1371 3729 1514 3802 quod
1555 3730 1783 3801 parvuli,
1821 3731 2116 3788 secundum

530 3836 646 3890 vos,
676 3823 1030 3879 nonfuerunt.
1055 3823 1121 3880 Ut
1143 3824 1286 3879 enim
1314 3833 1532 3895 propter
1553 3823 1691 3880 hanc
1720 3825 2116 3881 reconciliatio-

530 3933 654 3973 nem
682 3931 1018 3971 moreremur
1043 3916 1294 3987 peccato,
1322 3917 1376 3973 in
1405 3934 1512 3988 quo
1542 3919 1835 3974 inimicitiae
1861 3920 2114 3989 fuerunt;

529 4008 826 4079 quicumque
853 4007 1095 4078 baptizati
1124 4025 1296 4062 sumus
1311 4010 1364 4064 in
1395 4009 1594 4064 Christo
1614 4052 1628 4076 ,
1656 4012 1791 4066 sicut
1820 4011 1962 4067 idem
1987 4012 2118 4070 dicit

531 4101 830 4171 apostolus,
854 4101 906 4154 in
927 4110 1087 4155 morte
1111 4101 1252 4156 illius
1281 4101 1520 4171 baptizati
1547 4119 1741 4157 sumus.
1773 4104 1854 4159 Ad
1881 4105 1997 4161 ιιωο
2025 4121 2120 4160 au-

532 4202 637 4249 tem
659 4193 818 4249 verba
846 4202 903 4248 ut
928 4195 1232 4264 perveniret
1265 4211 1278 4245 :
1314 4187 1384 4249 Si
1403 4195 1537 4248 enim
1567 4197 1757 4250 mortui
1793 4214 1964 4252 sumus
1983 4239 1998 4264 ,
2031 4199 2116 4254 in-

529 4287 665 4356 quit,
697 4296 900 4355 pecrsto
926 4327 940 4352 ,
971 4287 1222 4355 quomodo
1242 4283 1458 4340 vivemus
1486 4289 1538 4340 in
1577 4289 1676 4342 co?
1713 4287 2014 4361 Statimque
2060 4301 2119 4348 ut

528 4377 838 4434 ostenderet
872 4388 1110 4433 mortuos
1140 4393 1237 4433 nos
1261 4365 1267 4374 ’
1288 4377 1414 4434 esse
1438 4389 1693 4450 peccato:
1726 4382 1805 4437 An
1847 4384 2113 4454 ignoratis,

529 4470 721 4541 inquit,
763 4469 1000 4540 quoniam
1029 4470 1330 4540 quicumque
1360 4469 1601 4543 baptizati
1637 4483 1810 4530 sumus
1833 4477 1885 4530 in
1915 4475 2117 4534 Christo

527 4563 672 4631 Iesu,
696 4564 749 4618 in
779 4573 938 4618 morte
962 4552 1122 4635 ipsius
1147 4553 1387 4634 baptizati
1409 4572 1582 4620 sumus
1611 4565 1793 4639 (Rom.
1817 4585 1892 4636 vl,
1916 4570 1971 4636 2,
1999 4571 2032 4626 5
2053 4570 2119 4644 )?

528 4655 632 4714 Ubi
655 4665 737 4712 est
759 4657 976 4713 libertas
1004 4665 1058 4713 et
1101 4657 1354 4713 fortitudo
1383 4658 1556 4725 animi
1585 4659 1802 4716 vestri?
1825 4661 2000 4730 Quare
2053 4663 2121 4718 ti-

531 4748 688 4804 metis
713 4747 916 4816 dicere,
955 4748 1098 4820 quod
1146 4749 1369 4805 credere
1420 4765 1525 4804 non
1575 4750 1808 4817 timetis,
1867 4753 2119 4823 parvulos

531 4842 586 4896 in
640 4840 854 4895 Christo
900 4841 1155 4911 baptizari
1183 4852 1304 4898 'non
1340 4849 1624 4912 oportere,
1656 4858 1790 4914 quos
1815 4855 2115 4916 peccatum,

529 4933 616 4989 cui
641 4933 956 4999 moriantur,
979 4932 1152 4989 dicitis
1181 4929 1287 4990 non
1312 4930 1552 4991 habere?
1625 4949 1628 4952 '
2097 4957 2100 4964 ·

604 5022 881 5080 CLXXIII.
911 5024 1032 5080 ⁴Ιιιι..
1065 5023 1344 5096 Propterea
1363 5030 1490 5083 sicut
1522 5045 1613 5100 per
1658 5045 1816 5084 unum
1863 5031 2118 5086 hominem

531 5119 585 5173 in
611 5119 747 5174 hunc
773 5113 1016 5176 mundum
1058 5132 1316 5193 peccatum
1361 5126 1586 5190 intravit,
1629 5137 1675 5180 et
1723 5143 1812 5198 per
1859 5137 2118 5197 peccatum

531 5229 704 5281 ntars;
731 5224 777 5270 et
803 5216 874 5270 ita
899 5215 953 5271 in
974 5206 1388 5274 omnes'homines
1414 5221 1549 5274 mors
1576 5221 1592 5252 ⁸
1616 5221 1924 5290 pertransiit,
1950 5221 2002 5275 in
2019 5235 2118 5292 quo

531 5323 703 5362 omnes
741 5320 1066 5379 peccauerunt
1091 5311 1110 5382 (
1136 5310 1222 5365 Id.
1253 5311 1468 5381 v.12).
1520 5310 1600 5366 Ad
1643 5311 1992 5366 edomandam
2029 5327 2117 5368 sn-

529 5399 768 5469 perbiam
799 5392 1130 5470 Iudaeorum,
1158 5403 1248 5473 qui
1277 5403 1376 5458 sibi
1404 5403 1756 5458 necessariam
1782 5413 2117 5475 peccatorum

530 5493 741 5549 veniam
794 5510 901 5551 non
947 5503 1185 5565 tantum,
1237 5504 1489 5568 quantum
1534 5495 1834 5554 Gentilibus
1881 5501 2116 5556 aestima-

595 5713 612 5744 ί
647 5715 967 5782 Manuscriptl,
989 5719 1036 5766 et
1050 5711 1118 5782 ita
1133 5713 1186 5782 at
1200 5697 1362 5782 omnes
1383 5712 1595 5782 homines
1611 5715 1905 5782 pertransiit.
1923 5718 2115 5782 omisso,

530 5784 677 5825 mors.
695 5783 751 5844 at
773 5776 914 5844 paulo
937 5776 1062 5840 post,
1081 5780 1130 5828 in
1146 5779 1366 5844 ejusdem
1379 5776 1647 5844 sententiis
1659 5781 1972 5844 repetitione,
1994 5776 2118 5836 hanc

530 5845 702 5920 Υοθθω
715 5841 900 5916 ωειλ
919 5841 1230 5898 nIanuscl‘iuti
1252 5847 1304 5894 et
1324 5841 1552 5920 omittunt
1572 5841 1734 5921 anu;
1959 5841 1965 5842 ί
2027 5865 2030 5868 .

533 5923 545 5957 ς

926 6529 1128 6536 .__.__—
1141 6526 1569 6536 .----ο-ν--ν--ο“-
1913 6529 1981 6534 -κ

1182 389 1425 447 OPERIS
1463 382 1875 444 IMPERFECTI
1911 376 2185 439 CONTRA
2223 377 2582 450 JULIANUM,
2620 381 2679 439 S.
2717 379 3091 442 AUGUSTINI

3653 381 3813 442 (Si.

2204 497 2353 568 bant,
2377 501 2726 571 praerogativa
2753 499 2886 572 legis
2905 499 3242 558 sanctitatem
3267 510 3368 557 suo
3392 498 3584 572 generi
3614 499 3764 558 vindi
3779 530 3810 543 -

2205 601 2422 659 cantes;
2455 594 2506 649 in
2541 593 2787 650 morbum
2813 594 3060 650 humanm
3093 592 3520 650 conversationis
3557 593 3830 663 invadit,

2205 693 2261 740 et
2285 685 2680 742 multitudinem
2698 685 3124 758 delinquentium
3161 695 3308 743 retro
3335 685 3472 758 petit
3499 694 3601 741 :ut
3630 700 3810 756 quan-

2207 786 2320 834 tum
2341 778 2719 835 dominationis
2745 780 2798 835 in
2825 779 2930 836 hoc
2969 777 3169 835 mundo
3209 777 3458 850 iniquitas
3504 792 3807 850 oecupave-

2205 871 2297 940 rit,
2343 871 2674 943 antiquitatis
2713 871 2880 944 ipsius
2919 870 3112 943 prodat
3170 864 3489 938 auctoritas;
3537 885 3808 943 quamqua.-

2207 963 2372 1019 multa
2417 972 2473 1019 et
2510 973 2792 1021 veternosa
2830 964 3078 1032 crimina,
3129 964 3198 1021 ab
3223 963 3559 1021 obscenitate
3606 980 3809 1035 pra-ce-

2216 1053 2457 1110 dentium
2494 1070 2593 1126 per
2628 1069 2820 1112 manus
2859 1064 3059 1112 mutuae
3098 1055 3410 1112 imitationis
3438 1057 3676 1128 posteris
3706 1065 3814 1111 tra-

2208 1145 2339 1214 dita,
2371 1146 2568 1202 Christi
2587 1148 2754 1218 gratia
2790 1148 3118 1217 sustulisset,
3146 1148 3481 1206 ostenderet.
3531 1151 3716 1222 Atque
3743 1151 3812 1208 ob

2210 1236 2312 1294 hoc
2345 1238 2768 1296 recordationem
2807 1241 2934 1296 facit
2982 1240 3144 1311 primi
3187 1240 3440 1308 hominis;
3491 1256 3602 1298 non
3647 1257 3680 1297 a
3707 1257 3815 1314 quo

2210 1339 2488 1402 peccatum
2509 1340 2768 1402 cmperat,
2797 1341 3011 1390 constat
3035 1332 3180 1388 enim
3209 1333 3358 1404 prius
3386 1333 3676 1390 mulierem
3719 1332 3815 1390 de-

2211 1424 2448 1495 liquisse;
2477 1425 2572 1480 sed
2599 1425 2689 1496 qui
2730 1440 2828 1496 per
2852 1425 3187 1497 privilegium
3213 1439 3402 1493 sexus,
3440 1425 3813 1497 magisterium

2210 1525 2525 1587 occupasset
2550 1516 2730 1573 delicti
2761 1535 2776 1572 :
2810 1533 2904 1589 per
2933 1517 3077 1573 hunc
3096 1527 3248 1588 ergo,
3282 1517 3493 1571 intravit
3520 1525 3813 1587 peceatum,

2213 1617 2260 1663 et
2281 1626 2370 1680 per
2395 1618 2656 1681 peccatum
2680 1626 2836 1675 mors,
2877 1608 2995 1664 sine
3020 1608 3187 1664 dubio
3221 1607 3314 1664 illa
3358 1623 3481 1679 quin
3512 1607 3818 1678 peccatori-

2213 1699 2334 1766 bus,
2372 1698 2426 1754 id
2476 1709 2594 1767 est,
2643 1709 2861 1766 aeterna,
2895 1698 3224 1770 promittitur
3252 1707 3336 1754 :et
3379 1697 3474 1764 ita,
3517 1697 3718 1768 inquit,
3765 1697 3819 1753 is

2215 1808 2386 1847 omnes
2412 1793 2640 1847 homines
2660 1809 2798 1847 mors
2822 1791 3136 1863 pertransiit,
3157 1791 3215 1845 in
3248 1806 3349 1863 quo
3374 1805 3548 1845 omnes
3575 1804 3819 1861 peccaue-

2213 1893 2350 1940 runt.
2390 1885 2614 1956 Aperuit
2660 1899 2877 1956 prorsus
2927 1883 3158 1956 qualiter
3193 1881 3314 1938 hatc
3332 1896 3480 1938 mors
3507 1882 3822 1938 transiisset

2214 1977 2282 2032 ad
2332 1986 2610 2048 posteros,
2660 1976 2730 2033 ob
2773 1976 3124 2033 imitationem
3148 1973 3386 2043 scilicet,
3435 1987 3546 2030 non
3590 1987 3824 2045 genera-

2215 2069 2438 2124 tionem.

2211 2177 2214 2179 ·
2290 2161 2428 2218 Auc.
2459 2159 2578 2216 Jam
2606 2159 2823 2232 quidem
2843 2169 3162 2232 responsum
3190 2157 3414 2225 esttibi,
3442 2173 3542 2215 cur
3557 2173 3668 2216 non
3697 2173 3826 2215 mu-

2218 2250 2404 2308 lierem
2434 2253 2812 2320 nominaverit,
2842 2267 2909 2309 ex
2938 2269 3042 2324 qua
3064 2251 3162 2308 fuit
3199 2251 3412 2308 initium
3441 2252 3678 2324 peccati,
3725 2250 3826 2308 sed

2216 2360 2383 2399 unum
2425 2344 2730 2412 hominem;
2757 2353 2850 2400 aut
2875 2352 2934 2400 ut
2956 2343 3072 2416 ipsa
3099 2358 3314 2416 quoque
3341 2343 3394 2400 in
3423 2344 3518 2401 illo
3546 2344 3824 2414 intellige-

2217 2449 2381 2493 retur.
2398 2447 2620 2509 propter
2646 2453 2809 2494 unam
2844 2452 3085 2504 carnem,
3108 2447 3200 2492 aut
3222 2436 3366 2508 quod
3392 2451 3422 2491 a
3471 2436 3596 2492 viro
3619 2424 3828 2508 incipit

2219 2531 2514 2600 generatio,
2545 2541 2642 2603 per
2673 2545 2834 2603 quam
2863 2530 3082 2586 volebat
3121 2529 3412 2586 ostendere
3460 2529 3517 2585 in
3557 2529 3827 2586 mundum

2219 2622 2448 2679 intrasse
2468 2633 2769 2694 peccatum.
2792 2621 2900 2679 Sed
2927 2623 3191 2688 homines,
3220 2623 3313 2693 qui
3353 2621 3537 2679 dicitis
3581 2631 3824 2678 mortem

2219 2730 2338 2786 quae
2381 2715 2434 2771 in
2483 2725 2701 2786 peccato
2755 2724 2858 2782 est,
2891 2715 2961 2771 ob
3003 2714 3380 2784 imitationem,
3429 2729 3542 2771 non
3591 2703 3826 2786 genera-

2221 2808 2444 2877 tionem,
2477 2808 2543 2864 ad
2571 2816 2815 2879 posteros
2846 2809 3146 2876 transiisse,
3190 2823 3288 2864 cur
3315 2823 3425 2864 non
3451 2816 3640 2880 aperte
3685 2808 3828 2865 dici-

2219 2900 2289 2956 tis
2315 2901 2574 2971 baptizari
2597 2901 2649 2956 in
2671 2901 2887 2957 Christo
2917 2901 3045 2956 Jesu
3082 2900 3334 2973 parvulos
3355 2915 3462 2956 non
3496 2901 3736 2957 debere?
3761 2901 3825 2959 Si

2219 2993 2361 3047 enim
2389 2992 2694 3063 baptizandi
2724 3001 2850 3047 sunt
2873 2993 2927 3047 in
2953 2991 3189 3060 Christo,
3208 2991 3463 3062 quoniam
3492 2992 3824 3064 quicumque

2219 3085 2558 3155 baptizantur
2587 3086 2641 3140 in
2665 3083 2903 3152 Christo,
2944 3085 2996 3140 in
3041 3092 3215 3140 morte
3237 3083 3405 3154 ipsius
3449 3083 3822 3156 baptizantur;

2219 3177 2406 3249 procul
2435 3177 2596 3234 dubio
2622 3186 2845 3250 peccato
2870 3186 2924 3234 et
2952 3178 3052 3248 ipsi
3087 3177 3391 3233 moriuntur
3416 3193 3431 3232 :
3461 3175 3589 3233 hinc
3621 3179 3823 3250 quippe

2219 3273 2468 3345 probavit
2487 3272 2795 3344 Apostolus,
2824 3257 3042 3342 peccato
3075 3286 3174 3327 nos
3216 3285 3338 3328 esse
3378 3281 3641 3338 mortuos,
3695 3273 3823 3343 quia

2221 3365 2273 3420 in
2305 3373 2476 3420 morte
2504 3364 2704 3420 Christi
2733 3364 2985 3434 baptizati
3012 3377 3216 3419 sumus.
3239 3362 3377 3419 Cum
3398 3363 3544 3420 enim
3573 3362 3820 3430 dixisset,

2222 3456 2285 3513 Si
2312 3457 2496 3512 mortui
2518 3473 2692 3512 sumus
2721 3465 2944 3529 peccato,
2975 3455 3228 3526 quomodo
3255 3456 3472 3510 vivemus
3497 3455 3552 3509 in
3574 3455 3670 3509 eo!
3693 3469 3821 3510 mox

2221 3557 2280 3605 ut
2308 3548 2615 3605 ostenderet
2633 3555 2873 3604 mortuos
2897 3563 2996 3604 nos
3021 3562 3142 3604 esse
3170 3556 3408 3619 peccato,
3435 3547 3518 3601 An
3549 3547 3818 3616 ignoratis,

2220 3640 2411 3712 inquit,
2440 3641 2679 3713 quoniam
2705 3642 3006 3711 quicumque
3031 3639 3274 3711 baptisati
3305 3655 3484 3694 sumus
3521 3639 3578 3693 in
3618 3637 3821 3694 Christo

2219 3733 2364 3800 Iesu,
2411 3734 2467 3788 in
2494 3743 2654 3788 morte
2675 3732 2817 3788 illius
2860 3733 3103 3802 baptizati
3127 3733 3339 3788 sumus?
3365 3730 3620 3802 Quisquis
3663 3730 3822 3802 igitur

2222 3833 2498 3897 peceatum
2524 3843 2630 3882 non
2656 3826 2834 3890 habet,
2864 3840 2971 3880 non
3000 3836 3085 3880 est
3110 3825 3199 3880 cui
3224 3825 3241 3857 ¹
3271 3824 3533 3880 moriatur
3557 3825 3615 3880 in
3643 3823 3822 3894 Bapti-

2222 3933 2340 3974 smo
2370 3936 2383 3972 :
2416 3918 2657 3989 quisquis
2684 3926 2884 3984 autem,
2929 3931 3052 3972 cum
3079 3917 3397 3988 baptizatur,
3445 3931 3552 3973 non
3600 3925 3816 3988 peccato

2223 4011 2465 4077 moritur,
2496 4025 2601 4065 non
2627 4010 2925 4080 baptizatur
2949 4010 3001 4064 in
3029 4016 3202 4065 morte
3222 4007 3451 4076 Christi;
3477 4023 3542 4064 ac
3555 4024 3655 4081 per
3685 4009 3817 4077 hoc,

2223 4117 2330 4158 non
2351 4102 2646 4173 baptizatur
2664 4101 2715 4155 in
2732 4100 2966 4156 Christo.
2989 4099 3129 4168 Quid
3147 4100 3605 4171 tergiversamini?
3627 4101 3818 4157 Libero

2223 4195 2427 4264 aperite
2454 4192 2654 4249 inferos
2671 4200 2879 4248 vestros
2908 4210 2922 4247 :
2951 4191 3120 4248 libere
3139 4192 3206 4247 ad
3230 4207 3328 4248 vos
3353 4191 3574 4260 intrent,
3601 4193 3691 4264 qui
3717 4205 3816 4248 no-

2222 4285 2338 4340 lunt
2358 4285 2409 4339 in
2435 4284 2632 4340 delicto
2658 4295 2919 4352 mortuos,
2950 4285 3007 4341 in
3039 4283 3310 4357 Baptismo
3332 4283 3591 4341 viviﬁcari
3622 4299 3814 4356 parvu-

2222 4376 2305 4432 los
2329 4392 2476 4432 suos.

2221 4503 2224 4506 ι
2293 4469 2572 4526 CLXXIV.
2604 4469 2722 4526 IUL.
2751 4470 3040 4541 Postquam
3093 4471 3236 4526 enim
3283 4467 3516 4537 dixerat,
3557 4468 3612 4523 in
3647 4484 3815 4524 onmes

2223 4564 2450 4618 homines
2476 4564 2805 4634 pertransiit;
2828 4562 3063 4619 subdidit
3085 4562 3284 4630 statim,
3307 4562 3361 4616 in
3381 4577 3482 4635 quo
3508 4577 3680 4617 omnes
3700 4576 3816 4632 pec-

2223 4665 2458 4710 caverant
2488 4673 2507 4712 :
2535 4656 2656 4725 hoc,
2685 4658 2738 4710 in
2766 4672 2866 4726 quo
2898 4672 3070 4712 omnes
3095 4663 3447 4726 peccauerunt,
3498 4652 3632 4710 nihil
3674 4651 3814 4708 aliud

2223 4746 2440 4809 indicat,
2470 4762 2630 4819 quam
2679 4747 2802 4818 quia
2856 4762 3046 4803 omnes
3094 4753 3473 4818 peccaverunt,
3522 4743 3816 4802 secundum
3880 4815 3890 4822 α

2224 4840 2351 4895 illud
2385 4840 2692 4896 Davidicum
2727 4857 2742 4896 τ
2775 4840 2842 4895 In
2871 4857 2970 4911 quo
3020 4840 3227 4912 corrigit
3271 4838 3637 4895 adolescentior
3687 4839 3818 4892 viain

2221 4950 2368 4989 suam
2383 4936 2409 4989 ?
2435 4934 2486 4990 id
2509 4945 2612 5002 est,
2635 4934 2907 5004 quomodo
2928 4934 3150 5004 corrigit
3175 4933 3317 4990 viam
3343 4933 3534 4989 suam?
3555 4929 3622 4987 In
3645 4939 3814 4986 custo-

2222 5027 2406 5083 diendo
2430 5044 2683 5084 sermones
2719 5038 2830 5084 tuos
2849 5027 3020 5100 (Psal.
3042 5043 3224 5096 cxvnl,
3248 5027 3328 5100 9).
3352 5026 3412 5084 In
3439 5042 3508 5083 eo
3535 5041 3666 5098 ergo
3691 5038 3814 5082 cor-

2222 5120 2321 5190 rigi
2351 5120 2560 5189 dicitur,
2591 5136 2688 5192 per
2702 5121 2843 5193 quod
2871 5128 2928 5177 et
2948 5120 3254 5192 corrigitur.
3271 5118 3348 5176 Ita
3368 5127 3426 5176 et
3450 5119 3744 5192 Apostolus
3763 5117 3817 5174 in

2222 5229 2288 5270 eo
2337 5214 2470 5270 dixit
2494 5215 2864 5286 pertransiisse
2892 5222 3140 5283 mortem,
3163 5215 3220 5270 in
3261 5228 3368 5286 quo
3387 5228 3577 5271 omnes
3604 5211 3816 5285 propria

2222 5306 2497 5362 voluntate
2522 5314 2883 5378 peccaverunt
2907 5325 2922 5362 :
2952 5321 3057 5364 non
3084 5315 3141 5363 ut
3157 5305 3280 5374 hoc,
3307 5305 3360 5362 in
3374 5321 3497 5378 quo,
3515 5316 3607 5361 aut
3620 5303 3816 5373 Adam,

2220 5408 2313 5454 aut
2341 5408 2615 5470 peccatum
2642 5399 2886 5455 videatur
2905 5399 3220 5466 ostendere;
3269 5397 3365 5458 sed
3393 5398 3449 5454 iu
3485 5414 3589 5471 quo
3629 5407 3819 5454 omnes

2222 5499 2504 5561 peccantes
2529 5488 2849 5560 intelligatur
2869 5490 3197 5562 exprimere.

2295 5582 2428 5637 Aac.
2453 5580 2616 5652 Aperi
2667 5580 2858 5638 oculos
2888 5599 2901 5637 :
2930 5583 2984 5638 in
3038 5581 3214 5639 Adam
3256 5597 3446 5638 omnes
3491 5582 3815 5650 moriuntur,

2222 5670 2278 5728 in
2305 5685 2410 5744 quo
2435 5671 2481 5727 si
2511 5686 2617 5727 non
2644 5680 2767 5728 sunt
2791 5673 2988 5729 mortui
3013 5673 3250 5745 parvuli,
3283 5689 3383 5732 nec
3409 5675 3461 5732 in
3487 5673 3707 5732 Christo
3731 5673 3813 5731 vi-

2275 5851 2303 5930 }
2336 5855 2477 5917 mu,
2504 5862 2611 5904 cur.
2653 5851 3200 5920 ιειίιιειιωιυηαά.
3319 5827 3368 5890 ’.
3429 5887 3434 5896 ,
3485 5880 3503 5894 ,
3552 5881 3631 5900 .,,
3671 5847 3795 5893 ..--

2260 5939 2274 5973 Ι
