4062 6466
284 296 428 356 12-Ιῖ

283 412 586 480 viﬁcantur,
609 411 797 486 utquid
818 427 941 470 cum
964 413 1044 471 eis
1065 414 1132 470 ad
1150 413 1482 486 Baptismum
1506 415 1854 470 vivificateris

275 514 334 562 et
357 506 645 562 salvatoris
671 491 1014 562 simulatione
1038 509 1326 565 damnabili
1352 511 1592 574 curritis,
1622 524 1757 578 quos
1781 507 1856 561 vi-

279 614 376 654 vos
422 614 692 668 sanesque
721 597 1000 655 clamando
1040 600 1056 631 ¹
1090 600 1350 656 viviﬁcari
1403 601 1691 675 sanarique
1737 615 1845 655 non

284 691 486 748 vultis?

339 779 684 837 CLXXV.-—
707 780 824 837 Jun.
854 779 1055 839 Omnes
1098 794 1278 840 autem
1312 801 1410 857 pro
1462 784 1650 840 multis
1685 785 1846 854 poni,

264 873 550 928 innumera
567 872 782 945 Scriptu
791 890 968 930 rarum
980 877 1225 946 exempla
1249 885 1538 941 testantur,
1554 877 1849 933 secundum

262 961 419 1027 illud,
445 961 636 1016 Omnes
662 961 1070 1031 declinaverunt,
1091 966 1250 1020 simul
1285 966 1496 1021 inutiles
1531 966 1660 1037 facti
1685 977 1809 1022 sunt
1830 983 1849 1022 .'

264 1062 321 1107 et
348 1063 467 1124 post
480 1069 668 1122 pauca,
688 1053 791 1120 Qui
805 1054 1282 1128 devorant,inquit,
1313 1058 1511 1130 plebem
1542 1077 1730 1126 meam,
1746 1061 1844 1114 sic-

268 1155 326 1198 ut
363 1144 534 1199 cibum
562 1145 711 1214 panis
735 1144 907 1215 (Psal.
938 1161 1036 1200 xm
1055 1187 1070 1211 ,
1100 1147 1155 1213 5,
1182 1147 1270 1219 4);
1311 1147 1600 1204 ostendens
1638 1151 1706 1204 ab
1736 1149 1842 1204 illis

267 1239 541 1302 omnibus,
569 1252 700 1308 quos
735 1236 936 1292 malum
959 1240 1403 1309 pronuntiaverat
1435 1242 1671 1313 operari,
1700 1243 1844 1297 hanc

259 1325 472 1395 plebem
499 1323 657 1379 fuisse
682 1322 988 1378 discretam.
1021 1321 1077 1377 In
1135 1323 1424 1393 Evangelio
1475 1323 1726 1389 refertur,
1779 1322 1846 1378 Et

255 1415 510 1469 clamabat
557 1413 718 1469 omnis
759 1412 977 1484 populus
1010 1411 1338 1484 :Cruciﬁgc!
1360 1414 1597 1484 cruciﬁge
1630 1412 1841 1486 (Matth.

253 1521 422 1572 xxvii,
473 1505 564 1572 23,
606 1514 654 1560 et
678 1503 806 1561 Luc.
827 1520 981 1573 xxnr,
1009 1504 1134 1577 21)!
1177 1505 1243 1561 Et
1276 1499 1453 1561 tamen
1498 1506 1844 1578 generalitate

250 1596 402 1652 verbi
424 1595 582 1667 hujus
611 1611 944 1668 nequaquam
971 1605 1062 1651 aut
1099 1596 1364 1668 Apostoli,
1386 1604 1478 1651 aut
1496 1595 1839 1664 Nicodemus,

249 1700 341 1746 aut
368 1699 567 1746 sanctre
593 1691 845 1747 mulieres
867 1689 1223 1746 includuntur.
1256 1689 1354 1745 llic
1380 1688 1493 1759 ipse
1529 1690 1839 1761 Apostolus,

245 1789 389 1858 quos
417 1800 562 1842 nunc
608 1785 743 1841 dixit
769 1800 977 1850 omnes,
1007 1785 1166 1856 paulo
1193 1793 1316 1856 post
1356 1785 1554 1840 multos
1579 1785 1837 1840 nominat.

324 1879 462 1935 Aue.
493 1876 574 1934 Ad
596 1875 700 1933 hoc
712 1876 824 1948 jam
863 1891 1178 1950 responsum
1231 1883 1334 1943 est,
1388 1891 1497 1932 non
1546 1889 1843 1948 repugnare

251 1971 502 2028 omnibus
553 1971 773 2039 multos,
815 1955 938 2042 quia
991 1969 1093 2040 ipsi
1140 1985 1328 2026 omnes
1375 1985 1483 2026 non
1529 1971 1704 2040 pauci,
1747 1970 1841 2027 sed

252 2063 405 2118 multi
428 2071 569 2118 sunt.
599 2063 668 2118 Et
687 2061 828 2134 quod
858 2061 926 2119 de
947 2043 1158 2118 Psalmb
1177 2063 1630 2140 commemorasti,
1656 2062 1842 2120 Omnes

252 2154 670 2222 declinaverunt,
749 2154 903 2210 simul
950 2154 1156 2209 inutiles
1206 2155 1333 2224 {acti
1402 2163 1554 2220 sunt;
1624 2169 1842 2224 prorsus

249 2259 439 2301 verum
481 2243 768 2300 est:ﬁlios
811 2243 1006 2316 quippe
1055 2245 1350 2310 hominum,
1394 2245 1485 2316 qui
1531 2243 1838 2302 declinave-

253 2343 381 2391 runt
418 2349 628 2400 omnes,
681 2333 934 2391 discrevit
977 2349 1007 2388 a
1052 2335 1174 2390 ﬁliis
1223 2335 1356 2403 Dei,
1410 2349 1546 2405 quos
1598 2349 1703 2390 non
1743 2335 1840 2392 de-

248 2427 511 2483 clinantes
575 2426 941 2494 devorabant;
989 2427 1130 2483 Deus
1179 2428 1324 2483 enim
1387 2428 1624 2498 respexit
1678 2443 1842 2499 super

252 2521 390 2576 ﬁlios
442 2520 759 2598 hominum:
793 2519 847 2575 hi
905 2535 1093 2575 omnes
1147 2520 1587 2587 declinaverunt;
1641 2522 1708 2576 ab
1761 2521 1841 2577 eis

251 2611 454 2683 quippe
481 2612 682 2682 excepti
708 2622 830 2666 sunt
848 2611 939 2666 ﬁlii
960 2612 1074 2666 Dei.
1100 2612 1175 2667 Ex
1205 2611 1287 2667 his
1308 2627 1435 2683 ergo
1455 2612 1839 2669 declinantibus

251 2703 507 2762 omnibus
538 2703 657 2760 ﬁliis
674 2704 967 2772 hominum,
993 2712 1108 2759 erat
1129 2705 1288 2760 etiam
1305 2705 1392 2760 ille
1412 2705 1588 2760 omnis
1615 2705 1838 2775 populus

248 2800 337 2870 qui
383 2797 684 2854 clamabat:
714 2795 999 2870 Cruciﬁge!
1045 2797 1419 2869 cruciﬁge!Ad
1464 2797 1604 2852 hunc
1644 2798 1840 2867 quippe

247 2891 504 2962 populum
532 2890 675 2946 nullo
705 2889 865 2944 modo
891 2889 990 2955 illi,
1021 2887 1236 2959 quijam
1276 2889 1328 2943 in
1358 2887 1628 2944 Christum
1667 2889 1840 2944 credi-

249 2983 458 3050 derant,
512 2981 871 3054 pertinebant.
905 2981 1039 3035 llinc
1095 2988 1164 3035 te"
1181 2994 1334 3045 exue,
1375 2979 1418 3034 si
1459 2987 1627 3049 potes,
1694 2979 1838 3050 quod

247 3092 378 3132 unm
404 3093 497 3148 pro
540 3075 772 3131 omnibus
815 3083 1045 3128 mortuus
1073 3080 1179 3140 est;
1208 3079 1263 3127 et
1303 3069 1440 3126 aude
1488 3071 1682 3136 dicere,
1730 3085 1837 3126 non

248 3184 434 3226 omnes
463 3178 727 3236 mortuos,
758 3181 857 3238 pro
915 3166 1106 3237 quibus
1150 3171 1392 3219 mortuus
1430 3174 1509 3218 est
1559 3163 1834 3229 Christus;

249 3277 369 3319 cum
401 3263 579 3318 statim
608 3261 704 3317 tibi
723 3259 1011 3331 Apostolus
1039 3257 1216 3312 fauces
1241 3264 1466 3326 premat,
1494 3263 1548 3310 et
1573 3257 1844 3326 opprimat

257 3355 668 3412 audacissimam
719 3366 927 3418 vocem,
991 3349 1117 3420 quid
1171 3355 1482 3418 sequeretur
1525 3346 1836 3416 ostendens,

251 3457 308 3504 et
336 3448 538 3512 dicens,
570 3445 703 3518 Ergo
728 3459 899 3500 omnes
941 3441 1127 3496 mortui
1147 3449 1284 3496 sunt.
1328 3439 1448 3495 Noli
1498 3440 1577 3494 sic
1622 3439 1839 3496 laudaro

251 3537 604 3610 Apostolum;
657 3537 763 3592 noli
811 3535 888 3590 sic
932 3547 1223 3603 exponere,
1272 3538 1330 3586 ut
1360 3530 1497 3585 nolis
1540 3529 1743 3596 audire,
1775 3529 1840 3584 Ss

253 3646 387 3686 unus
439 3644 530 3698 pro
576 3625 802 3682 omnibus
854 3634 1080 3680 mortuus
1133 3633 1223 3690 est,
1281 3638 1398 3693 ergo
1441 3637 1612 3676 omnes
1654 3631 1840 3675 mortus

253 3733 372 3779 sunt
398 3722 462 3796 (Il
489 3721 606 3776 Cor.
629 3737 684 3788 v,
713 3721 802 3788 ll,
826 3720 940 3792 15).
961 3717 1021 3774 In
1065 3718 1163 3773 bos
1194 3731 1380 3771 omnes
1407 3717 1428 3747 ¹
1461 3730 1582 3770 cum
1622 3723 1840 3785 peccato

252 3830 400 3871 mors
428 3811 755 3886 pertransiit,
778 3826 874 3882 per
899 3811 1046 3866 illum
1073 3809 1125 3864 in
1155 3823 1262 3880 quo
1290 3823 1479 3864 omnes
1499 3807 1798 3862 moriuntur
1823 3823 1836 3862 :

251 3908 323 3965 ibi
338 3915 463 3964 sunt
484 3914 539 3963 et
561 3905 791 3976 parvuli,
817 3903 940 3975 quia
969 3911 1024 3959 et
1053 3916 1147 3972 pro
1177 3900 1306 3971 ipsis
1333 3899 1576 3955 Christus
1600 3906 1840 3954 mortuus

250 4009 374 4056 cst:
408 3999 498 4070 qui
539 4005 825 4069 propterea
870 4009 969 4065 pro
1011 3992 1259 4048 omnibus
1299 3999 1544 4046 mortuus
1581 3998 1682 4054 est,
1716 3989 1845 4062 quia.

251 4107 437 4148 omnes
466 4089 662 4145 mortui
687 4095 831 4144 sunt.
859 4083 1122 4156 Quidquid
1150 4082 1560 4154 argumenteris,
1583 4080 1849 4156 quidquid

253 4182 630 4254 tergiverseris
649 4180 693 4247 ³,
714 4177 974 4251 quidquid
995 4175 1412 4248 apostolicorum
1434 4173 1716 4230 verborum
1744 4187 1839 4228 co-

256 4279 401 4332 neris
420 4283 662 4331 evertere
687 4273 801 4328 sive
824 4277 1148 4342 pervertere,
1177 4283 1207 4321 a
1226 4275 1397 4322 morte
1412 4281 1530 4336 qum
1552 4267 1602 4319 in
1622 4271 1840 4343 peccato

257 4377 362 4433 est,
389 4365 640 4438 parvulos
659 4379 765 4419 non
793 4361 1030 4419 ostendis
1057 4360 1320 4415 immunes
1356 4373 1370 4411 :
1401 4356 1524 4429 quia
1545 4367 1598 4413 et
1634 4371 1731 4428 pro
1761 4355 1840 4412 eis

254 4459 530 4516 Christum
560 4463 827 4512 mortuum
855 4468 1052 4523 negare
1078 4465 1187 4506 non
1214 4449 1399 4506 audes.

327 4545 611 4606 CLXXVI.
667 4545 788 4601 ιω..
847 4543 981 4613 Quid
1042 4557 1170 4612 ergo
1223 4540 1490 4611 egerimus
1551 4543 1838 4608 appareat;

252 4657 451 4709 omnes,
479 4638 739 4710 plurimos
764 4635 1053 4706 Aposwlus
1072 4633 1236 4698 dixit;
1267 4644 1402 4703 quos
1427 4629 1549 4686 ideo
1574 4627 1648 4682 ait
1674 4626 1842 4684 obno-

251 4735 371 4790 xios
398 4731 584 4799 morti,
622 4728 875 4801 quoniam
908 4726 1177 4781 voluntate
1210 4722 1425 4794 propria
1463 4727 1851 4800 peccaveruntc

253 4826 368 4883 Non
397 4824 560 4898 igitur
578 4817 972 4892 originale,jsed
989 4815 1345 4874 voluntarium
1363 4813 1567 4868 crimen
1593 4818 1839 4867 accusat:

254 4927 310 4974 et
333 4929 518 4972 revera
550 4913 682 4968 nihil
711 4909 855 4965 aliud
877 4908 1114 4964 indicant
1132 4904 1313 4971 verba,
1347 4903 1392 4959 si
1421 4916 1606 4958 eorum
1636 4901 1768 4956 ﬁdes
1787 4908 1843 4956 et

258 5007 555 5078 proprietas
580 5002 932 5074 expendatur.
958 4999 1091 5055 Nam
1121 4999 1166 5054 si
1190 5005 1467 5069 peccatum
1488 4994 1732 5051 crederet
1773 4992 1842 5049 ad

262 5110 502 5171 posteros
522 5095 866 5168 generatione
893 5093 1188 5155 transiisse,
1211 5089 1265 5145 id
1289 5097 1392 5155 est,
1421 5086 1486 5142 ad
1514 5101 1607 5142 eos
1633 5086 1722 5157 qui
1768 5084 1844 5141 ibi

262 5207 370 5249 non
431 5192 670 5255 fuerant,
713 5189 781 5244 ab
847 5187 941 5243 illo
971 5184 1135 5240 fuisse
1185 5183 1500 5254 jaculatum,
1561 5177 1844 5234 falsissime

259 5300 453 5344 omnes
480 5296 730 5356 peccasse
751 5278 1142 5353 pronuntiaret.
1848 5345 1852 5354 ι

334 5382 471 5433 Ar-c.
501 5375 718 5431 Possem
752 5372 848 5428 tibi
873 5370 1074 5435 dicere,
1099 5365 1377 5435 Quomodo
1396 5364 1564 5422 secuti
1598 5370 1722 5418 sunt
1748 5376 1846 5434 po-

258 5469 391 5529 steri
419 5465 588 5525 Adam
612 5464 882 5539 peccantis
911 5461 1236 5533 exemplum,
1259 5457 1350 5530 qui
1380 5472 1487 5516 non
1515 5455 1586 5512 ibi
1611 5456 1844 5522 fuerunt,

325 5639 342 5671 ι
377 5637 454 5688 sic
472 5640 584 5686 llas.
606 5631 734 5696 aditi
756 5637 941 5696 autem,
966 5623 1272 5696 ἀωῃηαηᾴο..

322 5703 344 5732 υ
377 5684 458 5748 iui:
495 5684 561 5746 in‘
579 5695 726 5747 editis
746 5684 957 5752 additur,
980 5688 1066 5754 qui
1095 5684 1272 5739 πιοτιηί
1293 5687 1417 5736 sunt.
1444 5684 1592 5734 Abest
1628 5695 1657 5733 a
1679 5696 1850 5733 manu-

260 5768 810 5880 wgplgxsmmmiptis
830 5813 1128 5870 addidimus,
1160 5806 1398 5861 attide
1422 5805 1764 5871 tergiversaris.

1572 296 1776 356 LIBER
1812 293 2191 357 SECUNDUS.

1967 418 2257 512 nec-ipsum
2285 431 2559 490 peccatum
2595 429 2678 484 vel
2706 431 2971 502 viderunt,
2990 433 3075 494 vel
3109 439 3411 512 audierunt,
3454 448 3540 504 vel

1963 508 2337 608 crediderunt?
2364 515 2467 572 Sed
2491 536 2595 576 non
2623 523 2725 579 hoc
2749 525 2872 582 dico
2898 545 2912 582 :
2950 547 2969 581 ι
3004 530 3128 586 Fuit
3170 535 3312 590 enim
3335 508 3537 608 Adam,

1961 606 2014 653 et
2037 599 2088 654 in
2117 601 2208 656 illo
2230 604 2428 666 fuimus
2457 626 2671 682 omnes;
2698 618 2854 686 periit
2876 619 3068 690 Adam,
3094 626 3218 681 etin
3244 626 3337 684 illo
3351 599 3540 688 omnes

1957 693 2230 763 perierunt
2255 699 2322 752 ‘-:
2346 711 2564 773 propter
2593 709 2734 776 quod
2769 711 2820 765 in
2856 709 2948 768 illo
2972 729 3161 774 omnes
3179 721 3481 780 moriuntur
3507 743 3528 779 ι

1962 783 2292 856 (Ambrosius,
2321 791 2408 846 lib.
2437 795 2467 847 7
2499 795 2551 849 in
2596 796 2720 852 Luc.
2747 816 2836 870 xv,
2879 802 2994 878 24).
3033 807 3344 879 Apostolum
3379 815 3536 870 audi-

1955 879 2288 948 apertissime
2310 881 2635 958 loquentem,
2669 907 2774 948 non
2805 901 2858 950 te
2879 899 3270 958 tortuosissime
3298 904 3537 974 garrien-

1955 977 2083 1025 tem.

2025 1061 2328 1119 CLXXVII.
2353 1065 2470 1123 JoL.
2493 1070 2646 1138 Quod
2681 1075 2823 1130 enim
2850 1093 2990 1135 unus
3016 1079 3160 1150 facit,
3189 1091 3242 1139 et
3281 1084 3348 1140 ad
3401 1086 3536 1144 alios

1952 1152 2150 1225 dirigit,
2188 1171 2294 1212 non
2347 1173 2476 1215 vere
2512 1160 2615 1217 hoc
2660 1178 2849 1221 omnes
2899 1167 3094 1227 fecisse
3131 1171 3418 1230 dicuntur:
3445 1187 3535 1234 aut

1952 1247 2096 1302 enim
2126 1251 2433 1318 pertransiit
2457 1253 2523 1307 ad
2545 1269 2659 1324 eos,
2684 1265 2738 1311 et
2757 1257 2859 1327 ipsi
2890 1275 2995 1315 non
3019 1276 3410 1332 peccaverunt;
3439 1277 3533 1325 aut

1953 1337 2052 1410 ipsi
2078 1351 2452 1410 peccaverunt,
2484 1359 2590 1415 quo
2610 1361 2857 1406 sermone
2893 1354 3160 1422 negotium
3198 1357 3532 1426 operationis

1949 1432 2286 1502 exprimitur,
2313 1442 2367 1490 et
2390 1435 2456 1492 ad
2478 1451 2572 1493 eos
2613 1453 2718 1496 non
2746 1445 3054 1512 pertransiit
3091 1446 3193 1502 nisi
3237 1447 3534 1508 imitatione

1948 1523 2083 1580 sola.

2019 1615 2156 1673 Anc.
2180 1615 2234 1673 Si
2257 1619 2377 1690 quis
2426 1619 2834 1694 intemperantia
2867 1626 2970 1682 sibi
3019 1619 3308 1702 podagram
3348 1631 3530 1702 faciat,

1948 1720 2173 1778 eamque
2198 1710 2521 1768 transmittat
2558 1715 2611 1768 in
2635 1714 2792 1782 ﬁlios,
2837 1719 2980 1788 quod
3016 1734 3158 1791 saepe
3197 1723 3458 1795 contingit
3481 1727 3528 1793 ’ς

1947 1813 2128 1855 nonne
2152 1811 2300 1858 recte
2342 1803 2554 1872 dicitur,
2596 1805 2649 1861 in
2688 1822 2783 1864 eos
2813 1809 2943 1866 illud
2971 1812 3156 1868 vitium
3197 1814 3266 1870 de
3312 1823 3532 1886 parente

1950 1893 2261 1949 transiisse?
2288 1893 2437 1965 Ipsos
2456 1911 2668 1968 quoque
2695 1898 2800 1956 hoc
2828 1902 2880 1957 in
2911 1913 3134 1974 parente
3154 1904 3372 1975 fecisse,
3397 1922 3532 1977 quo-

1947 1985 2091 2040 niam
2121 1987 2334 2056 quando
2363 1989 2478 2058 ipse
2520 1988 2671 2055 fecit,
2698 1992 2752 2046 in
2796 1993 2889 2048 illo
2917 1994 3158 2063 fuerunt;
3211 2011 3275 2054 ac
3298 1998 3377 2054 sic
3428 1997 3532 2069 ipsi

1946 2085 2106 2148 atque
2131 2079 2220 2134 ille
2243 2079 2418 2136 adhuc
2465 2096 2603 2136 unus
2656 2081 2907 2139 fuerunt?
2951 2089 3188 2143 fecerunt
3224 2103 3374 2159 ergo,
3420 2104 3528 2145 non

1947 2170 2157 2226 actione
2181 2171 2475 2240 hominum,
2512 2173 2607 2228 sed
2651 2175 2857 2231 ratione
2878 2175 2988 2247 jam
3040 2179 3325 2235 seminum.
3376 2181 3530 2250 Quod

1946 2278 2075 2335 ergo
2101 2265 2384 2336 aliquoties
2413 2267 2680 2323 invenitur
2709 2269 2762 2323 in
2792 2271 3034 2340 corporis
3057 2273 3281 2340 morbis,
3334 2274 3438 2332 hoc
3473 2276 3530 2332 in

1947 2356 2040 2412 illo
2069 2357 2227 2430 unius
2253 2357 2274 2388 ³
2312 2359 2467 2428 primi
2497 2360 2752 2430 genitoris
2801 2362 3017 2432 antiquo
3059 2379 3357 2435 magnoque
3407 2380 3532 2435 pecs

1946 2459 2091 2516 cato,
2124 2465 2230 2520 quo
2251 2459 2441 2505 natura
2472 2451 2703 2507 humana
2731 2454 2976 2509 universa
3001 2455 3183 2511 vitiata
3209 2465 3308 2524 est,
3335 2457 3531 2514 factum

1947 2555 2068 2596 esse
2097 2551 2345 2609 noverat,
2375 2544 2464 2613 qui
2513 2543 2838 2600 lucidissima
2869 2546 3161 2615 locutione,
3221 2564 3382 2619 quam
3433 2565 3531 2606 vos

1945 2634 2212 2690 conamini
2237 2635 2529 2702 tenebrare,
2549 2635 2780 2704 dicebat,
2807 2637 2912 2691 Per
2938 2654 3095 2692 unum
3132 2639 3384 2694 [sentinam
3405 2657 3532 2710 pec-

1945 2735 2113 2779 catum
2137 2725 2386 2780 intravit‘
2412 2727 2466 2780 in
2496 2729 2762 2796 mundum,
2788 2737 2836 2784 et
2861 2745 2950 2798 per
2975 2738 3236 2800 peccatum
3281 2747 3449 2798 mors;
3477 2739 3528 2787 et

1944 2816 2017 2870 ita
2043 2818 2097 2871 in
2123 2833 2294 2872 omnes
2319 2817 2543 2872 homines
2563 2820 2870 2890 petransiit,‘
2887 2821 2944 2876 in
2975 2837 3073 2892 quo
3096 2837 3268 2878 omnes
3296 2838 3533 2893 peccave-

1944 2917 2062 2963 runt
2087 2909 2259 2976 (Rom.
2289 2927 2342 2976 v,
2371 2911 2482 2981 12).
2507 2910 2743 2968 Gratiam
2786 2913 2984 2984 quippe
3006 2913 3208 2970 Christi
3252 2929 3534 2973 commen-

1945 3003 2425 3072 dare'intenderat,
2451 3019 2483 3060 a
2531 3006 2799 3061 contrario
2839 3006 3065 3062 formam
3091 3008 3448 3077 constituens,
3479 3016 3536 3065 et

1943 3094 2367 3166 regenerationis
2399 3096 2696 3166 principem
2733 3096 2962 3168 principi
3011 3099 3378 3168 generationis
3433 3113 3534 3170 op-
3583 3083 3588 3088 ’

1945 3200 2171 3256 ponens.
2510 3242 2513 3246 l
3529 3213 3536 3222 .

1952 3314 1962 3319 -
2015 3276 2336 3347 CLXXVIII.
2359 3277 2488 3346 Jun.
2521 3277 2654 3350 Illud
2673 3287 2850 3335 autem
2878 3279 3020 3350 quod
3042 3288 3095 3336 te
3119 3295 3390 3351 opponere
3407 3295 3529 3339 cre-

1943 3371 2124 3428 didisti
2145 3413 2161 3440 ,
2193 3372 2280 3427 vel
2308 3371 2360 3428 in
2389 3371 2493 3426 isto
2521 3371 2657 3427 libro
2675 3413 2692 3439 ,
2723 3371 2810 3428 cui
2836 3388 2978 3428 nunc
3007 3373 3308 3444 respondeo
3326 3416 3341 3440 ,
3369 3376 3454 3429 vel
3475 3375 3531 3430 in

1945 3463 2030 3520 bis
2073 3478 2208 3532 quos
2245 3463 2312 3518 ad
2352 3463 2717 3519 Marcellinum
2747 3465 3073 3534 scripseras,
3101 3474 3214 3520 tum
3257 3467 3534 3522 transiisse

1945 3563 2254 3625 peccatum,
2289 3572 2310 3607 ι
2346 3554 2560 3625 quando
2595 3570 2783 3611 omnes
2817 3555 3098 3623 homines,
3135 3573 3157 3608 ι
3193 3565 3250 3613 ut
3277 3557 3382 3613 tuis
3403 3573 3528 3613 ver-

1945 3643 2027 3700 bis
2052 3651 2204 3709 utar,
2243 3663 2262 3696 ι
2301 3644 2389 3700 ille
2414 3660 2550 3700 unus
2575 3645 2789 3721 fuerunt
2823 3665 2844 3699 ι
2878 3646 2980 3717 (De
3006 3645 3340 3702 Peccatorum
3369 3647 3532 3704 ιιεή-

1961 3737 2026 3802 is,
2055 3745 2102 3792 et
2126 3737 2460 3805 Remissione,
2489 3738 2579 3793 lib.
2611 3739 2660 3805 l,
2691 3755 2747 3793 n.
2779 3738 2903 3810 Il);
2931 3739 3049 3796 sine
3089 3739 3406 3798 difﬁcultate
3433 3757 3530 3798 ve-

1944 3826 2075 3884 ritas
2098 3827 2326 3897 deterit,
2355 3837 2410 3884 et
2439 3828 2673 3884 irrisioni
2695 3829 2908 3900 cujusee
2928 3830 2951 3863 '
2982 3831 3258 3902 prudentis
3283 3833 3528 3904 exponit.

1944 3919 2078 3978 Nam
2123 3922 2213 3977 tali
2250 3929 2564 3994 argumento
2612 3930 2806 3992 praeter
2846 3923 3171 3992 impietatem
3217 3933 3361 3980 tuam
3397 3925 3532 3982 nihil

1945 4012 2089 4068 aliud
2119 4013 2413 4078 indicatur;
2443 4012 2802 4083 impietatem,
2833 4015 3083 4084 inquam,
3113 4030 3216 4086 qua
3250 4017 3428 4074 credis
3454 4016 3530 4074 ita

1947 4120 2066 4161 esse
2087 4105 2383 4162 animarum
2421 4105 2692 4162 traducem
2712 4146 2728 4172 ,
2756 4106 2811 4162 in
2840 4105 3153 4164 Tertulliani
3181 4107 3310 4164 olim
3333 4117 3390 4165 et
3413 4109 3530 4165 lla-

1947 4199 2138 4255 nichaai
2163 4198 2479 4270 profanitate
2501 4198 2801 4273 damnatam
2821 4241 2837 4266 ,
2867 4199 3004 4256 sicut
3027 4208 3110 4256 est
3132 4201 3294 4256 etiam
3332 4215 3530 4272 corpo-

1946 4307 2064 4347 rum
2094 4291 2281 4347 tradux
2314 4309 2328 4348 :
2359 4291 2502 4362 quod
2546 4301 2650 4347 tam
2685 4291 2947 4348 nefarium
2973 4301 3088 4360 est,
3121 4303 3178 4349 ut
3214 4309 3336 4350 cum
3363 4310 3397 4350 a
3426 4309 3529 4351 no-

1946 4385 2029 4443 bis
2068 4386 2122 4442 in
2150 4401 2213 4443 ea
2239 4387 2493 4457 epistola,
2525 4402 2682 4458 quam
2711 4387 2780 4442 ad
2818 4387 3090 4445 Orientem
3119 4390 3398 4458 misimus,
3428 4407 3528 4449 vo-

1946 4476 2032 4534 bis
2057 4477 2244 4534 fuisset
2282 4478 2547 4550 objectum
2567 4519 2584 4547 ,
2609 4487 2662 4533 tu
2689 4478 2745 4534 in
2769 4479 2852 4536 his
2873 4481 3053 4549 libris,
3083 4497 3219 4552 quos
3256 4497 3428 4554 nuper
3461 4483 3529 4540 ad

1947 4569 2277 4626 Bonifacium
2308 4570 2520 4637 misisti,
2547 4569 2789 4642 negando
2817 4585 2847 4625 a
2879 4579 2932 4626 te
2951 4573 3268 4642 propulsare
3295 4574 3526 4631 coneris.

1947 4659 2044 4715 Ais
2071 4660 2248 4727 enim,
2286 4678 2306 4713 ι
2343 4660 2536 4716 Dicunt
2569 4669 2745 4717 autem
2776 4676 2874 4718 nos
2918 4662 3217 4718 animarum
3255 4665 3547 4723 trsdueem‘

1947 4750 2226 4816 conﬁteri;
2259 4750 2400 4821 quod
2426 4751 2480 4806 in
2505 4751 2656 4822 cujus
2676 4751 2826 4808 libris
2855 4752 3083 4824 legerint
3101 4749 3284 4813 nescio
3317 4773 3337 4808 ι
3377 4755 3530 4828 (Con-

1947 4836 2027 4898 tra
2069 4841 2196 4897 duas
2225 4840 2486 4912 Epistolas
2517 4842 2942 4916 Pelagianorum,
2975 4845 3062 4899 lib.
3103 4846 3169 4912 5,
3203 4863 3260 4902 n.
3298 4846 3390 4919 $6)
3425 4865 3438 4902 :
3473 4859 3532 4906 ut

1947 4949 1977 4990 a
2007 4943 2061 4992 te
2086 4934 2333 4990 videlicet
2357 4933 2491 4990 nihil
2535 4935 2638 4990 dici
2679 4935 2782 4990 tale
2809 4935 3019 5006 dejeres
3039 4937 3080 4991 °.
3113 4937 3316 5008 Porro,
3345 4949 3404 4996 ut
3430 4941 3529 4997 fal-

1948 5027 2077 5082 sitas
2098 5035 2185 5081 tua
2223 5034 2429 5082 tuorum
2450 5025 2737 5082 verborum
2763 5027 3046 5084 collatione
3071 5028 3327 5100 prodatur
3345 5072 3362 5095 ,
3391 5047 3527 5102 quo-

1948 5117 2109 5174 modo
2133 5117 2406 5173 traducem
2446 5118 2740 5174 animarum
2759 5157 2776 5185 ,
2805 5117 3082 5190 profanam
3107 5137 3295 5178 revera
3315 5123 3548 5194 opinio-.

1951 5225 2074 5267 nem
2095 5252 2110 5278 ,
2141 5210 2258 5288 tuis.
2283 5209 2417 5267 dicis
2446 5210 2692 5266 sensibus
2732 5224 2838 5266 non
2865 5211 3068 5280 teneri;
3107 5227 3231 5268 cum
3275 5213 3528 5285 proﬁtea-

1965 5377 1968 5382 ·
2016 5367 2035 5400 ι
2069 5365 2190 5438 aditi
2206 5353 2459 5438 ,‘pec'c‘avit
2483 5361 2664 5438 sidunt,
2700 5367 2751 5438 et
2763 5361 2916 5415 ﬁtilla
3115 5369 3445 5438 peccaverunt.
3469 5373 3527 5419 At

1950 5425 2289 5490 manuscripti,
2315 5425 2518 5538 uryud
2540 5427 2867 5497 Ambrosium,
2893 5425 3402 5498 periit..,.'
3541 5443 3545 5458 ι

2016 5493 2037 5524 ²
2071 5497 2135 5538 Ita
2159 5502 2223 5538 ex
2249 5496 2350 5538 Men
2439 5501 2469 5537 ο
2493 5494 2546 5537 et
2567 5488 2846 5538 vitzuiertoi.
2873 5494 2924 5537 In
2947 5495 3016 5538 Β..
3039 5487 3249 5538 conlinit.
3314 5495 3374 5538 Ι.

2016 5493 2037 5558 ξ
2071 5487 2223 5558 ltaex
2240 5487 2469 5558 ,διφυεῖρο
2493 5494 2546 5537 et
2567 5487 2846 5558 vignierioi.
2873 5487 2924 5537 In
2947 5495 3016 5548 3.,
3039 5487 3249 5552 contigit.
3314 5495 3374 5538 Il.

2018 5555 2040 5619 ξ
2072 5552 2208 5619 miti,
2232 5547 2533 5619 tumbae,
2557 5547 2744 5619 utrius.’

2018 5616 2041 5649 δ
2073 5615 2147 5686 sic
2164 5609 2273 5686 Mss2
2297 5617 2354 5662 At
2373 5611 2522 5671 aditi,
2547 5619 2639 5661 Per
2660 5609 2801 5661 tonus
2820 5609 3024 5663 nam
3045 5617 3324 5678 peccatum,
3355 5626 3536 5681 pecco--

1956 5684 2059 5731 tum
2079 5679 2288 5727 intravit.

2021 5743 2042 5774 ι
2076 5738 2212 5796 editi,
2236 5733 2483 5798 cujusque.
2507 5739 2639 5798 Mss,
2655 5730 2864 5798 cuiusce.

2025 5803 2046 5836 ⁸
2077 5807 2128 5849 ιιι
2150 5807 2276 5858 MSS»,
2292 5797 2512 5859 dt'jttres.
