4062 6490
600 387 740 447 ma

629 509 673 562 is
692 549 707 574 ,
733 519 921 562 omnes
941 503 1185 561 homines
1210 503 1356 562 illum
1395 522 1556 560 unum
1589 505 1789 559 fuisse?
1815 504 1869 559 Si
1903 503 2044 558 enim
2077 517 2180 557 non

629 509 707 574 is,
733 519 921 562 omnes
941 503 1185 561 homines
1210 503 1356 562 illum
1395 522 1556 560 unum
1589 505 1789 559 fuisse?
1815 504 1869 559 Si
1903 503 2044 558 enim
2077 517 2180 557 non

478 463 770 704 //fredis
801 606 1002 670 partem
1047 597 1238 651 anima:
1282 597 1576 654 seminibus
1618 597 1906 668 illigatam;
1942 611 2048 665 quo
2091 610 2185 650 ore

595 697 826 764 scribis,
855 709 1044 758 omnes
1097 694 1340 750 homines
1387 694 1555 749 Adam
1603 693 1776 750 solum
1825 691 2026 759 fuisse,
2058 706 2180 746 cum

594 788 756 848 homo
801 788 982 861 utique
1026 788 1130 844 nisi
1158 790 1337 844 anima
1385 798 1439 843 et
1467 803 1663 858 corpus
1704 788 1862 843 simul
1907 802 2028 844 esse
2074 801 2180 843 non

592 885 762 958 possit
779 883 805 942 ἲ
1513 957 1518 961 _

663 979 800 1032 Auc.
825 975 984 1032 Putas
1010 975 1280 1031 hominem
1311 991 1415 1030 non
1443 990 1602 1046 posse
1631 975 1733 1031 dici
1756 975 1924 1032 solum
1951 975 2181 1031 hominis

590 1082 786 1138 corpus
813 1084 830 1122 :
859 1082 980 1124 cum
1009 1067 1148 1123 scias
1175 1067 1346 1137 ipsum
1377 1067 1568 1122 Filium
1601 1068 1692 1123 Dei
1717 1069 1931 1123 unicum
1953 1110 1970 1133 ,
2002 1067 2183 1122 Domi-

589 1176 718 1218 num
740 1167 984 1216 nostrum
1003 1159 1185 1216 Iesum
1204 1159 1496 1224 Christum,
1529 1162 1629 1215 sub
1660 1161 1848 1215 Pontio
1871 1162 2039 1216 Pilato
2060 1175 2180 1214 cruo-

589 1251 828 1317 ciiixum,
859 1260 915 1306 et
933 1250 1199 1321 sepultum
1217 1291 1231 1314 ,
1256 1252 1392 1306 sicut
1415 1261 1519 1306 tota
1545 1253 1660 1320 ejus
1687 1251 1924 1308 Ecclesia
1952 1254 2172 1308 conﬁte-

590 1354 714 1412 tur,
753 1353 809 1402 et
846 1343 1084 1401 haereses
1119 1345 1338 1410 multm,
1380 1345 1430 1398 in
1474 1344 1666 1413 quibus
1695 1353 1749 1398 et
1778 1354 1950 1398 vestra
1990 1353 2101 1410 est;
2125 1351 2181 1400 et

589 1447 768 1496 tamen
789 1439 962 1500 solum
981 1452 1175 1507 corpus
1197 1435 1392 1494 Christi
1421 1438 1689 1507 sepultum
1715 1446 1815 1494 est.
1844 1437 2030 1493 Debuit
2050 1452 2178 1509 ergo

586 1531 878 1589 secundum
905 1540 956 1586 te
983 1530 1140 1586 Jesus
1162 1529 1407 1586 Christus
1434 1528 1599 1584 Filius
1627 1529 1721 1583 Dei
1745 1529 1930 1584 unicus
1953 1530 1969 1562 ⁸
1998 1530 2178 1586 Domi-

585 1640 692 1696 nus
721 1633 903 1688 noster
935 1638 1043 1680 non
1079 1623 1184 1678 dici
1224 1623 1492 1693 sepultus;
1522 1621 1772 1692 quoniam
1812 1637 1918 1680 non
1957 1637 2024 1677 ex
2061 1622 2176 1677 solo

584 1732 832 1788 corpore,
865 1716 959 1774 sed
988 1731 1056 1772 ex
1081 1714 1258 1770 Verbo
1289 1715 1381 1769 Dei
1415 1723 1469 1771 et
1493 1715 1667 1770 anima
1698 1713 1941 1771 rationali
1972 1722 2027 1770 et
2050 1729 2173 1770 cor-

584 1825 717 1882 pore
738 1817 822 1866 est
847 1809 1094 1866 Christus
1124 1809 1218 1864 Dei
1241 1807 1409 1862 Filius
1439 1808 1626 1863 unicus
1656 1809 1918 1864 Dominus
1940 1818 2123 1864 noster
2155 1825 2171 1864 :

582 1905 680 1960 sed
699 1920 821 1960 cum
848 1903 1088 1960 venisset
1110 1902 1178 1960 ad
1203 1901 1318 1958 hac
1344 1902 1504 1958 verba
1532 1902 1819 1967 confessio,
1839 1902 1953 1958 Sub
1982 1903 2172 1959 Pontio

581 1992 754 2055 Pilato
788 1996 1076 2054 crucifixus
1113 2002 1222 2062 est;
1263 1994 1453 2065 subjici
1487 1994 1707 2061 debuit,
1741 2004 1795 2050 et
1834 2009 2027 2064 corpus
2056 1995 2173 2066 ejus

579 2089 868 2160 sepultum.
897 2087 1008 2144 Nec
1032 2087 1100 2144 de
1133 2089 1250 2158 ipso
1280 2088 1452 2157 primo
1487 2087 1724 2151 homine,
1750 2087 1819 2143 de
1846 2102 1952 2157 quo
1971 2088 2168 2158 agitur,

578 2183 759 2241 dicere
793 2182 1070 2255 Scriptura
1095 2181 1310 2249 debuit,
1341 2180 1515 2236 Finxit
1544 2181 1684 2236 Deus
1717 2181 1973 2236 hominem
1999 2183 2171 2252 pulve-

576 2293 684 2335 rem
718 2285 867 2334 tmte
886 2275 1038 2350 (Gen.
1069 2291 1128 2340 tt,
1162 2276 1216 2347 7)
1241 2293 1255 2329 :
1279 2275 1400 2345 quia
1428 2275 1600 2330 solum
1628 2275 1860 2330 hominis
1879 2290 2074 2344 corpus
2101 2290 2167 2330 ex

575 2378 720 2427 terra
751 2379 854 2428 eat.
881 2367 1057 2440 Ipsum
1094 2368 1328 2439 denique
1356 2369 1522 2422 Deum
1558 2381 1768 2423 errasse
1791 2367 2053 2432 clamate,
2076 2367 2166 2437 qui

575 2471 806 2519 mortem
831 2461 1107 2527 minando,
1131 2460 1266 2516 dixit
1291 2459 1517 2525 homini,
1548 2458 1710 2514 Terra
1729 2477 1802 2525 ea,
1825 2469 1874 2515 et
1899 2461 1952 2514 in
1980 2469 2165 2514 terram

573 2556 672 2612 διε.
697 2554 908 2627 (14.111,
932 2555 1021 2628 19)
1051 2569 1212 2611 zeum
1239 2554 1416 2636 potius
1440 2569 1507 2608 ex
1538 2561 1624 2608 tua
1649 2553 1888 2608 doctrina
1921 2552 2166 2609 debuerit

571 2646 774 2716 dicere,
801 2647 970 2704 Terra
993 2654 1078 2702 est
1103 2660 1298 2716 corpus
1327 2655 1500 2712 tuum,
1521 2654 1575 2701 et
1596 2647 1649 2700 in
1676 2654 1870 2700 terram
1893 2645 2007 2701 ibit.
2031 2645 2164 2714 Quia

570 2752 702 2811 ergo
733 2756 755 2792 α
799 2739 902 2794 hit
923 2738 1116 2805 Adam,
1143 2747 1199 2794 et
1225 2737 1282 2793 in
1319 2739 1410 2794 illo
1445 2737 1641 2793 fuimus
1669 2753 1858 2793 omnes
1887 2757 1909 2790 ι
1934 2737 2157 2808 (Anteia,

571 2831 666 2888 ω.
696 2833 766 2900 7,
787 2831 846 2886 in
869 2830 999 2887 Late.
1033 2847 1136 2899 xv,
1156 2829 1250 2904 24)
1267 2872 1286 2898 ,
1312 2830 1454 2901 quod
1478 2840 1607 2887 ante
1642 2844 1742 2886 nos
1777 2829 2025 2886 catholici
2061 2830 2161 2886 do-

568 2933 750 2983 ctores
768 2925 1060 2981 secundum
1080 2923 1383 2995 Scripturas
1401 2933 1614 2979 sanctas
1639 2923 1693 2978 in
1713 2934 1896 2979 sancta
1923 2923 2161 2978 Ecclesia

569 3015 894 3082 didicerunt,
924 3025 1088 3089 atque
1111 3016 1444 3082 docuerunt;
1479 3015 1601 3070 ideo
1626 3013 1762 3083 dixi,
1792 3033 1812 3067 σ
1841 3013 2043 3070 Omnes
2071 3014 2160 3070 ille

569 3121 708 3164 unus
732 3108 981 3174 inerunt;
1012 3126 1030 3160 ι
1062 3109 1189 3178 quia
1208 3116 1264 3163 et
1297 3108 1372 3172 illi
1405 3107 1534 3174 duo,
1558 3106 1827 3164 masculus
1853 3117 1908 3162 et
1936 3105 2156 3174 femina,

567 3214 675 3254 non
692 3199 803 3269 jam
830 3199 937 3254 duo
963 3208 1153 3268 erant,
1179 3199 1276 3255 sed
1300 3215 1405 3254 una
1434 3214 1560 3254 caro
1585 3198 1799 3268 (Matth.
1822 3215 1912 3254 xix
1933 3241 1949 3266 ,
1977 3199 2055 3271 6).
2087 3200 2160 3260 Et

566 3305 668 3362 ego
690 3290 762 3348 de
784 3291 1036 3348 mnibus
1052 3292 1247 3362 genitis
1270 3291 1380 3348 dixi
1402 3333 1418 3360 ,
1447 3293 1698 3364 quoniam
1721 3293 1936 3365 quando
1968 3308 2159 3364 pecca-

565 3391 681 3441 tum
719 3394 842 3452 est,
869 3398 1059 3440 omnes
1083 3385 1176 3440 ille
1209 3399 1350 3440 unus
1386 3383 1601 3440 fuerunt
1641 3403 1657 3440 :
1695 3385 1932 3440 nondum
1959 3385 2158 3457 quippe

565 3477 694 3534 inde
730 3476 904 3533 fuerat
928 3477 1070 3534 ullus
1099 3479 1152 3533 in
1179 3487 1405 3535 matrem
1432 3478 1790 3535 seminatione
1820 3478 2166 3547 transfusus;

565 3579 620 3626 et
640 3571 825 3642 utique
851 3570 947 3627 ﬁlii
983 3585 1014 3625 a
1039 3570 1169 3627 viris
1195 3570 1634 3627 transfunduntur
1657 3572 1708 3627 in
1747 3571 1994 3628 feminas.
2030 3574 2094 3627 Et
2131 3575 2155 3607 ³

2203 3661 2209 3736 ᾖ
2256 3668 2344 3717 tur
2379 3662 2447 3719 de
2484 3674 2744 3735 potestate
2792 3672 3172 3730 tenebrarum:
3220 3676 3451 3748 alioquin
3491 3696 3617 3737 cum
3660 3700 3846 3757 magna

562 3662 802 3734 qualibet
823 3676 974 3736 ergo,
1003 3671 1059 3719 et
1077 3663 1408 3735 quantalibet
1431 3671 1603 3736 parte,
1634 3678 1822 3720 omnes
1847 3665 1938 3736 qui
1966 3679 2032 3721 ex
2059 3663 2155 3720 illo

561 3758 669 3814 neti
707 3765 850 3824 sunt,
895 3757 986 3813 ille
1027 3772 1170 3813 unus
1210 3756 1445 3826 fuerunt,
1493 3761 1606 3814 sive
1646 3756 1939 3814 secundum
1978 3757 2152 3813 solum

559 3862 794 3920 corpus,
837 3849 952 3905 sive
991 3849 1286 3905 secundum
1327 3859 1611 3921 utramque
1638 3849 1872 3905 hominis
1900 3859 2148 3922 partem;

559 3941 702 4012 quod
726 3956 816 3997 me
843 3942 1050 3998 nescire
1075 3941 1357 4009 conﬁteor,
1380 3956 1482 3998 nec
1501 3957 1590 3998 me
1615 3942 1799 4014 pudet,
1828 3951 1892 3999 ut
1913 3957 2034 4011 vos,
2066 3941 2150 3998 fa-

560 4033 661 4090 teri
687 4034 899 4090 nescire
919 4034 1064 4106 quod
1093 4035 1274 4090 nescio
1305 4051 1322 4092 :
1355 4049 1455 4091 nec
1493 4034 1616 4090 ideo
1640 4043 1818 4092 tamen
1851 4037 2055 4103 nescio,
2081 4035 2150 4093 de

557 4127 703 4182 omni
733 4125 950 4183 homine
975 4125 1232 4197 scriptum
1258 4140 1398 4193 esse,
1429 4125 1600 4183 Homo
1618 4129 1828 4183 vanitati
1855 4128 2036 4183 similis
2061 4128 2151 4199 fa-

556 4230 669 4274 ctus
693 4227 807 4283 ut;
835 4220 944 4275 dies
969 4221 1078 4291 ejus
1105 4217 1242 4275 velut
1280 4219 1457 4273 unabra
1485 4229 1789 4289 pratereunt
1814 4219 1933 4291 (Pa.
1962 4235 2144 4290 omn,

555 4310 648 4382 4);
677 4310 803 4380 quia
822 4317 878 4364 et
898 4310 1026 4366 alibi
1051 4309 1239 4364 eadem
1259 4319 1442 4365 sancta
1461 4309 1736 4381 Scriptura
1754 4311 1901 4378 dicit,
1935 4311 2150 4367 Verum-

555 4409 726 4460 tamen
751 4401 985 4456 mea
1007 4402 1206 4456 renitas
1229 4403 1392 4456 earinis
1419 4402 1572 4459 homo
1589 4403 1757 4458 uirens
1778 4402 1895 4476 (Pa.
1920 4419 2142 4472 xxxvln,

555 4492 614 4567 ο)
645 4511 659 4548 :
689 4493 838 4565 quod
852 4493 1000 4564 justo
1028 4494 1138 4550 Deo
1165 4502 1388 4551 ereamo
1413 4509 1522 4551 non
1545 4494 1699 4552 fieret
1717 4534 1736 4563 ,
1775 4495 1822 4552 si
1861 4507 2146 4568 peccatum

552 4587 813 4659 originale
840 4601 948 4642 non
975 4595 1143 4645 emet.

625 4677 908 4735 CLXXIX.
946 4679 1067 4735 tu.
1106 4679 1315 4737 Deinde
1341 4680 1548 4738 etiamsi
1586 4681 1690 4739 hoc
1718 4684 1896 4740 solum
1917 4683 1986 4741 ad
2018 4700 2148 4742 ear-

553 4787 680 4830 netn
722 4771 952 4838 referas;
993 4788 1095 4829 nec
1135 4774 1215 4829 sic
1258 4783 1432 4845 potest
1473 4775 1590 4833 haec
1625 4776 1991 4851 intelligentia:
2039 4791 2148 4837 tuas

550 4866 768 4924 fatuitas
792 4869 1036 4925 excusari
1057 4909 1072 4936 ,
1103 4885 1204 4941 qua
1243 4871 1410 4939 dicis,
1446 4889 1467 4925 ι
1494 4872 1693 4929 Omnes
1733 4875 1824 4931 ille
1851 4891 1988 4932 unus
2025 4875 2146 4932 fue-v

551 4969 713 5026 runt;
743 4978 764 5015 ι
791 4975 914 5016 cum
935 4976 1002 5018 eo
1027 4971 1268 5034 tempore
1287 4980 1392 5036 quo
1413 4966 1653 5035 peccavit
1675 4968 1868 5033 Adam,
1890 4969 1999 5040 jam
2030 4968 2140 5026 duo

549 5062 732 5110 essent
761 5053 1030 5121 homines,
1062 5070 1168 5110 non
1199 5071 1340 5112 unus
1358 5099 1374 5125 ,
1403 5056 1454 5112 id
1484 5067 1586 5126 est,
1612 5059 1726 5131 ipse
1749 5068 1803 5115 et
1832 5076 1966 5115 uxor
1985 5060 2134 5132 ejus;

548 5145 619 5202 de
645 5161 868 5217 quorum
895 5148 1190 5204 substantia
1208 5191 1225 5217 ,
1259 5167 1364 5205 non
1394 5151 1547 5223 culpa
1572 5193 1587 5219 ,
1612 5168 1780 5224 genus
1810 5155 2086 5211 hominum
2115 5199 2131 5227 ,

545 5240 840 5298 secundum
860 5243 1001 5314 quod
1031 5243 1172 5301 Deus
1200 5244 1520 5315 instituerat,
1548 5248 1847 5317 puilulavit.

617 5333 756 5392 Atc.
794 5334 914 5392 Jam
960 5335 1096 5406 dixi,
1135 5344 1191 5394 et
1221 5351 1350 5394 ecce
1385 5339 1577 5396 iterum
1613 5340 1775 5398 dico:
1809 5358 1910 5416 ego
1953 5345 2023 5404 de
2053 5346 2136 5406 his

545 5423 704 5495 dixi,
725 5445 746 5482 ε
778 5425 976 5484 Omnes
1005 5428 1094 5484 ille
1117 5445 1254 5486 unus
1283 5431 1518 5497 fuerunt,
1555 5450 1575 5485 ι
1606 5449 1742 5503 quos
1766 5433 1940 5493 fuerat
1969 5441 2136 5496 semi-

545 5528 800 5587 naturue,
827 5519 881 5576 id
904 5527 1016 5586 est,
1044 5531 1394 5591 generaturus
1425 5522 1616 5581 Adam.
1644 5523 1728 5580 Ex
1754 5527 1847 5582 illo
1875 5544 2001 5600 ergo
2027 5547 2134 5594 uno

545 5611 909 5686 principaliter
930 5623 1084 5671 erant
1110 5615 1326 5672 tractari
1354 5627 1635 5675 nascentes
1659 5621 1915 5691 originale
1942 5639 2135 5694 pecca-

609 5789 627 5858 ξ
661 5788 808 5859 editi,
863 5790 1030 5859 Debuit
1049 5804 1153 5844 esse
1175 5795 1438 5859 secundum
1469 5795 1575 5859 ejus
1619 5797 1875 5852 divinatem
1914 5803 2132 5859 Christus

544 5845 984 5928 ﬁli-asnanieits
1003 5861 1097 5928 etc.
1123 5845 1444 5911 emendantur
1467 5845 1911 5928 éx’MduschiLis.

609 5913 631 5946 ³
662 5913 735 5966 sic
757 5919 863 5963 Mss.
886 5920 940 5966 At
963 5914 1104 5979 editi,
1141 5930 1222 5974 et.

1271 389 1515 448 OPERIS
1553 386 1968 445 IMPERFEC'I‘I
2009 384 2283 441 CONTRA
2325 383 2689 458 JULiANUil,
2733 388 2788 445 S.
2833 389 3203 452 AUGUSTINI

3767 402 3936 463 I220

2303 532 2410 576 tum
2436 565 2450 589 ,
2484 524 2572 594 qui
2597 529 2791 594 genuit.
2825 528 2915 585 illa
2942 541 3120 588 autem
3148 535 3288 606 (qua
3313 537 3601 610 conjuncta
3625 538 3752 596 duo
3797 543 3936 599 fue-

2296 617 2454 686 runt)
2496 619 2636 687 quod
2673 623 2898 691 excepit,
2931 627 3211 696 concepit,
3260 631 3575 702 peperitque
3629 638 3935 704 posterior

2293 709 2532 778 quamvis
2559 715 2862 778 peccaverit
2890 716 3052 784 prior.
3079 716 3228 775 Unde
3254 731 3307 773 et
3332 732 3514 777 sancta
3536 722 3844 795 Scriptura
3871 730 3931 784 in

2291 799 2487 855 intubis
2540 803 2705 871 patris
2733 805 2999 861 Abraham
3062 809 3190 864 dicit
3243 810 3406 869 fuisse
3446 815 3588 871 ﬁlios
3630 816 3817 886 Levi,
3869 833 3929 877 es

2291 891 2349 946 in
2400 893 2492 947 illo
2529 909 2559 947 a
2603 897 2882 954 sacerdote
2941 899 3331 960 Melchisedech
3374 906 3545 964 fuisse
3589 910 3948 970 decimatoa'

2295 985 2477 1054 (Hebr.
2507 1003 2599 1055 vn,
2627 989 2827 1061 5-10):
2873 991 2940 1047 ad
2978 991 3236 1052 Hebraeos
3287 997 3580 1069 Epistulam
3638 1000 3772 1074 lege
3799 1045 3818 1071 ,
3859 1017 3922 1062 et

2290 1077 2523 1148 linguam
2552 1081 2784 1152 corrige.

2357 1170 2614 1226 CLXXX.
2653 1172 2771 1228 Jun.
2814 1174 3056 1247 Denique
3081 1178 3235 1235 Abeii
3267 1181 3284 1213 ¹
3315 1181 3423 1237 tilio
3455 1197 3754 1254 parentum
3781 1203 3912 1260 pec-

2283 1272 2460 1319 catum
2492 1265 2624 1319 nihil
2656 1268 2900 1324 nocuisse
2918 1309 2934 1334 ,
2958 1272 3211 1330 sanctitas
3245 1274 3362 1346 ejus
3389 1275 3685 1350 Scripturis
3711 1285 3908 1341 omnia

2285 1356 2383 1412 bus
2411 1359 2676 1415 celebrata
2709 1372 2956 1419 testatur.

2353 1453 2489 1508 Anc.
2529 1453 2638 1509 Cur
2664 1472 2792 1528 ergo
2816 1473 2920 1513 non
2952 1460 3124 1530 ipsum
3150 1462 3327 1533 posuit
3351 1467 3648 1537 Apostolus
3672 1469 3901 1528 imitan-

2281 1542 2407 1598 dum
2429 1585 2444 1610 ,
2475 1546 2563 1617 qui
2595 1549 2797 1618 primus
2815 1550 2994 1622 justus
3020 1553 3148 1621 fuit;
3181 1555 3274 1613 sed
3295 1573 3416 1614 cum
3445 1559 3512 1617 de
3539 1562 3766 1620 duobus
3801 1565 3899 1620 ho-

2281 1635 2513 1692 minibus
2559 1652 2772 1709 ageret,
2819 1658 3047 1714 quorum
3091 1662 3228 1703 unus
3275 1649 3324 1704 in
3371 1653 3894 1715 condemnationem

2279 1727 2538 1791 mitteret,
2565 1730 2700 1785 aiter
2726 1733 2776 1786 in
2801 1733 3258 1804 justiiicationem,
3294 1741 3462 1798 Adam
3489 1744 3630 1800 dixit
3655 1757 3713 1803 et
3732 1746 3894 1804 Chri-

2278 1819 2461 1872 stum?
2481 1819 2537 1875 Si
2577 1832 2752 1878 autem
2779 1826 2907 1881 Abel
2937 1827 3106 1898 legem
3138 1839 3243 1886 n'on
3271 1832 3499 1889 habebat
3540 1836 3594 1892 in
3622 1839 3892 1898 membris

2276 1920 2663 1980 repugnantem
2692 1914 2794 1986 legi
2824 1917 3018 1972 mentis
3050 1917 3225 1990 (Rom.
3259 1937 3368 1991 vn,
3397 1923 3523 1997 23),
3553 1942 3720 1997 quam
3749 1931 3888 1987 sicut

2271 1997 2447 2070 justus
2473 2003 2772 2061 debellahat
2797 2008 3051 2067 interiore
3079 2015 3374 2073 certamine
3396 2059 3413 2086 ,
3441 2029 3494 2074 et
3521 2021 3567 2075 si
3593 2036 3727 2078 caro
3766 2025 3886 2094 ejus

2275 2098 2820 2186 nonAconeupiscebat
2847 2101 3102 2160 adversus
3127 2106 3374 2176 spiritum
3402 2109 3605 2181 (Galat.
3642 2128 3682 2169 γ
3702 2155 3720 2179 ,
3752 2117 3882 2186 17),

2273 2183 2407 2278 nihil
2446 2187 2494 2278 ei
2541 2187 2801 2245 nocuerat
2826 2202 3103 2261 peccatum
3144 2207 3446 2267 parentum.
3476 2201 3584 2258 Sed
3630 2183 3883 2278 quisquis

2273 2275 2431 2330 talem
2462 2277 2590 2334 dicit
2629 2280 2792 2337 fuisse
2820 2283 2986 2350 Abel,
3019 2285 3163 2342 dicat
3207 2305 3330 2346 eum
3359 2305 3580 2350 carnem
3623 2310 3738 2353 non
3779 2275 3879 2353 ha—

2270 2363 2454 2423 buisse
2481 2372 2720 2438 peccati:
2757 2388 2877 2428 cum
2918 2377 3290 2445 proculdubio
3320 2381 3579 2439 Dominus
3625 2385 3878 2447 Christus

2269 2471 2377 2513 non
2405 2459 2676 2518 habuisset
2706 2464 3105 2524 similitudinem
3136 2473 3313 2528 carnis
3338 2477 3567 2546 peccati,
3599 2479 3710 2536 nisi
3732 2483 3874 2539 aiio-

2267 2565 2385 2606 rum
2415 2556 2650 2612 omnium
2679 2556 2952 2614 hominum
2983 2572 3126 2619 esset
3159 2579 3285 2620 caro
3310 2569 3537 2636 peccati.

2338 2639 2618 2738 CLXXXI.
2658 2647 2778 2704 Jun.
2819 2650 2863 2706 E
2891 2652 3109 2724 regione
3135 2655 3286 2725 Cain,
3313 2658 3544 2731 invidus,
3573 2665 3867 2738 parricida,

2265 2731 2333 2789 de
2360 2735 2547 2792 eadem
2586 2747 2773 2796 natura
2814 2746 3154 2815 progenitus,
3195 2763 3303 2804 non
3353 2752 3542 2809 eadem
3575 2731 3869 2817 voluntate

2263 2836 2548 2895 provectus
2572 2872 2588 2898 ,
2628 2832 3041 2893 excarniﬁcante
3064 2839 3298 2896 animum
3336 2851 3574 2902 tremore
3600 2859 3861 2906 vastatur.

2262 2915 2406 2986 Ergo
2433 2919 2484 2973 in
2513 2919 2655 2977 hunc
2682 2925 2938 2981 mundum
2967 2940 3241 2998 peccatum
3273 2933 3502 2994 intrasse
3527 2953 3627 3008 per
3652 2948 3816 2998 unam
3841 2985 3857 3010 ,

2260 3011 2550 3081 Apostolus
2575 3014 2744 3084 dixit,
2775 3027 2831 3074 et
2873 3034 2967 3090 per
2999 3031 3274 3092 peccatum
3303 3037 3532 3085 mortem
3555 3073 3573 3099 ,
3604 3043 3658 3088 et
3705 3034 3774 3090 ita
3806 3036 3858 3092 in

2260 3114 2448 3162 omnes
2495 3105 2742 3166 homines
2783 3123 3010 3170 mortem
3051 3120 3406 3187 pertransisse
3458 3125 3549 3194 qui
3603 3142 3856 3196 peccave—

2258 3207 2420 3290 runt:
2464 3215 2584 3271 quae
2619 3207 2882 3261 sententia
2907 3206 3173 3266 catholico
3209 3211 3445 3284 dogmati
3483 3220 3813 3278 conveniens
3835 3264 3852 3290 ,

2257 3288 2391 3345 nihil
2418 3291 2572 3348 vobis
2602 3293 2835 3365 impertit
2861 3299 3063 3355 auxilii.

2327 3382 2465 3440 Anc.
2521 3384 2744 3442 Mortem
2792 3404 2912 3445 cum
2955 3400 3175 3462 peccato
3219 3399 3576 3465 pertransisse
3625 3405 3856 3463 ostendit

2256 3473 2566 3547 Apostolus,
2596 3479 2842 3548 dicendo,
2874 3483 2942 3538 Et
2968 3484 3040 3539 ita
3067 3487 3119 3541 in
3149 3503 3319 3544 omnes
3343 3490 3572 3549 homines
3593 3506 3849 3565 pertrans-

2256 3567 2336 3624 iit.
2365 3569 2592 3641 Propter
2621 3572 2722 3628 hoc
2762 3585 2817 3631 et
2856 3576 3084 3634 infantes
3114 3595 3235 3635 cum
3261 3582 3620 3654 baptizantur,
3654 3606 3847 3647 eruun-

2254 3753 2447 3850 injuria
2475 3757 2588 3824 Dei,
2617 3760 2753 3816 sicut
2774 3760 2886 3832 jam
2910 3763 3164 3832 diximus,
3189 3776 3243 3822 et
3267 3784 3410 3840 saepe
3434 3770 3722 3831 dicendum
3744 3753 3841 3850 est,

2253 3846 2586 3904 exorcizatur
2625 3859 2679 3905 et
2720 3853 3032 3911 exsufflatur
3071 3856 3246 3930 imago
3277 3860 3404 3928 Dei,
3433 3865 3478 3918 si
3511 3881 3617 3921 non
3661 3867 3732 3924 ibi
3760 3846 3843 3929 ille

2252 3938 2586 3995 exorcizatur
2609 3948 2663 3997 et
2687 3944 3000 4002 exsuﬂiatur
3029 3948 3275 4022 princeps
3302 3955 3521 4022 mundi,
3556 3961 3646 4029 qui
3681 3963 3842 4018 mitti-

2253 4034 2340 4082 tur
2363 4027 2506 4124 foras
2528 4030 2706 4099 (Joan.
2740 4051 2831 4101 xu,
2865 4037 2996 4110 si),
3027 4049 3084 4095 ut
3106 4043 3175 4097 sit
3199 4043 3308 4100 illic
3338 4027 3594 4105 habitatio
3619 4051 3841 4124 Spiritus

2249 4122 2439 4177 sancti.
2488 4123 2675 4182 Scelus
2716 4137 2894 4184 autem
2944 4133 3086 4202 quod
3132 4133 3259 4191 fecit
3307 4136 3459 4209 Cain,
3511 4141 3580 4197 ad
3627 4122 3838 4218 originis

2249 4220 2464 4269 causam
2493 4231 2598 4272 non
2627 4219 2877 4290 pertinet,
2907 4225 3160 4294 quoniam
3194 4227 3469 4288 voluntate
3496 4239 3832 4296 commissum

2248 4315 2331 4362 est
2350 4308 2394 4362 ³.

2317 4397 2620 4458 CLXXXII.
2661 4401 2780 4460 Jun.
2821 4404 2916 4461 His
2939 4406 3083 4464 enim
3109 4417 3192 4466 est
3219 4412 3462 4472 ordinata
3488 4417 3690 4487 verbis,
3718 4421 3830 4494 qui-

2246 4490 2346 4548 bus
2380 4494 2684 4565 exemplum
2726 4498 3070 4569 praecedens,
3100 4511 3155 4558 et
3189 4504 3424 4564 studium
3466 4523 3697 4583 sequens
3722 4490 3830 4570 imi-

2246 4583 2407 4639 tantis
2434 4585 2752 4642 ostenditur.

2315 4675 2452 4732 Auc.
2490 4675 2609 4732 Jam
2652 4679 2746 4735 tibi
2793 4677 2996 4738 dictum
3035 4691 3162 4742 est:
3212 4688 3346 4745 Abel
3389 4705 3519 4766 ergo
3555 4693 3609 4752 ei
3657 4695 3829 4755 debuit

2242 4770 2437 4842 opponi
2463 4785 2492 4825 a
2522 4775 2786 4830 contraria
2820 4786 2992 4847 parte,
3021 4795 3129 4836 non
3154 4780 3420 4840 Christus.

2313 4861 2643 4922 CLXXXIII.
2683 4867 2804 4924 Jun.
2835 4868 3099 4928 Caeterum
3127 4875 3170 4930 si
3193 4881 3597 4948 generationem
3618 4894 3826 4954 peccato

2241 4964 2332 5012 aut
2361 4955 2632 5025 infectam,
2665 4967 2756 5016 aut
2780 4963 3064 5020 obnoxiam
3096 4968 3355 5027 voluisset
3377 4975 3700 5044 ostendere;
3728 4995 3822 5035 non

2240 5045 2463 5104 dixisset
2487 5065 2580 5120 per
2607 5069 2768 5109 unum
2810 5054 3082 5114 hominem
3115 5059 3346 5121 intrasse
3379 5076 3659 5138 peccatum
3683 5110 3701 5139 ,
3739 5070 3822 5126 sed

2239 5151 2338 5210 per
2364 5139 2518 5197 duos.

2311 5234 2444 5290 Auc.
2486 5233 2602 5291 Jam
2647 5252 2963 5309 responsum
3010 5251 3114 5302 est.
3161 5243 3304 5305 Nihil
3348 5247 3511 5320 dicis,
3560 5260 3618 5310 et
3656 5261 3824 5312 tamen

2238 5323 2376 5419 dicis
2414 5335 2469 5419 et
2511 5329 2666 5400 dicis,
2702 5334 2955 5404 quoniam
2992 5345 3202 5398 rectum
3247 5357 3355 5400 non
3403 5355 3557 5419 potes
3592 5347 3826 5408 invenire

2237 5416 2379 5489 quod
2409 5418 2576 5474 dicas.

2258 5513 2266 5522 '
2308 5509 2638 5570 CLXXXIV.
2675 5512 2794 5572 Jun.
2833 5516 2946 5578 Nec
2967 5519 3224 5594 dixisset,
3253 5523 3325 5582 In
3349 5542 3409 5584 eo
3436 5530 3641 5587 transiit
3669 5547 3820 5603 more,

2303 5685 2322 5762 ξ
2355 5688 2609 5762 μρηᾳνάμε
2629 5698 2683 5742 et
2699 5694 2998 5760 Vignierius,
3018 5698 3146 5762 Abel.
3214 5709 3270 5753 at.

2301 5748 2321 5778 ³
2357 5751 2630 5822 Viguierips
2644 5792 2658 5815 ,
2679 5748 2954 5821 quanquam
2975 5748 3540 5819 uoluntate—commissum
3561 5771 3652 5822 est.
3678 5777 3731 5822 Et
3753 5774 3820 5822 in-

2234 5807 2904 5906 ἕὲλιὲῗὲλ,,¹ρ⁸ἒλ.ξέ.υέιηφιατηω
2822 5807 3540 5906 ζῖτὶιῖἷέῦῖἾέῖεῖ
3552 5807 3828 5906 ᾘῶςιῖη

2235 5872 2531 5952 negligentes
2549 5872 2799 5934 rationem.
2824 5885 2944 5936 Editi
2962 5872 3256 5945 iéiiiiiin‘ét

2241 5941 2319 5992 ω’
2342 5935 2418 5988 m5
2439 5935 2560 5991 ίοείθ
2576 5975 2592 6006 ι
2619 5959 2855 6021 quamam,
