  <div class='ocr_page' id='page_1' title='image "/cluster/home/n/w/nwhite01/storage/ocr_20150623/44-45/uva.x000217727/616.png"; bbox 0 0 4062 6468; ppageno 0'>
   <div class='ocr_carea' id='block_1_1' title="bbox 221 441 1829 523">
    <p class='ocr_par' dir='ltr' id='par_1_1' title="bbox 221 441 1829 523">
     <span class='ocr_line' id='line_1_1' title="bbox 221 441 1829 523; baseline -0.011 -11"><span class='ocrx_word' id='word_1_1' title='bbox 221 455 282 512; x_wconf 89' lang='lat' dir='ltr'><strong>in</strong></span> <span class='ocrx_word' id='word_1_2' title='bbox 305 470 412 523; x_wconf 85' lang='lat' dir='ltr'><strong>quo</strong></span> <span class='ocrx_word' id='word_1_3' title='bbox 436 467 610 508; x_wconf 76' lang='lat' dir='ltr'><strong>omnes</strong></span> <span class='ocrx_word' id='word_1_4' title='bbox 638 455 998 520; x_wconf 64' lang='lat' dir='ltr'><strong>passurum;</strong></span> <span class='ocrx_word' id='word_1_5' title='bbox 1023 442 1141 513; x_wconf 84' lang='lat' dir='ltr'><strong>sed,</strong></span> <span class='ocrx_word' id='word_1_6' title='bbox 1170 441 1227 500; x_wconf 90' lang='lat' dir='ltr'><strong>In</strong></span> <span class='ocrx_word' id='word_1_7' title='bbox 1256 457 1323 500; x_wconf 90' lang='lat' dir='ltr'><strong>eo</strong></span> <span class='ocrx_word' id='word_1_8' title='bbox 1352 442 1406 498; x_wconf 93' lang='lat' dir='ltr'><strong>in</strong></span> <span class='ocrx_word' id='word_1_9' title='bbox 1435 456 1542 514; x_wconf 85' lang='lat' dir='ltr'><strong>quo</strong></span> <span class='ocrx_word' id='word_1_10' title='bbox 1569 441 1635 497; x_wconf 89' lang='lat' dir='ltr'><strong>de</strong></span> <span class='ocrx_word' id='word_1_11' title='bbox 1673 442 1829 512; x_wconf 88' lang='lat' dir='ltr'><strong>primi</strong></span> 
     </span>
    </p>
   </div>
   <div class='ocr_carea' id='block_1_2' title="bbox 219 535 1828 610">
    <p class='ocr_par' dir='ltr' id='par_1_2' title="bbox 219 535 1828 610">
     <span class='ocr_line' id='line_1_2' title="bbox 219 535 1828 610; baseline -0.008 -8"><span class='ocrx_word' id='word_1_12' title='bbox 219 547 466 602; x_wconf 75' lang='lat' dir='ltr'><strong>hominis</strong></span> <span class='ocrx_word' id='word_1_13' title='bbox 499 551 553 595; x_wconf 93' lang='lat' dir='ltr'><strong>ct</strong></span> <span class='ocrx_word' id='word_1_14' title='bbox 589 542 656 595; x_wconf 91' lang='lat' dir='ltr'><strong>de</strong></span> <span class='ocrx_word' id='word_1_15' title='bbox 699 540 885 610; x_wconf 77' lang='lat' dir='ltr'><strong>prima:</strong></span> <span class='ocrx_word' id='word_1_16' title='bbox 923 536 1161 592; x_wconf 89' lang='lat' dir='ltr'><strong>mulieris</strong></span> <span class='ocrx_word' id='word_1_17' title='bbox 1186 535 1446 590; x_wconf 80' lang='lat' dir='ltr'><strong>diabolica</strong></span> <span class='ocrx_word' id='word_1_18' title='bbox 1477 535 1745 604; x_wconf 72' lang='lat' dir='ltr'><strong>voluptate</strong></span> <span class='ocrx_word' id='word_1_19' title='bbox 1772 541 1828 590; x_wconf 84' lang='lat' dir='ltr'><strong>et</strong></span> 
     </span>
    </p>
   </div>
   <div class='ocr_carea' id='block_1_3' title="bbox 223 628 1828 702">
    <p class='ocr_par' dir='ltr' id='par_1_3' title="bbox 223 628 1828 702">
     <span class='ocr_line' id='line_1_3' title="bbox 223 628 1828 702; baseline -0.009 -8"><span class='ocrx_word' id='word_1_20' title='bbox 223 651 395 694; x_wconf 78' lang='lat' dir='ltr'><strong>carne</strong></span> <span class='ocrx_word' id='word_1_21' title='bbox 431 633 740 690; x_wconf 75' lang='lat' dir='ltr'><strong>fluxerunt:</strong></span> <span class='ocrx_word' id='word_1_22' title='bbox 782 630 925 702; x_wconf 90' lang='lat' dir='ltr'><strong>quod</strong></span> <span class='ocrx_word' id='word_1_23' title='bbox 963 629 1011 686; x_wconf 91' lang='lat' dir='ltr'><strong>si</strong></span> <span class='ocrx_word' id='word_1_24' title='bbox 1049 628 1535 700; x_wconf 88' lang='lat' dir='ltr'><strong>pronuntiavisset,</strong></span> <span class='ocrx_word' id='word_1_25' title='bbox 1581 641 1687 680; x_wconf 90' lang='lat' dir='ltr'><strong>non</strong></span> <span class='ocrx_word' id='word_1_26' title='bbox 1732 640 1828 680; x_wconf 90' lang='lat' dir='ltr'><strong>ve-</strong></span> 
     </span>
    </p>
   </div>
   <div class='ocr_carea' id='block_1_4' title="bbox 225 717 1829 796">
    <p class='ocr_par' dir='ltr' id='par_1_4' title="bbox 225 717 1829 796">
     <span class='ocr_line' id='line_1_4' title="bbox 225 717 1829 796; baseline -0.009 -11"><span class='ocrx_word' id='word_1_27' title='bbox 225 737 402 786; x_wconf 82' lang='lat' dir='ltr'><strong>strum</strong></span> <span class='ocrx_word' id='word_1_28' title='bbox 444 726 637 796; x_wconf 88' lang='lat' dir='ltr'><strong>dogma</strong></span> <span class='ocrx_word' id='word_1_29' title='bbox 673 724 960 786; x_wconf 85' lang='lat' dir='ltr'><strong>ﬁrmasset,</strong></span> <span class='ocrx_word' id='word_1_30' title='bbox 1009 720 1106 778; x_wconf 88' lang='lat' dir='ltr'><strong>sed</strong></span> <span class='ocrx_word' id='word_1_31' title='bbox 1147 734 1335 776; x_wconf 90' lang='lat' dir='ltr'><strong>omnes</strong></span> <span class='ocrx_word' id='word_1_32' title='bbox 1374 733 1499 775; x_wconf 89' lang='lat' dir='ltr'><strong>suas</strong></span> <span class='ocrx_word' id='word_1_33' title='bbox 1533 717 1829 773; x_wconf 70' lang='lat' dir='ltr'><strong>sententias</strong></span> 
     </span>
    </p>
   </div>
   <div class='ocr_carea' id='block_1_5' title="bbox 226 807 1830 887">
    <p class='ocr_par' dir='ltr' id='par_1_5' title="bbox 226 807 1830 887">
     <span class='ocr_line' id='line_1_5' title="bbox 226 807 1830 887; baseline -0.009 -13"><span class='ocrx_word' id='word_1_34' title='bbox 226 817 533 875; x_wconf 82' lang='lat' dir='ltr'><strong>subruisset</strong></span> <span class='ocrx_word' id='word_1_35' title='bbox 557 813 869 887; x_wconf 74' lang='lat' dir='ltr'><strong>Apostolus.</strong></span> <span class='ocrx_word' id='word_1_36' title='bbox 892 812 1034 883; x_wconf 88' lang='lat' dir='ltr'><strong>Ergo</strong></span> <span class='ocrx_word' id='word_1_37' title='bbox 1053 811 1390 884; x_wconf 83' lang='lat' dir='ltr'><strong>peccantium</strong></span> <span class='ocrx_word' id='word_1_38' title='bbox 1421 807 1748 862; x_wconf 77' lang='lat' dir='ltr'><strong>voluntatem</strong></span> <span class='ocrx_word' id='word_1_39' title='bbox 1773 814 1830 861; x_wconf 91' lang='lat' dir='ltr'><strong>et</strong></span> 
     </span>
    </p>
   </div>
   <div class='ocr_carea' id='block_1_6' title="bbox 227 899 1831 983">
    <p class='ocr_par' dir='ltr' id='par_1_6' title="bbox 227 899 1831 983">
     <span class='ocr_line' id='line_1_6' title="bbox 227 899 1831 983; baseline -0.009 -15"><span class='ocrx_word' id='word_1_40' title='bbox 227 911 439 983; x_wconf 83' lang='lat' dir='ltr'><strong>peccati</strong></span> <span class='ocrx_word' id='word_1_41' title='bbox 472 915 688 966; x_wconf 84' lang='lat' dir='ltr'><strong>accusat</strong></span> <span class='ocrx_word' id='word_1_42' title='bbox 713 906 1024 976; x_wconf 89' lang='lat' dir='ltr'><strong>exemplum</strong></span> <span class='ocrx_word' id='word_1_43' title='bbox 1051 921 1066 959; x_wconf 85' lang='lat'><strong>:</strong></span> <span class='ocrx_word' id='word_1_44' title='bbox 1105 918 1172 960; x_wconf 80' lang='lat' dir='ltr'><strong>ac</strong></span> <span class='ocrx_word' id='word_1_45' title='bbox 1197 918 1292 975; x_wconf 88' lang='lat' dir='ltr'><strong>per</strong></span> <span class='ocrx_word' id='word_1_46' title='bbox 1314 903 1449 968; x_wconf 86' lang='lat' dir='ltr'><strong>hoc,</strong></span> <span class='ocrx_word' id='word_1_47' title='bbox 1474 915 1569 958; x_wconf 86' lang='lat' dir='ltr'><strong>vos</strong></span> <span class='ocrx_word' id='word_1_48' title='bbox 1611 908 1667 955; x_wconf 90' lang='lat' dir='ltr'><strong>et</strong></span> <span class='ocrx_word' id='word_1_49' title='bbox 1695 899 1831 954; x_wconf 81' lang='lat' dir='ltr'><strong>ratio</strong></span> 
     </span>
    </p>
   </div>
   <div class='ocr_carea' id='block_1_7' title="bbox 227 1002 922 1074">
    <p class='ocr_par' dir='ltr' id='par_1_7' title="bbox 227 1002 922 1074">
     <span class='ocr_line' id='line_1_7' title="bbox 227 1002 922 1074; baseline -0.003 -14"><span class='ocrx_word' id='word_1_50' title='bbox 227 1003 598 1074; x_wconf 63' lang='lat' dir='ltr'><strong>depraeliatur,</strong></span> <span class='ocrx_word' id='word_1_51' title='bbox 624 1011 680 1058; x_wconf 87' lang='lat' dir='ltr'><strong>et</strong></span> <span class='ocrx_word' id='word_1_52' title='bbox 707 1002 922 1058; x_wconf 81' lang='lat' dir='ltr'><strong>Paulus.</strong></span> 
     </span>
    </p>
   </div>
   <div class='ocr_carea' id='block_1_8' title="bbox 305 1087 1833 1168">
    <p class='ocr_par' dir='ltr' id='par_1_8' title="bbox 305 1087 1833 1168">
     <span class='ocr_line' id='line_1_8' title="bbox 305 1087 1833 1168; baseline -0.007 -14"><span class='ocrx_word' id='word_1_53' title='bbox 305 1099 444 1156; x_wconf 77' lang='lat' dir='ltr'><strong>Atto.</strong></span> <span class='ocrx_word' id='word_1_54' title='bbox 486 1097 628 1168; x_wconf 83' lang='lat' dir='ltr'><strong>Ergo</strong></span> <span class='ocrx_word' id='word_1_55' title='bbox 680 1095 734 1151; x_wconf 85' lang='lat' dir='ltr'><strong>in</strong></span> <span class='ocrx_word' id='word_1_56' title='bbox 789 1096 928 1152; x_wconf 82' lang='lat' dir='ltr'><strong>Abel</strong></span> <span class='ocrx_word' id='word_1_57' title='bbox 977 1095 1151 1166; x_wconf 89' lang='lat' dir='ltr'><strong>primo</strong></span> <span class='ocrx_word' id='word_1_58' title='bbox 1197 1093 1343 1163; x_wconf 89' lang='lat' dir='ltr'><strong>justo</strong></span> <span class='ocrx_word' id='word_1_59' title='bbox 1393 1103 1596 1162; x_wconf 90' lang='lat' dir='ltr'><strong>ponere</strong></span> <span class='ocrx_word' id='word_1_60' title='bbox 1648 1087 1833 1144; x_wconf 81' lang='lat' dir='ltr'><strong>debuit</strong></span> 
     </span>
    </p>
   </div>
   <div class='ocr_carea' id='block_1_9' title="bbox 226 1184 1831 1262">
    <p class='ocr_par' dir='ltr' id='par_1_9' title="bbox 226 1184 1831 1262">
     <span class='ocr_line' id='line_1_9' title="bbox 226 1184 1831 1262; baseline -0.006 -15"><span class='ocrx_word' id='word_1_61' title='bbox 226 1189 630 1262; x_wconf 82' lang='lat' dir='ltr'><strong>justiiicatiouis</strong></span> <span class='ocrx_word' id='word_1_62' title='bbox 652 1189 979 1259; x_wconf 87' lang='lat' dir='ltr'><strong>exemplum,</strong></span> <span class='ocrx_word' id='word_1_63' title='bbox 999 1188 1140 1242; x_wconf 87' lang='lat' dir='ltr'><strong>sicut</strong></span> <span class='ocrx_word' id='word_1_64' title='bbox 1165 1187 1218 1240; x_wconf 92' lang='lat' dir='ltr'><strong>in</strong></span> <span class='ocrx_word' id='word_1_65' title='bbox 1244 1184 1415 1240; x_wconf 84' lang='lat' dir='ltr'><strong>Adam</strong></span> <span class='ocrx_word' id='word_1_66' title='bbox 1441 1184 1612 1254; x_wconf 92' lang='lat' dir='ltr'><strong>primo</strong></span> <span class='ocrx_word' id='word_1_67' title='bbox 1639 1197 1831 1253; x_wconf 82' lang='lat' dir='ltr'><strong>pecca-</strong></span> 
     </span>
    </p>
   </div>
   <div class='ocr_carea' id='block_1_10' title="bbox 234 1275 1832 1352">
    <p class='ocr_par' dir='ltr' id='par_1_10' title="bbox 234 1275 1832 1352">
     <span class='ocr_line' id='line_1_10' title="bbox 234 1275 1832 1352; baseline -0.005 -14"><span class='ocrx_word' id='word_1_68' title='bbox 234 1289 359 1338; x_wconf 88' lang='lat' dir='ltr'><strong>tore</strong></span> <span class='ocrx_word' id='word_1_69' title='bbox 381 1283 607 1352; x_wconf 89' lang='lat' dir='ltr'><strong>positum</strong></span> <span class='ocrx_word' id='word_1_70' title='bbox 634 1281 827 1351; x_wconf 83' lang='lat' dir='ltr'><strong>putatis</strong></span> <span class='ocrx_word' id='word_1_71' title='bbox 850 1294 970 1337; x_wconf 84' lang='lat' dir='ltr'><strong>esse</strong></span> <span class='ocrx_word' id='word_1_72' title='bbox 996 1277 1350 1348; x_wconf 87' lang='lat' dir='ltr'><strong>peccati.-Cur</strong></span> <span class='ocrx_word' id='word_1_73' title='bbox 1373 1277 1518 1333; x_wconf 87' lang='lat' dir='ltr'><strong>enim</strong></span> <span class='ocrx_word' id='word_1_74' title='bbox 1539 1291 1638 1330; x_wconf 88' lang='lat' dir='ltr'><strong>nos</strong></span> <span class='ocrx_word' id='word_1_75' title='bbox 1658 1275 1832 1345; x_wconf 87' lang='lat' dir='ltr'><strong>pigeat</strong></span> 
     </span>
    </p>
   </div>
   <div class='ocr_carea' id='block_1_11' title="bbox 233 1367 1831 1444">
    <p class='ocr_par' dir='ltr' id='par_1_11' title="bbox 233 1367 1831 1444">
     <span class='ocr_line' id='line_1_11' title="bbox 233 1367 1831 1444; baseline -0.006 -12"><span class='ocrx_word' id='word_1_76' title='bbox 233 1375 430 1432; x_wconf 84' lang='lat' dir='ltr'><strong>eadem</strong></span> <span class='ocrx_word' id='word_1_77' title='bbox 474 1375 564 1430; x_wconf 85' lang='lat' dir='ltr'><strong>tibi</strong></span> <span class='ocrx_word' id='word_1_78' title='bbox 610 1373 971 1444; x_wconf 80' lang='lat' dir='ltr'><strong>respOndcre,</strong></span> <span class='ocrx_word' id='word_1_79' title='bbox 1006 1387 1128 1428; x_wconf 86' lang='lat' dir='ltr'><strong>cum</strong></span> <span class='ocrx_word' id='word_1_80' title='bbox 1169 1381 1221 1428; x_wconf 87' lang='lat' dir='ltr'><strong>te</strong></span> <span class='ocrx_word' id='word_1_81' title='bbox 1261 1385 1368 1426; x_wconf 89' lang='lat' dir='ltr'><strong>non</strong></span> <span class='ocrx_word' id='word_1_82' title='bbox 1409 1369 1601 1441; x_wconf 85' lang='lat' dir='ltr'><strong>pudeat</strong></span> <span class='ocrx_word' id='word_1_83' title='bbox 1642 1367 1831 1423; x_wconf 86' lang='lat' dir='ltr'><strong>eadem</strong></span> 
     </span>
    </p>
   </div>
   <div class='ocr_carea' id='block_1_12' title="bbox 234 1466 946 1538">
    <p class='ocr_par' dir='ltr' id='par_1_12' title="bbox 234 1466 946 1538">
     <span class='ocr_line' id='line_1_12' title="bbox 234 1466 946 1538; baseline -0.006 -13"><span class='ocrx_word' id='word_1_84' title='bbox 234 1469 398 1525; x_wconf 82' lang='lat' dir='ltr'><strong>toties</strong></span> <span class='ocrx_word' id='word_1_85' title='bbox 424 1468 624 1524; x_wconf 79' lang='lat' dir='ltr'><strong>frustra</strong></span> <span class='ocrx_word' id='word_1_86' title='bbox 653 1466 946 1538; x_wconf 85' lang='lat' dir='ltr'><strong>repetere?</strong></span> 
     </span>
    </p>
   </div>
   <div class='ocr_carea' id='block_1_13' title="bbox 302 1553 1831 1630">
    <p class='ocr_par' dir='ltr' id='par_1_13' title="bbox 302 1553 1831 1630">
     <span class='ocr_line' id='line_1_13' title="bbox 302 1553 1831 1630; baseline -0.005 -14"><span class='ocrx_word' id='word_1_87' title='bbox 302 1559 616 1616; x_wconf 78' lang='lat' dir='ltr'><strong>CLXXXV.</strong></span> <span class='ocrx_word' id='word_1_88' title='bbox 655 1560 774 1617; x_wconf 74' lang='lat' dir='ltr'><strong>Jun.</strong></span> <span class='ocrx_word' id='word_1_89' title='bbox 819 1559 991 1630; x_wconf 89' lang='lat' dir='ltr'><strong>Usque</strong></span> <span class='ocrx_word' id='word_1_90' title='bbox 1023 1556 1092 1612; x_wconf 84' lang='lat' dir='ltr'><strong>ad</strong></span> <span class='ocrx_word' id='word_1_91' title='bbox 1120 1558 1281 1628; x_wconf 78' lang='lat' dir='ltr'><strong>legent</strong></span> <span class='ocrx_word' id='word_1_92' title='bbox 1320 1557 1453 1612; x_wconf 87' lang='lat' dir='ltr'><strong>enim</strong></span> <span class='ocrx_word' id='word_1_93' title='bbox 1483 1565 1741 1626; x_wconf 82' lang='lat' dir='ltr'><strong>peccatum</strong></span> <span class='ocrx_word' id='word_1_94' title='bbox 1778 1553 1831 1608; x_wconf 89' lang='lat' dir='ltr'><strong>in</strong></span> 
     </span>
    </p>
   </div>
   <div class='ocr_carea' id='block_1_14' title="bbox 231 1648 1834 1723">
    <p class='ocr_par' dir='ltr' id='par_1_14' title="bbox 231 1648 1834 1723">
     <span class='ocr_line' id='line_1_14' title="bbox 231 1648 1834 1723; baseline -0.005 -13"><span class='ocrx_word' id='word_1_95' title='bbox 231 1655 329 1710; x_wconf 75' lang='lat' dir='ltr'><strong>hoc</strong></span> <span class='ocrx_word' id='word_1_96' title='bbox 353 1655 547 1708; x_wconf 85' lang='lat' dir='ltr'><strong>mundo</strong></span> <span class='ocrx_word' id='word_1_97' title='bbox 572 1671 585 1706; x_wconf 89' lang='lat'><strong>:</strong></span> <span class='ocrx_word' id='word_1_98' title='bbox 619 1662 877 1723; x_wconf 87' lang='lat' dir='ltr'><strong>peccatum</strong></span> <span class='ocrx_word' id='word_1_99' title='bbox 904 1663 1072 1707; x_wconf 82' lang='lat' dir='ltr'><strong>autem</strong></span> <span class='ocrx_word' id='word_1_100' title='bbox 1097 1668 1198 1707; x_wconf 87' lang='lat' dir='ltr'><strong>non</strong></span> <span class='ocrx_word' id='word_1_101' title='bbox 1225 1650 1588 1720; x_wconf 80' lang='lat' dir='ltr'><strong>imputabatur,</strong></span> <span class='ocrx_word' id='word_1_102' title='bbox 1611 1665 1726 1702; x_wconf 86' lang='lat' dir='ltr'><strong>cum</strong></span> <span class='ocrx_word' id='word_1_103' title='bbox 1753 1648 1834 1702; x_wconf 80' lang='lat' dir='ltr'><strong>lea:</strong></span> 
     </span>
    </p>
   </div>
   <div class='ocr_carea' id='block_1_15' title="bbox 233 1740 1830 1813">
    <p class='ocr_par' dir='ltr' id='par_1_15' title="bbox 233 1740 1830 1813">
     <span class='ocr_line' id='line_1_15' title="bbox 233 1740 1830 1813; baseline -0.004 -12"><span class='ocrx_word' id='word_1_104' title='bbox 233 1762 336 1801; x_wconf 83' lang='lat' dir='ltr'><strong>.ton</strong></span> <span class='ocrx_word' id='word_1_105' title='bbox 358 1755 523 1812; x_wconf 85' lang='lat' dir='ltr'><strong>esset;</strong></span> <span class='ocrx_word' id='word_1_106' title='bbox 542 1745 632 1800; x_wconf 86' lang='lat' dir='ltr'><strong>sed</strong></span> <span class='ocrx_word' id='word_1_107' title='bbox 655 1745 880 1813; x_wconf 86' lang='lat' dir='ltr'><strong>regnavit</strong></span> <span class='ocrx_word' id='word_1_108' title='bbox 902 1761 1038 1798; x_wconf 87' lang='lat' dir='ltr'><strong>mors</strong></span> <span class='ocrx_word' id='word_1_109' title='bbox 1057 1745 1120 1796; x_wconf 86' lang='lat' dir='ltr'><strong>ab</strong></span> <span class='ocrx_word' id='word_1_110' title='bbox 1141 1741 1308 1795; x_wconf 81' lang='lat' dir='ltr'><strong>Adam</strong></span> <span class='ocrx_word' id='word_1_111' title='bbox 1331 1757 1489 1810; x_wconf 87' lang='lat' dir='ltr'><strong>usque</strong></span> <span class='ocrx_word' id='word_1_112' title='bbox 1507 1740 1574 1793; x_wconf 81' lang='lat' dir='ltr'><strong>ad</strong></span> <span class='ocrx_word' id='word_1_113' title='bbox 1599 1740 1830 1810; x_wconf 76' lang='lat' dir='ltr'><strong>Moysen,</strong></span> 
     </span>
    </p>
   </div>
   <div class='ocr_carea' id='block_1_16' title="bbox 233 1833 1834 1908">
    <p class='ocr_par' dir='ltr' id='par_1_16' title="bbox 233 1833 1834 1908">
     <span class='ocr_line' id='line_1_16' title="bbox 233 1833 1834 1908; baseline -0.006 -14"><span class='ocrx_word' id='word_1_114' title='bbox 233 1841 389 1896; x_wconf 76' lang='lat' dir='ltr'><strong>etiam</strong></span> <span class='ocrx_word' id='word_1_115' title='bbox 432 1839 488 1892; x_wconf 91' lang='lat' dir='ltr'><strong>in</strong></span> <span class='ocrx_word' id='word_1_116' title='bbox 531 1853 616 1892; x_wconf 90' lang='lat' dir='ltr'><strong>eos</strong></span> <span class='ocrx_word' id='word_1_117' title='bbox 657 1838 748 1908; x_wconf 89' lang='lat' dir='ltr'><strong>qui</strong></span> <span class='ocrx_word' id='word_1_118' title='bbox 795 1854 896 1892; x_wconf 86' lang='lat' dir='ltr'><strong>non</strong></span> <span class='ocrx_word' id='word_1_119' title='bbox 940 1843 1303 1907; x_wconf 79' lang='lat' dir='ltr'><strong>peccaverunt,</strong></span> <span class='ocrx_word' id='word_1_120' title='bbox 1349 1833 1403 1888; x_wconf 87' lang='lat' dir='ltr'><strong>in</strong></span> <span class='ocrx_word' id='word_1_121' title='bbox 1451 1833 1834 1888; x_wconf 77' lang='lat' dir='ltr'><strong>similitudinem</strong></span> 
     </span>
    </p>
   </div>
   <div class='ocr_carea' id='block_1_17' title="bbox 238 1923 1832 2002">
    <p class='ocr_par' dir='ltr' id='par_1_17' title="bbox 238 1923 1832 2002">
     <span class='ocr_line' id='line_1_17' title="bbox 238 1923 1832 2002; baseline -0.007 -16"><span class='ocrx_word' id='word_1_122' title='bbox 238 1930 673 2002; x_wconf 73' lang='lat' dir='ltr'><strong>prmancationis</strong></span> <span class='ocrx_word' id='word_1_123' title='bbox 720 1927 880 1994; x_wconf 73' lang='lat' dir='ltr'><strong>Alite,</strong></span> <span class='ocrx_word' id='word_1_124' title='bbox 930 1927 1018 1998; x_wconf 90' lang='lat' dir='ltr'><strong>qui</strong></span> <span class='ocrx_word' id='word_1_125' title='bbox 1058 1935 1130 1980; x_wconf 81' lang='lat' dir='ltr'><strong>est</strong></span> <span class='ocrx_word' id='word_1_126' title='bbox 1173 1926 1337 1995; x_wconf 80' lang='lat' dir='ltr'><strong>[arma</strong></span> <span class='ocrx_word' id='word_1_127' title='bbox 1377 1925 1535 1998; x_wconf 77' lang='lat' dir='ltr'><strong>futuri</strong></span> <span class='ocrx_word' id='word_1_128' title='bbox 1576 1923 1749 1996; x_wconf 90' lang='lat' dir='ltr'><strong>(Rom.</strong></span> <span class='ocrx_word' id='word_1_129' title='bbox 1777 1938 1832 1990; x_wconf 90' lang='lat' dir='ltr'><strong>v,</strong></span> 
     </span>
    </p>
   </div>
   <div class='ocr_carea' id='block_1_18' title="bbox 241 2015 1835 2093">
    <p class='ocr_par' dir='ltr' id='par_1_18' title="bbox 241 2015 1835 2093">
     <span class='ocr_line' id='line_1_18' title="bbox 241 2015 1835 2093; baseline -0.005 -15"><span class='ocrx_word' id='word_1_130' title='bbox 241 2023 314 2079; x_wconf 73' lang='grc'><strong>15</strong></span> <span class='ocrx_word' id='word_1_131' title='bbox 338 2032 385 2076; x_wconf 87' lang='lat' dir='ltr'><strong>et</strong></span> <span class='ocrx_word' id='word_1_132' title='bbox 407 2022 519 2093; x_wconf 77' lang='grc'><strong>14).</strong></span> <span class='ocrx_word' id='word_1_133' title='bbox 552 2021 877 2090; x_wconf 85' lang='lat' dir='ltr'><strong>Qualitatem</strong></span> <span class='ocrx_word' id='word_1_134' title='bbox 907 2019 1107 2089; x_wconf 83' lang='lat' dir='ltr'><strong>peccati</strong></span> <span class='ocrx_word' id='word_1_135' title='bbox 1137 2017 1553 2088; x_wconf 81' lang='lat' dir='ltr'><strong>appellationum</strong></span> <span class='ocrx_word' id='word_1_136' title='bbox 1582 2015 1835 2070; x_wconf 87' lang='lat' dir='ltr'><strong>varietate</strong></span> 
     </span>
    </p>
   </div>
   <div class='ocr_carea' id='block_1_19' title="bbox 240 2107 1837 2178">
    <p class='ocr_par' dir='ltr' id='par_1_19' title="bbox 240 2107 1837 2178">
     <span class='ocr_line' id='line_1_19' title="bbox 240 2107 1837 2178; baseline -0.005 -8"><span class='ocrx_word' id='word_1_137' title='bbox 240 2110 516 2176; x_wconf 86' lang='lat' dir='ltr'><strong>discernit,</strong></span> <span class='ocrx_word' id='word_1_138' title='bbox 550 2123 607 2168; x_wconf 93' lang='lat' dir='ltr'><strong>ut</strong></span> <span class='ocrx_word' id='word_1_139' title='bbox 630 2111 774 2166; x_wconf 84' lang='lat' dir='ltr'><strong>aliud</strong></span> <span class='ocrx_word' id='word_1_140' title='bbox 794 2111 1041 2166; x_wconf 86' lang='lat' dir='ltr'><strong>ostendat</strong></span> <span class='ocrx_word' id='word_1_141' title='bbox 1068 2125 1187 2164; x_wconf 89' lang='lat' dir='ltr'><strong>esse</strong></span> <span class='ocrx_word' id='word_1_142' title='bbox 1213 2116 1510 2178; x_wconf 89' lang='lat' dir='ltr'><strong>peccatum,</strong></span> <span class='ocrx_word' id='word_1_143' title='bbox 1538 2107 1681 2163; x_wconf 81' lang='lat' dir='ltr'><strong>aliud</strong></span> <span class='ocrx_word' id='word_1_144' title='bbox 1701 2122 1837 2177; x_wconf 73' lang='lat' dir='ltr'><strong>prte-</strong></span> 
     </span>
    </p>
   </div>
   <div class='ocr_carea' id='block_1_20' title="bbox 239 2200 1834 2274">
    <p class='ocr_par' dir='ltr' id='par_1_20' title="bbox 239 2200 1834 2274">
     <span class='ocr_line' id='line_1_20' title="bbox 239 2200 1834 2274; baseline -0.004 -14"><span class='ocrx_word' id='word_1_145' title='bbox 239 2205 620 2260; x_wconf 88' lang='lat' dir='ltr'><strong>varicationem</strong></span> <span class='ocrx_word' id='word_1_146' title='bbox 645 2220 660 2269; x_wconf 89' lang='lat'><strong>;</strong></span> <span class='ocrx_word' id='word_1_147' title='bbox 687 2204 904 2274; x_wconf 78' lang='lat' dir='ltr'><strong>vultque</strong></span> <span class='ocrx_word' id='word_1_148' title='bbox 931 2203 984 2258; x_wconf 92' lang='lat' dir='ltr'><strong>in</strong></span> <span class='ocrx_word' id='word_1_149' title='bbox 1021 2201 1122 2256; x_wconf 90' lang='lat' dir='ltr'><strong>hoc</strong></span> <span class='ocrx_word' id='word_1_150' title='bbox 1149 2200 1412 2256; x_wconf 80' lang='lat' dir='ltr'><strong>duntaxat</strong></span> <span class='ocrx_word' id='word_1_151' title='bbox 1440 2201 1591 2267; x_wconf 91' lang='lat' dir='ltr'><strong>loco,</strong></span> <span class='ocrx_word' id='word_1_152' title='bbox 1619 2213 1834 2254; x_wconf 86' lang='lat' dir='ltr'><strong>omnem</strong></span> 
     </span>
    </p>
   </div>
   <div class='ocr_carea' id='block_1_21' title="bbox 239 2293 1836 2370">
    <p class='ocr_par' dir='ltr' id='par_1_21' title="bbox 239 2293 1836 2370">
     <span class='ocr_line' id='line_1_21' title="bbox 239 2293 1836 2370; baseline -0.003 -18"><span class='ocrx_word' id='word_1_153' title='bbox 239 2297 454 2370; x_wconf 82' lang='lat' dir='ltr'><strong>quidem</strong></span> <span class='ocrx_word' id='word_1_154' title='bbox 483 2297 975 2368; x_wconf 65' lang='lat' dir='ltr'><strong>praevaricationem</strong></span> <span class='ocrx_word' id='word_1_155' title='bbox 1005 2304 1283 2366; x_wconf 88' lang='lat' dir='ltr'><strong>peccatum</strong></span> <span class='ocrx_word' id='word_1_156' title='bbox 1310 2293 1513 2360; x_wconf 89' lang='lat' dir='ltr'><strong>videri,</strong></span> <span class='ocrx_word' id='word_1_157' title='bbox 1543 2309 1649 2347; x_wconf 91' lang='lat' dir='ltr'><strong>non</strong></span> <span class='ocrx_word' id='word_1_158' title='bbox 1675 2307 1836 2347; x_wconf 90' lang='lat' dir='ltr'><strong>omne</strong></span> 
     </span>
    </p>
   </div>
   <div class='ocr_carea' id='block_1_22' title="bbox 240 2386 1834 2463">
    <p class='ocr_par' dir='ltr' id='par_1_22' title="bbox 240 2386 1834 2463">
     <span class='ocr_line' id='line_1_22' title="bbox 240 2386 1834 2463; baseline -0.006 -15"><span class='ocrx_word' id='word_1_159' title='bbox 240 2401 420 2450; x_wconf 81' lang='lat' dir='ltr'><strong>autem</strong></span> <span class='ocrx_word' id='word_1_160' title='bbox 445 2402 725 2463; x_wconf 87' lang='lat' dir='ltr'><strong>peccatum</strong></span> <span class='ocrx_word' id='word_1_161' title='bbox 755 2389 1278 2461; x_wconf 67' lang='lat' dir='ltr'><strong>praevaricationem;</strong></span> <span class='ocrx_word' id='word_1_162' title='bbox 1309 2396 1368 2442; x_wconf 93' lang='lat' dir='ltr'><strong>ut</strong></span> <span class='ocrx_word' id='word_1_163' title='bbox 1396 2402 1494 2457; x_wconf 90' lang='lat' dir='ltr'><strong>per</strong></span> <span class='ocrx_word' id='word_1_164' title='bbox 1519 2386 1834 2441; x_wconf 76' lang='lat' dir='ltr'><strong>vocabulum</strong></span> 
     </span>
    </p>
   </div>
   <div class='ocr_carea' id='block_1_23' title="bbox 244 2479 1838 2557">
    <p class='ocr_par' dir='ltr' id='par_1_23' title="bbox 244 2479 1838 2557">
     <span class='ocr_line' id='line_1_23' title="bbox 244 2479 1838 2557; baseline -0.004 -17"><span class='ocrx_word' id='word_1_165' title='bbox 244 2485 673 2557; x_wconf 71' lang='lat' dir='ltr'><strong>prmorieationis</strong></span> <span class='ocrx_word' id='word_1_166' title='bbox 705 2492 924 2554; x_wconf 87' lang='lat' dir='ltr'><strong>peccato</strong></span> <span class='ocrx_word' id='word_1_167' title='bbox 960 2491 1170 2538; x_wconf 83' lang='lat' dir='ltr'><strong>crescat</strong></span> <span class='ocrx_word' id='word_1_168' title='bbox 1195 2481 1414 2548; x_wconf 88' lang='lat' dir='ltr'><strong>invidia,</strong></span> <span class='ocrx_word' id='word_1_169' title='bbox 1453 2480 1728 2551; x_wconf 89' lang='lat' dir='ltr'><strong>magisque</strong></span> <span class='ocrx_word' id='word_1_170' title='bbox 1758 2479 1838 2534; x_wconf 86' lang='lat' dir='ltr'><strong>rei</strong></span> 
     </span>
    </p>
   </div>
   <div class='ocr_carea' id='block_1_24' title="bbox 245 2573 1835 2647">
    <p class='ocr_par' dir='ltr' id='par_1_24' title="bbox 245 2573 1835 2647">
     <span class='ocr_line' id='line_1_24' title="bbox 245 2573 1835 2647; baseline -0.006 -11"><span class='ocrx_word' id='word_1_171' title='bbox 245 2593 367 2636; x_wconf 80' lang='lat' dir='ltr'><strong>esse</strong></span> <span class='ocrx_word' id='word_1_172' title='bbox 387 2577 684 2645; x_wconf 87' lang='lat' dir='ltr'><strong>videantur,</strong></span> <span class='ocrx_word' id='word_1_173' title='bbox 701 2577 791 2647; x_wconf 87' lang='lat' dir='ltr'><strong>qui</strong></span> <span class='ocrx_word' id='word_1_174' title='bbox 813 2576 1010 2631; x_wconf 74' lang='lat' dir='ltr'><strong>iuerint</strong></span> <span class='ocrx_word' id='word_1_175' title='bbox 1030 2582 1292 2646; x_wconf 67' lang='lat' dir='ltr'><strong>praecepta</strong></span> <span class='ocrx_word' id='word_1_176' title='bbox 1310 2573 1653 2643; x_wconf 74' lang='lat' dir='ltr'><strong>transgressi,</strong></span> <span class='ocrx_word' id='word_1_177' title='bbox 1676 2586 1835 2642; x_wconf 90' lang='lat' dir='ltr'><strong>quam</strong></span> 
     </span>
    </p>
   </div>
   <div class='ocr_carea' id='block_1_25' title="bbox 245 2663 1840 2741">
    <p class='ocr_par' dir='ltr' id='par_1_25' title="bbox 245 2663 1840 2741">
     <span class='ocr_line' id='line_1_25' title="bbox 245 2663 1840 2741; baseline -0.005 -15"><span class='ocrx_word' id='word_1_178' title='bbox 245 2663 341 2741; x_wconf 81' lang='lat' dir='ltr'><strong>qui</strong></span> <span class='ocrx_word' id='word_1_179' title='bbox 371 2669 490 2727; x_wconf 80' lang='lat' dir='ltr'><strong>sine</strong></span> <span class='ocrx_word' id='word_1_180' title='bbox 514 2670 644 2740; x_wconf 88' lang='lat' dir='ltr'><strong>legis</strong></span> <span class='ocrx_word' id='word_1_181' title='bbox 670 2669 946 2725; x_wconf 74' lang='lat' dir='ltr'><strong>admonitu</strong></span> <span class='ocrx_word' id='word_1_182' title='bbox 973 2669 991 2701; x_wconf 78' lang='grc'>⁸</span> <span class='ocrx_word' id='word_1_183' title='bbox 1017 2667 1242 2724; x_wconf 86' lang='lat' dir='ltr'><strong>rationis</strong></span> <span class='ocrx_word' id='word_1_184' title='bbox 1266 2666 1516 2736; x_wconf 83' lang='lat' dir='ltr'><strong>ingenitae</strong></span> <span class='ocrx_word' id='word_1_185' title='bbox 1541 2667 1563 2698; x_wconf 74' lang='grc' dir='ltr'>ί</span> <span class='ocrx_word' id='word_1_186' title='bbox 1589 2665 1840 2719; x_wconf 85' lang='lat' dir='ltr'><strong>dissimu-</strong></span> 
     </span>
    </p>
   </div>
   <div class='ocr_carea' id='block_1_26' title="bbox 243 2757 1839 2831">
    <p class='ocr_par' dir='ltr' id='par_1_26' title="bbox 243 2757 1839 2831">
     <span class='ocr_line' id='line_1_26' title="bbox 243 2757 1839 2831; baseline -0.004 -15"><span class='ocrx_word' id='word_1_187' title='bbox 243 2758 444 2817; x_wconf 83' lang='lat' dir='ltr'><strong>latione</strong></span> <span class='ocrx_word' id='word_1_188' title='bbox 487 2761 826 2831; x_wconf 88' lang='lat' dir='ltr'><strong>deliquerint.</strong></span> <span class='ocrx_word' id='word_1_189' title='bbox 868 2762 1012 2816; x_wconf 81' lang='lat' dir='ltr'><strong>Ante</strong></span> <span class='ocrx_word' id='word_1_190' title='bbox 1037 2773 1157 2816; x_wconf 87' lang='lat' dir='ltr'><strong>eam</strong></span> <span class='ocrx_word' id='word_1_191' title='bbox 1195 2773 1324 2828; x_wconf 88' lang='lat' dir='ltr'><strong>ergo</strong></span> <span class='ocrx_word' id='word_1_192' title='bbox 1351 2757 1523 2828; x_wconf 89' lang='lat' dir='ltr'><strong>legem</strong></span> <span class='ocrx_word' id='word_1_193' title='bbox 1547 2796 1564 2822; x_wconf 92' lang='lat'><strong>,</strong></span> <span class='ocrx_word' id='word_1_194' title='bbox 1594 2772 1713 2827; x_wconf 70' lang='lat' dir='ltr'><strong>qua:</strong></span> <span class='ocrx_word' id='word_1_195' title='bbox 1744 2771 1839 2826; x_wconf 90' lang='lat' dir='ltr'><strong>per</strong></span> 
     </span>
    </p>
   </div>
   <div class='ocr_carea' id='block_1_27' title="bbox 242 2848 1837 2926">
    <p class='ocr_par' dir='ltr' id='par_1_27' title="bbox 242 2848 1837 2926">
     <span class='ocr_line' id='line_1_27' title="bbox 242 2848 1837 2926; baseline -0.004 -16"><span class='ocrx_word' id='word_1_196' title='bbox 242 2852 460 2926; x_wconf 68' lang='lat' dir='ltr'><strong>Moysen</strong></span> <span class='ocrx_word' id='word_1_197' title='bbox 481 2853 602 2908; x_wconf 86' lang='lat' dir='ltr'><strong>data</strong></span> <span class='ocrx_word' id='word_1_198' title='bbox 623 2860 726 2920; x_wconf 88' lang='lat' dir='ltr'><strong>est,</strong></span> <span class='ocrx_word' id='word_1_199' title='bbox 748 2862 803 2907; x_wconf 93' lang='lat' dir='ltr'><strong>et</strong></span> <span class='ocrx_word' id='word_1_200' title='bbox 821 2851 1130 2919; x_wconf 82' lang='lat' dir='ltr'><strong>consignata</strong></span> <span class='ocrx_word' id='word_1_201' title='bbox 1149 2849 1365 2916; x_wconf 88' lang='lat' dir='ltr'><strong>litteris,</strong></span> <span class='ocrx_word' id='word_1_202' title='bbox 1389 2848 1543 2918; x_wconf 86' lang='lat' dir='ltr'><strong>cujus</strong></span> <span class='ocrx_word' id='word_1_203' title='bbox 1557 2849 1837 2904; x_wconf 82' lang='lat' dir='ltr'><strong>sanctione</strong></span> 
     </span>
    </p>
   </div>
   <div class='ocr_carea' id='block_1_28' title="bbox 243 2940 1838 3014">
    <p class='ocr_par' dir='ltr' id='par_1_28' title="bbox 243 2940 1838 3014">
     <span class='ocr_line' id='line_1_28' title="bbox 243 2940 1838 3014; baseline -0.006 -10"><span class='ocrx_word' id='word_1_204' title='bbox 243 2954 456 3004; x_wconf 80' lang='lat' dir='ltr'><strong>actuum</strong></span> <span class='ocrx_word' id='word_1_205' title='bbox 483 2943 660 3000; x_wconf 78' lang='lat' dir='ltr'><strong>fortna-</strong></span> <span class='ocrx_word' id='word_1_206' title='bbox 688 2944 995 3014; x_wconf 68' lang='lat' dir='ltr'><strong>prazscripta</strong></span> <span class='ocrx_word' id='word_1_207' title='bbox 1022 2950 1106 2998; x_wconf 85' lang='lat' dir='ltr'><strong>est</strong></span> <span class='ocrx_word' id='word_1_208' title='bbox 1127 2981 1144 3008; x_wconf 96' lang='lat'><strong>,</strong></span> <span class='ocrx_word' id='word_1_209' title='bbox 1175 2956 1338 3012; x_wconf 88' lang='lat' dir='ltr'><strong>quam</strong></span> <span class='ocrx_word' id='word_1_210' title='bbox 1369 2941 1614 3011; x_wconf 89' lang='lat' dir='ltr'><strong>ignorare</strong></span> <span class='ocrx_word' id='word_1_211' title='bbox 1640 2940 1838 3012; x_wconf 91' lang='lat' dir='ltr'><strong>populo</strong></span> 
     </span>
    </p>
   </div>
   <div class='ocr_carea' id='block_1_29' title="bbox 242 3031 1841 3108">
    <p class='ocr_par' dir='ltr' id='par_1_29' title="bbox 242 3031 1841 3108">
     <span class='ocr_line' id='line_1_29' title="bbox 242 3031 1841 3108; baseline -0.005 -14"><span class='ocrx_word' id='word_1_212' title='bbox 242 3039 342 3095; x_wconf 82' lang='lat' dir='ltr'><strong>sub</strong></span> <span class='ocrx_word' id='word_1_213' title='bbox 362 3053 426 3094; x_wconf 89' lang='lat' dir='ltr'><strong>ea</strong></span> <span class='ocrx_word' id='word_1_214' title='bbox 452 3037 665 3108; x_wconf 86' lang='lat' dir='ltr'><strong>degenti</strong></span> <span class='ocrx_word' id='word_1_215' title='bbox 691 3051 798 3093; x_wconf 91' lang='lat' dir='ltr'><strong>non</strong></span> <span class='ocrx_word' id='word_1_216' title='bbox 829 3035 1038 3099; x_wconf 76' lang='lat' dir='ltr'><strong>licuit‘,</strong></span> <span class='ocrx_word' id='word_1_217' title='bbox 1062 3034 1297 3090; x_wconf 80' lang='lat' dir='ltr'><strong>medium</strong></span> <span class='ocrx_word' id='word_1_218' title='bbox 1318 3031 1448 3088; x_wconf 88' lang='lat' dir='ltr'><strong>illud</strong></span> <span class='ocrx_word' id='word_1_219' title='bbox 1468 3041 1678 3103; x_wconf 90' lang='lat' dir='ltr'><strong>tempus</strong></span> <span class='ocrx_word' id='word_1_220' title='bbox 1702 3032 1841 3088; x_wconf 89' lang='lat' dir='ltr'><strong>inter</strong></span> 
     </span>
    </p>
   </div>
   <div class='ocr_carea' id='block_1_30' title="bbox 245 3125 1841 3203">
    <p class='ocr_par' dir='ltr' id='par_1_30' title="bbox 245 3125 1841 3203">
     <span class='ocr_line' id='line_1_30' title="bbox 245 3125 1841 3203; baseline -0.006 -13"><span class='ocrx_word' id='word_1_221' title='bbox 245 3132 413 3191; x_wconf 71' lang='lat' dir='ltr'><strong>Adam</strong></span> <span class='ocrx_word' id='word_1_222' title='bbox 440 3141 494 3187; x_wconf 90' lang='lat' dir='ltr'><strong>et</strong></span> <span class='ocrx_word' id='word_1_223' title='bbox 517 3131 760 3203; x_wconf 78' lang='lat' dir='ltr'><strong>Moysen,</strong></span> <span class='ocrx_word' id='word_1_224' title='bbox 790 3129 1045 3186; x_wconf 73' lang='lat' dir='ltr'><strong>mortales</strong></span> <span class='ocrx_word' id='word_1_225' title='bbox 1078 3128 1224 3182; x_wconf 90' lang='lat' dir='ltr'><strong>varia</strong></span> <span class='ocrx_word' id='word_1_226' title='bbox 1255 3125 1550 3181; x_wconf 89' lang='lat' dir='ltr'><strong>studiorum</strong></span> <span class='ocrx_word' id='word_1_227' title='bbox 1584 3127 1841 3194; x_wconf 88' lang='lat' dir='ltr'><strong>pravitate</strong></span> 
     </span>
    </p>
   </div>
   <div class='ocr_carea' id='block_1_31' title="bbox 237 3215 1839 3295">
    <p class='ocr_par' dir='ltr' id='par_1_31' title="bbox 237 3215 1839 3295">
     <span class='ocr_line' id='line_1_31' title="bbox 237 3215 1839 3295; baseline -0.003 -18"><span class='ocrx_word' id='word_1_228' title='bbox 237 3224 472 3295; x_wconf 79' lang='lat' dir='ltr'><strong>pollutos</strong></span> <span class='ocrx_word' id='word_1_229' title='bbox 491 3263 507 3290; x_wconf 92' lang='lat'><strong>,</strong></span> <span class='ocrx_word' id='word_1_230' title='bbox 536 3222 742 3293; x_wconf 80' lang='lat' dir='ltr'><strong>peccati</strong></span> <span class='ocrx_word' id='word_1_231' title='bbox 766 3220 1088 3292; x_wconf 77' lang='lat' dir='ltr'><strong>Apostolus,</strong></span> <span class='ocrx_word' id='word_1_232' title='bbox 1117 3233 1224 3275; x_wconf 89' lang='lat' dir='ltr'><strong>non</strong></span> <span class='ocrx_word' id='word_1_233' title='bbox 1251 3215 1705 3289; x_wconf 54' lang='lat' dir='ltr'><strong>praevaricationis</strong></span> <span class='ocrx_word' id='word_1_234' title='bbox 1742 3229 1839 3272; x_wconf 68' lang='lat' dir='ltr'><strong>aco</strong></span> 
     </span>
    </p>
   </div>
   <div class='ocr_carea' id='block_1_32' title="bbox 319 3401 1844 3478">
    <p class='ocr_par' dir='ltr' id='par_1_32' title="bbox 319 3401 1844 3478">
     <span class='ocr_line' id='line_1_32' title="bbox 319 3401 1844 3478; baseline -0.006 -15"><span class='ocrx_word' id='word_1_235' title='bbox 319 3408 452 3466; x_wconf 76' lang='lat' dir='ltr'><strong>Atto.</strong></span> <span class='ocrx_word' id='word_1_236' title='bbox 485 3406 621 3477; x_wconf 84' lang='lat' dir='ltr'><strong>Quid</strong></span> <span class='ocrx_word' id='word_1_237' title='bbox 648 3416 733 3464; x_wconf 89' lang='lat' dir='ltr'><strong>est</strong></span> <span class='ocrx_word' id='word_1_238' title='bbox 765 3419 930 3478; x_wconf 90' lang='lat' dir='ltr'><strong>ergo,</strong></span> <span class='ocrx_word' id='word_1_239' title='bbox 959 3403 1208 3476; x_wconf 73' lang='lat' dir='ltr'><strong>Regnavit</strong></span> <span class='ocrx_word' id='word_1_240' title='bbox 1233 3417 1371 3457; x_wconf 88' lang='lat' dir='ltr'><strong>mors</strong></span> <span class='ocrx_word' id='word_1_241' title='bbox 1395 3401 1458 3456; x_wconf 80' lang='lat' dir='ltr'><strong>ab</strong></span> <span class='ocrx_word' id='word_1_242' title='bbox 1483 3401 1649 3456; x_wconf 78' lang='lat' dir='ltr'><strong>Adam</strong></span> <span class='ocrx_word' id='word_1_243' title='bbox 1687 3418 1844 3474; x_wconf 83' lang='lat' dir='ltr'><strong>usque</strong></span> 
     </span>
    </p>
   </div>
   <div class='ocr_carea' id='block_1_33' title="bbox 248 3494 1842 3573">
    <p class='ocr_par' dir='ltr' id='par_1_33' title="bbox 248 3494 1842 3573">
     <span class='ocr_line' id='line_1_33' title="bbox 248 3494 1842 3573; baseline -0.006 -15"><span class='ocrx_word' id='word_1_244' title='bbox 248 3500 319 3558; x_wconf 75' lang='lat' dir='ltr'><strong>ad</strong></span> <span class='ocrx_word' id='word_1_245' title='bbox 347 3499 594 3573; x_wconf 64' lang='lat' dir='ltr'><strong>Moysen,</strong></span> <span class='ocrx_word' id='word_1_246' title='bbox 621 3511 666 3555; x_wconf 87' lang='lat' dir='ltr'><strong>et</strong></span> <span class='ocrx_word' id='word_1_247' title='bbox 692 3501 748 3555; x_wconf 91' lang='lat' dir='ltr'><strong>in</strong></span> <span class='ocrx_word' id='word_1_248' title='bbox 771 3517 858 3555; x_wconf 87' lang='lat' dir='ltr'><strong>eos</strong></span> <span class='ocrx_word' id='word_1_249' title='bbox 880 3499 966 3571; x_wconf 82' lang='lat' dir='ltr'><strong>qui</strong></span> <span class='ocrx_word' id='word_1_250' title='bbox 989 3514 1092 3551; x_wconf 90' lang='lat' dir='ltr'><strong>non</strong></span> <span class='ocrx_word' id='word_1_251' title='bbox 1121 3504 1484 3567; x_wconf 83' lang='lat' dir='ltr'><strong>peccaverunt,</strong></span> <span class='ocrx_word' id='word_1_252' title='bbox 1516 3495 1568 3548; x_wconf 87' lang='lat' dir='ltr'><strong>in</strong></span> <span class='ocrx_word' id='word_1_253' title='bbox 1597 3494 1842 3548; x_wconf 86' lang='lat' dir='ltr'><strong>similitu-</strong></span> 
     </span>
    </p>
   </div>
   <div class='ocr_carea' id='block_1_34' title="bbox 251 3586 1844 3664">
    <p class='ocr_par' dir='ltr' id='par_1_34' title="bbox 251 3586 1844 3664">
     <span class='ocr_line' id='line_1_34' title="bbox 251 3586 1844 3664; baseline -0.005 -15"><span class='ocrx_word' id='word_1_254' title='bbox 251 3594 420 3650; x_wconf 76' lang='lat' dir='ltr'><strong>dinem</strong></span> <span class='ocrx_word' id='word_1_255' title='bbox 441 3594 860 3664; x_wconf 66' lang='grc' dir='ltr'><strong>ρηευωιὶωιίωιὶε</strong></span> <span class='ocrx_word' id='word_1_256' title='bbox 878 3591 1040 3646; x_wconf 76' lang='lat' dir='ltr'><strong>Attat?</strong></span> <span class='ocrx_word' id='word_1_257' title='bbox 1057 3588 1472 3657; x_wconf 86' lang='lat' dir='ltr'><strong>Quomodolibet</strong></span> <span class='ocrx_word' id='word_1_258' title='bbox 1489 3586 1630 3642; x_wconf 89' lang='lat' dir='ltr'><strong>enim</strong></span> <span class='ocrx_word' id='word_1_259' title='bbox 1653 3587 1844 3641; x_wconf 67' lang='lat' dir='ltr'><strong>distim-</strong></span> 
     </span>
    </p>
   </div>
   <div class='ocr_carea' id='block_1_35' title="bbox 253 3677 1840 3759">
    <p class='ocr_par' dir='ltr' id='par_1_35' title="bbox 253 3677 1840 3759">
     <span class='ocr_line' id='line_1_35' title="bbox 253 3677 1840 3759; baseline -0.006 -19"><span class='ocrx_word' id='word_1_260' title='bbox 253 3687 447 3759; x_wconf 88' lang='lat' dir='ltr'><strong>gnatis,</strong></span> <span class='ocrx_word' id='word_1_261' title='bbox 466 3697 652 3742; x_wconf 90' lang='lat' dir='ltr'><strong>contra</strong></span> <span class='ocrx_word' id='word_1_262' title='bbox 673 3702 764 3741; x_wconf 90' lang='lat' dir='ltr'><strong>vos</strong></span> <span class='ocrx_word' id='word_1_263' title='bbox 785 3685 983 3740; x_wconf 83' lang='lat' dir='ltr'><strong>dixisse</strong></span> <span class='ocrx_word' id='word_1_264' title='bbox 1005 3681 1295 3753; x_wconf 84' lang='lat' dir='ltr'><strong>Apostolus</strong></span> <span class='ocrx_word' id='word_1_265' title='bbox 1316 3679 1599 3734; x_wconf 87' lang='lat' dir='ltr'><strong>invenitur.</strong></span> <span class='ocrx_word' id='word_1_266' title='bbox 1624 3677 1756 3732; x_wconf 79' lang='lat' dir='ltr'><strong>Nam</strong></span> <span class='ocrx_word' id='word_1_267' title='bbox 1773 3677 1840 3745; x_wconf 91' lang='lat' dir='ltr'><strong>si,</strong></span> 
     </span>
    </p>
   </div>
   <div class='ocr_carea' id='block_1_36' title="bbox 251 3771 1842 3853">
    <p class='ocr_par' dir='ltr' id='par_1_36' title="bbox 251 3771 1842 3853">
     <span class='ocr_line' id='line_1_36' title="bbox 251 3771 1842 3853; baseline -0.006 -18"><span class='ocrx_word' id='word_1_268' title='bbox 251 3778 507 3853; x_wconf 72' lang='lat' dir='ltr'><strong>Regnavit</strong></span> <span class='ocrx_word' id='word_1_269' title='bbox 537 3795 672 3834; x_wconf 84' lang='lat' dir='ltr'><strong>mors</strong></span> <span class='ocrx_word' id='word_1_270' title='bbox 699 3789 748 3834; x_wconf 86' lang='lat' dir='ltr'><strong>et</strong></span> <span class='ocrx_word' id='word_1_271' title='bbox 768 3779 823 3833; x_wconf 83' lang='lat' dir='ltr'><strong>in</strong></span> <span class='ocrx_word' id='word_1_272' title='bbox 843 3794 928 3833; x_wconf 91' lang='lat' dir='ltr'><strong>eos</strong></span> <span class='ocrx_word' id='word_1_273' title='bbox 947 3777 1034 3846; x_wconf 86' lang='lat' dir='ltr'><strong>qui</strong></span> <span class='ocrx_word' id='word_1_274' title='bbox 1059 3791 1160 3830; x_wconf 88' lang='lat' dir='ltr'><strong>non</strong></span> <span class='ocrx_word' id='word_1_275' title='bbox 1183 3780 1536 3846; x_wconf 80' lang='lat' dir='ltr'><strong>peccaverunt,</strong></span> <span class='ocrx_word' id='word_1_276' title='bbox 1585 3771 1842 3826; x_wconf 80' lang='lat' dir='ltr'><strong>distinxe-</strong></span> 
     </span>
    </p>
   </div>
   <div class='ocr_carea' id='block_1_37' title="bbox 248 3862 1846 3943">
    <p class='ocr_par' dir='ltr' id='par_1_37' title="bbox 248 3862 1846 3943">
     <span class='ocr_line' id='line_1_37' title="bbox 248 3862 1846 3943; baseline -0.005 -15"><span class='ocrx_word' id='word_1_277' title='bbox 248 3871 375 3928; x_wconf 86' lang='lat' dir='ltr'><strong>ritis</strong></span> <span class='ocrx_word' id='word_1_278' title='bbox 398 3870 440 3938; x_wconf 62' lang='grc' dir='ltr'><strong>ις</strong></span> <span class='ocrx_word' id='word_1_279' title='bbox 469 3871 736 3943; x_wconf 86' lang='lat' dir='ltr'><strong>quomodo</strong></span> <span class='ocrx_word' id='word_1_280' title='bbox 786 3870 859 3926; x_wconf 91' lang='lat' dir='ltr'><strong>sit</strong></span> <span class='ocrx_word' id='word_1_281' title='bbox 895 3870 1102 3940; x_wconf 82' lang='lat' dir='ltr'><strong>justum</strong></span> <span class='ocrx_word' id='word_1_282' title='bbox 1124 3907 1142 3934; x_wconf 90' lang='lat'><strong>,</strong></span> <span class='ocrx_word' id='word_1_283' title='bbox 1170 3865 1275 3920; x_wconf 80' lang='lat' dir='ltr'><strong>nisi</strong></span> <span class='ocrx_word' id='word_1_284' title='bbox 1317 3872 1538 3934; x_wconf 88' lang='lat' dir='ltr'><strong>propter</strong></span> <span class='ocrx_word' id='word_1_285' title='bbox 1585 3862 1846 3934; x_wconf 77' lang='lat' dir='ltr'><strong>originale</strong></span> 
     </span>
    </p>
   </div>
   <div class='ocr_carea' id='block_1_38' title="bbox 250 3963 1845 4035">
    <p class='ocr_par' dir='ltr' id='par_1_38' title="bbox 250 3963 1845 4035">
     <span class='ocr_line' id='line_1_38' title="bbox 250 3963 1845 4035; baseline -0.007 -15"><span class='ocrx_word' id='word_1_286' title='bbox 250 3972 524 4035; x_wconf 87' lang='lat' dir='ltr'><strong>peccatum</strong></span> <span class='ocrx_word' id='word_1_287' title='bbox 546 3963 571 4020; x_wconf 63' lang='grc' dir='ltr'><strong>ἲ</strong></span> <span class='ocrx_word' id='word_1_288' title='bbox 594 3965 663 4020; x_wconf 85' lang='lat' dir='ltr'><strong>Et</strong></span> <span class='ocrx_word' id='word_1_289' title='bbox 682 3963 806 4019; x_wconf 89' lang='lat' dir='ltr'><strong>ideo</strong></span> <span class='ocrx_word' id='word_1_290' title='bbox 833 3972 1080 4033; x_wconf 80' lang='lat' dir='ltr'><strong>tanquam</strong></span> <span class='ocrx_word' id='word_1_291' title='bbox 1100 3965 1450 4030; x_wconf 65' lang='lat' dir='ltr'><strong>quaereretur,</strong></span> <span class='ocrx_word' id='word_1_292' title='bbox 1473 3970 1640 4026; x_wconf 85' lang='lat' dir='ltr'><strong>quare</strong></span> <span class='ocrx_word' id='word_1_293' title='bbox 1654 3971 1845 4024; x_wconf 83' lang='lat' dir='ltr'><strong>regna-</strong></span> 
     </span>
    </p>
   </div>
   <div class='ocr_carea' id='block_1_39' title="bbox 247 4047 1844 4127">
    <p class='ocr_par' dir='ltr' id='par_1_39' title="bbox 247 4047 1844 4127">
     <span class='ocr_line' id='line_1_39' title="bbox 247 4047 1844 4127; baseline -0.006 -17"><span class='ocrx_word' id='word_1_294' title='bbox 247 4055 382 4110; x_wconf 87' lang='lat' dir='ltr'><strong>verit</strong></span> <span class='ocrx_word' id='word_1_295' title='bbox 407 4064 463 4110; x_wconf 91' lang='lat' dir='ltr'><strong>et</strong></span> <span class='ocrx_word' id='word_1_296' title='bbox 484 4056 536 4112; x_wconf 92' lang='lat' dir='ltr'><strong>in</strong></span> <span class='ocrx_word' id='word_1_297' title='bbox 558 4071 655 4112; x_wconf 85' lang='lat' dir='ltr'><strong>eos</strong></span> <span class='ocrx_word' id='word_1_298' title='bbox 675 4056 768 4127; x_wconf 89' lang='lat' dir='ltr'><strong>qui</strong></span> <span class='ocrx_word' id='word_1_299' title='bbox 793 4069 900 4110; x_wconf 91' lang='lat' dir='ltr'><strong>non</strong></span> <span class='ocrx_word' id='word_1_300' title='bbox 929 4059 1286 4124; x_wconf 84' lang='lat' dir='ltr'><strong>peccaverunt</strong></span> <span class='ocrx_word' id='word_1_301' title='bbox 1305 4066 1318 4102; x_wconf 90' lang='lat'><strong>:</strong></span> <span class='ocrx_word' id='word_1_302' title='bbox 1337 4047 1618 4118; x_wconf 85' lang='lat' dir='ltr'><strong>responsio</strong></span> <span class='ocrx_word' id='word_1_303' title='bbox 1638 4047 1844 4102; x_wconf 88' lang='lat' dir='ltr'><strong>reddita</strong></span> 
     </span>
    </p>
   </div>
   <div class='ocr_carea' id='block_1_40' title="bbox 249 4139 1843 4220">
    <p class='ocr_par' dir='ltr' id='par_1_40' title="bbox 249 4139 1843 4220">
     <span class='ocr_line' id='line_1_40' title="bbox 249 4139 1843 4220; baseline -0.011 -9"><span class='ocrx_word' id='word_1_304' title='bbox 249 4162 332 4211; x_wconf 82' lang='lat' dir='ltr'><strong>est</strong></span> <span class='ocrx_word' id='word_1_305' title='bbox 351 4191 369 4220; x_wconf 91' lang='lat'><strong>,</strong></span> <span class='ocrx_word' id='word_1_306' title='bbox 399 4150 466 4207; x_wconf 87' lang='lat' dir='ltr'><strong>In</strong></span> <span class='ocrx_word' id='word_1_307' title='bbox 491 4149 880 4206; x_wconf 75' lang='lat' dir='ltr'><strong>similitudinem</strong></span> <span class='ocrx_word' id='word_1_308' title='bbox 904 4144 1336 4218; x_wconf 68' lang='lat' dir='ltr'><strong>pravaricationis</strong></span> <span class='ocrx_word' id='word_1_309' title='bbox 1351 4141 1516 4208; x_wconf 63' lang='lat' dir='ltr'><strong>Ade;</strong></span> <span class='ocrx_word' id='word_1_310' title='bbox 1536 4139 1588 4195; x_wconf 92' lang='lat' dir='ltr'><strong>id</strong></span> <span class='ocrx_word' id='word_1_311' title='bbox 1611 4148 1712 4205; x_wconf 88' lang='lat' dir='ltr'><strong>est,</strong></span> <span class='ocrx_word' id='word_1_312' title='bbox 1736 4155 1843 4194; x_wconf 90' lang='lat' dir='ltr'><strong>non</strong></span> 
     </span>
    </p>
   </div>
   <div class='ocr_carea' id='block_1_41' title="bbox 253 4232 1845 4320">
    <p class='ocr_par' dir='ltr' id='par_1_41' title="bbox 253 4232 1845 4320">
     <span class='ocr_line' id='line_1_41' title="bbox 253 4232 1845 4320; baseline -0.011 -17"><span class='ocrx_word' id='word_1_313' title='bbox 253 4255 473 4320; x_wconf 84' lang='lat' dir='ltr'><strong>propter</strong></span> <span class='ocrx_word' id='word_1_314' title='bbox 491 4259 585 4299; x_wconf 84' lang='lat' dir='ltr'><strong>sua</strong></span> <span class='ocrx_word' id='word_1_315' title='bbox 607 4242 824 4315; x_wconf 88' lang='lat' dir='ltr'><strong>propria</strong></span> <span class='ocrx_word' id='word_1_316' title='bbox 845 4247 1085 4313; x_wconf 88' lang='lat' dir='ltr'><strong>peccata,</strong></span> <span class='ocrx_word' id='word_1_317' title='bbox 1110 4236 1207 4294; x_wconf 84' lang='lat' dir='ltr'><strong>sed</strong></span> <span class='ocrx_word' id='word_1_318' title='bbox 1231 4235 1485 4306; x_wconf 88' lang='lat' dir='ltr'><strong>quoniam</strong></span> <span class='ocrx_word' id='word_1_319' title='bbox 1515 4232 1600 4289; x_wconf 88' lang='lat' dir='ltr'><strong>sui</strong></span> <span class='ocrx_word' id='word_1_320' title='bbox 1641 4232 1845 4289; x_wconf 88' lang='lat' dir='ltr'><strong>similes</strong></span> 
     </span>
    </p>
   </div>
   <div class='ocr_carea' id='block_1_42' title="bbox 256 4326 1844 4412">
    <p class='ocr_par' dir='ltr' id='par_1_42' title="bbox 256 4326 1844 4412">
     <span class='ocr_line' id='line_1_42' title="bbox 256 4326 1844 4412; baseline -0.01 -17"><span class='ocrx_word' id='word_1_321' title='bbox 256 4343 443 4412; x_wconf 77' lang='lat' dir='ltr'><strong>genuit</strong></span> <span class='ocrx_word' id='word_1_322' title='bbox 471 4337 848 4409; x_wconf 78' lang='lat' dir='ltr'><strong>pmvaricator</strong></span> <span class='ocrx_word' id='word_1_323' title='bbox 885 4331 1098 4399; x_wconf 83' lang='lat' dir='ltr'><strong>Adam;</strong></span> <span class='ocrx_word' id='word_1_324' title='bbox 1140 4330 1279 4386; x_wconf 83' lang='lat' dir='ltr'><strong>sicut</strong></span> <span class='ocrx_word' id='word_1_325' title='bbox 1321 4333 1686 4398; x_wconf 74' lang='lat' dir='ltr'><strong>exposuerunt</strong></span> <span class='ocrx_word' id='word_1_326' title='bbox 1725 4326 1844 4380; x_wconf 83' lang='lat' dir='ltr'><strong>haec</strong></span> 
     </span>
    </p>
   </div>
   <div class='ocr_carea' id='block_1_43' title="bbox 223 4417 1842 4500">
    <p class='ocr_par' dir='ltr' id='par_1_43' title="bbox 223 4417 1842 4500">
     <span class='ocr_line' id='line_1_43' title="bbox 223 4417 1842 4500; baseline -0.011 -11"><span class='ocrx_word' id='word_1_327' title='bbox 223 4427 226 4430; x_wconf 52' lang='grc'>“</span> <span class='ocrx_word' id='word_1_328' title='bbox 255 4432 422 4489; x_wconf 85' lang='lat' dir='ltr'><strong>verba</strong></span> <span class='ocrx_word' id='word_1_329' title='bbox 444 4429 714 4500; x_wconf 67' lang='lat' dir='ltr'><strong>etiam‘qui</strong></span> <span class='ocrx_word' id='word_1_330' title='bbox 731 4436 860 4483; x_wconf 78' lang='lat' dir='ltr'><strong>ante</strong></span> <span class='ocrx_word' id='word_1_331' title='bbox 891 4441 991 4482; x_wconf 88' lang='lat' dir='ltr'><strong>nos</strong></span> <span class='ocrx_word' id='word_1_332' title='bbox 1016 4421 1266 4480; x_wconf 84' lang='lat' dir='ltr'><strong>catholici</strong></span> <span class='ocrx_word' id='word_1_333' title='bbox 1307 4419 1560 4477; x_wconf 87' lang='lat' dir='ltr'><strong>doctores</strong></span> <span class='ocrx_word' id='word_1_334' title='bbox 1607 4417 1842 4474; x_wconf 82' lang='lat' dir='ltr'><strong>fuerunt.</strong></span> 
     </span>
    </p>
   </div>
   <div class='ocr_carea' id='block_1_44' title="bbox 256 4514 1840 4596">
    <p class='ocr_par' dir='ltr' id='par_1_44' title="bbox 256 4514 1840 4596">
     <span class='ocr_line' id='line_1_44' title="bbox 256 4514 1840 4596; baseline -0.011 -15"><span class='ocrx_word' id='word_1_335' title='bbox 256 4524 513 4596; x_wconf 84' lang='lat' dir='ltr'><strong>Quamvis</strong></span> <span class='ocrx_word' id='word_1_336' title='bbox 531 4522 673 4580; x_wconf 84' lang='lat' dir='ltr'><strong>enim</strong></span> <span class='ocrx_word' id='word_1_337' title='bbox 699 4528 972 4592; x_wconf 88' lang='lat' dir='ltr'><strong>peccatum</strong></span> <span class='ocrx_word' id='word_1_338' title='bbox 1016 4515 1149 4573; x_wconf 90' lang='lat' dir='ltr'><strong>illud</strong></span> <span class='ocrx_word' id='word_1_339' title='bbox 1190 4514 1421 4586; x_wconf 86' lang='lat' dir='ltr'><strong>primum</strong></span> <span class='ocrx_word' id='word_1_340' title='bbox 1445 4519 1609 4584; x_wconf 87' lang='lat' dir='ltr'><strong>atque</strong></span> <span class='ocrx_word' id='word_1_341' title='bbox 1633 4526 1800 4566; x_wconf 84' lang='lat' dir='ltr'><strong>unum</strong></span> <span class='ocrx_word' id='word_1_342' title='bbox 1823 4551 1840 4578; x_wconf 91' lang='lat'><strong>,</strong></span> 
     </span>
    </p>
   </div>
   <div class='ocr_carea' id='block_1_45' title="bbox 253 4604 1844 4690">
    <p class='ocr_par' dir='ltr' id='par_1_45' title="bbox 253 4604 1844 4690">
     <span class='ocr_line' id='line_1_45' title="bbox 253 4604 1844 4690; baseline -0.012 -15"><span class='ocrx_word' id='word_1_343' title='bbox 253 4617 398 4690; x_wconf 61' lang='lat' dir='ltr'><strong>Quod</strong></span> <span class='ocrx_word' id='word_1_344' title='bbox 422 4631 524 4689; x_wconf 87' lang='lat' dir='ltr'><strong>per</strong></span> <span class='ocrx_word' id='word_1_345' title='bbox 543 4631 712 4670; x_wconf 79' lang='lat' dir='ltr'><strong>unum</strong></span> <span class='ocrx_word' id='word_1_346' title='bbox 737 4613 1008 4668; x_wconf 79' lang='lat' dir='ltr'><strong>hominem</strong></span> <span class='ocrx_word' id='word_1_347' title='bbox 1035 4607 1256 4666; x_wconf 86' lang='lat' dir='ltr'><strong>intravit</strong></span> <span class='ocrx_word' id='word_1_348' title='bbox 1280 4607 1336 4662; x_wconf 90' lang='lat' dir='ltr'><strong>in</strong></span> <span class='ocrx_word' id='word_1_349' title='bbox 1359 4604 1620 4661; x_wconf 87' lang='lat' dir='ltr'><strong>mundum</strong></span> <span class='ocrx_word' id='word_1_350' title='bbox 1645 4643 1662 4670; x_wconf 92' lang='lat'><strong>,</strong></span> <span class='ocrx_word' id='word_1_351' title='bbox 1687 4616 1844 4659; x_wconf 86' lang='lat' dir='ltr'><strong>com-</strong></span> 
     </span>
    </p>
   </div>
   <div class='ocr_carea' id='block_1_46' title="bbox 252 4691 1846 4775">
    <p class='ocr_par' dir='ltr' id='par_1_46' title="bbox 252 4691 1846 4775">
     <span class='ocr_line' id='line_1_46' title="bbox 252 4691 1846 4775; baseline -0.013 -9"><span class='ocrx_word' id='word_1_352' title='bbox 252 4723 418 4766; x_wconf 82' lang='lat' dir='ltr'><strong>mune</strong></span> <span class='ocrx_word' id='word_1_353' title='bbox 445 4707 518 4764; x_wconf 88' lang='lat' dir='ltr'><strong>sit</strong></span> <span class='ocrx_word' id='word_1_354' title='bbox 545 4705 811 4770; x_wconf 85' lang='lat' dir='ltr'><strong>omnium,</strong></span> <span class='ocrx_word' id='word_1_355' title='bbox 834 4713 1051 4775; x_wconf 84' lang='lat' dir='ltr'><strong>propter</strong></span> <span class='ocrx_word' id='word_1_356' title='bbox 1073 4699 1219 4773; x_wconf 91' lang='lat' dir='ltr'><strong>quod</strong></span> <span class='ocrx_word' id='word_1_357' title='bbox 1240 4697 1444 4753; x_wconf 90' lang='lat' dir='ltr'><strong>dictum</strong></span> <span class='ocrx_word' id='word_1_358' title='bbox 1487 4702 1608 4764; x_wconf 89' lang='lat' dir='ltr'><strong>est,</strong></span> <span class='ocrx_word' id='word_1_359' title='bbox 1641 4691 1711 4749; x_wconf 89' lang='lat' dir='ltr'><strong>In</strong></span> <span class='ocrx_word' id='word_1_360' title='bbox 1744 4709 1846 4764; x_wconf 83' lang='lat' dir='ltr'><strong>quo</strong></span> 
     </span>
    </p>
   </div>
   <div class='ocr_carea' id='block_1_47' title="bbox 250 4785 1846 4872">
    <p class='ocr_par' dir='ltr' id='par_1_47' title="bbox 250 4785 1846 4872">
     <span class='ocr_line' id='line_1_47' title="bbox 250 4785 1846 4872; baseline -0.011 -16"><span class='ocrx_word' id='word_1_361' title='bbox 250 4817 426 4857; x_wconf 78' lang='lat' dir='ltr'><strong>omnes</strong></span> <span class='ocrx_word' id='word_1_362' title='bbox 449 4805 807 4872; x_wconf 63' lang='lat' dir='ltr'><strong>peceavaunt;</strong></span> <span class='ocrx_word' id='word_1_363' title='bbox 835 4805 1014 4850; x_wconf 87' lang='lat' dir='ltr'><strong>tamen</strong></span> <span class='ocrx_word' id='word_1_364' title='bbox 1043 4807 1139 4847; x_wconf 83' lang='lat' dir='ltr'><strong>sua</strong></span> <span class='ocrx_word' id='word_1_365' title='bbox 1169 4787 1384 4861; x_wconf 89' lang='lat' dir='ltr'><strong>propria</strong></span> <span class='ocrx_word' id='word_1_366' title='bbox 1408 4785 1615 4858; x_wconf 89' lang='lat' dir='ltr'><strong>parvuli</strong></span> <span class='ocrx_word' id='word_1_367' title='bbox 1628 4791 1846 4855; x_wconf 88' lang='lat' dir='ltr'><strong>peccata</strong></span> 
     </span>
    </p>
   </div>
   <div class='ocr_carea' id='block_1_48' title="bbox 249 4875 1846 4951">
    <p class='ocr_par' dir='ltr' id='par_1_48' title="bbox 249 4875 1846 4951">
     <span class='ocr_line' id='line_1_48' title="bbox 249 4875 1846 4951; baseline -0.011 0"><span class='ocrx_word' id='word_1_368' title='bbox 249 4911 354 4951; x_wconf 80' lang='lat' dir='ltr'><strong>non</strong></span> <span class='ocrx_word' id='word_1_369' title='bbox 385 4893 605 4950; x_wconf 81' lang='lat' dir='ltr'><strong>habent.</strong></span> <span class='ocrx_word' id='word_1_370' title='bbox 629 4891 698 4948; x_wconf 82' lang='lat' dir='ltr'><strong>Et</strong></span> <span class='ocrx_word' id='word_1_371' title='bbox 726 4888 850 4945; x_wconf 91' lang='lat' dir='ltr'><strong>ideo</strong></span> <span class='ocrx_word' id='word_1_372' title='bbox 884 4888 956 4944; x_wconf 90' lang='lat' dir='ltr'><strong>de</strong></span> <span class='ocrx_word' id='word_1_373' title='bbox 979 4886 1085 4942; x_wconf 83' lang='lat' dir='ltr'><strong>illis</strong></span> <span class='ocrx_word' id='word_1_374' title='bbox 1110 4884 1275 4940; x_wconf 87' lang='lat' dir='ltr'><strong>etiam</strong></span> <span class='ocrx_word' id='word_1_375' title='bbox 1304 4880 1408 4938; x_wconf 84' lang='lat' dir='ltr'><strong>hoc</strong></span> <span class='ocrx_word' id='word_1_376' title='bbox 1437 4877 1704 4934; x_wconf 84' lang='lat' dir='ltr'><strong>veraciter</strong></span> <span class='ocrx_word' id='word_1_377' title='bbox 1735 4875 1846 4934; x_wconf 86' lang='lat' dir='ltr'><strong>dici</strong></span> 
     </span>
    </p>
   </div>
   <div class='ocr_carea' id='block_1_49' title="bbox 254 4971 1847 5057">
    <p class='ocr_par' dir='ltr' id='par_1_49' title="bbox 254 4971 1847 5057">
     <span class='ocr_line' id='line_1_49' title="bbox 254 4971 1847 5057; baseline -0.008 -19"><span class='ocrx_word' id='word_1_378' title='bbox 254 4987 443 5057; x_wconf 83' lang='lat' dir='ltr'><strong>potuit,</strong></span> <span class='ocrx_word' id='word_1_379' title='bbox 470 4984 612 5057; x_wconf 90' lang='lat' dir='ltr'><strong>quod</strong></span> <span class='ocrx_word' id='word_1_380' title='bbox 644 4998 751 5038; x_wconf 93' lang='lat' dir='ltr'><strong>non</strong></span> <span class='ocrx_word' id='word_1_381' title='bbox 796 4985 1192 5052; x_wconf 87' lang='lat' dir='ltr'><strong>peccaverunt;</strong></span> <span class='ocrx_word' id='word_1_382' title='bbox 1226 4974 1320 5031; x_wconf 88' lang='lat' dir='ltr'><strong>sed</strong></span> <span class='ocrx_word' id='word_1_383' title='bbox 1365 4971 1609 5045; x_wconf 76' lang='lat' dir='ltr'><strong>regnavit</strong></span> <span class='ocrx_word' id='word_1_384' title='bbox 1648 4971 1702 5027; x_wconf 91' lang='lat' dir='ltr'><strong>in</strong></span> <span class='ocrx_word' id='word_1_385' title='bbox 1749 4985 1847 5027; x_wconf 87' lang='lat' dir='ltr'><strong>eos</strong></span> 
     </span>
    </p>
   </div>
   <div class='ocr_carea' id='block_1_50' title="bbox 257 5063 1848 5142">
    <p class='ocr_par' dir='ltr' id='par_1_50' title="bbox 257 5063 1848 5142">
     <span class='ocr_line' id='line_1_50' title="bbox 257 5063 1848 5142; baseline -0.011 -8"><span class='ocrx_word' id='word_1_386' title='bbox 257 5094 400 5134; x_wconf 86' lang='lat' dir='ltr'><strong>mors</strong></span> <span class='ocrx_word' id='word_1_387' title='bbox 423 5079 477 5134; x_wconf 90' lang='lat' dir='ltr'><strong>in</strong></span> <span class='ocrx_word' id='word_1_388' title='bbox 504 5077 910 5142; x_wconf 75' lang='lat' dir='ltr'><strong>similitudinem,</strong></span> <span class='ocrx_word' id='word_1_389' title='bbox 932 5085 993 5130; x_wconf 89' lang='lat' dir='ltr'><strong>ut</strong></span> <span class='ocrx_word' id='word_1_390' title='bbox 1035 5072 1241 5128; x_wconf 81' lang='lat' dir='ltr'><strong>dictum</strong></span> <span class='ocrx_word' id='word_1_391' title='bbox 1260 5077 1344 5125; x_wconf 86' lang='lat' dir='ltr'><strong>est</strong></span> <span class='ocrx_word' id='word_1_392' title='bbox 1365 5107 1384 5136; x_wconf 92' lang='lat'><strong>,</strong></span> <span class='ocrx_word' id='word_1_393' title='bbox 1416 5063 1848 5136; x_wconf 73' lang='lat' dir='ltr'><strong>prwoaricationis</strong></span> 
     </span>
    </p>
   </div>
   <div class='ocr_carea' id='block_1_51' title="bbox 261 5153 1849 5240">
    <p class='ocr_par' dir='ltr' id='par_1_51' title="bbox 261 5153 1849 5240">
     <span class='ocr_line' id='line_1_51' title="bbox 261 5153 1849 5240; baseline -0.013 -10"><span class='ocrx_word' id='word_1_394' title='bbox 261 5171 404 5229; x_wconf 66' lang='lat' dir='ltr'><strong>Adae.</strong></span> <span class='ocrx_word' id='word_1_395' title='bbox 439 5168 494 5226; x_wconf 93' lang='lat' dir='ltr'><strong>Si</strong></span> <span class='ocrx_word' id='word_1_396' title='bbox 522 5178 700 5226; x_wconf 81' lang='lat' dir='ltr'><strong>autem</strong></span> <span class='ocrx_word' id='word_1_397' title='bbox 727 5211 746 5237; x_wconf 90' lang='lat'><strong>,</strong></span> <span class='ocrx_word' id='word_1_398' title='bbox 776 5167 1026 5240; x_wconf 78' lang='lat' dir='ltr'><strong>Regnavit</strong></span> <span class='ocrx_word' id='word_1_399' title='bbox 1063 5179 1206 5220; x_wconf 87' lang='lat' dir='ltr'><strong>mors</strong></span> <span class='ocrx_word' id='word_1_400' title='bbox 1253 5162 1319 5217; x_wconf 77' lang='lat' dir='ltr'><strong>ab</strong></span> <span class='ocrx_word' id='word_1_401' title='bbox 1360 5158 1529 5216; x_wconf 75' lang='lat' dir='ltr'><strong>Adam</strong></span> <span class='ocrx_word' id='word_1_402' title='bbox 1570 5172 1728 5226; x_wconf 85' lang='lat' dir='ltr'><strong>usque</strong></span> <span class='ocrx_word' id='word_1_403' title='bbox 1778 5153 1849 5210; x_wconf 79' lang='lat' dir='ltr'><strong>ad</strong></span> 
     </span>
    </p>
   </div>
   <div class='ocr_carea' id='block_1_52' title="bbox 257 5248 1850 5336">
    <p class='ocr_par' dir='ltr' id='par_1_52' title="bbox 257 5248 1850 5336">
     <span class='ocr_line' id='line_1_52' title="bbox 257 5248 1850 5336; baseline -0.012 -15"><span class='ocrx_word' id='word_1_404' title='bbox 257 5262 495 5336; x_wconf 69' lang='lat' dir='ltr'><strong>Moysen,</strong></span> <span class='ocrx_word' id='word_1_405' title='bbox 521 5273 567 5318; x_wconf 91' lang='lat' dir='ltr'><strong>et</strong></span> <span class='ocrx_word' id='word_1_406' title='bbox 590 5264 645 5318; x_wconf 89' lang='lat' dir='ltr'><strong>in</strong></span> <span class='ocrx_word' id='word_1_407' title='bbox 673 5279 755 5318; x_wconf 87' lang='lat' dir='ltr'><strong>eos</strong></span> <span class='ocrx_word' id='word_1_408' title='bbox 779 5263 866 5334; x_wconf 85' lang='lat' dir='ltr'><strong>qui</strong></span> <span class='ocrx_word' id='word_1_409' title='bbox 885 5277 986 5317; x_wconf 84' lang='lat' dir='ltr'><strong>non</strong></span> <span class='ocrx_word' id='word_1_410' title='bbox 1017 5261 1365 5332; x_wconf 75' lang='lat' dir='ltr'><strong>peccaverunt,</strong></span> <span class='ocrx_word' id='word_1_411' title='bbox 1393 5253 1450 5308; x_wconf 89' lang='lat' dir='ltr'><strong>in</strong></span> <span class='ocrx_word' id='word_1_412' title='bbox 1465 5248 1850 5308; x_wconf 84' lang='lat' dir='ltr'><strong>similitudinem</strong></span> 
     </span>
    </p>
   </div>
   <div class='ocr_carea' id='block_1_53' title="bbox 321 5373 1042 5438">
    <p class='ocr_par' dir='ltr' id='par_1_53' title="bbox 321 5373 1042 5438">
     <span class='ocr_line' id='line_1_53' title="bbox 321 5373 1042 5438; baseline -0.007 -9"><span class='ocrx_word' id='word_1_413' title='bbox 321 5380 338 5412; x_wconf 77' lang='grc'>⁸</span> <span class='ocrx_word' id='word_1_414' title='bbox 375 5385 428 5429; x_wconf 82' lang='grc' dir='ltr'>ιιι</span> <span class='ocrx_word' id='word_1_415' title='bbox 446 5385 576 5438; x_wconf 80' lang='lat' dir='ltr'><strong>Ilss.,</strong></span> <span class='ocrx_word' id='word_1_416' title='bbox 609 5373 1042 5438; x_wconf 65' lang='lat' dir='ltr'><strong>administratione.</strong></span> 
     </span>
    </p>
   </div>
   <div class='ocr_carea' id='block_1_54' title="bbox 317 5435 1680 5504">
    <p class='ocr_par' dir='ltr' id='par_1_54' title="bbox 317 5435 1680 5504">
     <span class='ocr_line' id='line_1_54' title="bbox 317 5435 1680 5504; baseline 0.01 -14"><span class='ocrx_word' id='word_1_417' title='bbox 317 5443 339 5474; x_wconf 67' lang='grc' dir='ltr'>θ</span> <span class='ocrx_word' id='word_1_418' title='bbox 373 5435 1096 5502; x_wconf 73' lang='lat' dir='ltr'><strong>ineditis,actianisingmitw</strong></span> <span class='ocrx_word' id='word_1_419' title='bbox 1466 5490 1480 5504; x_wconf 89' lang='lat'><strong>.</strong></span> <span class='ocrx_word' id='word_1_420' title='bbox 1510 5502 1520 5504; x_wconf 87' lang='lat'>_</span> <span class='ocrx_word' id='word_1_421' title='bbox 1547 5495 1579 5504; x_wconf 28' lang='grc' dir='ltr'><strong>ν.</strong></span> 
     </span>
    </p>
   </div>
   <div class='ocr_carea' id='block_1_55' title="bbox 317 5486 1848 5565">
    <p class='ocr_par' dir='ltr' id='par_1_55' title="bbox 317 5486 1848 5565">
     <span class='ocr_line' id='line_1_55' title="bbox 317 5486 1848 5565; baseline -0.015 -8"><span class='ocrx_word' id='word_1_422' title='bbox 317 5505 340 5538; x_wconf 87' lang='grc'><em>³</em></span> <span class='ocrx_word' id='word_1_423' title='bbox 371 5486 593 5556; x_wconf 54' lang='lat' dir='ltr'><strong>sibisi?</strong></span> <span class='ocrx_word' id='word_1_424' title='bbox 611 5486 986 5565; x_wconf 29' lang='lat' dir='ltr'><strong>&#39;Editi&#39;veroﬂp&#39;i&#39;o</strong></span> <span class='ocrx_word' id='word_1_425' title='bbox 1171 5492 1304 5565; x_wconf 74' lang='lat' dir='ltr'><strong>licuit</strong></span> <span class='ocrx_word' id='word_1_426' title='bbox 1317 5533 1333 5555; x_wconf 88' lang='lat'><strong>,</strong></span> <span class='ocrx_word' id='word_1_427' title='bbox 1360 5490 1616 5565; x_wconf 69' lang='lat' dir='ltr'><strong>ferebant,</strong></span> <span class='ocrx_word' id='word_1_428' title='bbox 1644 5486 1848 5565; x_wconf 47' lang='lat' dir='ltr'><strong>liberum</strong></span> 
     </span>
    </p>
   </div>
   <div class='ocr_carea' id='block_1_56' title="bbox 251 5550 1846 5624">
    <p class='ocr_par' dir='ltr' id='par_1_56' title="bbox 251 5550 1846 5624">
     <span class='ocr_line' id='line_1_56' title="bbox 251 5550 1846 5624; baseline -0.016 -3"><span class='ocrx_word' id='word_1_429' title='bbox 251 5580 344 5620; x_wconf 75' lang='lat' dir='ltr'><strong>non</strong></span> <span class='ocrx_word' id='word_1_430' title='bbox 368 5550 588 5620; x_wconf 51' lang='lat' dir='ltr'><strong>abii-$1</strong></span> <span class='ocrx_word' id='word_1_431' title='bbox 610 5550 935 5624; x_wconf 50' lang='lat' dir='ltr'><strong>malum;</strong></span> <span class='ocrx_word' id='word_1_432' title='bbox 960 5550 1083 5622; x_wconf 74' lang='lat' dir='ltr'><strong>loco,</strong></span> <span class='ocrx_word' id='word_1_433' title='bbox 1106 5550 1351 5609; x_wconf 75' lang='lat' dir='ltr'><strong>mortales.</strong></span> <span class='ocrx_word' id='word_1_434' title='bbox 1385 5561 1526 5604; x_wconf 76' lang='lat' dir='ltr'><strong>Forte</strong></span> <span class='ocrx_word' id='word_1_435' title='bbox 1561 5550 1846 5614; x_wconf 85' lang='lat' dir='ltr'><strong>legendum,</strong></span> 
     </span>
    </p>
   </div>
   <div class='ocr_carea' id='block_1_57' title="bbox 254 5629 1845 5696">
    <p class='ocr_par' dir='ltr' id='par_1_57' title="bbox 254 5629 1845 5696">
     <span class='ocr_line' id='line_1_57' title="bbox 254 5629 1845 5696; baseline 0 0"><span class='ocrx_word' id='word_1_436' title='bbox 254 5645 340 5696; x_wconf 75' lang='lat' dir='ltr'><strong>per</strong></span> <span class='ocrx_word' id='word_1_437' title='bbox 363 5629 581 5696; x_wconf 56' lang='lat' dir='ltr'><strong>medium.</strong></span> <span class='ocrx_word' id='word_1_438' title='bbox 593 5629 976 5696; x_wconf 60' lang='lat' dir='ltr'><strong>“‘1‘4.WP“3.1.</strong></span> <span class='ocrx_word' id='word_1_439' title='bbox 1472 5684 1512 5696; x_wconf 86' lang='lat'><strong>..</strong></span> <span class='ocrx_word' id='word_1_440' title='bbox 1539 5672 1845 5696; x_wconf 36' lang='lat' dir='ltr'><strong>“mne-..</strong></span> 
     </span>
    </p>
   </div>
   <div class='ocr_carea' id='block_1_58' title="bbox 317 5679 1848 5753">
    <p class='ocr_par' dir='ltr' id='par_1_58' title="bbox 317 5679 1848 5753">
     <span class='ocr_line' id='line_1_58' title="bbox 317 5679 1848 5753; baseline -0.007 -12"><span class='ocrx_word' id='word_1_441' title='bbox 317 5679 339 5726; x_wconf 62' lang='grc' dir='ltr'>λ</span> <span class='ocrx_word' id='word_1_442' title='bbox 364 5679 492 5744; x_wconf 61' lang='lat' dir='ltr'><strong>una</strong></span> <span class='ocrx_word' id='word_1_443' title='bbox 507 5679 657 5753; x_wconf 53' lang='lat' dir='ltr'><strong>nam</strong></span> <span class='ocrx_word' id='word_1_444' title='bbox 681 5679 1000 5753; x_wconf 64' lang='grc' dir='ltr'><strong>ᾱὶδιέιιὲενξιίδ</strong></span> <span class='ocrx_word' id='word_1_445' title='bbox 1019 5719 1035 5742; x_wconf 87' lang='grc'><em>,</em></span> <span class='ocrx_word' id='word_1_446' title='bbox 1057 5696 1152 5734; x_wconf 88' lang='lat' dir='ltr'><strong>non</strong></span> <span class='ocrx_word' id='word_1_447' title='bbox 1179 5679 1440 5753; x_wconf 76' lang='lat' dir='ltr'><strong>invenietis.</strong></span> <span class='ocrx_word' id='word_1_448' title='bbox 1459 5679 1848 5753; x_wconf 26' lang='lat' dir='ltr'><strong>.Atlmgous‘cgi‘pti</strong></span> 
     </span>
    </p>
   </div>
   <div class='ocr_carea' id='block_1_59' title="bbox 254 5739 1848 5819">
    <p class='ocr_par' dir='ltr' id='par_1_59' title="bbox 254 5739 1848 5819">
     <span class='ocr_line' id='line_1_59' title="bbox 254 5739 1848 5819; baseline -0.001 1"><span class='ocrx_word' id='word_1_449' title='bbox 254 5739 580 5819; x_wconf 62' lang='grc' dir='ltr'><strong>ντωιῐξξὺἔιίξ</strong></span> <span class='ocrx_word' id='word_1_450' title='bbox 587 5739 728 5819; x_wconf 55' lang='lat' dir='ltr'><strong>Eiet;</strong></span> <span class='ocrx_word' id='word_1_451' title='bbox 735 5739 909 5819; x_wconf 58' lang='grc' dir='ltr'><strong>ὲιιῐιοη</strong></span> <span class='ocrx_word' id='word_1_452' title='bbox 917 5739 1180 5819; x_wconf 52' lang='lat' dir='ltr'><strong>mmm-</strong></span> <span class='ocrx_word' id='word_1_453' title='bbox 1193 5739 1848 5819; x_wconf 50' lang='grc' dir='ltr'><strong>ιιξξρυὲωεὲνὲίέξξΐέἓξὲ</strong></span> 
     </span>
    </p>
   </div>
   <div class='ocr_carea' id='block_1_60' title="bbox 253 5803 1852 5873">
    <p class='ocr_par' dir='ltr' id='par_1_60' title="bbox 253 5803 1852 5873">
     <span class='ocr_line' id='line_1_60' title="bbox 253 5803 1852 5873; baseline -0.013 -6"><span class='ocrx_word' id='word_1_454' title='bbox 253 5803 737 5873; x_wconf 48' lang='lat' dir='ltr'><strong>animusanimi</strong></span> <span class='ocrx_word' id='word_1_455' title='bbox 751 5803 854 5864; x_wconf 77' lang='lat' dir='ltr'><strong>istis</strong></span> <span class='ocrx_word' id='word_1_456' title='bbox 869 5809 1041 5871; x_wconf 80' lang='lat' dir='ltr'><strong>verbis,</strong></span> <span class='ocrx_word' id='word_1_457' title='bbox 1055 5817 1110 5859; x_wconf 87' lang='lat' dir='ltr'><strong>In</strong></span> <span class='ocrx_word' id='word_1_458' title='bbox 1123 5803 1484 5873; x_wconf 68' lang='lat' dir='ltr'><strong>similitudinem</strong></span> <span class='ocrx_word' id='word_1_459' title='bbox 1497 5803 1852 5873; x_wconf 59' lang='lat' dir='ltr'><strong>prtevuricalfo-</strong></span> 
     </span>
    </p>
   </div>
   <div class='ocr_carea' id='block_1_61' title="bbox 255 5861 1834 5939">
    <p class='ocr_par' dir='ltr' id='par_1_61' title="bbox 255 5861 1834 5939">
     <span class='ocr_line' id='line_1_61' title="bbox 255 5861 1834 5939; baseline -0.016 -7"><span class='ocrx_word' id='word_1_460' title='bbox 255 5861 732 5939; x_wconf 53' lang='lat' dir='ltr'><strong>iisiir‘tﬂéﬁiié</strong></span> <span class='ocrx_word' id='word_1_461' title='bbox 753 5861 1041 5938; x_wconf 71' lang='lat' dir='ltr'><strong>legendum</strong></span> <span class='ocrx_word' id='word_1_462' title='bbox 1096 5874 1332 5922; x_wconf 85' lang='lat' dir='ltr'><strong>auomoao</strong></span> <span class='ocrx_word' id='word_1_463' title='bbox 1368 5864 1462 5920; x_wconf 84' lang='lat' dir='ltr'><strong>erit</strong></span> <span class='ocrx_word' id='word_1_464' title='bbox 1496 5861 1676 5930; x_wconf 72' lang='lat' dir='ltr'><strong>iustum</strong></span> <span class='ocrx_word' id='word_1_465' title='bbox 1747 5861 1834 5904; x_wconf 65' lang='lat' dir='ltr'><strong>ot-</strong></span> 
     </span>
    </p>
   </div>
   <div class='ocr_carea' id='block_1_62' title="bbox 1599 319 2218 380">
    <p class='ocr_par' dir='ltr' id='par_1_62' title="bbox 1599 319 2218 380">
     <span class='ocr_line' id='line_1_62' title="bbox 1599 319 2218 380; baseline -0.003 -2"><span class='ocrx_word' id='word_1_466' title='bbox 1599 319 1804 378; x_wconf 77' lang='lat' dir='ltr'><strong>LIBER</strong></span> <span class='ocrx_word' id='word_1_467' title='bbox 1841 321 2218 380; x_wconf 78' lang='lat' dir='ltr'><strong>SECUNDUS.</strong></span> 
     </span>
    </p>
   </div>
   <div class='ocr_carea' id='block_1_63' title="bbox 3384 333 3528 393">
    <p class='ocr_par' dir='ltr' id='par_1_63' title="bbox 3384 333 3528 393">
     <span class='ocr_line' id='line_1_63' title="bbox 3384 333 3528 393; baseline 0.007 -1"><span class='ocrx_word' id='word_1_468' title='bbox 3384 333 3528 393; x_wconf 63' lang='lat' dir='ltr'><strong>im</strong></span> 
     </span>
    </p>
   </div>
   <div class='ocr_carea' id='block_1_64' title="bbox 1938 445 3525 527">
    <p class='ocr_par' dir='ltr' id='par_1_64' title="bbox 1938 445 3525 527">
     <span class='ocr_line' id='line_1_64' title="bbox 1938 445 3525 527; baseline 0.011 -32"><span class='ocrx_word' id='word_1_469' title='bbox 1938 445 2366 513; x_wconf 66' lang='lat' dir='ltr'><strong>praevaricationis</strong></span> <span class='ocrx_word' id='word_1_470' title='bbox 2393 447 2541 516; x_wconf 72' lang='lat' dir='ltr'><strong>Adae,</strong></span> <span class='ocrx_word' id='word_1_471' title='bbox 2575 448 2746 518; x_wconf 85' lang='lat' dir='ltr'><strong>idest,</strong></span> <span class='ocrx_word' id='word_1_472' title='bbox 2771 457 2826 508; x_wconf 84' lang='lat' dir='ltr'><strong>et</strong></span> <span class='ocrx_word' id='word_1_473' title='bbox 2851 449 2906 508; x_wconf 86' lang='lat' dir='ltr'><strong>in</strong></span> <span class='ocrx_word' id='word_1_474' title='bbox 2931 453 3027 510; x_wconf 70' lang='lat' dir='ltr'><strong>obs</strong></span> <span class='ocrx_word' id='word_1_475' title='bbox 3053 453 3145 527; x_wconf 84' lang='lat' dir='ltr'><strong>qui</strong></span> <span class='ocrx_word' id='word_1_476' title='bbox 3169 467 3525 525; x_wconf 83' lang='lat' dir='ltr'><strong>peccaverunt</strong></span> 
     </span>
    </p>
   </div>
   <div class='ocr_carea' id='block_1_65' title="bbox 1935 536 3526 618">
    <p class='ocr_par' dir='ltr' id='par_1_65' title="bbox 1935 536 3526 618">
     <span class='ocr_line' id='line_1_65' title="bbox 1935 536 3526 618; baseline 0.011 -31"><span class='ocrx_word' id='word_1_477' title='bbox 1935 536 2192 604; x_wconf 87' lang='lat' dir='ltr'><strong>quidem,</strong></span> <span class='ocrx_word' id='word_1_478' title='bbox 2220 537 2314 593; x_wconf 89' lang='lat' dir='ltr'><strong>sed</strong></span> <span class='ocrx_word' id='word_1_479' title='bbox 2362 556 2466 595; x_wconf 89' lang='lat' dir='ltr'><strong>non</strong></span> <span class='ocrx_word' id='word_1_480' title='bbox 2515 541 2566 596; x_wconf 90' lang='lat' dir='ltr'><strong>in</strong></span> <span class='ocrx_word' id='word_1_481' title='bbox 2613 544 3016 601; x_wconf 89' lang='lat' dir='ltr'><strong>similitudinem</strong></span> <span class='ocrx_word' id='word_1_482' title='bbox 3069 546 3526 618; x_wconf 65' lang='lat' dir='ltr'><strong>pratvaricationis</strong></span> 
     </span>
    </p>
   </div>
   <div class='ocr_carea' id='block_1_66' title="bbox 1935 627 3525 705">
    <p class='ocr_par' dir='ltr' id='par_1_66' title="bbox 1935 627 3525 705">
     <span class='ocr_line' id='line_1_66' title="bbox 1935 627 3525 705; baseline 0.008 -24"><span class='ocrx_word' id='word_1_483' title='bbox 1935 627 2065 681; x_wconf 78' lang='lat' dir='ltr'><strong>Ada:</strong></span> <span class='ocrx_word' id='word_1_484' title='bbox 2095 641 2477 699; x_wconf 87' lang='lat' dir='ltr'><strong>peccaverunt;</strong></span> <span class='ocrx_word' id='word_1_485' title='bbox 2507 635 2776 691; x_wconf 89' lang='lat' dir='ltr'><strong>neminem</strong></span> <span class='ocrx_word' id='word_1_486' title='bbox 2803 637 3098 692; x_wconf 89' lang='lat' dir='ltr'><strong>secundum</strong></span> <span class='ocrx_word' id='word_1_487' title='bbox 3124 652 3222 693; x_wconf 87' lang='lat' dir='ltr'><strong>vos</strong></span> <span class='ocrx_word' id='word_1_488' title='bbox 3245 637 3525 705; x_wconf 81' lang='lat' dir='ltr'><strong>invenitis,</strong></span> 
     </span>
    </p>
   </div>
   <div class='ocr_carea' id='block_1_67' title="bbox 1935 722 3525 801">
    <p class='ocr_par' dir='ltr' id='par_1_67' title="bbox 1935 722 3525 801">
     <span class='ocr_line' id='line_1_67' title="bbox 1935 722 3525 801; baseline 0.009 -27"><span class='ocrx_word' id='word_1_489' title='bbox 1935 722 2055 792; x_wconf 85' lang='lat' dir='ltr'><strong>quia</strong></span> <span class='ocrx_word' id='word_1_490' title='bbox 2083 737 2270 777; x_wconf 74' lang='lat' dir='ltr'><strong>omnes</strong></span> <span class='ocrx_word' id='word_1_491' title='bbox 2296 727 2384 794; x_wconf 88' lang='lat' dir='ltr'><strong>qui</strong></span> <span class='ocrx_word' id='word_1_492' title='bbox 2428 740 2788 796; x_wconf 89' lang='lat' dir='ltr'><strong>peccaverunt</strong></span> <span class='ocrx_word' id='word_1_493' title='bbox 2837 731 2889 784; x_wconf 92' lang='lat' dir='ltr'><strong>in</strong></span> <span class='ocrx_word' id='word_1_494' title='bbox 2937 732 3347 788; x_wconf 78' lang='lat' dir='ltr'><strong>similitudinem</strong></span> <span class='ocrx_word' id='word_1_495' title='bbox 3402 731 3525 801; x_wconf 78' lang='lat' dir='ltr'><strong>ejus</strong></span> 
     </span>
    </p>
   </div>
   <div class='ocr_carea' id='block_1_68' title="bbox 1935 817 3522 894">
    <p class='ocr_par' dir='ltr' id='par_1_68' title="bbox 1935 817 3522 894">
     <span class='ocr_line' id='line_1_68' title="bbox 1935 817 3522 894; baseline 0.009 -25"><span class='ocrx_word' id='word_1_496' title='bbox 1935 831 2207 886; x_wconf 82' lang='lat' dir='ltr'><strong>peccasse,</strong></span> <span class='ocrx_word' id='word_1_497' title='bbox 2239 817 2290 872; x_wconf 86' lang='lat' dir='ltr'><strong>id</strong></span> <span class='ocrx_word' id='word_1_498' title='bbox 2318 829 2420 883; x_wconf 85' lang='lat' dir='ltr'><strong>est,</strong></span> <span class='ocrx_word' id='word_1_499' title='bbox 2449 823 2752 890; x_wconf 86' lang='lat' dir='ltr'><strong>exemplum</strong></span> <span class='ocrx_word' id='word_1_500' title='bbox 2783 822 2900 894; x_wconf 85' lang='lat' dir='ltr'><strong>ejus</strong></span> <span class='ocrx_word' id='word_1_501' title='bbox 2917 835 3129 880; x_wconf 89' lang='lat' dir='ltr'><strong>secutos</strong></span> <span class='ocrx_word' id='word_1_502' title='bbox 3152 840 3273 882; x_wconf 89' lang='lat' dir='ltr'><strong>esse</strong></span> <span class='ocrx_word' id='word_1_503' title='bbox 3294 835 3522 883; x_wconf 72' lang='lat' dir='ltr'><strong>centeno</strong></span> 
     </span>
    </p>
   </div>
   <div class='ocr_carea' id='block_1_69' title="bbox 1933 907 3524 987">
    <p class='ocr_par' dir='ltr' id='par_1_69' title="bbox 1933 907 3524 987">
     <span class='ocr_line' id='line_1_69' title="bbox 1933 907 3524 987; baseline 0.008 -26"><span class='ocrx_word' id='word_1_504' title='bbox 1933 907 2080 962; x_wconf 83' lang='lat' dir='ltr'><strong>ditis.</strong></span> <span class='ocrx_word' id='word_1_505' title='bbox 2107 908 2283 962; x_wconf 78' lang='lat' dir='ltr'><strong>Fovea</strong></span> <span class='ocrx_word' id='word_1_506' title='bbox 2310 908 2471 978; x_wconf 82' lang='lat' dir='ltr'><strong>igitur</strong></span> <span class='ocrx_word' id='word_1_507' title='bbox 2495 911 2789 981; x_wconf 60' lang='lat' dir='ltr'><strong>vulpeculae</strong></span> <span class='ocrx_word' id='word_1_508' title='bbox 2814 930 2881 971; x_wconf 84' lang='lat' dir='ltr'><strong>ex</strong></span> <span class='ocrx_word' id='word_1_509' title='bbox 2931 925 3154 984; x_wconf 84' lang='lat' dir='ltr'><strong>utraque</strong></span> <span class='ocrx_word' id='word_1_510' title='bbox 3197 925 3350 987; x_wconf 77' lang='lat' dir='ltr'><strong>parte</strong></span> <span class='ocrx_word' id='word_1_511' title='bbox 3390 931 3524 973; x_wconf 81' lang='lat' dir='ltr'><strong>con-</strong></span> 
     </span>
    </p>
   </div>
   <div class='ocr_carea' id='block_1_70' title="bbox 1934 1000 3524 1080">
    <p class='ocr_par' dir='ltr' id='par_1_70' title="bbox 1934 1000 3524 1080">
     <span class='ocr_line' id='line_1_70' title="bbox 1934 1000 3524 1080; baseline 0.006 -22"><span class='ocrx_word' id='word_1_512' title='bbox 1934 1000 2080 1058; x_wconf 84' lang='lat' dir='ltr'><strong>clusa</strong></span> <span class='ocrx_word' id='word_1_513' title='bbox 2102 1011 2185 1055; x_wconf 89' lang='lat' dir='ltr'><strong>est</strong></span> <span class='ocrx_word' id='word_1_514' title='bbox 2217 1019 2231 1054; x_wconf 89' lang='lat'>:</span> <span class='ocrx_word' id='word_1_515' title='bbox 2259 1016 2366 1055; x_wconf 88' lang='lat' dir='ltr'><strong>non</strong></span> <span class='ocrx_word' id='word_1_516' title='bbox 2395 1012 2479 1057; x_wconf 92' lang='lat' dir='ltr'><strong>est</strong></span> <span class='ocrx_word' id='word_1_517' title='bbox 2516 1021 2617 1074; x_wconf 90' lang='lat' dir='ltr'><strong>qua</strong></span> <span class='ocrx_word' id='word_1_518' title='bbox 2651 1008 2848 1074; x_wconf 89' lang='lat' dir='ltr'><strong>intret,</strong></span> <span class='ocrx_word' id='word_1_519' title='bbox 2873 1017 2928 1062; x_wconf 92' lang='lat' dir='ltr'><strong>ut</strong></span> <span class='ocrx_word' id='word_1_520' title='bbox 2954 1009 3154 1074; x_wconf 86' lang='lat' dir='ltr'><strong>lateat;</strong></span> <span class='ocrx_word' id='word_1_521' title='bbox 3182 1016 3278 1065; x_wconf 81' lang='lat' dir='ltr'><strong>aut</strong></span> <span class='ocrx_word' id='word_1_522' title='bbox 3320 1008 3368 1066; x_wconf 83' lang='lat' dir='ltr'><strong>si</strong></span> <span class='ocrx_word' id='word_1_523' title='bbox 3409 1007 3524 1080; x_wconf 78' lang='lat' dir='ltr'><strong>jam</strong></span> 
     </span>
    </p>
   </div>
   <div class='ocr_carea' id='block_1_71' title="bbox 1934 1091 3149 1165">
    <p class='ocr_par' dir='ltr' id='par_1_71' title="bbox 1934 1091 3149 1165">
     <span class='ocr_line' id='line_1_71' title="bbox 1934 1091 3149 1165; baseline 0.008 -21"><span class='ocrx_word' id='word_1_524' title='bbox 1934 1091 2007 1150; x_wconf 87' lang='lat' dir='ltr'><strong>ibi</strong></span> <span class='ocrx_word' id='word_1_525' title='bbox 2037 1091 2256 1157; x_wconf 88' lang='lat' dir='ltr'><strong>latebat,</strong></span> <span class='ocrx_word' id='word_1_526' title='bbox 2288 1108 2396 1148; x_wconf 86' lang='lat' dir='ltr'><strong>non</strong></span> <span class='ocrx_word' id='word_1_527' title='bbox 2426 1107 2509 1149; x_wconf 86' lang='lat' dir='ltr'><strong>est</strong></span> <span class='ocrx_word' id='word_1_528' title='bbox 2527 1113 2628 1165; x_wconf 89' lang='lat' dir='ltr'><strong>qua</strong></span> <span class='ocrx_word' id='word_1_529' title='bbox 2656 1107 2831 1162; x_wconf 80' lang='lat' dir='ltr'><strong>exeat,</strong></span> <span class='ocrx_word' id='word_1_530' title='bbox 2857 1108 2916 1152; x_wconf 88' lang='lat' dir='ltr'><strong>ut</strong></span> <span class='ocrx_word' id='word_1_531' title='bbox 2938 1099 3149 1154; x_wconf 85' lang='lat' dir='ltr'><strong>evadat.</strong></span> 
     </span>
    </p>
   </div>
   <div class='ocr_carea' id='block_1_72' title="bbox 2004 1181 3528 1260">
    <p class='ocr_par' dir='ltr' id='par_1_72' title="bbox 2004 1181 3528 1260">
     <span class='ocr_line' id='line_1_72' title="bbox 2004 1181 3528 1260; baseline 0.007 -22"><span class='ocrx_word' id='word_1_532' title='bbox 2004 1181 2335 1240; x_wconf 77' lang='lat' dir='ltr'><strong>CLXXXVI.</strong></span> <span class='ocrx_word' id='word_1_533' title='bbox 2367 1185 2486 1241; x_wconf 78' lang='lat' dir='ltr'><strong>IUL.</strong></span> <span class='ocrx_word' id='word_1_534' title='bbox 2521 1188 2589 1243; x_wconf 89' lang='lat' dir='ltr'><strong>Ut</strong></span> <span class='ocrx_word' id='word_1_535' title='bbox 2613 1189 2807 1258; x_wconf 88' lang='lat' dir='ltr'><strong>quibus</strong></span> <span class='ocrx_word' id='word_1_536' title='bbox 2835 1190 2919 1245; x_wconf 89' lang='lat' dir='ltr'><strong>lex</strong></span> <span class='ocrx_word' id='word_1_537' title='bbox 2943 1190 3065 1246; x_wconf 84' lang='lat' dir='ltr'><strong>data</strong></span> <span class='ocrx_word' id='word_1_538' title='bbox 3093 1205 3199 1246; x_wconf 86' lang='lat' dir='ltr'><strong>non</strong></span> <span class='ocrx_word' id='word_1_539' title='bbox 3221 1197 3338 1260; x_wconf 83' lang='lat' dir='ltr'><strong>est,</strong></span> <span class='ocrx_word' id='word_1_540' title='bbox 3365 1191 3528 1250; x_wconf 84' lang='lat' dir='ltr'><strong>intel-</strong></span> 
     </span>
    </p>
   </div>
   <div class='ocr_carea' id='block_1_73' title="bbox 1933 1275 3526 1353">
    <p class='ocr_par' dir='ltr' id='par_1_73' title="bbox 1933 1275 3526 1353">
     <span class='ocr_line' id='line_1_73' title="bbox 1933 1275 3526 1353; baseline 0.008 -24"><span class='ocrx_word' id='word_1_541' title='bbox 1933 1275 2165 1347; x_wconf 83' lang='lat' dir='ltr'><strong>ligantur</strong></span> <span class='ocrx_word' id='word_1_542' title='bbox 2188 1293 2292 1332; x_wconf 89' lang='lat' dir='ltr'><strong>non</strong></span> <span class='ocrx_word' id='word_1_543' title='bbox 2313 1292 2434 1334; x_wconf 88' lang='lat' dir='ltr'><strong>esse</strong></span> <span class='ocrx_word' id='word_1_544' title='bbox 2458 1291 2722 1350; x_wconf 71' lang='lat' dir='ltr'><strong>praecepta</strong></span> <span class='ocrx_word' id='word_1_545' title='bbox 2745 1284 3070 1353; x_wconf 84' lang='lat' dir='ltr'><strong>traugressi;</strong></span> <span class='ocrx_word' id='word_1_546' title='bbox 3100 1287 3176 1339; x_wconf 85' lang='lat' dir='ltr'><strong>rei</strong></span> <span class='ocrx_word' id='word_1_547' title='bbox 3197 1292 3526 1341; x_wconf 74' lang='lat' dir='ltr'><strong>autemcon-</strong></span> 
     </span>
    </p>
   </div>
   <div class='ocr_carea' id='block_1_74' title="bbox 1933 1369 3524 1448">
    <p class='ocr_par' dir='ltr' id='par_1_74' title="bbox 1933 1369 3524 1448">
     <span class='ocr_line' id='line_1_74' title="bbox 1933 1369 3524 1448; baseline 0.006 -24"><span class='ocrx_word' id='word_1_548' title='bbox 1933 1369 2235 1436; x_wconf 88' lang='lat' dir='ltr'><strong>vincantur,</strong></span> <span class='ocrx_word' id='word_1_549' title='bbox 2253 1372 2507 1442; x_wconf 89' lang='lat' dir='ltr'><strong>quoniam</strong></span> <span class='ocrx_word' id='word_1_550' title='bbox 2533 1375 2864 1445; x_wconf 79' lang='lat' dir='ltr'><strong>negligentes</strong></span> <span class='ocrx_word' id='word_1_551' title='bbox 2897 1377 3180 1441; x_wconf 87' lang='lat' dir='ltr'><strong>rationem,</strong></span> <span class='ocrx_word' id='word_1_552' title='bbox 3207 1392 3370 1448; x_wconf 83' lang='lat' dir='ltr'><strong>quam</strong></span> <span class='ocrx_word' id='word_1_553' title='bbox 3397 1393 3524 1448; x_wconf 83' lang='lat' dir='ltr'><strong>pro-</strong></span> 
     </span>
    </p>
   </div>
   <div class='ocr_carea' id='block_1_75' title="bbox 1934 1461 3528 1535">
    <p class='ocr_par' dir='ltr' id='par_1_75' title="bbox 1934 1461 3528 1535">
     <span class='ocr_line' id='line_1_75' title="bbox 1934 1461 3528 1535; baseline 0.007 -21"><span class='ocrx_word' id='word_1_554' title='bbox 1934 1461 2034 1530; x_wconf 91' lang='lat' dir='ltr'><strong>prii</strong></span> <span class='ocrx_word' id='word_1_555' title='bbox 2063 1462 2118 1514; x_wconf 93' lang='lat' dir='ltr'><strong>in</strong></span> <span class='ocrx_word' id='word_1_556' title='bbox 2148 1477 2467 1534; x_wconf 90' lang='lat' dir='ltr'><strong>unoquoque</strong></span> <span class='ocrx_word' id='word_1_557' title='bbox 2494 1475 2860 1534; x_wconf 88' lang='lat' dir='ltr'><strong>protestantur</strong></span> <span class='ocrx_word' id='word_1_558' title='bbox 2882 1465 3142 1535; x_wconf 70' lang='lat' dir='ltr'><strong>aﬂeetus,</strong></span> <span class='ocrx_word' id='word_1_559' title='bbox 3169 1469 3253 1523; x_wconf 88' lang='lat' dir='ltr'><strong>vel</strong></span> <span class='ocrx_word' id='word_1_560' title='bbox 3279 1468 3528 1525; x_wconf 65' lang='lat' dir='ltr'><strong>humana</strong></span> 
     </span>
    </p>
   </div>
   <div class='ocr_carea' id='block_1_76' title="bbox 1933 1551 3528 1630">
    <p class='ocr_par' dir='ltr' id='par_1_76' title="bbox 1933 1551 3528 1630">
     <span class='ocr_line' id='line_1_76' title="bbox 1933 1551 3528 1630; baseline 0.005 -22"><span class='ocrx_word' id='word_1_561' title='bbox 1933 1551 2206 1608; x_wconf 83' lang='lat' dir='ltr'><strong>societatis</strong></span> <span class='ocrx_word' id='word_1_562' title='bbox 2227 1555 2312 1609; x_wconf 85' lang='lat' dir='ltr'><strong>vel</strong></span> <span class='ocrx_word' id='word_1_563' title='bbox 2352 1555 2570 1625; x_wconf 87' lang='lat' dir='ltr'><strong>pudoris</strong></span> <span class='ocrx_word' id='word_1_564' title='bbox 2605 1556 2728 1625; x_wconf 88' lang='lat' dir='ltr'><strong>jura</strong></span> <span class='ocrx_word' id='word_1_565' title='bbox 2767 1559 3181 1626; x_wconf 87' lang='lat' dir='ltr'><strong>temeraverint;</strong></span> <span class='ocrx_word' id='word_1_566' title='bbox 3208 1568 3369 1630; x_wconf 84' lang='lat' dir='ltr'><strong>atque</strong></span> <span class='ocrx_word' id='word_1_567' title='bbox 3407 1558 3528 1615; x_wconf 85' lang='lat' dir='ltr'><strong>ideo</strong></span> 
     </span>
    </p>
   </div>
   <div class='ocr_carea' id='block_1_77' title="bbox 1935 1645 3528 1723">
    <p class='ocr_par' dir='ltr' id='par_1_77' title="bbox 1935 1645 3528 1723">
     <span class='ocr_line' id='line_1_77' title="bbox 1935 1645 3528 1723; baseline 0.006 -24"><span class='ocrx_word' id='word_1_568' title='bbox 1935 1655 2116 1700; x_wconf 84' lang='lat' dir='ltr'><strong>mutua</strong></span> <span class='ocrx_word' id='word_1_569' title='bbox 2143 1645 2357 1717; x_wconf 87' lang='lat' dir='ltr'><strong>quidem</strong></span> <span class='ocrx_word' id='word_1_570' title='bbox 2385 1647 2700 1716; x_wconf 89' lang='lat' dir='ltr'><strong>imitatione,</strong></span> <span class='ocrx_word' id='word_1_571' title='bbox 2733 1665 2836 1704; x_wconf 90' lang='lat' dir='ltr'><strong>non</strong></span> <span class='ocrx_word' id='word_1_572' title='bbox 2865 1659 3042 1706; x_wconf 87' lang='lat' dir='ltr'><strong>tamen</strong></span> <span class='ocrx_word' id='word_1_573' title='bbox 3071 1651 3224 1722; x_wconf 84' lang='lat' dir='ltr'><strong>legis,</strong></span> <span class='ocrx_word' id='word_1_574' title='bbox 3253 1667 3373 1723; x_wconf 65' lang='lat' dir='ltr'><strong>quae</strong></span> <span class='ocrx_word' id='word_1_575' title='bbox 3401 1665 3528 1708; x_wconf 80' lang='lat' dir='ltr'><strong>neo-</strong></span> 
     </span>
    </p>
   </div>
   <div class='ocr_carea' id='block_1_78' title="bbox 1935 1735 3529 1814">
    <p class='ocr_par' dir='ltr' id='par_1_78' title="bbox 1935 1735 3529 1814">
     <span class='ocr_line' id='line_1_78' title="bbox 1935 1735 3529 1814; baseline 0.008 -25"><span class='ocrx_word' id='word_1_576' title='bbox 1935 1735 2064 1790; x_wconf 85' lang='lat' dir='ltr'><strong>dum</strong></span> <span class='ocrx_word' id='word_1_577' title='bbox 2093 1738 2198 1792; x_wconf 88' lang='lat' dir='ltr'><strong>lata</strong></span> <span class='ocrx_word' id='word_1_578' title='bbox 2225 1749 2365 1805; x_wconf 79' lang='lat' dir='ltr'><strong>Crat,</strong></span> <span class='ocrx_word' id='word_1_579' title='bbox 2394 1739 2644 1794; x_wconf 89' lang='lat' dir='ltr'><strong>dicuntur</strong></span> <span class='ocrx_word' id='word_1_580' title='bbox 2665 1743 3093 1812; x_wconf 81' lang='lat' dir='ltr'><strong>transgressione</strong></span> <span class='ocrx_word' id='word_1_581' title='bbox 3120 1758 3390 1814; x_wconf 86' lang='lat' dir='ltr'><strong>peccasse.</strong></span> <span class='ocrx_word' id='word_1_582' title='bbox 3426 1743 3529 1800; x_wconf 86' lang='lat' dir='ltr'><strong>Us-</strong></span> 
     </span>
    </p>
   </div>
   <div class='ocr_carea' id='block_1_79' title="bbox 1935 1829 3526 1905">
    <p class='ocr_par' dir='ltr' id='par_1_79' title="bbox 1935 1829 3526 1905">
     <span class='ocr_line' id='line_1_79' title="bbox 1935 1829 3526 1905; baseline 0.006 -25"><span class='ocrx_word' id='word_1_583' title='bbox 1935 1843 2041 1898; x_wconf 89' lang='lat' dir='ltr'><strong>que</strong></span> <span class='ocrx_word' id='word_1_584' title='bbox 2067 1830 2132 1883; x_wconf 89' lang='lat' dir='ltr'><strong>ad</strong></span> <span class='ocrx_word' id='word_1_585' title='bbox 2164 1829 2333 1901; x_wconf 89' lang='lat' dir='ltr'><strong>legem</strong></span> <span class='ocrx_word' id='word_1_586' title='bbox 2358 1847 2488 1902; x_wconf 90' lang='lat' dir='ltr'><strong>ergo</strong></span> <span class='ocrx_word' id='word_1_587' title='bbox 2517 1843 2792 1904; x_wconf 87' lang='lat' dir='ltr'><strong>peccatum</strong></span> <span class='ocrx_word' id='word_1_588' title='bbox 2821 1834 2955 1902; x_wconf 81' lang='lat' dir='ltr'><strong>fuit,</strong></span> <span class='ocrx_word' id='word_1_589' title='bbox 2983 1850 3089 1890; x_wconf 90' lang='lat' dir='ltr'><strong>non</strong></span> <span class='ocrx_word' id='word_1_590' title='bbox 3121 1835 3526 1905; x_wconf 67' lang='lat' dir='ltr'><strong>praevaricatio:</strong></span> 
     </span>
    </p>
   </div>
   <div class='ocr_carea' id='block_1_80' title="bbox 1937 1921 3530 1997">
    <p class='ocr_par' dir='ltr' id='par_1_80' title="bbox 1937 1921 3530 1997">
     <span class='ocr_line' id='line_1_80' title="bbox 1937 1921 3530 1997; baseline 0.006 -24"><span class='ocrx_word' id='word_1_591' title='bbox 1937 1929 2060 1992; x_wconf 88' lang='lat' dir='ltr'><strong>post</strong></span> <span class='ocrx_word' id='word_1_592' title='bbox 2085 1921 2254 1990; x_wconf 83' lang='lat' dir='ltr'><strong>legem</strong></span> <span class='ocrx_word' id='word_1_593' title='bbox 2296 1932 2474 1978; x_wconf 86' lang='lat' dir='ltr'><strong>autem</strong></span> <span class='ocrx_word' id='word_1_594' title='bbox 2495 1964 2510 1988; x_wconf 95' lang='lat'><strong>,</strong></span> <span class='ocrx_word' id='word_1_595' title='bbox 2554 1940 2659 1979; x_wconf 86' lang='lat' dir='ltr'><strong>non</strong></span> <span class='ocrx_word' id='word_1_596' title='bbox 2700 1926 2872 1981; x_wconf 88' lang='lat' dir='ltr'><strong>solum</strong></span> <span class='ocrx_word' id='word_1_597' title='bbox 2904 1935 3181 1997; x_wconf 80' lang='lat' dir='ltr'><strong>peccatum</strong></span> <span class='ocrx_word' id='word_1_598' title='bbox 3202 1968 3216 1994; x_wconf 94' lang='lat'><strong>,</strong></span> <span class='ocrx_word' id='word_1_599' title='bbox 3246 1927 3341 1984; x_wconf 89' lang='lat' dir='ltr'><strong>sed</strong></span> <span class='ocrx_word' id='word_1_600' title='bbox 3368 1927 3530 1983; x_wconf 87' lang='lat' dir='ltr'><strong>etiam</strong></span> 
     </span>
    </p>
   </div>
   <div class='ocr_carea' id='block_1_81' title="bbox 1939 2013 3529 2090">
    <p class='ocr_par' dir='ltr' id='par_1_81' title="bbox 1939 2013 3529 2090">
     <span class='ocr_line' id='line_1_81' title="bbox 1939 2013 3529 2090; baseline 0.005 -24"><span class='ocrx_word' id='word_1_601' title='bbox 1939 2013 2326 2083; x_wconf 71' lang='lat' dir='ltr'><strong>praevaricatio.</strong></span> <span class='ocrx_word' id='word_1_602' title='bbox 2375 2015 2636 2086; x_wconf 75' lang='lat' dir='ltr'><strong>Regnavit</strong></span> <span class='ocrx_word' id='word_1_603' title='bbox 2675 2026 2855 2073; x_wconf 88' lang='lat' dir='ltr'><strong>autem</strong></span> <span class='ocrx_word' id='word_1_604' title='bbox 2900 2034 3047 2074; x_wconf 86' lang='lat' dir='ltr'><strong>mors</strong></span> <span class='ocrx_word' id='word_1_605' title='bbox 3089 2029 3323 2087; x_wconf 62' lang='lat' dir='ltr'><strong>aeterna,</strong></span> <span class='ocrx_word' id='word_1_606' title='bbox 3367 2033 3529 2090; x_wconf 86' lang='lat' dir='ltr'><strong>quam</strong></span> 
     </span>
    </p>
   </div>
   <div class='ocr_carea' id='block_1_82' title="bbox 1938 2105 3530 2183">
    <p class='ocr_par' dir='ltr' id='par_1_82' title="bbox 1938 2105 3530 2183">
     <span class='ocr_line' id='line_1_82' title="bbox 1938 2105 3530 2183; baseline 0.005 -23"><span class='ocrx_word' id='word_1_607' title='bbox 1938 2105 2069 2161; x_wconf 75' lang='lat' dir='ltr'><strong>Adae</strong></span> <span class='ocrx_word' id='word_1_608' title='bbox 2088 2148 2102 2172; x_wconf 96' lang='lat'><strong>,</strong></span> <span class='ocrx_word' id='word_1_609' title='bbox 2127 2108 2169 2161; x_wconf 93' lang='lat' dir='ltr'><strong>si</strong></span> <span class='ocrx_word' id='word_1_610' title='bbox 2211 2117 2518 2179; x_wconf 80' lang='lat' dir='ltr'><strong>peccasset,</strong></span> <span class='ocrx_word' id='word_1_611' title='bbox 2548 2109 2940 2180; x_wconf 86' lang='lat' dir='ltr'><strong>adscripturum</strong></span> <span class='ocrx_word' id='word_1_612' title='bbox 2966 2126 3025 2167; x_wconf 86' lang='lat' dir='ltr'><strong>se</strong></span> <span class='ocrx_word' id='word_1_613' title='bbox 3056 2112 3204 2168; x_wconf 85' lang='lat' dir='ltr'><strong>Deus</strong></span> <span class='ocrx_word' id='word_1_614' title='bbox 3225 2111 3530 2183; x_wconf 83' lang='lat' dir='ltr'><strong>spoponde-</strong></span> 
     </span>
    </p>
   </div>
   <div class='ocr_carea' id='block_1_83' title="bbox 1937 2201 3529 2278">
    <p class='ocr_par' dir='ltr' id='par_1_83' title="bbox 1937 2201 3529 2278">
     <span class='ocr_line' id='line_1_83' title="bbox 1937 2201 3529 2278; baseline 0.003 -23"><span class='ocrx_word' id='word_1_615' title='bbox 1937 2210 2042 2256; x_wconf 84' lang='lat' dir='ltr'><strong>rat.</strong></span> <span class='ocrx_word' id='word_1_616' title='bbox 2089 2201 2252 2271; x_wconf 90' lang='lat' dir='ltr'><strong>Igitur</strong></span> <span class='ocrx_word' id='word_1_617' title='bbox 2281 2202 2370 2257; x_wconf 87' lang='lat' dir='ltr'><strong>illa</strong></span> <span class='ocrx_word' id='word_1_618' title='bbox 2401 2219 2547 2259; x_wconf 84' lang='lat' dir='ltr'><strong>mors</strong></span> <span class='ocrx_word' id='word_1_619' title='bbox 2579 2213 2798 2274; x_wconf 87' lang='lat' dir='ltr'><strong>peccato</strong></span> <span class='ocrx_word' id='word_1_620' title='bbox 2839 2205 3021 2261; x_wconf 85' lang='lat' dir='ltr'><strong>debita</strong></span> <span class='ocrx_word' id='word_1_621' title='bbox 3042 2245 3057 2269; x_wconf 95' lang='lat'><strong>,</strong></span> <span class='ocrx_word' id='word_1_622' title='bbox 3091 2221 3236 2261; x_wconf 89' lang='lat' dir='ltr'><strong>mors</strong></span> <span class='ocrx_word' id='word_1_623' title='bbox 3261 2206 3490 2278; x_wconf 73' lang='lat' dir='ltr'><strong>pmnalis</strong></span> <span class='ocrx_word' id='word_1_624' title='bbox 3511 2245 3529 2274; x_wconf 93' lang='lat'><strong>,</strong></span> 
     </span>
    </p>
   </div>
   <div class='ocr_carea' id='block_1_84' title="bbox 1938 2295 3534 2370">
    <p class='ocr_par' dir='ltr' id='par_1_84' title="bbox 1938 2295 3534 2370">
     <span class='ocr_line' id='line_1_84' title="bbox 1938 2295 3534 2370; baseline 0.004 -21"><span class='ocrx_word' id='word_1_625' title='bbox 1938 2295 2179 2364; x_wconf 87' lang='lat' dir='ltr'><strong>regnavit</strong></span> <span class='ocrx_word' id='word_1_626' title='bbox 2205 2303 2260 2350; x_wconf 88' lang='lat' dir='ltr'><strong>et</strong></span> <span class='ocrx_word' id='word_1_627' title='bbox 2288 2304 2412 2351; x_wconf 91' lang='lat' dir='ltr'><strong>ante</strong></span> <span class='ocrx_word' id='word_1_628' title='bbox 2440 2297 2608 2366; x_wconf 84' lang='lat' dir='ltr'><strong>legem</strong></span> <span class='ocrx_word' id='word_1_629' title='bbox 2631 2339 2644 2362; x_wconf 97' lang='lat'><strong>,</strong></span> <span class='ocrx_word' id='word_1_630' title='bbox 2677 2297 2730 2352; x_wconf 90' lang='lat' dir='ltr'><strong>in</strong></span> <span class='ocrx_word' id='word_1_631' title='bbox 2758 2314 2852 2354; x_wconf 89' lang='lat' dir='ltr'><strong>eos</strong></span> <span class='ocrx_word' id='word_1_632' title='bbox 2871 2300 2959 2370; x_wconf 88' lang='lat' dir='ltr'><strong>qni</strong></span> <span class='ocrx_word' id='word_1_633' title='bbox 2982 2309 3337 2370; x_wconf 80' lang='lat' dir='ltr'><strong>peccaverunt</strong></span> <span class='ocrx_word' id='word_1_634' title='bbox 3355 2341 3370 2364; x_wconf 92' lang='lat'><strong>,</strong></span> <span class='ocrx_word' id='word_1_635' title='bbox 3395 2300 3534 2355; x_wconf 88' lang='lat' dir='ltr'><strong>sicut</strong></span> 
     </span>
    </p>
   </div>
   <div class='ocr_carea' id='block_1_85' title="bbox 1939 2385 3530 2462">
    <p class='ocr_par' dir='ltr' id='par_1_85' title="bbox 1939 2385 3530 2462">
     <span class='ocr_line' id='line_1_85' title="bbox 1939 2385 3530 2462; baseline 0.003 -21"><span class='ocrx_word' id='word_1_636' title='bbox 1939 2385 1994 2441; x_wconf 84' lang='lat' dir='ltr'><strong>in</strong></span> <span class='ocrx_word' id='word_1_637' title='bbox 2018 2387 2326 2456; x_wconf 89' lang='lat' dir='ltr'><strong>Sodomitis,</strong></span> <span class='ocrx_word' id='word_1_638' title='bbox 2347 2399 2400 2444; x_wconf 92' lang='lat' dir='ltr'><strong>et</strong></span> <span class='ocrx_word' id='word_1_639' title='bbox 2423 2390 2506 2444; x_wconf 88' lang='lat' dir='ltr'><strong>his</strong></span> <span class='ocrx_word' id='word_1_640' title='bbox 2525 2390 2614 2461; x_wconf 90' lang='lat' dir='ltr'><strong>qui</strong></span> <span class='ocrx_word' id='word_1_641' title='bbox 2630 2389 2816 2446; x_wconf 89' lang='lat' dir='ltr'><strong>diluvii</strong></span> <span class='ocrx_word' id='word_1_642' title='bbox 2840 2400 3080 2462; x_wconf 86' lang='lat' dir='ltr'><strong>tempore</strong></span> <span class='ocrx_word' id='word_1_643' title='bbox 3099 2402 3318 2461; x_wconf 84' lang='lat' dir='ltr'><strong>propter</strong></span> <span class='ocrx_word' id='word_1_644' title='bbox 3334 2391 3530 2461; x_wconf 84' lang='lat' dir='ltr'><strong>iniqui-</strong></span> 
     </span>
    </p>
   </div>
   <div class='ocr_carea' id='block_1_86' title="bbox 1941 2481 3530 2548">
    <p class='ocr_par' dir='ltr' id='par_1_86' title="bbox 1941 2481 3530 2548">
     <span class='ocr_line' id='line_1_86' title="bbox 1941 2481 3530 2548; baseline 0.003 -14"><span class='ocrx_word' id='word_1_645' title='bbox 1941 2487 2126 2545; x_wconf 83' lang='lat' dir='ltr'><strong>tatem,</strong></span> <span class='ocrx_word' id='word_1_646' title='bbox 2157 2481 2510 2536; x_wconf 89' lang='lat' dir='ltr'><strong>voluntariam</strong></span> <span class='ocrx_word' id='word_1_647' title='bbox 2539 2491 2736 2548; x_wconf 85' lang='lat' dir='ltr'><strong>tameu,</strong></span> <span class='ocrx_word' id='word_1_648' title='bbox 2769 2482 2854 2538; x_wconf 87' lang='lat' dir='ltr'><strong>vel</strong></span> <span class='ocrx_word' id='word_1_649' title='bbox 2882 2485 3026 2537; x_wconf 88' lang='lat' dir='ltr'><strong>varia</strong></span> <span class='ocrx_word' id='word_1_650' title='bbox 3053 2492 3177 2538; x_wconf 87' lang='lat' dir='ltr'><strong>sunt</strong></span> <span class='ocrx_word' id='word_1_651' title='bbox 3211 2491 3370 2538; x_wconf 69' lang='lat' dir='ltr'><strong>aetate</strong></span> <span class='ocrx_word' id='word_1_652' title='bbox 3397 2485 3530 2538; x_wconf 60' lang='lat' dir='ltr'><strong>con&quot;-</strong></span> 
     </span>
    </p>
   </div>
   <div class='ocr_carea' id='block_1_87' title="bbox 1940 2573 3533 2646">
    <p class='ocr_par' dir='ltr' id='par_1_87' title="bbox 1940 2573 3533 2646">
     <span class='ocr_line' id='line_1_87' title="bbox 1940 2573 3533 2646; baseline 0.003 -18"><span class='ocrx_word' id='word_1_653' title='bbox 1940 2574 2158 2644; x_wconf 86' lang='lat' dir='ltr'><strong>sumpti,</strong></span> <span class='ocrx_word' id='word_1_654' title='bbox 2177 2575 2416 2646; x_wconf 82' lang='lat' dir='ltr'><strong>regnavit</strong></span> <span class='ocrx_word' id='word_1_655' title='bbox 2440 2592 2452 2629; x_wconf 89' lang='lat'><strong>:</strong></span> <span class='ocrx_word' id='word_1_656' title='bbox 2473 2583 2524 2630; x_wconf 91' lang='lat' dir='ltr'><strong>et</strong></span> <span class='ocrx_word' id='word_1_657' title='bbox 2546 2582 2667 2646; x_wconf 90' lang='lat' dir='ltr'><strong>post</strong></span> <span class='ocrx_word' id='word_1_658' title='bbox 2692 2575 2886 2646; x_wconf 83' lang='lat' dir='ltr'><strong>legem,</strong></span> <span class='ocrx_word' id='word_1_659' title='bbox 2907 2573 2959 2629; x_wconf 92' lang='lat' dir='ltr'><strong>in</strong></span> <span class='ocrx_word' id='word_1_660' title='bbox 2983 2573 3068 2629; x_wconf 85' lang='lat' dir='ltr'><strong>his</strong></span> <span class='ocrx_word' id='word_1_661' title='bbox 3093 2589 3232 2646; x_wconf 89' lang='lat' dir='ltr'><strong>quos</strong></span> <span class='ocrx_word' id='word_1_662' title='bbox 3255 2587 3379 2631; x_wconf 86' lang='lat' dir='ltr'><strong>reos</strong></span> <span class='ocrx_word' id='word_1_663' title='bbox 3394 2587 3533 2646; x_wconf 77' lang='lat' dir='ltr'><strong>prte-</strong></span> 
     </span>
    </p>
   </div>
   <div class='ocr_carea' id='block_1_88' title="bbox 1940 2667 2540 2724">
    <p class='ocr_par' dir='ltr' id='par_1_88' title="bbox 1940 2667 2540 2724">
     <span class='ocr_line' id='line_1_88' title="bbox 1940 2667 2540 2724; baseline 0.003 -4"><span class='ocrx_word' id='word_1_664' title='bbox 1940 2667 2280 2723; x_wconf 88' lang='lat' dir='ltr'><strong>varicationis</strong></span> <span class='ocrx_word' id='word_1_665' title='bbox 2318 2669 2540 2724; x_wconf 89' lang='lat' dir='ltr'><strong>invenit.</strong></span> 
     </span>
    </p>
   </div>
   <div class='ocr_carea' id='block_1_89' title="bbox 2014 2757 3538 2826">
    <p class='ocr_par' dir='ltr' id='par_1_89' title="bbox 2014 2757 3538 2826">
     <span class='ocr_line' id='line_1_89' title="bbox 2014 2757 3538 2826; baseline 0.002 -14"><span class='ocrx_word' id='word_1_666' title='bbox 2014 2759 2146 2815; x_wconf 78' lang='lat' dir='ltr'><strong>Anc.</strong></span> <span class='ocrx_word' id='word_1_667' title='bbox 2188 2758 2450 2826; x_wconf 84' lang='lat' dir='ltr'><strong>Quoniam</strong></span> <span class='ocrx_word' id='word_1_668' title='bbox 2481 2766 2710 2814; x_wconf 89' lang='lat' dir='ltr'><strong>mortem</strong></span> <span class='ocrx_word' id='word_1_669' title='bbox 2741 2757 2843 2814; x_wconf 88' lang='lat' dir='ltr'><strong>nisi</strong></span> <span class='ocrx_word' id='word_1_670' title='bbox 2874 2765 3127 2814; x_wconf 60' lang='lat' dir='ltr'><strong>aeternam</strong></span> <span class='ocrx_word' id='word_1_671' title='bbox 3155 2772 3262 2814; x_wconf 89' lang='lat' dir='ltr'><strong>non</strong></span> <span class='ocrx_word' id='word_1_672' title='bbox 3288 2758 3374 2815; x_wconf 86' lang='lat' dir='ltr'><strong>vis</strong></span> <span class='ocrx_word' id='word_1_673' title='bbox 3412 2769 3538 2816; x_wconf 87' lang='lat' dir='ltr'><strong>esse</strong></span> 
     </span>
    </p>
   </div>
   <div class='ocr_carea' id='block_1_90' title="bbox 1942 2850 3539 2923">
    <p class='ocr_par' dir='ltr' id='par_1_90' title="bbox 1942 2850 3539 2923">
     <span class='ocr_line' id='line_1_90' title="bbox 1942 2850 3539 2923; baseline 0.001 -18"><span class='ocrx_word' id='word_1_674' title='bbox 1942 2851 2244 2923; x_wconf 73' lang='lat' dir='ltr'><strong>pmnalem;</strong></span> <span class='ocrx_word' id='word_1_675' title='bbox 2271 2850 2317 2906; x_wconf 93' lang='lat' dir='ltr'><strong>si</strong></span> <span class='ocrx_word' id='word_1_676' title='bbox 2344 2865 2490 2906; x_wconf 90' lang='lat' dir='ltr'><strong>mors</strong></span> <span class='ocrx_word' id='word_1_677' title='bbox 2522 2851 2749 2921; x_wconf 69' lang='lat' dir='ltr'><strong>poenalis</strong></span> <span class='ocrx_word' id='word_1_678' title='bbox 2776 2866 2884 2906; x_wconf 92' lang='lat' dir='ltr'><strong>non</strong></span> <span class='ocrx_word' id='word_1_679' title='bbox 2920 2859 3037 2916; x_wconf 91' lang='lat' dir='ltr'><strong>est,</strong></span> <span class='ocrx_word' id='word_1_680' title='bbox 3077 2866 3197 2921; x_wconf 81' lang='lat' dir='ltr'><strong>quae</strong></span> <span class='ocrx_word' id='word_1_681' title='bbox 3237 2865 3267 2904; x_wconf 89' lang='lat' dir='ltr'><strong>a</strong></span> <span class='ocrx_word' id='word_1_682' title='bbox 3310 2861 3539 2920; x_wconf 86' lang='lat' dir='ltr'><strong>corpore</strong></span> 
     </span>
    </p>
   </div>
   <div class='ocr_carea' id='block_1_91' title="bbox 1941 2941 3539 3013">
    <p class='ocr_par' dir='ltr' id='par_1_91' title="bbox 1941 2941 3539 3013">
     <span class='ocr_line' id='line_1_91' title="bbox 1941 2941 3539 3013; baseline -0.003 -15"><span class='ocrx_word' id='word_1_683' title='bbox 1941 2944 2178 2999; x_wconf 89' lang='lat' dir='ltr'><strong>animam</strong></span> <span class='ocrx_word' id='word_1_684' title='bbox 2211 2951 2446 3013; x_wconf 87' lang='lat' dir='ltr'><strong>separat,</strong></span> <span class='ocrx_word' id='word_1_685' title='bbox 2472 2957 2570 2997; x_wconf 89' lang='lat' dir='ltr'><strong>cur</strong></span> <span class='ocrx_word' id='word_1_686' title='bbox 2592 2958 2710 2998; x_wconf 88' lang='lat' dir='ltr'><strong>eam</strong></span> <span class='ocrx_word' id='word_1_687' title='bbox 2738 2942 2890 2998; x_wconf 89' lang='lat' dir='ltr'><strong>timet</strong></span> <span class='ocrx_word' id='word_1_688' title='bbox 2912 2952 3122 3008; x_wconf 87' lang='lat' dir='ltr'><strong>natura,</strong></span> <span class='ocrx_word' id='word_1_689' title='bbox 3150 2956 3308 3012; x_wconf 87' lang='lat' dir='ltr'><strong>quam</strong></span> <span class='ocrx_word' id='word_1_690' title='bbox 3334 2941 3412 2997; x_wconf 88' lang='lat' dir='ltr'><strong>sic</strong></span> <span class='ocrx_word' id='word_1_691' title='bbox 3432 2942 3539 2996; x_wconf 75' lang='lat' dir='ltr'><strong>latr-</strong></span> 
     </span>
    </p>
   </div>
   <div class='ocr_carea' id='block_1_92' title="bbox 1941 3033 3538 3108">
    <p class='ocr_par' dir='ltr' id='par_1_92' title="bbox 1941 3033 3538 3108">
     <span class='ocr_line' id='line_1_92' title="bbox 1941 3033 3538 3108; baseline -0.002 -15"><span class='ocrx_word' id='word_1_692' title='bbox 1941 3038 2060 3103; x_wconf 90' lang='lat' dir='ltr'><strong>das,</strong></span> <span class='ocrx_word' id='word_1_693' title='bbox 2091 3046 2148 3092; x_wconf 91' lang='lat' dir='ltr'><strong>ut</strong></span> <span class='ocrx_word' id='word_1_694' title='bbox 2173 3052 2336 3108; x_wconf 87' lang='lat' dir='ltr'><strong>neges</strong></span> <span class='ocrx_word' id='word_1_695' title='bbox 2369 3051 2488 3092; x_wconf 87' lang='lat' dir='ltr'><strong>esse</strong></span> <span class='ocrx_word' id='word_1_696' title='bbox 2513 3035 2790 3090; x_wconf 87' lang='lat' dir='ltr'><strong>vitiatam?</strong></span> <span class='ocrx_word' id='word_1_697' title='bbox 2811 3035 2950 3104; x_wconf 87' lang='lat' dir='ltr'><strong>Quid</strong></span> <span class='ocrx_word' id='word_1_698' title='bbox 2979 3049 3154 3090; x_wconf 74' lang='lat' dir='ltr'><strong>causa:</strong></span> <span class='ocrx_word' id='word_1_699' title='bbox 3175 3043 3259 3090; x_wconf 89' lang='lat' dir='ltr'><strong>est</strong></span> <span class='ocrx_word' id='word_1_700' title='bbox 3282 3045 3340 3089; x_wconf 90' lang='lat' dir='ltr'><strong>ut</strong></span> <span class='ocrx_word' id='word_1_701' title='bbox 3364 3033 3538 3090; x_wconf 80' lang='lat' dir='ltr'><strong>infans</strong></span> 
     </span>
    </p>
   </div>
   <div class='ocr_carea' id='block_1_93' title="bbox 1941 3125 3540 3200">
    <p class='ocr_par' dir='ltr' id='par_1_93' title="bbox 1941 3125 3540 3200">
     <span class='ocr_line' id='line_1_93' title="bbox 1941 3125 3540 3200; baseline -0.004 -14"><span class='ocrx_word' id='word_1_702' title='bbox 1941 3130 2033 3186; x_wconf 88' lang='lat' dir='ltr'><strong>ubi</strong></span> <span class='ocrx_word' id='word_1_703' title='bbox 2065 3129 2338 3200; x_wconf 89' lang='lat' dir='ltr'><strong>paululum</strong></span> <span class='ocrx_word' id='word_1_704' title='bbox 2367 3128 2434 3183; x_wconf 88' lang='lat' dir='ltr'><strong>ab</strong></span> <span class='ocrx_word' id='word_1_705' title='bbox 2466 3127 2686 3182; x_wconf 82' lang='lat' dir='ltr'><strong>infantia</strong></span> <span class='ocrx_word' id='word_1_706' title='bbox 2728 3127 2977 3199; x_wconf 87' lang='lat' dir='ltr'><strong>progredi</strong></span> <span class='ocrx_word' id='word_1_707' title='bbox 3004 3127 3246 3197; x_wconf 60' lang='lat' dir='ltr'><strong>coeperit,</strong></span> <span class='ocrx_word' id='word_1_708' title='bbox 3287 3126 3398 3197; x_wconf 87' lang='lat' dir='ltr'><strong>jam</strong></span> <span class='ocrx_word' id='word_1_709' title='bbox 3428 3125 3540 3181; x_wconf 63' lang='lat' dir='ltr'><strong>fori-</strong></span> 
     </span>
    </p>
   </div>
   <div class='ocr_carea' id='block_1_94' title="bbox 1943 3217 3541 3283">
    <p class='ocr_par' dir='ltr' id='par_1_94' title="bbox 1943 3217 3541 3283">
     <span class='ocr_line' id='line_1_94' title="bbox 1943 3217 3541 3283; baseline -0.003 -6"><span class='ocrx_word' id='word_1_710' title='bbox 1943 3219 2350 3278; x_wconf 89' lang='lat' dir='ltr'><strong>midetoccidi?</strong></span> <span class='ocrx_word' id='word_1_711' title='bbox 2398 3219 2508 3274; x_wconf 88' lang='lat' dir='ltr'><strong>Cur</strong></span> <span class='ocrx_word' id='word_1_712' title='bbox 2556 3234 2662 3274; x_wconf 92' lang='lat' dir='ltr'><strong>non</strong></span> <span class='ocrx_word' id='word_1_713' title='bbox 2716 3219 2788 3274; x_wconf 89' lang='lat' dir='ltr'><strong>ita</strong></span> <span class='ocrx_word' id='word_1_714' title='bbox 2848 3227 2906 3272; x_wconf 89' lang='lat' dir='ltr'><strong>ut</strong></span> <span class='ocrx_word' id='word_1_715' title='bbox 2936 3217 2991 3273; x_wconf 94' lang='lat' dir='ltr'><strong>in</strong></span> <span class='ocrx_word' id='word_1_716' title='bbox 3037 3231 3313 3283; x_wconf 88' lang='lat' dir='ltr'><strong>somnum,</strong></span> <span class='ocrx_word' id='word_1_717' title='bbox 3347 3225 3541 3272; x_wconf 81' lang='lat' dir='ltr'><strong>sensus</strong></span> 
     </span>
    </p>
   </div>
   <div class='ocr_carea' id='block_1_95' title="bbox 1944 3309 3539 3387">
    <p class='ocr_par' dir='ltr' id='par_1_95' title="bbox 1944 3309 3539 3387">
     <span class='ocr_line' id='line_1_95' title="bbox 1944 3309 3539 3387; baseline -0.004 -15"><span class='ocrx_word' id='word_1_718' title='bbox 1944 3327 2028 3372; x_wconf 91' lang='lat' dir='ltr'><strong>est</strong></span> <span class='ocrx_word' id='word_1_719' title='bbox 2074 3315 2325 3387; x_wconf 83' lang='lat' dir='ltr'><strong>proclivis</strong></span> <span class='ocrx_word' id='word_1_720' title='bbox 2354 3314 2406 3370; x_wconf 91' lang='lat' dir='ltr'><strong>in</strong></span> <span class='ocrx_word' id='word_1_721' title='bbox 2463 3313 2728 3368; x_wconf 82' lang='lat' dir='ltr'><strong>mortem?</strong></span> <span class='ocrx_word' id='word_1_722' title='bbox 2765 3311 2872 3368; x_wconf 90' lang='lat' dir='ltr'><strong>Cur</strong></span> <span class='ocrx_word' id='word_1_723' title='bbox 2929 3311 3109 3382; x_wconf 86' lang='lat' dir='ltr'><strong>magni</strong></span> <span class='ocrx_word' id='word_1_724' title='bbox 3139 3309 3402 3365; x_wconf 82' lang='lat' dir='ltr'><strong>habentur</strong></span> <span class='ocrx_word' id='word_1_725' title='bbox 3449 3309 3539 3381; x_wconf 84' lang='lat' dir='ltr'><strong>qui</strong></span> 
     </span>
    </p>
   </div>
   <div class='ocr_carea' id='block_1_96' title="bbox 1945 3401 3541 3475">
    <p class='ocr_par' dir='ltr' id='par_1_96' title="bbox 1945 3401 3541 3475">
     <span class='ocr_line' id='line_1_96' title="bbox 1945 3401 3541 3475; baseline -0.004 -12"><span class='ocrx_word' id='word_1_726' title='bbox 1945 3417 2174 3464; x_wconf 88' lang='lat' dir='ltr'><strong>mortem</strong></span> <span class='ocrx_word' id='word_1_727' title='bbox 2228 3422 2338 3462; x_wconf 91' lang='lat' dir='ltr'><strong>non</strong></span> <span class='ocrx_word' id='word_1_728' title='bbox 2383 3413 2666 3470; x_wconf 84' lang='lat' dir='ltr'><strong>metuunt,</strong></span> <span class='ocrx_word' id='word_1_729' title='bbox 2713 3403 2876 3475; x_wconf 84' lang='lat' dir='ltr'><strong>hique</strong></span> <span class='ocrx_word' id='word_1_730' title='bbox 2930 3411 3038 3458; x_wconf 88' lang='lat' dir='ltr'><strong>tam</strong></span> <span class='ocrx_word' id='word_1_731' title='bbox 3081 3402 3188 3458; x_wconf 88' lang='lat' dir='ltr'><strong>rari</strong></span> <span class='ocrx_word' id='word_1_732' title='bbox 3236 3402 3395 3456; x_wconf 82' lang='lat' dir='ltr'><strong>sunt?</strong></span> <span class='ocrx_word' id='word_1_733' title='bbox 3433 3401 3541 3457; x_wconf 84' lang='lat' dir='ltr'><strong>Cur</strong></span> 
     </span>
    </p>
   </div>
   <div class='ocr_carea' id='block_1_97' title="bbox 1947 3493 3540 3572">
    <p class='ocr_par' dir='ltr' id='par_1_97' title="bbox 1947 3493 3540 3572">
     <span class='ocr_line' id='line_1_97' title="bbox 1947 3493 3540 3572; baseline -0.007 -14"><span class='ocrx_word' id='word_1_734' title='bbox 1947 3503 2105 3558; x_wconf 85' lang='lat' dir='ltr'><strong>etiam</strong></span> <span class='ocrx_word' id='word_1_735' title='bbox 2159 3501 2273 3572; x_wconf 86' lang='lat' dir='ltr'><strong>Ipse</strong></span> <span class='ocrx_word' id='word_1_736' title='bbox 2325 3499 2412 3570; x_wconf 93' lang='lat' dir='ltr'><strong>qui</strong></span> <span class='ocrx_word' id='word_1_737' title='bbox 2478 3496 2964 3567; x_wconf 87' lang='lat' dir='ltr'><strong>concupiscentiam</strong></span> <span class='ocrx_word' id='word_1_738' title='bbox 3032 3507 3093 3550; x_wconf 88' lang='lat' dir='ltr'><strong>se</strong></span> <span class='ocrx_word' id='word_1_739' title='bbox 3150 3493 3290 3548; x_wconf 81' lang='lat' dir='ltr'><strong>dixit</strong></span> <span class='ocrx_word' id='word_1_740' title='bbox 3340 3493 3540 3548; x_wconf 81' lang='lat' dir='ltr'><strong>habere</strong></span> 
     </span>
    </p>
   </div>
   <div class='ocr_carea' id='block_1_98' title="bbox 1947 3584 3538 3658">
    <p class='ocr_par' dir='ltr' id='par_1_98' title="bbox 1947 3584 3538 3658">
     <span class='ocr_line' id='line_1_98' title="bbox 1947 3584 3538 3658; baseline -0.007 -9"><span class='ocrx_word' id='word_1_741' title='bbox 1947 3593 2188 3658; x_wconf 87' lang='lat' dir='ltr'><strong>dissolvi,</strong></span> <span class='ocrx_word' id='word_1_742' title='bbox 2242 3600 2296 3648; x_wconf 91' lang='lat' dir='ltr'><strong>et</strong></span> <span class='ocrx_word' id='word_1_743' title='bbox 2355 3605 2476 3646; x_wconf 86' lang='lat' dir='ltr'><strong>esse</strong></span> <span class='ocrx_word' id='word_1_744' title='bbox 2523 3605 2644 3645; x_wconf 92' lang='lat' dir='ltr'><strong>cum</strong></span> <span class='ocrx_word' id='word_1_745' title='bbox 2686 3588 2902 3644; x_wconf 85' lang='lat' dir='ltr'><strong>Christo</strong></span> <span class='ocrx_word' id='word_1_746' title='bbox 2932 3586 3193 3658; x_wconf 74' lang='lat' dir='ltr'><strong>(Philipp.</strong></span> <span class='ocrx_word' id='word_1_747' title='bbox 3219 3584 3405 3655; x_wconf 68' lang='lat' dir='ltr'><strong>t,25),</strong></span> <span class='ocrx_word' id='word_1_748' title='bbox 3432 3597 3538 3639; x_wconf 87' lang='lat' dir='ltr'><strong>non</strong></span> 
     </span>
    </p>
   </div>
   <div class='ocr_carea' id='block_1_99' title="bbox 1947 3676 3542 3754">
    <p class='ocr_par' dir='ltr' id='par_1_99' title="bbox 1947 3676 3542 3754">
     <span class='ocr_line' id='line_1_99' title="bbox 1947 3676 3542 3754; baseline -0.008 -12"><span class='ocrx_word' id='word_1_749' title='bbox 1947 3688 2061 3743; x_wconf 86' lang='lat' dir='ltr'><strong>vult</strong></span> <span class='ocrx_word' id='word_1_750' title='bbox 2120 3695 2296 3740; x_wconf 85' lang='lat' dir='ltr'><strong>tamen</strong></span> <span class='ocrx_word' id='word_1_751' title='bbox 2358 3682 2618 3754; x_wconf 83' lang='lat' dir='ltr'><strong>spoliari.</strong></span> <span class='ocrx_word' id='word_1_752' title='bbox 2678 3681 2772 3736; x_wconf 89' lang='lat' dir='ltr'><strong>sed</strong></span> <span class='ocrx_word' id='word_1_753' title='bbox 2834 3679 3200 3750; x_wconf 81' lang='lat' dir='ltr'><strong>supervestiri,</strong></span> <span class='ocrx_word' id='word_1_754' title='bbox 3253 3687 3310 3731; x_wconf 88' lang='lat' dir='ltr'><strong>ut</strong></span> <span class='ocrx_word' id='word_1_755' title='bbox 3351 3676 3542 3731; x_wconf 88' lang='lat' dir='ltr'><strong>absor-</strong></span> 
     </span>
    </p>
   </div>
   <div class='ocr_carea' id='block_1_100' title="bbox 1948 3766 3543 3844">
    <p class='ocr_par' dir='ltr' id='par_1_100' title="bbox 1948 3766 3543 3844">
     <span class='ocr_line' id='line_1_100' title="bbox 1948 3766 3543 3844; baseline -0.009 -10"><span class='ocrx_word' id='word_1_756' title='bbox 1948 3779 2137 3834; x_wconf 86' lang='lat' dir='ltr'><strong>beatur</strong></span> <span class='ocrx_word' id='word_1_757' title='bbox 2163 3774 2394 3830; x_wconf 84' lang='lat' dir='ltr'><strong>mortale</strong></span> <span class='ocrx_word' id='word_1_758' title='bbox 2418 3789 2445 3826; x_wconf 90' lang='lat' dir='ltr'><strong>a</strong></span> <span class='ocrx_word' id='word_1_759' title='bbox 2479 3773 2581 3828; x_wconf 80' lang='lat' dir='ltr'><strong>vita</strong></span> <span class='ocrx_word' id='word_1_760' title='bbox 2617 3770 2699 3844; x_wconf 94' lang='lat' dir='ltr'><strong>(II</strong></span> <span class='ocrx_word' id='word_1_761' title='bbox 2746 3769 2866 3826; x_wconf 85' lang='lat' dir='ltr'><strong>Cor.</strong></span> <span class='ocrx_word' id='word_1_762' title='bbox 2897 3785 2954 3836; x_wconf 79' lang='grc' dir='ltr'><strong>ν,</strong></span> <span class='ocrx_word' id='word_1_763' title='bbox 2983 3771 3017 3822; x_wconf 74' lang='grc'><strong>4</strong></span> <span class='ocrx_word' id='word_1_764' title='bbox 3040 3768 3099 3838; x_wconf 86' lang='lat' dir='ltr'><strong>)‘l</strong></span> <span class='ocrx_word' id='word_1_765' title='bbox 3143 3766 3340 3838; x_wconf 88' lang='lat' dir='ltr'><strong>thuid</strong></span> <span class='ocrx_word' id='word_1_766' title='bbox 3384 3767 3543 3821; x_wconf 89' lang='lat' dir='ltr'><strong>Petro</strong></span> 
     </span>
    </p>
   </div>
   <div class='ocr_carea' id='block_1_101' title="bbox 1949 3860 3542 3937">
    <p class='ocr_par' dir='ltr' id='par_1_101' title="bbox 1949 3860 3542 3937">
     <span class='ocr_line' id='line_1_101' title="bbox 1949 3860 3542 3937; baseline -0.011 -9"><span class='ocrx_word' id='word_1_767' title='bbox 1949 3871 2148 3928; x_wconf 91' lang='lat' dir='ltr'><strong>dictum</strong></span> <span class='ocrx_word' id='word_1_768' title='bbox 2174 3879 2254 3925; x_wconf 89' lang='lat' dir='ltr'><strong>est</strong></span> <span class='ocrx_word' id='word_1_769' title='bbox 2281 3867 2348 3923; x_wconf 90' lang='lat' dir='ltr'><strong>de</strong></span> <span class='ocrx_word' id='word_1_770' title='bbox 2377 3867 2495 3937; x_wconf 85' lang='lat' dir='ltr'><strong>ipso</strong></span> <span class='ocrx_word' id='word_1_771' title='bbox 2523 3863 2758 3936; x_wconf 85' lang='lat' dir='ltr'><strong>glorioso</strong></span> <span class='ocrx_word' id='word_1_772' title='bbox 2784 3862 2910 3928; x_wconf 84' lang='lat' dir='ltr'><strong>line,</strong></span> <span class='ocrx_word' id='word_1_773' title='bbox 2939 3862 3080 3916; x_wconf 81' lang='lat' dir='ltr'><strong>Alter</strong></span> <span class='ocrx_word' id='word_1_774' title='bbox 3099 3869 3147 3914; x_wconf 85' lang='lat' dir='ltr'><strong>te</strong></span> <span class='ocrx_word' id='word_1_775' title='bbox 3171 3860 3356 3931; x_wconf 83' lang='lat' dir='ltr'><strong>cinget,</strong></span> <span class='ocrx_word' id='word_1_776' title='bbox 3387 3867 3435 3912; x_wconf 83' lang='lat' dir='ltr'><strong>et</strong></span> <span class='ocrx_word' id='word_1_777' title='bbox 3463 3862 3542 3929; x_wconf 45' lang='lat' dir='ltr'><strong>fee</strong></span> 
     </span>
    </p>
   </div>
   <div class='ocr_carea' id='block_1_102' title="bbox 1948 3949 3542 4036">
    <p class='ocr_par' dir='ltr' id='par_1_102' title="bbox 1948 3949 3542 4036">
     <span class='ocr_line' id='line_1_102' title="bbox 1948 3949 3542 4036; baseline -0.011 -16"><span class='ocrx_word' id='word_1_778' title='bbox 1948 3975 2022 4021; x_wconf 86' lang='lat' dir='ltr'><strong>ret</strong></span> <span class='ocrx_word' id='word_1_779' title='bbox 2051 3981 2149 4036; x_wconf 88' lang='lat' dir='ltr'><strong>quo</strong></span> <span class='ocrx_word' id='word_1_780' title='bbox 2191 3973 2244 4016; x_wconf 88' lang='lat' dir='ltr'><strong>tu</strong></span> <span class='ocrx_word' id='word_1_781' title='bbox 2275 3978 2376 4015; x_wconf 88' lang='lat' dir='ltr'><strong>non</strong></span> <span class='ocrx_word' id='word_1_782' title='bbox 2402 3961 2473 4013; x_wconf 87' lang='lat' dir='ltr'><strong>vis</strong></span> <span class='ocrx_word' id='word_1_783' title='bbox 2515 3957 2535 4029; x_wconf 89' lang='lat'>(</span> <span class='ocrx_word' id='word_1_784' title='bbox 2552 3956 2708 4011; x_wconf 80' lang='lat' dir='ltr'><strong>Joan.</strong></span> <span class='ocrx_word' id='word_1_785' title='bbox 2739 3971 2836 4010; x_wconf 79' lang='lat' dir='ltr'><strong>xxi</strong></span> <span class='ocrx_word' id='word_1_786' title='bbox 2856 3997 2870 4019; x_wconf 85' lang='lat'><strong>,</strong></span> <span class='ocrx_word' id='word_1_787' title='bbox 2919 3953 2988 4008; x_wconf 73' lang='grc'><strong>18</strong></span> <span class='ocrx_word' id='word_1_788' title='bbox 3009 3953 3066 4024; x_wconf 78' lang='lat'><strong>)?</strong></span> <span class='ocrx_word' id='word_1_789' title='bbox 3089 3952 3148 4007; x_wconf 89' lang='lat' dir='ltr'><strong>Si</strong></span> <span class='ocrx_word' id='word_1_790' title='bbox 3188 3965 3318 4022; x_wconf 85' lang='lat' dir='ltr'><strong>ergo</strong></span> <span class='ocrx_word' id='word_1_791' title='bbox 3347 3949 3542 4005; x_wconf 72' lang='lat' dir='ltr'><strong>frustm</strong></span> 
     </span>
    </p>
   </div>
   <div class='ocr_carea' id='block_1_103' title="bbox 1951 4043 3542 4122">
    <p class='ocr_par' dir='ltr' id='par_1_103' title="bbox 1951 4043 3542 4122">
     <span class='ocr_line' id='line_1_103' title="bbox 1951 4043 3542 4122; baseline -0.011 -9"><span class='ocrx_word' id='word_1_792' title='bbox 1951 4071 2100 4114; x_wconf 90' lang='lat' dir='ltr'><strong>mors</strong></span> <span class='ocrx_word' id='word_1_793' title='bbox 2130 4056 2367 4117; x_wconf 85' lang='lat' dir='ltr'><strong>timetur,</strong></span> <span class='ocrx_word' id='word_1_794' title='bbox 2398 4051 2514 4122; x_wconf 66' lang='lat' dir='ltr'><strong>ipse</strong></span> <span class='ocrx_word' id='word_1_795' title='bbox 2560 4050 2720 4104; x_wconf 89' lang='lat' dir='ltr'><strong>timor</strong></span> <span class='ocrx_word' id='word_1_796' title='bbox 2746 4047 2862 4118; x_wconf 87' lang='lat' dir='ltr'><strong>ejus</strong></span> <span class='ocrx_word' id='word_1_797' title='bbox 2901 4054 2984 4102; x_wconf 91' lang='lat' dir='ltr'><strong>est</strong></span> <span class='ocrx_word' id='word_1_798' title='bbox 3027 4057 3223 4116; x_wconf 65' lang='lat' dir='ltr'><strong>penna:</strong></span> <span class='ocrx_word' id='word_1_799' title='bbox 3273 4043 3318 4098; x_wconf 90' lang='lat' dir='ltr'><strong>si</strong></span> <span class='ocrx_word' id='word_1_800' title='bbox 3364 4049 3542 4098; x_wconf 85' lang='lat' dir='ltr'><strong>autem</strong></span> 
     </span>
    </p>
   </div>
   <div class='ocr_carea' id='block_1_104' title="bbox 1952 4055 3603 4216">
    <p class='ocr_par' dir='ltr' id='par_1_104' title="bbox 1952 4055 3603 4216">
     <span class='ocr_line' id='line_1_104' title="bbox 1952 4055 3603 4182; baseline -0.011 -69"><span class='ocrx_word' id='word_1_801' title='bbox 1952 4071 2100 4114; x_wconf 90' lang='lat' dir='ltr'><strong>mors</strong></span> <span class='ocrx_word' id='word_1_802' title='bbox 2130 4056 2367 4117; x_wconf 85' lang='lat' dir='ltr'><strong>timetur,</strong></span> <span class='ocrx_word' id='word_1_803' title='bbox 2398 4055 2514 4122; x_wconf 66' lang='lat' dir='ltr'><strong>ipse</strong></span> <span class='ocrx_word' id='word_1_804' title='bbox 2560 4055 2720 4104; x_wconf 89' lang='lat' dir='ltr'><strong>timor</strong></span> <span class='ocrx_word' id='word_1_805' title='bbox 2746 4055 2862 4118; x_wconf 87' lang='lat' dir='ltr'><strong>ejus</strong></span> <span class='ocrx_word' id='word_1_806' title='bbox 2901 4055 2984 4102; x_wconf 91' lang='lat' dir='ltr'><strong>est</strong></span> <span class='ocrx_word' id='word_1_807' title='bbox 3027 4057 3223 4116; x_wconf 65' lang='lat' dir='ltr'><strong>penna:</strong></span> <span class='ocrx_word' id='word_1_808' title='bbox 3273 4058 3318 4098; x_wconf 86' lang='lat' dir='ltr'><strong>st</strong></span> <span class='ocrx_word' id='word_1_809' title='bbox 3364 4055 3542 4098; x_wconf 85' lang='lat' dir='ltr'><strong>autem</strong></span> <span class='ocrx_word' id='word_1_810' title='bbox 3581 4055 3603 4182; x_wconf 44' lang='grc' dir='ltr'><em>λ</em></span> 
     </span>
     <span class='ocr_line' id='line_1_105' title="bbox 1952 4133 3583 4216; baseline -0.01 -13"><span class='ocrx_word' id='word_1_811' title='bbox 1952 4148 2131 4203; x_wconf 89' lang='lat' dir='ltr'><strong>anima</strong></span> <span class='ocrx_word' id='word_1_812' title='bbox 2163 4143 2398 4216; x_wconf 87' lang='lat' dir='ltr'><strong>separari</strong></span> <span class='ocrx_word' id='word_1_813' title='bbox 2428 4157 2456 4196; x_wconf 89' lang='lat' dir='ltr'><strong>a</strong></span> <span class='ocrx_word' id='word_1_814' title='bbox 2487 4155 2714 4210; x_wconf 87' lang='lat' dir='ltr'><strong>corpore</strong></span> <span class='ocrx_word' id='word_1_815' title='bbox 2739 4137 3052 4194; x_wconf 79' lang='lat' dir='ltr'><strong>naturaliter</strong></span> <span class='ocrx_word' id='word_1_816' title='bbox 3085 4149 3192 4190; x_wconf 85' lang='lat' dir='ltr'><strong>non</strong></span> <span class='ocrx_word' id='word_1_817' title='bbox 3237 4133 3387 4201; x_wconf 86' lang='lat' dir='ltr'><strong>vult,</strong></span> <span class='ocrx_word' id='word_1_818' title='bbox 3431 4133 3544 4203; x_wconf 79' lang='lat' dir='ltr'><strong>ipsa</strong></span> <span class='ocrx_word' id='word_1_819' title='bbox 3574 4185 3583 4214; x_wconf 35' lang='grc' dir='ltr'><em>π</em></span> 
     </span>
    </p>
   </div>
   <div class='ocr_carea' id='block_1_105' title="bbox 1950 4223 3604 4311">
    <p class='ocr_par' dir='ltr' id='par_1_105' title="bbox 1950 4223 3604 4311">
     <span class='ocr_line' id='line_1_106' title="bbox 1950 4223 3604 4311; baseline -0.009 -15"><span class='ocrx_word' id='word_1_820' title='bbox 1950 4255 2098 4296; x_wconf 90' lang='lat' dir='ltr'><strong>mors</strong></span> <span class='ocrx_word' id='word_1_821' title='bbox 2125 4252 2280 4311; x_wconf 64' lang='lat' dir='ltr'><strong>poena</strong></span> <span class='ocrx_word' id='word_1_822' title='bbox 2311 4245 2392 4292; x_wconf 90' lang='lat' dir='ltr'><strong>est</strong></span> <span class='ocrx_word' id='word_1_823' title='bbox 2411 4277 2424 4300; x_wconf 94' lang='lat'><strong>,</strong></span> <span class='ocrx_word' id='word_1_824' title='bbox 2453 4232 2695 4307; x_wconf 85' lang='lat' dir='ltr'><strong>quamvis</strong></span> <span class='ocrx_word' id='word_1_825' title='bbox 2724 4247 2842 4288; x_wconf 89' lang='lat' dir='ltr'><strong>eam</strong></span> <span class='ocrx_word' id='word_1_826' title='bbox 2878 4231 2930 4286; x_wconf 90' lang='lat' dir='ltr'><strong>in</strong></span> <span class='ocrx_word' id='word_1_827' title='bbox 2963 4243 3120 4284; x_wconf 83' lang='lat' dir='ltr'><strong>usum</strong></span> <span class='ocrx_word' id='word_1_828' title='bbox 3149 4225 3547 4296; x_wconf 78' lang='lat' dir='ltr'><strong>bonum-gratia</strong></span> <span class='ocrx_word' id='word_1_829' title='bbox 3573 4223 3604 4237; x_wconf 59' lang='grc'><strong>“”</strong></span> 
     </span>
    </p>
   </div>
   <div class='ocr_carea' id='block_1_106' title="bbox 1950 4333 2453 4390">
    <p class='ocr_par' dir='ltr' id='par_1_106' title="bbox 1950 4333 2453 4390">
     <span class='ocr_line' id='line_1_107' title="bbox 1950 4333 2453 4390; baseline -0.014 -1"><span class='ocrx_word' id='word_1_830' title='bbox 1950 4333 2130 4390; x_wconf 88' lang='lat' dir='ltr'><strong>divina</strong></span> <span class='ocrx_word' id='word_1_831' title='bbox 2157 4335 2453 4385; x_wconf 88' lang='lat' dir='ltr'><strong>convertat.</strong></span> 
     </span>
    </p>
   </div>
   <div class='ocr_carea' id='block_1_107' title="bbox 2021 4409 3545 4487">
    <p class='ocr_par' dir='ltr' id='par_1_107' title="bbox 2021 4409 3545 4487">
     <span class='ocr_line' id='line_1_108' title="bbox 2021 4409 3545 4487; baseline -0.014 -3"><span class='ocrx_word' id='word_1_832' title='bbox 2021 4421 2376 4484; x_wconf 78' lang='lat' dir='ltr'><strong>CLXXXVII.</strong></span> <span class='ocrx_word' id='word_1_833' title='bbox 2418 4421 2541 4478; x_wconf 65' lang='lat' dir='ltr'><strong>Jun.</strong></span> <span class='ocrx_word' id='word_1_834' title='bbox 2580 4417 2844 4487; x_wconf 88' lang='lat' dir='ltr'><strong>Quoniam</strong></span> <span class='ocrx_word' id='word_1_835' title='bbox 2889 4429 2951 4471; x_wconf 89' lang='lat' dir='ltr'><strong>ea</strong></span> <span class='ocrx_word' id='word_1_836' title='bbox 2989 4413 3263 4485; x_wconf 85' lang='lat' dir='ltr'><strong>judicante</strong></span> <span class='ocrx_word' id='word_1_837' title='bbox 3300 4409 3545 4481; x_wconf 64' lang='lat' dir='ltr'><strong>justitia,</strong></span> 
     </span>
    </p>
   </div>
   <div class='ocr_carea' id='block_1_108' title="bbox 1951 4505 3550 4594">
    <p class='ocr_par' dir='ltr' id='par_1_108' title="bbox 1951 4505 3550 4594">
     <span class='ocr_line' id='line_1_109' title="bbox 1951 4505 3550 4594; baseline -0.008 -20"><span class='ocrx_word' id='word_1_838' title='bbox 1951 4537 2070 4594; x_wconf 64' lang='lat' dir='ltr'><strong>quae</strong></span> <span class='ocrx_word' id='word_1_839' title='bbox 2100 4535 2204 4575; x_wconf 90' lang='lat' dir='ltr'><strong>non</strong></span> <span class='ocrx_word' id='word_1_840' title='bbox 2237 4518 2462 4588; x_wconf 89' lang='lat' dir='ltr'><strong>imputat</strong></span> <span class='ocrx_word' id='word_1_841' title='bbox 2493 4522 2770 4586; x_wconf 88' lang='lat' dir='ltr'><strong>peccatum</strong></span> <span class='ocrx_word' id='word_1_842' title='bbox 2793 4553 2807 4576; x_wconf 92' lang='lat'><strong>,</strong></span> <span class='ocrx_word' id='word_1_843' title='bbox 2845 4509 2948 4565; x_wconf 89' lang='lat' dir='ltr'><strong>nisi</strong></span> <span class='ocrx_word' id='word_1_844' title='bbox 2988 4523 3018 4562; x_wconf 86' lang='lat' dir='ltr'><strong>a</strong></span> <span class='ocrx_word' id='word_1_845' title='bbox 3049 4521 3155 4578; x_wconf 92' lang='lat' dir='ltr'><strong>quo</strong></span> <span class='ocrx_word' id='word_1_846' title='bbox 3196 4505 3420 4560; x_wconf 87' lang='lat' dir='ltr'><strong>liberum</strong></span> <span class='ocrx_word' id='word_1_847' title='bbox 3465 4511 3550 4561; x_wconf 80' lang='lat' dir='ltr'><strong>est</strong></span> 
     </span>
    </p>
   </div>
   <div class='ocr_carea' id='block_1_109' title="bbox 1951 4597 3549 4679">
    <p class='ocr_par' dir='ltr' id='par_1_109' title="bbox 1951 4597 3549 4679">
     <span class='ocr_line' id='line_1_110' title="bbox 1951 4597 3549 4679; baseline -0.012 -10"><span class='ocrx_word' id='word_1_848' title='bbox 1951 4613 2240 4674; x_wconf 88' lang='lat' dir='ltr'><strong>abstinere,</strong></span> <span class='ocrx_word' id='word_1_849' title='bbox 2271 4609 2324 4664; x_wconf 90' lang='lat' dir='ltr'><strong>hi</strong></span> <span class='ocrx_word' id='word_1_850' title='bbox 2351 4607 2439 4679; x_wconf 85' lang='lat' dir='ltr'><strong>qui</strong></span> <span class='ocrx_word' id='word_1_851' title='bbox 2470 4607 2587 4661; x_wconf 92' lang='lat' dir='ltr'><strong>sine</strong></span> <span class='ocrx_word' id='word_1_852' title='bbox 2617 4605 2734 4675; x_wconf 90' lang='lat' dir='ltr'><strong>lege</strong></span> <span class='ocrx_word' id='word_1_853' title='bbox 2764 4607 3139 4674; x_wconf 87' lang='lat' dir='ltr'><strong>peccaverunt,</strong></span> <span class='ocrx_word' id='word_1_854' title='bbox 3174 4598 3292 4653; x_wconf 85' lang='lat' dir='ltr'><strong>sine</strong></span> <span class='ocrx_word' id='word_1_855' title='bbox 3317 4597 3434 4667; x_wconf 87' lang='lat' dir='ltr'><strong>lege</strong></span> <span class='ocrx_word' id='word_1_856' title='bbox 3455 4597 3549 4666; x_wconf 84' lang='lat' dir='ltr'><strong>ju-</strong></span> 
     </span>
    </p>
   </div>
   <div class='ocr_carea' id='block_1_110' title="bbox 1952 4691 3548 4772">
    <p class='ocr_par' dir='ltr' id='par_1_110' title="bbox 1952 4691 3548 4772">
     <span class='ocr_line' id='line_1_111' title="bbox 1952 4691 3548 4772; baseline -0.013 -7"><span class='ocrx_word' id='word_1_857' title='bbox 1952 4709 2288 4769; x_wconf 86' lang='lat' dir='ltr'><strong>dicabuntur,</strong></span> <span class='ocrx_word' id='word_1_858' title='bbox 2318 4712 2372 4760; x_wconf 90' lang='lat' dir='ltr'><strong>et</strong></span> <span class='ocrx_word' id='word_1_859' title='bbox 2402 4703 2453 4757; x_wconf 87' lang='grc' dir='ltr'><strong>Ιιί</strong></span> <span class='ocrx_word' id='word_1_860' title='bbox 2481 4699 2574 4772; x_wconf 88' lang='lat' dir='ltr'><strong>qui</strong></span> <span class='ocrx_word' id='word_1_861' title='bbox 2604 4700 2656 4755; x_wconf 92' lang='lat' dir='ltr'><strong>in</strong></span> <span class='ocrx_word' id='word_1_862' title='bbox 2689 4699 2805 4769; x_wconf 83' lang='lat' dir='ltr'><strong>lege</strong></span> <span class='ocrx_word' id='word_1_863' title='bbox 2832 4701 3208 4768; x_wconf 87' lang='lat' dir='ltr'><strong>peccaverunt,</strong></span> <span class='ocrx_word' id='word_1_864' title='bbox 3252 4707 3350 4763; x_wconf 87' lang='lat' dir='ltr'><strong>per</strong></span> <span class='ocrx_word' id='word_1_865' title='bbox 3374 4691 3548 4761; x_wconf 81' lang='lat' dir='ltr'><strong>legent</strong></span> 
     </span>
    </p>
   </div>
   <div class='ocr_carea' id='block_1_111' title="bbox 1946 4786 3553 4877">
    <p class='ocr_par' dir='ltr' id='par_1_111' title="bbox 1946 4786 3553 4877">
     <span class='ocr_line' id='line_1_112' title="bbox 1946 4786 3553 4877; baseline -0.012 -18"><span class='ocrx_word' id='word_1_866' title='bbox 1946 4803 2328 4877; x_wconf 88' lang='lat' dir='ltr'><strong>judicabuntur</strong></span> <span class='ocrx_word' id='word_1_867' title='bbox 2357 4795 2549 4872; x_wconf 88' lang='lat' dir='ltr'><strong>(Rom.</strong></span> <span class='ocrx_word' id='word_1_868' title='bbox 2579 4809 2638 4860; x_wconf 83' lang='lat' dir='ltr'><strong>tt,</strong></span> <span class='ocrx_word' id='word_1_869' title='bbox 2669 4793 2736 4849; x_wconf 78' lang='lat' dir='ltr'><strong>l2</strong></span> <span class='ocrx_word' id='word_1_870' title='bbox 2757 4791 2800 4864; x_wconf 95' lang='lat'><strong>).</strong></span> <span class='ocrx_word' id='word_1_871' title='bbox 2828 4791 2980 4861; x_wconf 88' lang='lat' dir='ltr'><strong>Quod</strong></span> <span class='ocrx_word' id='word_1_872' title='bbox 3012 4798 3191 4845; x_wconf 86' lang='lat' dir='ltr'><strong>autem</strong></span> <span class='ocrx_word' id='word_1_873' title='bbox 3221 4786 3298 4843; x_wconf 89' lang='lat' dir='ltr'><strong>ait</strong></span> <span class='ocrx_word' id='word_1_874' title='bbox 3322 4787 3553 4856; x_wconf 81' lang='lat' dir='ltr'><strong>Aposto-</strong></span> 
     </span>
    </p>
   </div>
   <div class='ocr_carea' id='block_1_112' title="bbox 1950 4877 3544 4968">
    <p class='ocr_par' dir='ltr' id='par_1_112' title="bbox 1950 4877 3544 4968">
     <span class='ocr_line' id='line_1_113' title="bbox 1950 4877 3544 4968; baseline -0.014 -15"><span class='ocrx_word' id='word_1_875' title='bbox 1950 4899 2054 4962; x_wconf 91' lang='lat' dir='ltr'><strong>lus,</strong></span> <span class='ocrx_word' id='word_1_876' title='bbox 2091 4892 2200 4968; x_wconf 72' lang='lat' dir='ltr'><strong>Sed</strong></span> <span class='ocrx_word' id='word_1_877' title='bbox 2244 4889 2467 4963; x_wconf 85' lang='lat' dir='ltr'><strong>regnavit</strong></span> <span class='ocrx_word' id='word_1_878' title='bbox 2513 4901 2648 4942; x_wconf 86' lang='lat' dir='ltr'><strong>mars</strong></span> <span class='ocrx_word' id='word_1_879' title='bbox 2692 4884 2753 4939; x_wconf 77' lang='lat' dir='ltr'><strong>ab</strong></span> <span class='ocrx_word' id='word_1_880' title='bbox 2797 4883 2964 4938; x_wconf 80' lang='lat' dir='ltr'><strong>Adam</strong></span> <span class='ocrx_word' id='word_1_881' title='bbox 3010 4895 3169 4950; x_wconf 78' lang='lat' dir='ltr'><strong>usque</strong></span> <span class='ocrx_word' id='word_1_882' title='bbox 3196 4878 3266 4933; x_wconf 76' lang='lat' dir='ltr'><strong>ad</strong></span> <span class='ocrx_word' id='word_1_883' title='bbox 3297 4877 3544 4949; x_wconf 73' lang='lat' dir='ltr'><strong>Moysen,</strong></span> 
     </span>
    </p>
   </div>
   <div class='ocr_carea' id='block_1_113' title="bbox 1953 4971 3544 5054">
    <p class='ocr_par' dir='ltr' id='par_1_113' title="bbox 1953 4971 3544 5054">
     <span class='ocr_line' id='line_1_114' title="bbox 1953 4971 3544 5054; baseline -0.014 -10"><span class='ocrx_word' id='word_1_884' title='bbox 1953 4991 2106 5044; x_wconf 88' lang='lat' dir='ltr'><strong>etiam</strong></span> <span class='ocrx_word' id='word_1_885' title='bbox 2131 4990 2186 5041; x_wconf 81' lang='lat' dir='ltr'><strong>in</strong></span> <span class='ocrx_word' id='word_1_886' title='bbox 2209 5001 2295 5042; x_wconf 87' lang='lat' dir='ltr'><strong>eos</strong></span> <span class='ocrx_word' id='word_1_887' title='bbox 2321 4983 2405 5053; x_wconf 87' lang='lat' dir='ltr'><strong>qui</strong></span> <span class='ocrx_word' id='word_1_888' title='bbox 2435 4997 2536 5037; x_wconf 88' lang='lat' dir='ltr'><strong>non</strong></span> <span class='ocrx_word' id='word_1_889' title='bbox 2563 4983 2920 5054; x_wconf 81' lang='lat' dir='ltr'><strong>peccaverunt,</strong></span> <span class='ocrx_word' id='word_1_890' title='bbox 2938 4975 2990 5028; x_wconf 91' lang='lat' dir='ltr'><strong>in</strong></span> <span class='ocrx_word' id='word_1_891' title='bbox 3012 4971 3396 5029; x_wconf 81' lang='lat' dir='ltr'><strong>similitudinem</strong></span> <span class='ocrx_word' id='word_1_892' title='bbox 3418 4984 3544 5040; x_wconf 71' lang='grc' dir='ltr'><strong>ργωι</strong></span> 
     </span>
    </p>
   </div>
   <div class='ocr_carea' id='block_1_114' title="bbox 1951 5055 3547 5139">
    <p class='ocr_par' dir='ltr' id='par_1_114' title="bbox 1951 5055 3547 5139">
     <span class='ocr_line' id='line_1_115' title="bbox 1951 5055 3547 5139; baseline -0.014 -3"><span class='ocrx_word' id='word_1_893' title='bbox 1951 5077 2274 5136; x_wconf 80' lang='lat' dir='ltr'><strong>varicatlonis</strong></span> <span class='ocrx_word' id='word_1_894' title='bbox 2309 5073 2470 5139; x_wconf 64' lang='lat' dir='ltr'><strong>Adit;</strong></span> <span class='ocrx_word' id='word_1_895' title='bbox 2505 5072 2630 5128; x_wconf 82' lang='lat' dir='ltr'><strong>fecit</strong></span> <span class='ocrx_word' id='word_1_896' title='bbox 2657 5069 2990 5124; x_wconf 90' lang='lat' dir='ltr'><strong>translucere</strong></span> <span class='ocrx_word' id='word_1_897' title='bbox 3017 5063 3158 5137; x_wconf 89' lang='lat' dir='ltr'><strong>quod</strong></span> <span class='ocrx_word' id='word_1_898' title='bbox 3194 5068 3457 5124; x_wconf 88' lang='lat' dir='ltr'><strong>senserat,</strong></span> <span class='ocrx_word' id='word_1_899' title='bbox 3489 5055 3547 5139; x_wconf 36' lang='lat' dir='ltr'><strong>it.</strong></span> 
     </span>
    </p>
   </div>
   <div class='ocr_carea' id='block_1_115' title="bbox 1953 5127 3547 5238">
    <p class='ocr_par' dir='ltr' id='par_1_115' title="bbox 1953 5127 3547 5238">
     <span class='ocr_line' id='line_1_116' title="bbox 1953 5127 3547 5238; baseline -0.012 -10"><span class='ocrx_word' id='word_1_900' title='bbox 2498 5165 2613 5235; x_wconf 85' lang='lat' dir='ltr'><strong>lege</strong></span> <span class='ocrx_word' id='word_1_901' title='bbox 2659 5167 2944 5234; x_wconf 88' lang='lat' dir='ltr'><strong>peccantes</strong></span> <span class='ocrx_word' id='word_1_902' title='bbox 2989 5127 3237 5213; x_wconf 63' lang='lat' dir='ltr'><strong>similiter</strong></span> <span class='ocrx_word' id='word_1_903' title='bbox 3276 5161 3333 5208; x_wconf 92' lang='lat' dir='ltr'><strong>ut</strong></span> <span class='ocrx_word' id='word_1_904' title='bbox 3378 5127 3547 5209; x_wconf 67' lang='grc' dir='ltr'><strong>Δάειιιι</strong></span> 
     </span>
    </p>
   </div>
   <div class='ocr_carea' id='block_1_116' title="bbox 1955 5243 3549 5338">
    <p class='ocr_par' dir='ltr' id='par_1_116' title="bbox 1955 5243 3549 5338">
     <span class='ocr_line' id='line_1_117' title="bbox 1955 5243 3549 5338; baseline -0.016 -16"><span class='ocrx_word' id='word_1_905' title='bbox 1955 5265 2330 5338; x_wconf 68' lang='lat' dir='ltr'><strong>prmvaricatos</strong></span> <span class='ocrx_word' id='word_1_906' title='bbox 2360 5259 2522 5315; x_wconf 81' lang='lat' dir='ltr'><strong>fuisse</strong></span> <span class='ocrx_word' id='word_1_907' title='bbox 2551 5254 2833 5320; x_wconf 83' lang='lat' dir='ltr'><strong>deﬁniens,</strong></span> <span class='ocrx_word' id='word_1_908' title='bbox 2869 5253 2994 5323; x_wconf 91' lang='lat' dir='ltr'><strong>quia</strong></span> <span class='ocrx_word' id='word_1_909' title='bbox 3035 5257 3090 5306; x_wconf 90' lang='lat' dir='ltr'><strong>et</strong></span> <span class='ocrx_word' id='word_1_910' title='bbox 3130 5247 3209 5304; x_wconf 72' lang='lat' dir='ltr'><strong>illi</strong></span> <span class='ocrx_word' id='word_1_911' title='bbox 3246 5247 3419 5318; x_wconf 91' lang='lat' dir='ltr'><strong>primo</strong></span> <span class='ocrx_word' id='word_1_912' title='bbox 3447 5243 3549 5338; x_wconf 80' lang='lat' dir='ltr'><strong>ho-</strong></span> 
     </span>
    </p>
   </div>
   <div class='ocr_carea' id='block_1_117' title="bbox 1953 5337 3549 5426">
    <p class='ocr_par' dir='ltr' id='par_1_117' title="bbox 1953 5337 3549 5426">
     <span class='ocr_line' id='line_1_118' title="bbox 1953 5337 3549 5426; baseline -0.015 -10"><span class='ocrx_word' id='word_1_913' title='bbox 1953 5337 2087 5418; x_wconf 84' lang='lat' dir='ltr'><strong>mini</strong></span> <span class='ocrx_word' id='word_1_914' title='bbox 2103 5401 2118 5426; x_wconf 93' lang='lat'><strong>,</strong></span> <span class='ocrx_word' id='word_1_915' title='bbox 2145 5357 2270 5412; x_wconf 91' lang='lat' dir='ltr'><strong>licet</strong></span> <span class='ocrx_word' id='word_1_916' title='bbox 2297 5369 2402 5410; x_wconf 91' lang='lat' dir='ltr'><strong>non</strong></span> <span class='ocrx_word' id='word_1_917' title='bbox 2427 5349 2600 5418; x_wconf 89' lang='lat' dir='ltr'><strong>libris,</strong></span> <span class='ocrx_word' id='word_1_918' title='bbox 2621 5349 2840 5404; x_wconf 87' lang='lat' dir='ltr'><strong>auribus</strong></span> <span class='ocrx_word' id='word_1_919' title='bbox 2868 5355 3046 5400; x_wconf 88' lang='lat' dir='ltr'><strong>tamen</strong></span> <span class='ocrx_word' id='word_1_920' title='bbox 3070 5338 3440 5400; x_wconf 87' lang='lat' dir='ltr'><strong>commendata</strong></span> <span class='ocrx_word' id='word_1_921' title='bbox 3461 5337 3549 5393; x_wconf 88' lang='lat' dir='ltr'><strong>lex</strong></span> 
     </span>
    </p>
   </div>
   <div class='ocr_carea' id='block_1_118' title="bbox 1954 5429 3550 5513">
    <p class='ocr_par' dir='ltr' id='par_1_118' title="bbox 1954 5429 3550 5513">
     <span class='ocr_line' id='line_1_119' title="bbox 1954 5429 3550 5513; baseline -0.015 -5"><span class='ocrx_word' id='word_1_922' title='bbox 1954 5453 2127 5508; x_wconf 76' lang='lat' dir='ltr'><strong>fuerat</strong></span> <span class='ocrx_word' id='word_1_923' title='bbox 2151 5445 2452 5505; x_wconf 86' lang='lat' dir='ltr'><strong>abstinendi</strong></span> <span class='ocrx_word' id='word_1_924' title='bbox 2466 5459 2510 5496; x_wconf 62' lang='lat' dir='ltr'><strong>‘a</strong></span> <span class='ocrx_word' id='word_1_925' title='bbox 2548 5449 2704 5513; x_wconf 86' lang='lat' dir='ltr'><strong>gustu</strong></span> <span class='ocrx_word' id='word_1_926' title='bbox 2733 5439 2975 5497; x_wconf 88' lang='lat' dir='ltr'><strong>arboris:</strong></span> <span class='ocrx_word' id='word_1_927' title='bbox 3013 5435 3066 5490; x_wconf 91' lang='lat' dir='ltr'><strong>in</strong></span> <span class='ocrx_word' id='word_1_928' title='bbox 3100 5447 3205 5504; x_wconf 82' lang='lat' dir='ltr'><strong>quo</strong></span> <span class='ocrx_word' id='word_1_929' title='bbox 3231 5429 3550 5486; x_wconf 71' lang='lat' dir='ltr'><strong>obedientite</strong></span> 
     </span>
    </p>
   </div>
   <div class='ocr_carea' id='block_1_119' title="bbox 1956 5520 3547 5615">
    <p class='ocr_par' dir='ltr' id='par_1_119' title="bbox 1956 5520 3547 5615">
     <span class='ocr_line' id='line_1_120' title="bbox 1956 5520 3547 5615; baseline -0.019 -11"><span class='ocrx_word' id='word_1_930' title='bbox 1956 5543 2252 5615; x_wconf 77' lang='lat' dir='ltr'><strong>exploratio</strong></span> <span class='ocrx_word' id='word_1_931' title='bbox 2278 5539 2403 5603; x_wconf 87' lang='lat' dir='ltr'><strong>luit;</strong></span> <span class='ocrx_word' id='word_1_932' title='bbox 2436 5536 2503 5592; x_wconf 90' lang='lat' dir='ltr'><strong>de</strong></span> <span class='ocrx_word' id='word_1_933' title='bbox 2549 5550 2649 5605; x_wconf 81' lang='lat' dir='ltr'><strong>qua</strong></span> <span class='ocrx_word' id='word_1_934' title='bbox 2695 5540 2878 5587; x_wconf 90' lang='lat' dir='ltr'><strong>contra</strong></span> <span class='ocrx_word' id='word_1_935' title='bbox 2925 5533 3251 5597; x_wconf 65' lang='lat' dir='ltr'><strong>praeceptum</strong></span> <span class='ocrx_word' id='word_1_936' title='bbox 3291 5520 3504 5578; x_wconf 89' lang='lat' dir='ltr'><strong>edendo</strong></span> <span class='ocrx_word' id='word_1_937' title='bbox 3529 5561 3547 5590; x_wconf 85' lang='lat'><strong>,</strong></span> 
     </span>
    </p>
   </div>
   <div class='ocr_carea' id='block_1_120' title="bbox 1956 5611 3550 5709">
    <p class='ocr_par' dir='ltr' id='par_1_120' title="bbox 1956 5611 3550 5709">
     <span class='ocr_line' id='line_1_121' title="bbox 1956 5611 3550 5709; baseline -0.015 -17"><span class='ocrx_word' id='word_1_938' title='bbox 1956 5611 2408 5709; x_wconf 50' lang='lat' dir='ltr'><strong>praevaricationis</strong></span> <span class='ocrx_word' id='word_1_939' title='bbox 2436 5628 2640 5684; x_wconf 87' lang='lat' dir='ltr'><strong>critncn</strong></span> <span class='ocrx_word' id='word_1_940' title='bbox 2668 5619 2912 5680; x_wconf 89' lang='lat' dir='ltr'><strong>incurrit.</strong></span> <span class='ocrx_word' id='word_1_941' title='bbox 2941 5619 3084 5687; x_wconf 86' lang='lat' dir='ltr'><strong>Ergo</strong></span> <span class='ocrx_word' id='word_1_942' title='bbox 3108 5623 3162 5670; x_wconf 92' lang='lat' dir='ltr'><strong>et</strong></span> <span class='ocrx_word' id='word_1_943' title='bbox 3202 5621 3321 5684; x_wconf 89' lang='lat' dir='ltr'><strong>post</strong></span> <span class='ocrx_word' id='word_1_944' title='bbox 3363 5611 3550 5668; x_wconf 81' lang='lat' dir='ltr'><strong>datam</strong></span> 
     </span>
    </p>
   </div>
   <div class='ocr_carea' id='block_1_121' title="bbox 1957 5705 3552 5798">
    <p class='ocr_par' dir='ltr' id='par_1_121' title="bbox 1957 5705 3552 5798">
     <span class='ocr_line' id='line_1_122' title="bbox 1957 5705 3552 5798; baseline -0.018 -14"><span class='ocrx_word' id='word_1_945' title='bbox 1957 5705 2133 5798; x_wconf 82' lang='lat' dir='ltr'><strong>legem</strong></span> <span class='ocrx_word' id='word_1_946' title='bbox 2160 5721 2460 5779; x_wconf 77' lang='lat' dir='ltr'><strong>ministerio</strong></span> <span class='ocrx_word' id='word_1_947' title='bbox 2484 5716 2671 5790; x_wconf 76' lang='lat' dir='ltr'><strong>Moysi,</strong></span> <span class='ocrx_word' id='word_1_948' title='bbox 2700 5726 2928 5786; x_wconf 87' lang='lat' dir='ltr'><strong>peccans</strong></span> <span class='ocrx_word' id='word_1_949' title='bbox 2952 5709 3200 5781; x_wconf 88' lang='lat' dir='ltr'><strong>populus,</strong></span> <span class='ocrx_word' id='word_1_950' title='bbox 3223 5707 3273 5760; x_wconf 90' lang='lat' dir='ltr'><strong>in</strong></span> <span class='ocrx_word' id='word_1_951' title='bbox 3303 5705 3552 5760; x_wconf 85' lang='lat' dir='ltr'><strong>similitu-</strong></span> 
     </span>
    </p>
   </div>
   <div class='ocr_carea' id='block_1_122' title="bbox 1959 5799 3549 5886">
    <p class='ocr_par' dir='ltr' id='par_1_122' title="bbox 1959 5799 3549 5886">
     <span class='ocr_line' id='line_1_123' title="bbox 1959 5799 3549 5886; baseline -0.015 -5"><span class='ocrx_word' id='word_1_952' title='bbox 1959 5823 2142 5881; x_wconf 89' lang='lat' dir='ltr'><strong>dinem</strong></span> <span class='ocrx_word' id='word_1_953' title='bbox 2181 5808 2636 5886; x_wconf 67' lang='lat' dir='ltr'><strong>prwvaricationis</strong></span> <span class='ocrx_word' id='word_1_954' title='bbox 2686 5804 2814 5862; x_wconf 72' lang='lat' dir='ltr'><strong>Atla:</strong></span> <span class='ocrx_word' id='word_1_955' title='bbox 2844 5800 3132 5876; x_wconf 78' lang='lat' dir='ltr'><strong>deliquisse</strong></span> <span class='ocrx_word' id='word_1_956' title='bbox 3175 5799 3549 5867; x_wconf 84' lang='lat' dir='ltr'><strong>convincitur;</strong></span> 
     </span>
    </p>
   </div>
  </div>
