4062 6546
521 377 663 438 1225

525 493 674 566 quia,
700 490 774 548 ita
799 484 1004 558 utille,
1051 480 1185 553 legis
1229 475 1653 548 transgressione
1697 471 1952 566 peccabat
1987 487 2002 524 :
2055 470 2113 526 in

527 563 703 642 media
731 589 906 636 autem
935 581 1094 630 aetate
1119 573 1340 627 duarum
1365 569 1562 637 legum,
1598 566 1785 636 primae
1813 563 1973 631 datae,
2003 577 2114 619 non

528 678 762 746 scriptae,
788 667 1039 728 secunda:
1061 678 1192 722 vero
1217 671 1274 719 et
1297 663 1418 717 latze
1443 669 1498 716 et
1527 658 1721 714 litteris
1752 657 1958 713 traditae
1977 697 1993 726 ,
2022 655 2113 727 qui

527 769 900 839 peccaverunt,
925 773 1034 815 non
1062 771 1094 813 a
1131 763 1349 827 peccato
1388 749 1744 808 ostenduntur
1783 748 1975 839 alieni,
2017 747 2114 839 sed

527 838 635 915 non
677 855 733 912 in
775 849 1174 910 similitudinem
1203 841 1658 918 praevaricationis
1684 840 1838 909 Atla,
1867 838 1994 911 quia
2037 838 2117 897 le-

525 965 648 1025 gem
671 963 779 1005 non
804 950 1142 1016 acceperant,
1175 939 1521 1012 perhibentur
1544 950 1775 992 errasse.

597 1044 735 1099 Anc.
756 1038 862 1098 Ubi
882 1051 1046 1109 negas
1066 1031 1468 1092 similitudinem
1490 1027 1940 1101 praevaricationis
1957 1027 2110 1100 Adae,

529 1143 582 1190 te
603 1133 717 1203 ipse
739 1127 1029 1194 convincis,
1055 1123 1199 1198 quod
1243 1123 1300 1179 hi
1325 1122 1416 1194 qui
1443 1121 1562 1177 sine
1589 1120 1708 1193 lege
1735 1128 2112 1191 peccaverunt,

531 1241 640 1282 non
669 1223 828 1296 primi
855 1218 1090 1278 hominis
1115 1216 1366 1288 exemplo
1391 1222 1518 1271 sunt
1543 1214 1654 1270 rei:
1685 1228 1792 1269 non
1830 1222 1914 1270 est
1955 1213 2117 1284 igitur

529 1316 776 1382 imitatio,
809 1313 906 1372 sed
931 1311 1227 1386 generatio,
1273 1324 1378 1380 qua
1422 1322 1518 1379 per
1555 1315 1834 1378 peccatum
1876 1319 2023 1361 mors
2060 1306 2116 1362 in

528 1423 719 1467 omnes
747 1406 993 1463 homines
1015 1401 1344 1476 pertransiit.
1375 1399 1558 1470 Neque
1583 1398 1748 1464 enim,
1775 1399 1822 1453 si
1853 1407 1958 1454 tam
1993 1411 2118 1468 pro-

531 1502 639 1560 lixa
669 1509 910 1571 tempora
935 1511 1056 1568 qua
1081 1501 1208 1550 ante
1248 1494 1420 1564 legem
1467 1490 1718 1556 fuerunt,
1765 1489 2118 1546 transiluisset

531 1595 650 1652 haec
672 1607 841 1659 mors,
867 1603 990 1663 quae
1129 1593 1414 1657 peccatum
1445 1583 1604 1654 primi
1631 1581 1864 1638 hominis
1902 1581 2118 1637 intravit

529 1689 586 1744 in
615 1685 893 1752 mundum,
924 1690 980 1739 et
1013 1696 1044 1736 a
1067 1677 1270 1736 Judmis
1297 1689 1513 1746 serpere
1552 1674 1830 1744 inciperet,
1860 1673 1950 1744 qui
1977 1687 2119 1744 prae-

529 1779 854 1834 varicatores
881 1771 1016 1843 legis
1056 1769 1234 1828 eﬁ'ecti
1257 1775 1400 1834 sunt,
1431 1774 1489 1822 ut
1529 1773 1771 1821 servaret
1811 1762 2118 1819 similitudi—

535 1884 660 1926 nem
686 1861 1142 1938 prtevaricationis
1157 1859 1310 1927 Adae,
1329 1857 1596 1913 diceretur
1615 1855 1818 1924 de‘illa,
1845 1853 1949 1908 Per
1962 1869 2118 1909 unum

535 1961 788 2016 hominem
829 1957 1057 2023 intrauit,
1103 1963 1152 2009 et
1195 1969 1284 2024 per
1323 1967 1495 2007 omnes
1533 1949 1758 2005 homines
1805 1949 2116 2020 pertransiit.

529 2052 628 2108 Cui
655 2051 821 2118 enim,
844 2061 951 2104 non
981 2046 1100 2102 dico
1141 2044 1325 2109 stulto,
1364 2041 1460 2098 sed
1502 2041 1668 2108 fatuo,
1701 2039 2115 2111 persuadebitis,

531 2117 758 2199 mortem
787 2117 884 2212 per
920 2152 1084 2194 unum
1112 2135 1386 2190 hominem
1429 2133 1684 2200 intrasse,
1714 2139 1770 2188 et
1797 2147 1893 2203 per
1933 2145 2121 2188 omnes

532 2233 775 2292 homines
806 2228 1192 2302 pertransisse;
1223 2240 1383 2296 quam
1411 2223 1588 2278 dicitis
1627 2231 1706 2277 tot
1731 2230 1920 2292 gentes
1948 2230 2002 2278 et
2043 2229 2123 2278 tot

531 2325 726 2382 saecula
752 2319 1159 2395 praetermisisse
1180 2318 1220 2384 ι,
1247 2324 1303 2373 et
1337 2315 1406 2372 ad
1433 2329 1526 2371 eos
1551 2315 1644 2386 qui
1683 2315 1856 2385 legem
1896 2327 2121 2384 accepe-

531 2425 672 2484 rant,
706 2414 918 2470 intactis
943 2411 1176 2477 caeteris,
1202 2406 1532 2480 pervenisse,
1559 2419 1682 2460 enm
1709 2415 1766 2460 et
1791 2405 1843 2458 in
1868 2419 1962 2461 eos
1989 2419 2124 2459 unor-

534 2519 646 2566 tem
671 2520 924 2578 regnasse
947 2504 1158 2571 dicatis,
1189 2500 1279 2572 qui
1309 2513 1416 2554 non
1443 2499 1496 2554 in
1535 2497 1884 2554 similitudine
1915 2511 2122 2567 prmva-

529 2597 806 2656 ricationis
843 2595 1010 2663 Adae,
1053 2593 1150 2650 sed
1179 2592 1294 2647 sine
1330 2590 1789 2662 praevaricatione,
1835 2589 1962 2660 quia
2007 2589 2124 2644 sine

529 2693 684 2764 lege,
725 2686 1115 2761 peccaverunt?
1156 2686 1384 2741 Prorsus
1429 2698 1536 2738 non
1584 2690 1665 2737 est
1701 2681 1840 2737 unde
1885 2690 2124 2736 vestrum

533 2781 814 2854 corrigatis
837 2793 1099 2846 errorem,
1125 2777 1230 2832 nisi
1257 2776 1492 2832 redeatis
1509 2773 1575 2829 ad
1597 2772 1913 2830 catholicam
1935 2771 2122 2840 ﬁdem,

529 2889 651 2949 qua:
675 2871 878 2930 homini
901 2869 1074 2942 primo
1099 2866 1326 2940 principi
1351 2867 1710 2939 generationis
1735 2866 2006 2922 hominem
2035 2879 2124 2921 se-

529 2966 768 3024 cundum
793 2963 1086 3035 principem
1114 2958 1537 3031 regenerationis
1563 2957 1804 3029 opponit.

601 3055 978 3116 CLXXXVIII.
1016 3053 1138 3111 Jun.
1177 3053 1280 3120 Qui
1304 3051 1474 3106 Adam
1503 3049 1678 3106 forma
1707 3050 1899 3105 dicitur
1922 3048 2121 3116 futuri,

531 3150 588 3208 id
615 3158 720 3217 est,
744 3148 979 3204 Christi:
1005 3158 1194 3200 verum
1221 3143 1391 3196 forma
1417 3155 1447 3196 a
1477 3140 1770 3204 contrario,
1792 3149 1851 3194 ut
1871 3139 2006 3195 sicut
2033 3138 2124 3196 ille

533 3239 757 3313 peccati,
787 3238 862 3292 ila
888 3236 974 3290 hic
993 3232 1214 3305 justitite
1244 3231 1415 3288 forma
1445 3230 1712 3286 credatur.
1738 3228 1844 3286 Sed
1873 3230 2009 3286 sicut
2037 3230 2122 3284 in-

532 3331 772 3392 carnatio
794 3325 1012 3396 Christi,
1035 3324 1254 3396 justitiae
1279 3322 1380 3378 fuit
1401 3321 1595 3390 forma,
1627 3337 1733 3376 non
1772 3321 1944 3390 prima
1966 3362 1982 3389 ,
2024 3321 2122 3378 sed

537 3425 813 3490 maxima;
835 3422 958 3493 quia
981 3427 1038 3475 et
1061 3427 1345 3490 antequam
1367 3415 1598 3472 Verbum
1619 3429 1744 3471 caro
1773 3414 1944 3482 ﬁeret,
1969 3430 2034 3471 ex
2059 3430 2123 3471 ea

535 3521 642 3577 ﬁde
669 3534 790 3590 qua:
815 3518 868 3573 in
899 3517 1066 3572 Deum
1095 3521 1230 3579 erat,
1257 3521 1312 3568 et
1337 3513 1390 3568 in
1431 3509 1712 3582 Prophctis
1753 3518 1808 3565 et
1846 3509 1901 3565 in
1942 3508 2124 3566 multis

533 3613 655 3670 aliis
683 3609 883 3668 sanctis
909 3607 1108 3664 fulsere
1141 3606 1394 3672 virtutes;
1420 3603 1667 3659 veniente
1695 3610 1873 3658 autem
1912 3609 2123 3672 tempo-

537 3721 656 3763 rum
704 3701 1072 3775 plenitudine,
1119 3707 1302 3755 exacta
1343 3697 1396 3751 in
1429 3695 1642 3751 Christo
1679 3695 1895 3766 justitiae
1935 3709 2123 3750 norma

535 3794 882 3866 resplenduit,
913 3800 968 3848 et
995 3789 1086 3862 qui
1122 3787 1408 3860 praedictus
1445 3785 1617 3842 fuerat
1654 3794 1806 3858 pater
1833 3784 1994 3840 futuri
2023 3799 2125 3842 sa:-

533 3889 661 3956 culi,
691 3897 800 3944 tam
829 3881 1244 3957 praecedentium
1272 3887 1616 3947 sanctorum,
1660 3893 1820 3948 quam
1849 3878 2009 3934 etiam
2037 3891 2123 3932 se-

531 3978 809 4051 quentium
837 3980 1206 4031 remuneratur
1225 3969 1452 4026 eminuit
1478 3970 1499 4002 '
1526 3985 1540 4022 :
2103 4019 2110 4034 ι

533 4105 536 4108 ‹
605 4073 740 4128 Aue.
767 4067 1121 4140 Agnoscimus
1147 4064 1394 4120 haeresim
1416 4071 1646 4118 vestram
1669 4079 1682 4116 :
1707 4061 1950 4117 deﬁnivit
1977 4061 2122 4116 enim

531 4161 800 4236 Pelagius,
831 4157 974 4232 quod
1013 4172 1120 4214 non
1149 4171 1216 4213 ex
1241 4153 1349 4210 ﬁde
1385 4153 1766 4210 incarnationis
1794 4151 1994 4208 Christi
2021 4167 2120 4208 an-

531 4239 921 4326 tiquivixerint
943 4248 1108 4321 justi;
1137 4246 1262 4318 quia
1299 4245 1550 4302 videlicet
1575 4243 1814 4300 nondum
1862 4245 1916 4299 in
1959 4259 2124 4304 carne

534 4351 757 4402 venerat
779 4342 1046 4399 Christus.
1067 4339 1202 4395 Cum
1229 4336 1474 4409 profecto
1496 4336 1549 4392 id
1575 4333 1810 4392 futurum
1841 4352 1948 4392 non
1981 4352 2122 4407 pree-

531 4434 882 4500 nuntiassent,
926 4429 1031 4488 nisi
1067 4429 1272 4502 priores
1299 4427 1482 4498 utique
1504 4427 1872 4484 credidissent.
1917 4428 2024 4484 Sed
2067 4429 2120 4484 in

531 4529 674 4586 hanc
721 4523 1105 4582 absurditatem
1151 4520 1419 4578 cecidistis
1437 4560 1454 4586 ,
1497 4518 1626 4576 dum
1673 4517 1956 4576 defenditis
2001 4535 2123 4578 esse

531 4621 770 4696 potuisse
795 4633 892 4690 per
912 4623 1156 4672 naturam
1182 4613 1458 4684 legemque
1481 4611 1740 4682 justitiam
1767 4628 1782 4666 :
1814 4610 2123 4666 utrumlibet

533 4722 710 4772 autem
733 4711 780 4766 si
809 4723 994 4765 verum
1018 4713 1121 4773 est,
1151 4701 1280 4776 ergo
1299 4703 1544 4759 Christus
1562 4702 1727 4774 gratis
1752 4712 1992 4758 mortuus
2017 4712 2118 4760 est.

603 4798 939 4860 CLXXXIX.
971 4797 1090 4854 Jun.
1125 4796 1202 4852 Ita
1225 4796 1388 4852 etiam
1413 4795 1468 4849 in
1493 4802 1644 4865 parte
1663 4793 1930 4850 contraria
1949 4792 2118 4849 Adam

540 4895 726 4959 dicitur
749 4892 922 4950 forma
947 4889 1170 4963 peccati,
1193 4903 1299 4945 non
1325 4888 1516 4959 prima,
1538 4885 1633 4944 sed
1657 4888 1908 4944 maxima.

605 4990 742 5044 Ave.
771 4983 924 5042 Unde
960 4996 1090 5055 ergo
1143 4995 1250 5036 non
1279 4979 1448 5051 prima
1475 5020 1492 5048 ,
1521 4978 1619 5036 sed
1661 4977 1932 5034 maxima?
1954 4991 2121 5060 quanf

538 5078 828 5152 doquidem
850 5085 1068 5148 propter
1090 5071 1368 5128 exordium
1390 5071 1601 5143 generis
1626 5070 1862 5135 humani,
1891 5083 1998 5124 non
2023 5084 2119 5144 ne:

535 5188 632 5246 gas
654 5171 904 5243 primam,
933 5181 1036 5224 nec
1059 5164 1267 5222 invenis
1293 5178 1390 5220 cur
1411 5162 1558 5220 dicas
1583 5161 1890 5228 maximam,
1915 5161 2016 5216 nisi
2043 5161 2120 5215 fa-

535 5267 700 5324 tearis
726 5270 871 5318 tanto
897 5258 1112 5332 gravius
1135 5255 1305 5314 Adam
1331 5269 1603 5326 peccasse,
1623 5261 1822 5324 quanto
1847 5254 1918 5308 ibi
1949 5253 2120 5322 major

533 5371 642 5414 non
672 5351 930 5428 peccandi
953 5349 1178 5406 facilitas
1200 5353 1336 5415 erat,
1367 5347 1458 5402 ubi
1480 5346 1660 5400 vitiata
1680 5352 1864 5399 natura
1882 5343 2117 5400 nondum

535 5458 668 5515 erat,
710 5461 812 5502 nec
849 5445 938 5500 lex
979 5440 1183 5512 peccati
1225 5439 1279 5494 in
1327 5436 1582 5494 membris
1633 5435 1962 5508 repugnabat
2009 5435 2117 5506 legi

537 5541 770 5600 mentis:
797 5553 920 5594 eum
945 5551 1048 5607 qua
1074 5548 1234 5606 pmna
1258 5531 1432 5588 omnis
1458 5530 1621 5587 homo
1643 5530 1896 5599 nascitur,
1926 5529 2121 5602 peritu-

537 5647 632 5692 rus
655 5633 712 5690 in
737 5638 1021 5696 aeternum,
1051 5625 1098 5681 si
1127 5639 1236 5680 non
1263 5631 1605 5691 renascatur;
1632 5631 1687 5678 et
1715 5621 1975 5694 perditus,
2015 5621 2119 5678 nisi

600 5747 618 5778 ι
651 5753 760 5795 uss.
778 5741 900 5812 clar.
925 5747 980 5792 et
993 5745 1257 5812 nar._post,
1279 5745 1326 5793 et
1347 5745 1412 5791 tot
1429 5738 1608 5812 sarcula
1622 5740 1983 5804 praemium
1995 5753 2016 5805 ;
2039 5753 2122 5792 re-

537 5811 800 5875 ιιθξωιὲοέι
821 5815 1089 5875 ρετρῐτυιεδ
1339 5801 1670 5868 remm-

601 5869 624 5902 ι
861 5865 998 5928 editi,

1184 358 1430 422 OPERIS
1464 352 1882 417 IMPERFEC’I‘I
1919 350 2196 410 CONTRA
2232 347 2598 423 JULIANUM,
2640 351 2699 410 S.
2740 349 3103 411 AUGUSTINI

2221 471 2290 526 ab
2315 487 2381 527 eo
2419 474 2674 543 quaesitus
2713 474 3031 542 inveniatur,
3075 472 3166 546 qui
3189 471 3338 529 venit
3375 485 3629 546 quaerere
3666 473 3838 546 quod

2219 563 2450 632 perierat
2475 563 2622 637 (Luc.
2655 580 2776 635 xtx,
2803 565 2914 640 i0).

2293 652 2594 711 (Βία-ἔω..
2624 657 2903 712 Maximam
2927 665 3105 714 autem
3133 655 3255 714 dico
3273 697 3288 725 ,
3324 671 3434 714 non
3461 657 3590 730 quia
3621 657 3838 714 diabo-

2218 744 2328 802 lum
2357 746 2526 819 magis
2555 762 2704 804 reum
2731 747 2894 804 fuisse
2919 747 3148 806 difﬁtear
3171 768 3186 804 :
3209 747 3306 805 sed
3333 747 3459 822 quia
3495 763 3626 806 cum
3665 749 3840 806 iusti—

2219 838 2439 894 tutionis
2481 838 2620 895 ratio
2661 847 2932 912 peteretur
2953 851 2986 908 ,'
3019 839 3473 900 accommodatius
3515 843 3838 914 Apostolus

2107 961 2112 976 ί
2219 930 2452 990 hominis
2476 972 2492 1001 ,
2552 948 2714 1004 quem
2773 932 3062 1005 plurimum
3125 934 3398 991 successio
3455 933 3838 991 humanitatis

2218 1025 2465 1096 aspexit,
2521 1041 2679 1098 quam
2733 1025 2895 1082 aeria:
2943 1025 3258 1082 substantiae
3321 1025 3508 1084 fecerit
3572 1029 3834 1083 mentio-

2219 1117 2378 1172 ttem.’
2397 1117 2594 1174 Verum
2623 1117 2675 1172 in
2719 1118 2838 1189 ipsa
2881 1115 3480 1190 humanitate'primam
3523 1119 3832 1175 mulierem

2217 1207 2508 1279 deliquisse
2549 1210 2853 1277 constabat;
2895 1209 2992 1266 sed
3021 1211 3162 1282 'quia
3207 1219 3416 1282 patrum
3459 1211 3515 1268 in
3563 1211 3833 1272 omnibus

2219 1300 2493 1358 efﬁcacior
2507 1311 2597 1358 est
2633 1310 2688 1358 et
2713 1302 2885 1372 major
2905 1302 3219 1370 auctoritas,
3245 1317 3368 1359 eum
3401 1301 3542 1360 dixit
3584 1303 3832 1360 formam

2218 1393 2384 1451 fuisse
2413 1394 2638 1466 peccati,
2678 1409 2783 1451 non
2825 1411 2854 1450 a
2894 1411 3003 1468 quo
3043 1397 3212 1468 carpit
3253 1396 3532 1467 delictum,
3579 1397 3688 1455 sed
3737 1401 3830 1470 qui

2221 1503 2317 1558 per
2350 1495 2669 1558 potestatem
2699 1505 2860 1546 sexus
2886 1490 3054 1546 virilis
3077 1533 3092 1557 ,
3137 1489 3306 1561 magis
3347 1490 3514 1548 fuisse
3559 1491 3830 1564 probatur

2221 1579 2514 1636 imitabilis.
2541 1581 2704 1638 Vides
2733 1597 2948 1655 nempe,
2991 1591 3051 1639 ut
3091 1583 3473 1655 consequentia
3511 1584 3830 1642 intellectus

2220 1671 2498 1728 veritatem
2521 1672 2622 1729 sibi
2650 1673 2826 1731 inesse
2853 1683 3097 1731 testetur.

2291 1764 2426 1822 Anc.
2467 1764 2583 1820 Non
2611 1765 2960 1822 imitationem
2987 1767 3292 1835 imitationi,
3333 1767 3430 1824 sed
3453 1770 3830 1840 regeneratio-

2221 1871 2345 1913 nem
2375 1858 2700 1930 gcnerationi
2729 1861 3044 1930 opposuisse
3077 1859 3416 1930 Apostolum,
3457 1859 3576 1930 ipsa
3615 1859 3826 1917 Christi

2219 1951 2390 2006 forma
2410 1950 2770 2019 demonstrat;
2796 1952 2886 2022 qui
2903 1953 2922 1984 ί
2943 1951 3147 2006 homini
3169 1951 3341 2022 primo
3363 1951 3528 2008 homo
3547 1953 3826 2009 secundus

2223 2044 2525 2114 apponitur.
2551 2045 2606 2100 Si
2634 2058 2762 2116 ergo
2797 2059 2902 2100 non
2934 2044 3205 2115 pertinent
3229 2045 3296 2102 ad
3311 2045 3576 2116 justitiam
3591 2045 3826 2114 Christi,

2223 2136 2312 2204 qui
2333 2143 2716 2202 renascuntur;
2741 2151 2846 2192 non
2868 2137 3142 2207 pertinent
3153 2136 3220 2192 ad
3239 2147 3514 2207 peceatum
3532 2138 3690 2205 Adae,
3733 2141 3824 2210 qui

2223 2235 2548 2292 nascuntur;
2589 2236 2644 2282 et
2671 2242 2781 2282 non
2805 2234 2890 2283 est
2913 2226 3160 2283 Christus
3193 2227 3368 2284 forma
3409 2243 3440 2283 a
3487 2231 3772 2284 contrario
3809 2249 3824 2286 :

2223 2317 2319 2373 sed
2347 2318 2472 2388 quia
2501 2317 2672 2374 forma
2699 2327 2804 2386 est,
2833 2318 3022 2390 procul
3049 2317 3211 2376 dubio
3249 2319 3386 2376 sicut
3413 2321 3588 2376 renati
3625 2321 3694 2376 ad
3739 2321 3828 2392 jn-

2225 2411 2422 2466 stitiam
2467 2411 2665 2468 Christi
2707 2419 3020 2482 transeunt,
3065 2413 3226 2469 etiam
3273 2412 3524 2484 parvuli,
3571 2415 3824 2485 quamvis

2225 2505 2436 2574 operari
2461 2503 2722 2573 justitiam
2752 2520 2858 2560 non
2885 2505 3155 2572 valentes;
3187 2505 3260 2560 ita
3287 2520 3412 2562 cum
3432 2506 3666 2562 transitu
3687 2523 3820 2578 pec-

2225 2596 2330 2651 cati
2357 2611 2424 2651 ex
2449 2597 2618 2650 Adam
2639 2597 2749 2652 nati
2769 2605 2916 2665 sunt,
2949 2598 3060 2652 sive
3085 2606 3394 2667 nascuntur,
3435 2602 3683 2670 quamvis
3713 2617 3820 2657 nec

2226 2696 2502 2758 peccatum
2522 2689 2696 2744 adhuc
2716 2689 2926 2745 valeant
2949 2691 3182 2760 operari.
3209 2691 3456 2763 Agnosee
3479 2693 3736 2762 formam,
3763 2705 3818 2752 et

2226 2781 2333 2836 noli
2363 2797 2483 2838 esse
2507 2782 2929 2838 contradictione
2953 2783 3228 2842 deformis.

2296 2869 2471 2928 CXCI.
2513 2872 2632 2928 Jun.
2672 2873 2825 2930 Nunc
2861 2875 3090 2945 intuere,
3133 2885 3390 2948 quantum
3419 2893 3450 2934 a
3483 2887 3572 2936 tua
3599 2883 3818 2952 exposi-

2229 2962 2374 3018 tione
2401 2962 2729 3032 discordent,
2761 2974 2820 3020 ut
2843 2975 3036 3023 czetera
3065 2967 3304 3036 ejusdem
3329 2968 3455 3037 loci,
3487 2971 3560 3026 ita
3585 2971 3677 3026 illa
3695 2987 3818 3028 ver-

2226 3053 2325 3119 ba,
2372 3055 2566 3123 quibus
2601 3055 2891 3124 Apostolus
2927 3059 3257 3128 pronuntiat,
3296 3061 3460 3117 etiam
3499 3063 3556 3118 in
3591 3077 3688 3120 eos
3723 3080 3816 3120 re-

2225 3159 2420 3216 gnasse
2459 3153 2710 3215 mortem,
2755 3149 2841 3218 qui
2877 3165 2979 3204 non
3021 3161 3348 3220 peccauerunt
3387 3154 3443 3207 in
3485 3153 3816 3211 similitudine

2226 3236 2658 3307 prwraricationis
2683 3238 2831 3308 Adw,
2871 3241 2960 3311 qui
2985 3251 3059 3296 est
3083 3241 3250 3312 {arma
3279 3243 3457 3313 futuri.
3485 3243 3546 3300 Si
3573 3245 3716 3300 enim
3746 3246 3816 3302 de

2225 3332 2456 3387 naturali
2497 3341 2720 3404 peccato
2746 3341 2948 3404 ageret,
2996 3333 3064 3391 de
3101 3351 3208 3407 quo
3249 3335 3479 3405 dixerat,
3521 3339 3814 3395 ntvidetur

2225 3426 2349 3495 tibi,
2379 3425 2448 3482 In
2485 3444 2583 3498 quo
2611 3445 2782 3484 omnes
2817 3441 3147 3501 peccaverunt
3171 3445 3192 3486 :
3227 3433 3320 3504 qui
3349 3443 3530 3489 essent
3571 3433 3648 3502 hi,
3679 3449 3812 3504 quos

2225 3518 2407 3574 statim
2459 3521 2809 3591 pronuntiat,
2867 3537 2977 3578 non
3032 3523 3205 3578 solum
3261 3524 3317 3579 in
3371 3525 3812 3597 praevaricatione

2225 3608 2434 3664 Adae“?
2475 3609 2571 3666 sed
2611 3627 2682 3667 ne
2717 3611 2772 3666 in
2817 3611 3162 3669 similitudine
3197 3611 3412 3684 quidem
3453 3615 3628 3688 culpae
3673 3616 3810 3673 illius

2225 3699 2485 3758 obnoxios
2505 3701 2874 3773 deprehendi?

2294 3795 2432 3852 Aue.
2473 3794 2580 3850 Sed
2602 3804 2655 3850 tu
2683 3795 2763 3851 sic
2787 3796 3060 3868 intelligis,
3087 3797 3178 3870 qui
3216 3812 3324 3855 non
3351 3799 3645 3873 intelligis:
3671 3803 3810 3875 Apo-

2224 3888 2394 3943 stolus
2430 3896 2607 3943 autem
2646 3889 2907 3946 rationem
2943 3890 3197 3960 reddidit,
3241 3907 3408 3963 quare
3443 3908 3592 3950 mors
3623 3911 3812 3968 regna-

2226 3983 2368 4038 verit
2395 3992 2449 4039 et
2486 3984 2540 4039 in
2573 3999 2672 4040 eos
2701 3985 2792 4056 qui
2820 4000 2928 4042 non
2958 3997 3333 4057 peccaverunt,
3372 3987 3625 4046 addendo
3653 3999 3708 4046 et
3732 3991 3808 4046 di-

2224 4075 2414 4142 cendo,
2457 4075 2510 4130 in
2550 4076 2932 4133 similitudinem
2959 4078 3388 4150 pravnricationis
3411 4079 3580 4146 Ades;
3623 4081 3675 4138 id
3705 4093 3800 4150 est,

2224 4176 2507 4238 propterea
2549 4183 2802 4239 regnasse
2839 4169 3130 4226 ostendens
3157 4177 3390 4228 mortem
3431 4182 3486 4229 et
3509 4173 3564 4228 in
3591 4187 3686 4231 eos
3721 4176 3805 4247 qui

2223 4275 2330 4316 non
2386 4269 2760 4331 peccaverunt,
2809 4263 3062 4333 quoniam
3109 4263 3394 4334 quamdam
3447 4265 3806 4324 similitudinis

2223 4353 2448 4410 formam
2499 4369 2568 4412 ex
2617 4355 2750 4412 Adae
2797 4357 3234 4428 pmvaricatione
3286 4367 3582 4417 traxerunt.
3639 4363 3804 4422 Adam

2223 4445 2422 4517 quippe
2463 4445 2692 4502 induunt
2735 4448 2825 4518 qui
2872 4456 3184 4518 nascuntur,
3231 4449 3370 4506 sicut
3411 4450 3690 4510 Christum
3727 4455 3804 4510 in-

2225 4537 2393 4594 duunt
2421 4541 2511 4608 qui
2537 4547 2906 4596 renascuntur.

2233 4659 2250 4666 -
2295 4631 2497 4689 CXCII.
2535 4633 2654 4690 Jun.
2697 4632 2940 4706 Regnavit
2958 4675 2974 4702 ,
2999 4633 3190 4706 inquit,
3212 4649 3346 4690 mors
3369 4633 3524 4691 etiam
3541 4637 3598 4692 in
3615 4652 3702 4692 eos
3721 4637 3804 4708 qui

2225 4743 2326 4782 non
2357 4736 2684 4798 peccauerunt
2721 4728 2777 4781 in
2815 4727 3142 4782 similitudine
3179 4729 3610 4800 paciﬁcationis
3635 4731 3758 4786 Atla
3781 4745 3804 4785 :

2223 4820 2372 4877 vides
2399 4835 2520 4876 eum
2545 4821 2940 4877 distinctionem
2961 4821 3151 4878 fecisse
3173 4821 3531 4893 perspicuam,
3555 4824 3696 4882 inter
3713 4839 3804 4882 eos

2223 4915 2314 4986 qui
2354 4914 2598 4970 similiter
2635 4922 2692 4970 ut
2729 4913 2919 4984 Adam,
2949 4922 3005 4971 et
3029 4928 3124 4971 eos
3159 4915 3252 4986 qui
3291 4915 3628 4974 dissimiliter
3663 4933 3806 4976 erra-

2223 5015 2428 5066 verant.

2231 5111 2236 5138 ι
2296 5101 2433 5156 Aue.
2474 5097 2530 5155 Si
2561 5096 2888 5153 dissimiliter
2915 5105 3244 5166 erraverant,
3285 5097 3376 5155 ubi
3415 5107 3500 5156 est
3524 5114 3654 5172 ergo
3686 5099 3802 5156 imi-

2226 5191 2440 5248 tationis
2481 5190 2820 5260 exemplum?
2860 5189 3336 5260 Regenerationem
3381 5191 3550 5249 redde
3587 5209 3802 5264 genera-

2225 5284 2379 5350 tioni,
2429 5297 2532 5337 non
2576 5282 2920 5336 imitationem
2969 5280 3284 5350 imitationi;
3325 5291 3380 5339 et
3420 5284 3662 5342 invenies
3698 5288 3802 5342 for-

2226 5389 2389 5440 mam,
2433 5387 2590 5443 qnam
2638 5371 3028 5428 commendavit
3067 5373 3354 5443 Apostolus
3393 5377 3656 5446 veritatis,
3699 5395 3800 5435 non

2226 5479 2384 5537 quam
2413 5463 2562 5518 ﬁnxit
2587 5459 2830 5530 Pelagius
2853 5463 3019 5518 vestri
3048 5472 3236 5520 auctor
3253 5467 3472 5522 erroris.

2296 5553 2522 5611 CXCIII.
2561 5553 2680 5610 Jun.
2724 5553 2854 5623 Quae
2903 5553 3092 5611 divisio
3141 5543 3370 5614 naturali
3425 5571 3646 5629 peccato
3699 5578 3798 5618 non

2291 5737 2306 5768 ι
2334 5733 2622 5797 vignierius,
2645 5733 2775 5795 quia.

2287 5799 2404 5864 fsic
2433 5803 2542 5844 mss.
2568 5801 2624 5843 At
2646 5791 3080 5864 editi,_[wq_301!lm
3119 5794 3531 5860 meum
3550 5795 3675 5864 (vel.
3711 5811 3804 5858 ἰιι

2230 5859 2382 5916 solum
2403 5869 2496 5910 non
2515 5856 2918 5926 prmricatiom')
2943 5856 3074 5908 Addi.
