4062 6494
305 348 446 407 1223

300 479 480 542 potest
498 472 787 530 convenire
808 492 824 530 :
845 476 987 547 quod
1012 478 1060 535 sl
1080 489 1243 550 esset,
1266 496 1455 540 omnes
1474 490 1690 555 prorsus
1710 501 1890 556 atqua-

297 562 421 619 liter
439 564 751 636 colligaret;
786 582 946 623 nemo
973 585 1102 641 ergo
1139 580 1284 629 esset
1309 576 1398 630 cui
1427 576 1627 632 malum
1653 577 1755 632 hoc
1778 592 1888 632 non

296 653 524 721 inesset,
551 665 608 711 et
633 657 811 713 nullus
834 658 1163 718 inveniretur
1182 663 1250 719 de
1273 679 1380 735 quo
1399 682 1526 723 vere
1548 676 1730 736 posset
1747 666 1852 722 dici
1867 708 1882 735 ,

295 746 419 815 quia
446 746 501 802 in
526 746 930 806 similitudinem
957 754 1164 822 peccati
1183 755 1325 812 illius
1350 773 1457 813 non
1481 757 1805 828 deliquisset,
1830 756 1883 813 in

291 836 447 908 cujus
474 852 664 896 omnes
692 842 914 898 veritate
939 856 1270 915 peccassent.

365 929 500 985 Anc.
539 929 693 998 Quod
741 932 1019 992 retinendo
1056 936 1278 1007 clamas,
1321 938 1423 995 hoc
1456 954 1640 996 verum
1683 950 1786 1008 est,
1826 950 1883 999 et
1983 954 2057 1007 sic
2092 955 2145 1010 in
2175 956 2375 1017 Christo
2404 982 2576 1026 omnes
2618 975 3001 1045 viviﬁcabuntur

288 1029 480 1076 contra
506 1036 602 1077 vos
639 1031 768 1079 est:
814 1040 1003 1082 omnes
1046 1043 1268 1098 prorsus
1307 1031 1563 1102 originale
1606 1043 1877 1103 peccatum

289 1115 570 1186 aequaliter
597 1116 898 1190 colligavit;
930 1135 1090 1176 nemo
1118 1131 1262 1179 esset
1287 1125 1373 1179 cui
1401 1126 1599 1181 malum
1630 1127 1732 1183 hoc
1769 1144 1875 1186 non

287 1209 517 1279 inesset,
546 1212 648 1268 nisi
675 1228 772 1284 per
799 1212 1067 1271 ChriStum
1094 1218 1263 1289 gratia
1285 1217 1462 1275 divina
1498 1220 1790 1290 prodesset.
1816 1222 1874 1278 ln

288 1317 390 1358 eos
417 1304 559 1361 enim
596 1305 684 1376 qui
722 1320 827 1361 non
867 1320 1241 1379 peccaverunt,
1279 1312 1330 1368 id
1361 1323 1462 1381 est,
1494 1315 1582 1385 qui
1622 1329 1718 1371 sua
1747 1330 1872 1386 pec-

287 1401 408 1448 cata
436 1394 644 1465 propria
677 1410 784 1454 non
823 1397 1083 1469 fecerunt,
1114 1411 1170 1456 ttt
1198 1417 1343 1459 mors
1382 1414 1648 1474 regnaret,
1680 1407 1865 1463 simili-

283 1482 418 1539 tudo
457 1486 652 1542 meruit
688 1490 1138 1557 prmvaricationis
1163 1493 1314 1563 Adae,
1343 1495 1433 1566 qui
1461 1505 1543 1552 est
1578 1496 1746 1553 forma
1782 1497 1869 1555 fu-

278 1573 412 1642 turi,
448 1574 508 1630 id
544 1584 647 1646 est,
688 1577 906 1635 Christi.
943 1581 1091 1638 Sicut
1117 1585 1258 1640 enim
1296 1586 1471 1654 primo
1495 1585 1734 1655 homine,
1778 1592 1867 1661 qui

276 1676 613 1736 nascuntur;
661 1670 735 1726 ita
780 1672 1015 1730 secundo
1064 1675 1301 1746 homine,
1350 1678 1439 1750 qui
1490 1691 1862 1753 renascuntur,

276 1754 597 1815 induuntur.

351 1850 577 1907 CXCIV.
616 1852 737 1913 Jun.
776 1854 988 1930 Colligit
1013 1868 1191 1916 autem
1213 1862 1522 1935 Apostolus,
1550 1874 1604 1923 et
1627 1883 1865 1938 pronun-

280 1942 400 2008 tiat,
445 1958 561 1999 esse
596 1944 730 2001 alios
772 1949 862 2018 qui
905 1953 1261 2023 peccaverint,
1312 1956 1449 2013 sicut
1485 1958 1688 2027 Adam;
1728 1962 1863 2019 alios

280 2048 419 2105 quos
441 2050 538 2090 nec
564 2035 858 2095 similitudo
881 2042 1112 2114 antiquae
1141 2048 1593 2115 praevaricationis
1616 2066 1863 2123 asperse-

278 2124 350 2180 rit
387 2143 403 2180 :
432 2126 674 2185 absolute
700 2140 828 2202 ergo
860 2133 1044 2204 claret,
1084 2152 1293 2194 morum
1323 2142 1542 2198 crimina
1582 2160 1719 2212 esse,
1751 2163 1858 2203 non

274 2217 560 2272 seminum.
593 2220 769 2291 Atque
798 2230 856 2277 ut
877 2222 1131 2296 breviter,
1163 2244 1284 2300 qua:
1311 2243 1435 2287 sunt
1471 2243 1610 2303 acta,
1642 2245 1857 2308 repeta-

271 2323 426 2376 mus;
480 2312 557 2366 ait
593 2313 900 2385 Apostolus,
957 2334 1054 2389 per
1101 2336 1261 2377 unum
1308 2323 1579 2383 hominem
1628 2328 1857 2386 intrasse

268 2410 544 2470 peccatum
573 2422 588 2459 :
619 2405 720 2463 hoc
746 2408 884 2465 ratio
905 2412 1137 2468 ostendit
1161 2414 1475 2489 imitationi,
1499 2435 1605 2476 non
1632 2435 1857 2494 genera-

268 2491 402 2549 tioni
431 2510 748 2566 congruere,
776 2516 895 2572 quae
922 2512 1006 2559 est
1034 2520 1167 2574 opus
1194 2506 1441 2564 duorum.

340 2586 477 2642 Anc.
515 2588 681 2655 Quam
724 2593 947 2650 multum
976 2596 1162 2654 eadem
1208 2601 1362 2670 dicis,
1404 2613 1459 2659 et
1496 2605 1627 2662 nihil
1671 2608 1849 2668 dicis:

263 2690 373 2732 nec
399 2675 569 2749 vides,
596 2685 715 2753 quia
751 2686 796 2741 si
822 2698 1099 2758 peccatum
1128 2692 1439 2753 imitationis
1464 2714 1492 2752 a
1518 2714 1715 2771 genere
1745 2703 1849 2759 ltu-

259 2782 430 2825 mano
471 2782 725 2845 ereptum,
776 2778 879 2835 isto
919 2782 1308 2854 signiﬁcaretur
1349 2789 1501 2856 loco;
1548 2809 1644 2863 per
1688 2811 1848 2853 unam

256 2863 442 2932 p0tius
483 2881 643 2937 quam
691 2885 789 2940 per
833 2888 999 2929 unum
1047 2876 1103 2931 in
1151 2879 1408 2935 mundum
1456 2882 1725 2942 diceretur
1765 2889 1848 2944 in-

246 2959 466 3038 .trasse;
508 2972 629 3028 qua:
668 2959 742 3015 ita
786 2964 955 3032 prima
994 2970 1252 3037 peccavit,
1285 2978 1343 3025 ut
1378 2987 1495 3028 eam
1519 2976 1603 3030 vir
1637 2993 1846 3051 quoque

256 3043 430 3114 ipsius
473 3047 636 3106 fuerit
668 3052 922 3112 imitatus.
966 3057 1072 3114 Sed
1113 3062 1234 3132 quia
1277 3043 1699 3139 generationem,
1734 3043 1841 3132 non

252 3135 632 3210 imitationem,
662 3146 878 3202 volebat
905 3148 1158 3223 intelligi,
1192 3153 1297 3209 Per
1322 3173 1498 3227 unum,
1528 3135 1716 3232 inquit,
1746 3165 1842 3221 ho-

254 3230 444 3286 minem
481 3246 742 3302 peccatum
773 3240 978 3297 intravit
1004 3244 1057 3298 in
1084 3246 1330 3303 mundum.
1354 3264 1374 3305 :
1402 3261 1490 3307 aut
1517 3254 1703 3311 ambos
1727 3258 1842 3315 sin-

251 3322 426 3393 gulari
459 3341 686 3384 numero
724 3330 1024 3403 includens,
1069 3345 1283 3408 propter
1320 3342 1462 3412 quod
1498 3343 1697 3403 dictum
1736 3357 1838 3419 cst,

253 3411 429 3485 Igitur
458 3418 571 3488 jam
610 3436 715 3476 non
752 3433 872 3478 sunt
908 3425 1010 3481 duo
1049 3427 1260 3500 (Matth.
1302 3411 1418 3503 xix,
1462 3435 1551 3508 6);
1590 3450 1681 3495 aut
1717 3411 1868 3499 eum.

255 3507 597 3576 potissimum
626 3527 1069 3587 commemorans,
1103 3536 1134 3577 a
1163 3539 1270 3594 quo
1298 3536 1380 3581 est
1404 3507 1717 3601 principium
1748 3550 1843 3606 ge-

257 3600 489 3657 nerandi
507 3644 524 3671 ,
552 3618 671 3660 cum
699 3609 978 3667 seminatio
1003 3615 1295 3685 exorditur,
1328 3631 1387 3675 ut
1411 3626 1687 3694 conceptio
1712 3629 1838 3683 sub—

255 3699 537 3761 sequatur.
568 3695 694 3755 llaac
734 3713 876 3771 saepe
898 3702 1008 3773 jam
1046 3705 1277 3765 diximus
1308 3728 1322 3766 :
1351 3713 1445 3768 sed
1473 3714 1837 3776 iterationibus

253 3783 391 3852 tuis,
419 3795 632 3845 nostras
660 3805 871 3865 quoque
895 3795 979 3852 vel
1007 3798 1201 3870 rarius,
1229 3810 1405 3859 tamen
1434 3805 1700 3878 iterando,
1728 3826 1835 3867 non

245 3873 513 3933 cedimus.

317 3963 524 4027 CXCV.
552 3971 674 4029 Jun.
702 3975 929 4036 Secutus
978 3989 1079 4052 est,
1104 3980 1178 4039 Et
1201 3985 1273 4041 ita
1304 3988 1360 4043 in
1404 4005 1575 4047 omnes
1610 3992 1835 4052 homines

243 4074 384 4115 mors
404 4067 716 4132 pertransiit.

330 4155 469 4213 Atto.
496 4158 632 4226 Quid
661 4170 746 4217 est
762 4203 778 4231 ,
806 4164 880 4219 ita
900 4171 1220 4240 pertransiit;
1244 4174 1347 4231 nisi
1374 4177 1640 4247 quomodo
1664 4181 1834 4238 intra-

260 4241 371 4307 vit,
399 4246 454 4301 id
478 4259 598 4318 est,
626 4266 747 4308 cum
776 4266 1017 4327 peccato,
1045 4259 1156 4317 sive
1183 4278 1279 4333 per
1298 4241 1610 4336 peccatum?

324 4335 549 4395 CXCVI.
578 4342 697 4399 Jun.
726 4345 876 4403 Fecit
893 4335 1309 4423 distinctionem,
1339 4375 1408 4415 ne
1425 4361 1548 4431 quis
1570 4363 1639 4417 ita
1676 4374 1831 4434 puta-

249 4439 341 4486 ret
365 4435 620 4493 transisse
663 4453 975 4513 peccatum;
1008 4456 1065 4504 ut
1104 4465 1252 4506 mors
1296 4469 1416 4523 quae
1441 4459 1784 4525 praecucth
1808 4461 1827 4492 ⁸

242 4519 526 4592 iudicante
544 4528 767 4599 justitia,
788 4546 970 4595 secuta
989 4540 1303 4610 probaretur
1314 4519 1566 4604 materias
1587 4550 1823 4618 ultionis,

247 4629 386 4684 quas
426 4616 480 4674 iu
511 4635 827 4695 unoquoque
844 4642 1123 4700 peccatore
1149 4633 1219 4690 de
1253 4636 1429 4693 studio
1455 4640 1608 4696 mala:
1634 4616 1825 4697 volun;

243 4706 369 4764 tatis
398 4707 681 4770 invenerat
706 4717 747 4769 ³.
775 4716 1016 4779 Ostendit
1059 4725 1239 4796 igitur,
1264 4743 1369 4784 non
1395 4739 1638 4787 naturam
1659 4748 1821 4790 accu-

239 4798 462 4856 sandam
488 4818 629 4874 esse,
658 4808 753 4865 sed
782 4812 973 4870 studia.

310 4891 446 4950 Anc.
463 4892 684 4954 Frustra
714 4910 767 4958 te
793 4918 998 4977 versas,
1029 4916 1084 4964 et
1099 4925 1365 4968 reversus.
1395 4914 1563 4970 Adam
1591 4918 1818 4991 respice,

242 4988 297 5034 et
316 4982 587 5042 Christum
623 5008 637 5046 :
667 4991 760 5049 ille
784 4994 955 5053 forma
1001 5009 1083 5055 est
1107 5000 1305 5070 futuri;
1346 5020 1453 5061 non
1507 5018 1589 5062 est
1616 4982 1742 5080 ergo
1788 4982 1816 5065 a

243 5076 508 5131 contrario
534 5078 635 5136 iste
661 5086 972 5153 conformis,
999 5091 1088 5162 qui
1115 5091 1376 5162 justitiam
1400 5111 1549 5151 suam
1580 5098 1633 5153 in
1658 5114 1818 5155 rena-

241 5172 455 5221 scentes
477 5173 725 5239 parvulos
743 5176 961 5251 trajicit,
987 5181 1033 5237 si
1056 5193 1332 5252 peceatum
1346 5186 1402 5243 in
1422 5191 1817 5251 nascentedlle

239 5268 350 5310 non
380 5260 592 5329 trajicit.

231 5436 289 5492 in
321 5456 423 5512 quo
443 5460 612 5503 omnes
636 5466 965 5521 peccaverunt
988 5473 1009 5513 :
1031 5475 1137 5529 quo
1162 5477 1429 5531 sermone,
1459 5479 1566 5522 non
1588 5478 1818 5522 nascen-

229 5531 302 5588 tis
332 5533 483 5591 ruina
503 5575 521 5604 ,
566 5541 660 5597 sed
699 5559 864 5616 opera
909 5553 1158 5621 agentis'
1180 5569 1433 5626 expressa
1462 5566 1565 5614 est.
1596 5560 1812 5631 Appro-
1860 5588 1868 5595 ~

1847 5656 1877 5690 ⁵
1927 5668 2034 5736 lus,
2064 5668 2172 5722 Lca:
2212 5665 2529 5732 subintravit,
2566 5675 2622 5725 ut
2661 5665 2937 5719 abundaret
2971 5663 3210 5718 delictum
3235 5661 3408 5735 (Rom.
3448 5680 3506 5735 v,

294 5645 601 5724 ξμςςηωᾳικ,
624 5661 949 5724 percucurrit.

291 5705 991 5791 quoque
1019 5734 1292 5787 peccatores
1313 5729 1375 5781 de
1396 5730 1559 5785 studio
1583 5731 1729 5787 malae
1743 5747 1820 5789 tto-

223 5763 1475 5857 “"l‘ﬂff'.‘.é‘ngﬁsiiEEtﬁr'éi'ﬁwrg

236 5862 241 5865 -
288 5828 310 5862 ³
329 5831 404 5887 Sic
424 5839 532 5887 Mss.
549 5842 607 5885 At
629 5836 767 5898 editi,
791 5828 1013 5905 cogatis}:

452 6006 453 6009 γ
517 5915 779 6026 ﬁum-
799 5924 1092 6023 Αυθυθιιε
1121 5933 1203 6007 Χ.

1617 360 1757 425 LIBE
1777 364 1815 420 Il
1855 362 2224 433 SECUNDUS.

3433 425 3571 486 1226

1998 488 2140 596 bavit
2168 510 2228 552 se
2258 498 2442 591 itaque
2469 511 2781 579 pravitatem
2804 536 3050 598 arguere,
3080 546 3180 589 nec
3205 533 3563 599 innocentiam

1995 597 2250 645 sanetare.

2060 675 2194 761 Anc.
2221 679 2277 736 ln
2302 684 2394 742 illo
2420 702 2779 759 peccaverunt
2818 718 3024 777 omnes,
3059 712 3110 768 in
3136 730 3242 786 quo
3267 720 3570 780 moriuntur

1990 779 2213 827 omnes:
2246 777 2398 846 cujus
2436 798 2465 835 a
2495 793 2764 848 contrario
2789 794 2961 855 forma
3010 813 3123 870 est,
3156 807 3208 862 in
3242 826 3349 882 quo
3390 814 3564 870 viviﬁ-

1986 871 2176 918 cantur
2205 878 2411 926 omnes.
2444 874 2588 932 Sicut
2614 894 2789 941 autem
2808 889 2861 944 in
2881 892 3045 950 Adam
3075 915 3243 957 omnes
3260 907 3570 977 moriuntur,

1988 954 2057 977 -:-
2095 955 2144 977 ἐμ
2177 956 2245 977 1η
2285 961 2298 972 ⁶
2334 972 2343 977 -
2656 975 2662 977 ‘

3051 986 3111 1057 (l
3140 988 3256 1046 Cor.
3287 1010 3395 1062 xv,
3423 996 3493 1051 2‘2
3523 998 3563 1068 }.

1984 1042 2136 1147 Quod
2166 1046 2284 1105 ideo
2312 1054 2510 1112 dictum
2529 1073 2633 1130 est,
2663 1067 2784 1136 quia
2806 1071 2943 1127 sicut
2969 1042 3129 1133 nemo
3149 1081 3249 1137 nisi
3274 1101 3370 1153 per
3388 1042 3557 1143 Adam

1985 1135 2158 1205 vergit
2183 1139 2237 1194 in
2269 1152 2494 1202 mortem
2519 1192 2534 1216 ,
2569 1153 2640 1206 ita
2670 1171 2829 1214 nemo
2849 1163 2949 1218 nisi
2980 1164 3075 1235 per
3099 1169 3368 1230 Christum
3387 1182 3555 1247 surgit

1980 1224 2033 1280 in
2062 1227 2240 1285 vitam.
2271 1231 2316 1287 Ο
2341 1235 2501 1294 homo
2528 1242 2618 1311 qui
2644 1244 2777 1303 nihil
2802 1262 2951 1320 potes
2976 1224 3173 1327 dicere,
3215 1279 3400 1333 posses
3447 1224 3557 1323 sdi-

1980 1323 2085 1371 tem
2113 1329 2288 1378 tacere
2307 1325 2320 1379 ι

2047 1407 2316 1469 CXCVIII.
2351 1416 2470 1475 JUL.
2518 1422 2650 1482 Post
2676 1427 2780 1486 hoc
2805 1443 2986 1491 autem
3016 1438 3231 1511 intulit,
3281 1461 3447 1517 usque
3485 1452 3552 1506 ad

1975 1499 2146 1570 legem
2176 1520 2426 1578 regnasse
2471 1527 2786 1585 peccatum:
2818 1530 3125 1601 ostendens,
3164 1499 3383 1607 regnum
3429 1556 3555 1611 pec-

1971 1594 2073 1648 cati
2100 1594 2206 1653 lata
2230 1598 2348 1672 lege
2373 1606 2648 1668 cecidisse.

2041 1690 2175 1747 Anc.
2203 1691 2260 1749 Si
2306 1695 2409 1753 lata
2435 1695 2550 1772 lege
2578 1705 2770 1766 cecidit
2796 1726 3015 1783 regnum
3038 1722 3263 1789 peccati,
3296 1738 3423 1795 ergo
3452 1742 3545 1795 per

1969 1776 2140 1850 legem
2163 1782 2367 1853 iustitia
2395 1801 2496 1846 est.
2524 1794 2587 1850 Si
2609 1815 2700 1868 per
2724 1776 3096 1877 legemjustitia
3130 1821 3224 1880 est,
3250 1776 3386 1886 erg;

1967 1879 2074 1928 stus
2096 1878 2253 1945 gratis
2274 1892 2501 1940 mortuus
2517 1897 2590 1942 est
2613 1888 2805 1963 (Galat.
2830 1898 2885 1963 ti,
2915 1898 3027 1970 2i).
3053 1878 3293 1972 Apostoli
3309 1878 3411 1963 Vest
3440 1924 3543 1966 vox

1967 1963 2105 2033 ista,
2133 1986 2238 2026 non
2268 1990 2407 2032 mea.
2434 1977 2551 2036 Jam
2602 1989 2866 2059 erumpite
2913 1993 2965 2047 in
3014 2006 3257 2065 apertum
3280 2042 3296 2068 ,
3345 2002 3546 2062 inimici

1965 2059 2138 2116 crucis
2161 2062 2380 2123 Christi.
2418 2070 2556 2138 Quid
2584 2075 2782 2134 timetis
2825 2059 3073 2154 magnum
3101 2059 3355 2160 pupulum
3389 2093 3548 2150 Chri-

1965 2150 2055 2217 sti,
2082 2161 2137 2208 et
2163 2152 2364 2213 Christi
2387 2176 2632 2235 magnum
2656 2150 3048 2238 judiciuminon
3081 2150 3316 2238 timetis?
3342 2187 3542 2256 Aperte

1963 2239 2142 2313 dicite,
2178 2246 2461 2308 Justilicari
2510 2268 2698 2316 natura
2724 2304 2737 2326 ,
2766 2263 3043 2334 justilicari
3071 2273 3187 2342 lege
3232 2239 3542 2348 possemus;

1960 2339 2126 2408 gratis
2154 2353 2394 2403 mortuus
2425 2358 2507 2404 est
2541 2351 2805 2411 Christus.
2852 2358 2957 2415 Sed
2981 2339 3328 2424 formidantes
3354 2339 3544 2429 multi;

1960 2429 2195 2488 tudinem
2224 2435 2588 2508 christianum,
2620 2445 2963 2518 Pclagianum
3016 2456 3235 2512 verbum
3279 2464 3538 2531 supponi-

1960 2519 2053 2590 tis,
2079 2532 2133 2579 et
2157 2531 2517 2605 quaerentibus
2564 2550 2593 2588 a
2624 2538 2794 2607 vobis,
2823 2558 2988 2611 quare
3016 2559 3259 2605 mortuus
3284 2553 3347 2607 sit
3382 2553 3540 2610 Chri-

1956 2620 2092 2682 stus,
2134 2616 2181 2670 si
2206 2628 2397 2676 natura
2428 2623 2511 2677 vel
2542 2625 2629 2681 lex
2655 2628 2817 2685 efficit
2850 2632 3059 2703 justus;
3091 2642 3444 2709 rcspondetis,
3474 2645 3542 2702 Ut

1954 2703 2061 2762 hoc
2092 2708 2265 2778 ipsum
2310 2711 2516 2771 facilius
2546 2716 2696 2775 lieret
2724 2739 2738 2775 :
2771 2725 2921 2794 quasi
2943 2738 3147 2797 posset,
3170 2703 3410 2800 quamvis
3433 2703 3541 2792 dif-

1956 2796 2148 2855 ﬁcilius
2182 2803 2299 2858 fieri
2352 2814 2529 2864 tamen
2558 2851 2574 2878 ,
2605 2813 2719 2869 sive
2772 2832 2866 2886 per
2894 2831 3160 2890 naturam,
3194 2825 3307 2882 sive
3338 2843 3434 2897 per
3456 2831 3537 2887 lc-

1950 2902 2093 2959 gem.
2147 2892 2396 2965 Christe,
2449 2904 2737 2971 responde,
2790 2908 2944 2966 vince
2970 2952 2983 2976 ,
3032 2924 3191 2984 atque
3232 2920 3535 2988 convinco;

1950 2983 2142 3052 clama,
2172 2985 2298 3042 Sine
2325 3007 2405 3045 me
2422 2994 2553 3049 nihil
2579 2997 2785 3067 potestis
2831 3001 2997 3069 facere
3025 2983 3204 3075 (Joan.
3229 3025 3322 3077 xv,
3344 3012 3399 3083 5)
3429 3031 3443 3066 :
3478 2983 3543 3070 ut

1952 3083 2160 3132 taceant
2179 3080 2266 3149 qui
2292 3081 2552 3151 clamant,
2584 3089 2697 3144 Etsi
2722 3090 3010 3164 difficilius,
3038 3106 3211 3156 tamen
3247 3080 3535 3172 possemus

1948 3174 2003 3221 et
2030 3167 2146 3224 sine
2174 3179 2223 3225 te
2248 3170 2422 3230 facere
2452 3192 2473 3231 :
2500 3182 2608 3232 aut'
2633 3179 2677 3234 si
2704 3190 2879 3238 tacere
2901 3203 3006 3242 non
3029 3201 3272 3261 possunt,
3300 3211 3358 3251 se
3384 3198 3534 3268 ipsos

1950 3257 2007 3314 in
2032 3258 2261 3318 latebras
2283 3266 2492 3339 aliquas
2510 3270 2723 3341 ducant,
2747 3287 2805 3331 ut
2832 3277 2967 3334 alios
2988 3257 3093 3337 non
3122 3257 3535 3348 seducant.-Cur

1949 3364 2075 3422 ergo
2106 3351 2180 3409 ait
2207 3358 2516 3427 Apostolus,
2548 3362 2719 3436 Usque
2737 3368 2870 3423 enim
2897 3370 2966 3425 ad
3000 3371 3159 3444 legem
3182 3390 3440 3447 peccatum
3477 3384 3533 3440 in

1973 3446 2134 3499 .undo
2158 3448 2286 3517 fuit;
2310 3451 2413 3506 nisi
2461 3454 2586 3524 quia
2613 3470 2888 3527 peccatum
2933 3466 3149 3524 auferre
3180 3446 3280 3526 nec
3308 3471 3413 3528 lata
3438 3475 3529 3533 lex

1944 3537 2151 3609 potuit,
2183 3542 2274 3596 sed
2302 3543 2391 3599 ille
2421 3545 2487 3600 de
2531 3564 2637 3619 quo
2674 3550 2871 3609 dictum
2915 3566 3018 3623 est,
3049 3558 3185 3617 Ecce
3211 3562 3388 3634 Agnus
3407 3564 3526 3635 Dei,

1943 3645 2057 3685 ecce
2078 3633 2166 3702 qui
2187 3635 2317 3689 tollit
2341 3648 2548 3708 peccata
2572 3643 2748 3698 mundi
2780 3644 2889 3718 (1d.
2916 3663 2955 3714 ι,
2998 3649 3147 3724 29)?
3262 3633 3271 3634 ί
3492 3698 3495 3701 -

2013 3720 2244 3780 CXCIX.
2261 3726 2382 3784 ιω..
2409 3729 2694 3789 Generatio
2716 3746 2891 3793 autem
2920 3756 3041 3810 quae
3066 3720 3227 3814 coepit
3251 3747 3524 3819 abAdam,

1943 3823 1997 3870 et
2019 3827 2141 3886 post
2161 3817 2333 3889 legem
2357 3835 2633 3891 permanet
2667 3844 2823 3898 :qua:
2853 3830 2897 3884 si
2948 3842 3093 3888 esset
3124 3836 3241 3893 fons
3275 3817 3525 3910 peccato;-

1940 3921 2059 3960 rum
2110 3915 2162 3963 et
2198 3907 2377 3966 frutex
2426 3912 2644 3984 diaboli,
2688 3917 2824 3974 sicut
2864 3929 2920 3976 tu
2967 3907 3381 3999 argumentaris,
3413 3947 3525 3990 non

1941 3999 2125 4071 utique
2155 4018 2323 4075 usque
2347 4005 2413 4060 ad
2444 4006 2640 4079 legem,
2670 4012 2765 4066 sed
2812 4021 2867 4069 et
2912 4026 3035 4086 post
3075 4018 3265 4091 legem,
3296 4034 3351 4079 et
3404 4036 3528 4096 post

1939 4089 2209 4150 Christum
2249 4095 2352 4152 hoc
2391 4100 2593 4156 crimen
2645 4102 2866 4174 vigeret.
2912 4106 3194 4165 Peccatum
3248 4113 3426 4185 itaque
3454 4117 3525 4174 de

1938 4199 2045 4255 quo
2069 4187 2357 4259 Apostolus
2394 4194 2715 4262 pronuntiat,
2743 4197 2866 4268 quia
2893 4214 3060 4270 usque
3083 4202 3151 4257 ad
3204 4203 3375 4276 legem
3398 4207 3520 4265 fue-

1935 4279 2040 4349 rit,
2072 4297 2169 4336 nec
2198 4283 2430 4353 potuerit
2458 4300 2675 4343 manere
2721 4298 2841 4358 post
2866 4290 3036 4364 legem
3060 4334 3077 4361 ,
3106 4295 3354 4368 actionis,
3404 4315 3513 4359 non

1937 4372 2225 4428 nativitatis
2270 4389 2387 4431 esse
2413 4377 2766 4435 convincitur.

2006 4465 2142 4520 Anc.
2184 4465 2323 4521 Ecce
2348 4479 2531 4538 aperte
2554 4468 2688 4526 dicis
2709 4514 2725 4541 ,
2757 4488 2862 4527 non
2894 4473 3015 4530 ideo
3049 4476 3252 4536 dixisse
3280 4481 3512 4553 Aposto-
3558 4484 3569 4495 ‘

1934 4554 2065 4625 lum,
2089 4556 2256 4628 Usque
2276 4559 2344 4612 ad
2363 4559 2521 4631 legem
2540 4572 2797 4633 peccatum
2818 4565 2873 4618 in
2895 4566 3083 4621 mundo
3111 4570 3211 4640 fuit
3230 4611 3246 4638 ,
3273 4572 3395 4643 quia
3416 4589 3518 4631 nec

1934 4647 2023 4704 lex
2055 4650 2227 4720 potuit
2249 4648 2459 4706 auferre
2491 4664 2766 4722 peccatum
2791 4671 2805 4719 ;
2833 4655 2926 4711 sed
2955 4658 3076 4727 quia
3100 4671 3376 4729 peccatum
3406 4681 3517 4723 non

1931 4746 2105 4815 potuit
2152 4760 2371 4801 manere
2420 4757 2539 4817 post
2585 4748 2754 4818 legem
2786 4767 2799 4803 :
2831 4765 2930 4805 nec
2979 4755 3289 4821 expavescis
3324 4772 3511 4815 vocem

1932 4835 2049 4903 Dei,
2081 4852 2178 4906 per
2203 4835 2475 4893 hominem
2500 4838 2589 4892 Dei
2620 4838 2982 4895 intendentem
3015 4842 3069 4897 in
3093 4841 3365 4902 Christum
3386 4890 3401 4915 ,
3436 4859 3517 4903 at-

1934 4942 2038 4998 que
2059 4927 2355 4995 dicentem,
2397 4927 2529 4982 Ecce
2558 4929 2727 4999 Agnus
2765 4929 2859 4985 Dei
2884 4973 2898 4998 ,
2941 4949 3051 4987 ecce
3073 4935 3159 5004 qui
3183 4937 3314 4991 tollit
3339 4954 3515 5011 pecco-

1930 5028 2034 5073 tum
2058 5017 2279 5073 mundi?
2303 5018 2439 5088 Quid
2468 5019 2704 5089 desipis?
2730 5022 2855 5092 quid
2883 5023 3122 5078 insanis?
3150 5025 3266 5082 Non
3297 5036 3507 5098 natura,

1930 5126 2033 5164 non
2063 5110 2184 5174 lex;
2221 5110 2312 5166 scd
2362 5126 2473 5165 ecce
2497 5112 2583 5181 qui
2623 5111 2753 5165 tollit
2783 5124 3042 5183 peccatum
3082 5118 3260 5172 mundi
3292 5135 3309 5172 :
3336 5129 3390 5174 ct
3415 5135 3511 5176 au-

1926 5204 2023 5260 des
2048 5203 2247 5273 dicere,
2279 5205 2482 5275 peccati
2532 5220 2753 5275 regnum
2802 5206 2907 5261 lata
2959 5208 3075 5278 lege
3114 5209 3409 5279 cecidisse,
3457 5221 3511 5268 et

1829 5342 1831 5344 .
1869 5295 1878 5313 ‘
1926 5305 2049 5367 post
2075 5296 2245 5367 legem
2286 5310 2391 5351 non
2420 5293 2654 5366 potuisse
2686 5311 2904 5353 manere
2944 5301 3399 5368 peccatum?cum
3427 5301 3508 5357 di-

309 5347 561 5409 CXCVII.
581 5355 697 5414 Jun.
724 5359 1030 5436 Subiunxit,
1058 5368 1114 5426 in
1159 5386 1226 5428 eo
1253 5387 1510 5445 regnasse
1552 5385 1811 5442 mortem,
1862 5370 1875 5408 ί

1927 5399 2013 5446 cat
2033 5390 2340 5461 Apostolus,
2368 5389 2433 5447 Si
2452 5407 2542 5462 per
2565 5389 2721 5461 legem
2740 5390 2963 5460 iustitia,
2986 5407 3105 5463 ergo
3135 5392 3363 5448 Christus
3383 5409 3501 5463 gra-
3586 5398 3593 5409 ’

1927 5483 1992 5540 tis
2040 5493 2268 5540 mortuus
2299 5491 2373 5538 est
2394 5497 2415 5538 :
2438 5497 2558 5537 cum
2587 5480 2727 5537 dicat
2755 5482 3047 5553 Apostolus
3069 5523 3085 5549 ,
3140 5482 3274 5549 Quia
3319 5482 3373 5537 in
3403 5481 3512 5555 lege

1926 5593 2075 5632 nemo
2104 5574 2418 5647 iustiﬁcetur
2445 5572 2642 5644 (Colat.
2670 5589 2750 5639 tn,
2781 5571 2876 5645 ll)
2904 5590 2916 5628 :
2944 5588 3064 5629 cum
3110 5572 3248 5629 dicat
3275 5573 3509 5644 Aposto-

1926 5758 2019 5832 20)
2054 5776 2067 5813 :
2094 5771 2215 5813 cum
2242 5755 2384 5811 dicat
2404 5755 2710 5825 Apostolus,
2745 5755 2806 5809 Si
2831 5754 2950 5808 data
2979 5764 3105 5809 esset
3149 5754 3232 5809 lea:
3253 5770 3367 5826 quae
3389 5771 3512 5827 pos-

1932 5866 2002 5910 set
2026 5850 2278 5923 uiuiﬁcare
2297 5885 2316 5919 ,
2339 5847 2544 5903 omnino
2568 5865 2632 5905 ea:
2650 5850 2756 5917 lege
2792 5856 2919 5900 esset
2932 5846 3135 5916 justitia
3161 5862 3182 5901 :
3205 5847 3514 5903 sedeone!»

2602 5939 3109 6026 (Trmtc-neuf.)

2256 6002 2387 6037 9⁸⁸1ιῶ
