4062 6542
493 501 662 564 uisse,
687 507 846 568 quam
872 489 1180 546 societatem
1211 477 1660 553 praevaricationis
1685 476 1937 568 antiquae.

569 565 725 646 Anc;
744 585 878 640 Cum
899 577 1184 648 Apostolus
1211 571 1480 628 invenitur
1507 583 1616 624 non
1645 568 1826 638 plures
1853 565 2071 628 dixisse,

495 681 594 740 sed
615 677 828 740 multos,
862 673 936 728 tui
959 671 977 703 ³
1015 668 1175 739 hujus
1202 664 1498 737 argumenti
1528 659 1774 716 machina
1798 666 1910 712 tota
1945 655 2076 710 sub-

495 769 722 828 vertitur
753 782 766 818 :
795 755 1038 834 quamvis
1073 771 1179 814 non
1210 755 1310 812 soli
1335 753 1536 818 Judaei,
1567 750 1705 806 sicut
1745 748 1839 803 tibi
1878 746 2074 818 placet,

495 858 596 918 sed
611 871 797 916 omnes
817 851 1254 925 praevaricatores
1272 862 1392 904 esse
1410 843 1766 916 reperiantur,
1794 838 1886 910 qui
1905 839 2080 910 legem

499 965 623 1006 cum
665 949 781 1020 ipso
821 941 1111 1012 Evangelio
1158 936 1507 1009 praedicatam‘
1537 929 1934 1005 praevaricando
1987 928 2082 1020 da-

501 1019 848 1098 mnabiliores
869 1035 1003 1089 ﬁunt
1025 1049 1039 1086 :
1062 1029 1306 1103 qualibus
1348 1024 1840 1100 praevaricatoribus
1863 1064 1880 1092 ,
1921 1019 2081 1076 simul

497 1144 622 1188 cum
650 1127 865 1192 Judwis,
896 1125 970 1180 ita
1010 1123 1201 1193 plenus
1240 1129 1324 1177 est
1352 1121 1618 1185 mundus,
1648 1125 1706 1171 ut
1747 1115 1801 1170 in
1846 1113 2081 1170 omnium

417 1265 420 1268 .
498 1219 895 1291 comparatione
921 1214 1028 1270 sint
1049 1213 1224 1284 pauci,
1247 1212 1337 1282 qui
1361 1209 1596 1282 parvulis
1615 1221 1825 1278 quoque
1850 1204 2085 1276 baptiza-

427 1313 430 1317 ’
497 1313 568 1370 tis
601 1311 794 1367 additis
821 1309 1140 1372 liberantur;
1170 1303 1314 1376 quod
1341 1313 1396 1356 et
1426 1301 1776 1370 responsione
1811 1297 2085 1366 superiore

498 1399 900 1473 comprehendi.
941 1397 1229 1454 Evidenter
1275 1401 1464 1448 contra
1513 1405 1610 1444 vos
1652 1389 1848 1444 clamat
1890 1387 2086 1442 Doctor

500 1492 772 1559 Gentium,
803 1489 950 1546 Sicut
965 1487 1020 1542 in
1048 1486 1213 1540 Adam
1239 1499 1411 1539 omnes
1429 1481 1734 1547 moriuntur,
1765 1479 1836 1532 ita
1859 1478 1916 1532 in
1939 1475 2086 1532 Chri-

498 1593 579 1640 sto
619 1599 792 1638 omnes
829 1578 1214 1649 viviﬁcabuntur
1240 1575 1294 1648 (ι
1323 1573 1443 1630 Cor.
1469 1589 1562 1642 xv,
1584 1571 1678 1644 22)
1714 1590 1728 1627 :
1769 1571 1858 1642 qui
1898 1585 2084 1626 omnes

505 1691 614 1732 non
645 1673 834 1744 pauci,
859 1671 956 1728 sed
979 1669 1134 1726 multi
1167 1678 1312 1725 sunt.
1350 1668 1430 1722 Ac
1479 1681 1572 1736 per
1610 1665 1744 1731 hoc,
1775 1663 1928 1718 multi
1974 1678 2088 1718 mo-

500 1767 712 1826 riuntur
739 1767 790 1822 in
815 1765 1004 1830 Adam,
1030 1763 1184 1818 multi
1210 1759 1616 1816 viviﬁcabuntur
1642 1757 1696 1812 in
1715 1755 1958 1812 Christo:
1991 1755 2088 1810 sed

499 1859 682 1932 plures
703 1857 1002 1914 moriuntur
1025 1855 1082 1910 in
1109 1853 1300 1920 Adam,
1332 1866 1489 1923 quam
1515 1851 1570 1906 in
1597 1849 1812 1906 Christo
1840 1847 2080 1902 viviﬁca-

501 1950 700 2008 buntur
719 1967 738 2006 :
768 1949 944 2020 plures
960 1948 1136 2016 itaque
1153 1945 1220 2002 ad
1245 1944 1383 2000 illius
1413 1952 1662 2010 mortem,
1689 1941 1758 1996 ad
1779 1940 1934 2010 hujus
1959 1955 2088 1996 vero

499 2041 686 2107 vitam,
712 2039 1112 2110 comparatione
1136 2037 1346 2092 illorum
1363 2033 1636 2106 pertinent
1665 2031 1974 2103 pauciores;
1994 2029 2089 2085 sed
2124 2101 2134 2110 _

500 2133 662 2190 etiam
699 2131 937 2202 ipsorum
966 2144 1063 2200 per
1086 2142 1144 2183 se
1181 2127 1325 2198 ipsos
1353 2141 1418 2181 ea
1456 2132 1541 2182 est
1576 2123 1881 2208 multitudo,
1931 2135 2090 2189 quam

498 2238 783 2282 numerare
829 2236 988 2278 nemo
1015 2219 1186 2292 possit
1211 2218 1410 2290 (Apoc.
1433 2233 1530 2284 vn,
1553 2215 1646 2287 9).
1669 2213 1808 2283 Quid
1831 2221 1915 2269 est
1937 2226 2086 2282 ergo,

503 2314 691 2372 Omnes
731 2315 786 2369 in
818 2312 1020 2370 Christo
1042 2311 1450 2380 viviﬁcabuntur,
1485 2307 1586 2362 nisi
1615 2306 1739 2377 quia
1766 2317 1925 2360 nemo
1949 2302 2091 2359 vivi-

502 2409 769 2475 ﬁcabitur,
787 2407 890 2462 nisi
912 2407 966 2462 in
994 2404 1128 2462 illo?
1145 2402 1310 2474 Cujus
1344 2401 1424 2458 rei
1454 2398 1858 2456 similitudinem
1885 2395 1954 2452 de
1973 2410 2090 2451 ma-

497 2502 668 2574 gistro
696 2501 848 2572 posui
883 2500 1212 2563 litterarum;
1241 2496 1284 2550 si
1315 2509 1452 2550 unus
1479 2493 1552 2550 sit
1587 2496 1641 2548 in
1663 2491 1898 2558 civitate,
1922 2505 1953 2544 a
1985 2504 2091 2560 quo

497 2591 577 2648 ibi
605 2591 848 2648 dicantur
874 2603 1063 2646 omnes
1089 2588 1292 2644 litteras
1318 2585 1556 2652 discere,
1598 2601 1705 2639 non
1748 2583 1870 2654 quia
1903 2595 2092 2637 omnes

499 2681 747 2750 discunt,
779 2681 872 2738 sed
897 2681 1020 2752 quia
1045 2695 1202 2735 nemo
1225 2676 1332 2734 nisi
1379 2675 1448 2732 ab
1489 2677 1604 2747 ipso
1637 2674 1746 2748 (De
1790 2672 2003 2744 Nuptiis
2043 2679 2092 2727 et

502 2773 936 2844 Concupiscentia,
990 2771 1078 2827 lib.
1120 2770 1177 2836 2,
1197 2787 1252 2826 η.
1277 2767 1394 2840 45).
1425 2768 1594 2834 Quam
1623 2765 1951 2822 locutionem
1991 2775 2093 2819 nec

501 2867 720 2924 tentasti
758 2865 1032 2934 refellere,
1067 2864 1192 2936 quia
1232 2861 1412 2919 vidisti
1454 2874 1576 2917 esse
1617 2858 1972 2916 rectissimam
1993 2897 2006 2924 ,
2039 2863 2095 2911 et

502 2958 755 3016 omnibus
775 2966 977 3013 notam.

581 3049 740 3106 CCX.
758 3049 878 3106 Jun.
897 3047 1156 3118 Exposita
1171 3045 1490 3102 liberalitate
1511 3043 1720 3114 gratiae,
1738 3042 1792 3096 in
1814 3040 2093 3096 hominum

504 3144 826 3202 Salvatorum
857 3141 1009 3213 copia
1029 3181 1046 3206 ,
1067 3147 1345 3210 comparat
1365 3137 1566 3192 donum
1587 3143 1748 3204 atque
1769 3141 2046 3204 peccatum
2073 3150 2088 3185 :

505 3237 563 3286 et
581 3225 942 3286 eruditissime
967 3223 1036 3278 ad
1059 3223 1273 3278 laudem
1297 3219 1460 3288 doni,
1493 3219 1722 3292 applicat
1743 3216 1886 3287 quod
1911 3215 2092 3270 multis

409 3317 424 3330 ⁸
504 3316 823 3377 vulneribus
861 3330 966 3372 una
1005 3315 1202 3370 virtute
1244 3311 1562 3376 medicetur,
1604 3308 1672 3364 Et
1712 3325 1816 3364 non
1843 3308 1973 3362 sicut
2005 3323 2096 3378 per

503 3427 688 3480 unum,
716 3409 906 3480 inquit,
939 3415 1218 3478 peccatum,
1247 3405 1324 3460 ita
1343 3414 1393 3458 et
1417 3402 1630 3458 donum.

576 3503 713 3560 Anc.
756 3499 861 3555 Per
891 3515 1051 3554 unum
1073 3505 1381 3570 peccantem,
1403 3493 1576 3561 dixit;
1603 3509 1743 3562 non,
1783 3493 1888 3550 Per
1928 3509 2094 3550 unum

503 3601 783 3668 peccatum
811 3609 828 3648 :
853 3599 914 3648 ut
935 3589 1078 3662 quod
1096 3588 1292 3646 deinde
1309 3587 1473 3653 dicit,
1500 3585 1766 3641 Iudicium
1791 3601 1856 3641 ex
1878 3601 1980 3642 uno
1999 3587 2093 3641 de-

506 3685 628 3742 licto
653 3685 710 3740 in
738 3683 1206 3740 condemnationem
1221 3719 1238 3748 ,
1266 3679 1479 3736 nonnisi
1503 3679 1650 3736 illius
1675 3679 1832 3735 unius
1857 3694 2091 3750 peccan-

505 3778 579 3834 tis
627 3777 732 3834 hoc
773 3775 1024 3834 delictum
1067 3774 1238 3846 possit
1260 3772 1503 3845 intelligi.
1535 3771 1690 3840 Quod
1739 3771 1958 3842 quidem
1996 3787 2094 3828 vos

505 3883 618 3925 non
653 3865 816 3924 vultis
865 3883 880 3920 :
911 3863 1008 3922 sed
1049 3863 1178 3934 quid
1219 3863 1408 3918 facturi
1455 3863 1620 3930 estis;
1660 3862 2093 3933 quandoquidem

507 3958 616 4016 hoc
641 3957 776 4016 dixit
802 3957 1110 4028 Apostolus,
1139 3955 1299 4011 etiam
1321 3953 1626 4010 nolentibus
1643 3934 1828 4008 vobis?
1857 3951 2094 4024 Corrigi-

507 4049 643 4108 mini
666 4064 796 4121 ergo
821 4065 837 4103 :
868 4063 978 4104 non
1014 4047 1158 4104 enim
1187 4045 1394 4102 habetis
1419 4043 1509 4100 hic
1533 4043 1680 4100 aliud
1701 4083 1717 4110 ,
1747 4043 1891 4113 quod
1919 4043 2095 4099 facere

505 4141 766 4201 debeatis.

578 4231 759 4290 CCXI.
787 4230 908 4288 Jun.
941 4227 1082 4284 Nam
1097 4227 1351 4300 judicium
1390 4241 1454 4281 ea:
1493 4241 1594 4279 uno
1630 4225 1684 4280 in
1717 4224 2094 4280 condemnatio-

508 4341 627 4382 nem
643 4340 664 4392 ,°
686 4325 1043 4396 gratia-autem
1079 4336 1142 4375 ea:
1175 4319 1347 4373 multis
1385 4317 1580 4372 delictis
1604 4317 1659 4370 in
1677 4316 2096 4388 justiﬁcationem

512 4417 691 4492 (Rom.
722 4430 780 4484 v,
804 4413 898 4486 16)
931 4431 944 4468 :
988 4411 1042 4468 id
1079 4417 1182 4479 est,
1227 4416 1444 4480 peccata
1488 4406 1702 4479 quidem
1751 4421 1872 4476 quae
1911 4407 2095 4476 gravia

508 4518 652 4576 sunt,
675 4507 837 4566 etiam
853 4505 1060 4576 singula
1085 4509 1308 4575 possunt
1335 4501 1584 4556 sutticere
1602 4498 1672 4555 ad
1699 4498 2095 4554 accusationem

511 4611 566 4660 et
583 4602 985 4662 damnationem
1004 4600 1026 4631 ⁸
1049 4612 1287 4653 reorum.

581 4699 722 4754 Auc.
762 4695 939 4763 Quare
961 4690 1143 4748 dixisti
1166 4689 1370 4762 gravia,
1402 4685 1545 4758 quod
1570 4700 1676 4742 non
1703 4683 1838 4752 dixit
1861 4684 2096 4757 Aposto-
2143 4703 2149 4708 τ

507 4790 616 4857 lus,
655 4785 760 4843 nisi
781 4784 905 4856 quia
940 4782 1119 4838 vidisti
1144 4823 1159 4849 ,
1186 4781 1232 4836 si
1258 4793 1423 4834 unum
1453 4777 1706 4835 delictum
1731 4777 1848 4832 leve
1870 4775 1957 4842 sit,
1985 4789 2096 4831 non

508 4879 762 4941 sufﬁcere
785 4879 852 4934 ad
890 4869 1317 4939 damnationem,
1347 4873 1415 4929 de
1443 4887 1547 4945 qua
1589 4869 1940 4942 loquebatur?
1975 4867 2094 4924 Non

509 4987 641 5045 ergo
667 4987 734 5029 ex
761 4982 1096 5042 quocumque
1125 4981 1232 5021 uno
1257 4965 1643 5036 cujuscumque
1670 4961 1865 5018 delicto
1893 4959 2094 5016 esthoc

503 5063 798 5138 judicium;
826 5060 922 5118 sed
947 5075 1014 5116 ex
1040 5073 1147 5114 uno
1166 5057 1260 5113 illo
1278 5055 1495 5121 delicto,
1517 5053 1657 5124 quod
1677 5054 1872 5106 factum
1889 5059 1972 5106 est
1996 5065 2095 5120 per

506 5173 673 5215 unum
713 5162 1042 5227 peccantem,
1071 5150 1124 5206 id
1148 5158 1250 5216 est,
1277 5147 1470 5217 Adam,
1491 5146 1749 5216 judicium
1782 5144 1931 5198 estin
1958 5157 2093 5198 con-

507 5247 927 5308 demnationem.
955 5243 1024 5301 Et
1041 5243 1219 5300 adhuc
1238 5247 1546 5312 pervertere
1570 5245 1714 5293 recta
1747 5236 1909 5292 verba
1943 5236 2093 5306 Apo-

503 5339 627 5398 stoli
657 5338 836 5404 vultis,
867 5351 938 5392 ne
964 5341 1140 5391 vestra
1160 5346 1280 5404 quae
1302 5341 1552 5402 perversa
1567 5337 1695 5386 sunt
1711 5326 2025 5398 corrigatis?

577 5431 780 5492 CCXII.
812 5428 932 5488 Jun.
963 5427 1146 5485 Gratia
1195 5435 1376 5480 autem
1428 5435 1538 5478 non
1579 5421 1770 5480 eodem
1821 5419 2094 5477 confertur

505 5525 688 5591 modo,
716 5531 778 5580 ut
807 5519 1040 5594 peccatis
1075 5529 1229 5588 aeque
1268 5513 1482 5571 admota
1527 5512 1748 5584 singulis
1788 5511 1979 5569 crebro
2005 5526 2094 5568 re-

505 5625 754 5688 petatur:
777 5613 873 5670 sed
889 5609 1065 5668 infusa
1089 5607 1260 5666 semel
1290 5621 1398 5664 uno
1421 5602 1632 5662 virtutis
1653 5619 1766 5661 suae
1789 5602 1992 5676 impetu
2007 5613 2092 5688 at-

503 5687 612 5779 que
657 5704 978 5778 compendio
1021 5703 1238 5761 diversa
1290 5708 1348 5758 et
1391 5699 1618 5772 plurima
1657 5699 1806 5760 delet
1843 5687 2089 5758 crimina.

566 5819 592 5918 ί
1045 5814 1368 5944 ρατὲιθτθωιι,
1387 5879 1437 5936 σε
1455 5872 1829 5932 detractionem.
1998 5891 2052 5924 ιι

1180 365 1423 426 OPERlS
1460 359 1872 420 IMPERFECTI
1909 355 2182 412 CONTRA
2219 349 2580 417 JULlANUM,
2621 351 2680 408 S.
2719 349 3086 409 AUGUSTINI

3627 343 3755 404 1232

2183 469 2308 528 Ideo
2327 471 2424 538 ait,
2449 485 2515 526 ea:
2541 470 2712 525 multis
2730 469 2924 526 delictis
2942 471 2996 524 in
3009 467 3424 542 justiﬁcationcm
3450 483 3470 521 :
3495 465 3552 522 id
3571 475 3674 532 est,
3695 481 3758 526 ex

2181 563 2364 618 multis
2389 561 2598 618 delictis
2623 562 2876 618 liberatos
2914 561 3160 616 homines
3183 559 3248 614 ad
3273 557 3498 630 gloriam
3526 558 3760 630 perducit

2179 655 2572 725 justiﬁeationis
2608 654 2849 709 indultis.
2879 653 2994 708 Non
3021 668 3148 724 ergo
3175 651 3261 707 hic
3288 668 3448 707 unum
3480 650 3616 707 Adae
3639 666 3762 724 pec-

2184 755 2384 816 catum,
2406 757 2465 802 ut
2488 747 2796 818 suspicaris,
2820 745 3092 816 intelligit;
3127 743 3224 799 sed
3249 743 3316 798 ad
3345 744 3448 799 hoc
3467 743 3644 799 solum
3665 759 3764 798 nu-

2185 854 2391 896 merum
2419 839 2655 895 admovit
2686 840 2842 894 unius
2869 849 2926 896 et
2949 839 3198 908 plurium,
3233 847 3289 892 ut
3307 836 3373 892 ad
3406 835 3624 893 laudem
3646 852 3764 908 gra-

2186 932 2274 988 tiae
2313 933 2636 1004 respiceret;
2665 933 2788 1003 quia
2827 931 3190 1000 ttun’quotics
3230 941 3510 1000 peccatum
3537 929 3608 985 ab
3639 945 3766 986 uno-

2188 1039 2396 1095 quoque
2423 1023 2724 1079 mortalium
2754 1022 2942 1086 fuerat,
2976 1021 3130 1076 totics
3154 1021 3314 1076 etiam
3343 1023 3768 1092 frequentaretur

2186 1119 2375 1188 gratia,
2397 1117 2548 1187 quasi
2580 1115 2896 1186 haptismata
2935 1115 3139 1185 singula
3165 1114 3265 1170 nisi
3292 1115 3528 1186 peccatis
3553 1116 3771 1187 singulis

2189 1224 2296 1264 non
2325 1209 2531 1280 possint
2559 1209 2782 1264 mederi.

2260 1306 2398 1360 Anc.
2421 1301 2497 1357 Ita
2525 1301 2628 1356 hoc
2649 1301 2902 1372 loqueris,
2925 1301 3076 1372 quasi
3099 1300 3293 1356 dixerit
3312 1301 3624 1372 Apostolus,
3642 1300 3775 1358 Gra-

2189 1393 2262 1448 tia
2289 1402 2464 1448 autem
2497 1393 2665 1448 semel
2692 1407 2760 1447 ex
2784 1387 2965 1448 multis
2989 1391 3198 1448 delictis
3223 1391 3277 1448 in
3312 1392 3770 1463 justiticationem.

2189 1485 2305 1540 Non
2335 1484 2440 1541 hoc
2462 1485 2596 1540 dixit
2619 1503 2633 1538 :
2656 1483 2874 1540 attende
2919 1485 3061 1554 quod
3103 1484 3262 1553 dixit,
3305 1493 3360 1541 et
3391 1486 3606 1556 corrige
3632 1485 3775 1556 quod

2189 1577 2391 1632 dixisti.
2425 1575 2618 1644 Gratia,
2648 1577 2838 1646 inquit,
2869 1591 2930 1630 ea:
2961 1575 3128 1632 multis
3154 1577 3349 1631 delictis
3367 1577 3422 1630 in
3445 1577 3775 1650 justiﬁcatio-

2191 1685 2326 1723 nem.
2354 1667 2491 1736 Quid
2520 1667 2624 1723 huc
2651 1668 2904 1738 pertinet,
2933 1668 3074 1738 quod
3103 1669 3268 1724 semel
3299 1679 3354 1724 et
3382 1669 3541 1726 simul
3571 1670 3780 1726 unicui-

2193 1776 2296 1831 que
2322 1761 2498 1814 omnia
2528 1759 2865 1816 dimittuutur
2907 1761 2960 1814 in
3007 1759 3319 1830 Baptismo?
3354 1760 3544 1818 Nonne
3591 1772 3647 1818 et
3691 1763 3781 1820 illa

2194 1853 2590 1918 condemnatio,
2622 1852 2688 1907 ad
2712 1869 2869 1923 quam
2892 1851 3155 1922 judicium
3183 1853 3428 1923 perducit
3453 1864 3779 1924 extremum,

2191 1944 2374 2014 procul
2395 1942 2558 1998 dubio
2577 1943 2743 1998 semel
2771 1943 2850 2010 tit,
2875 1943 3112 1998 omnium
3140 1959 3259 2014 quae
3284 1943 3510 2000 remissa
3536 1959 3646 2000 non
3667 1943 3783 2000 fue-

2192 2036 2300 2090 rint
2355 2035 2734 2106 peccatorum?
2779 2034 2848 2090 Et
2891 2035 3058 2107 magis
3106 2034 3224 2106 ipsa
3263 2035 3538 2091 damnatio
3592 2037 3781 2103 semel,

2193 2142 2352 2197 quam
2377 2127 2620 2184 remissio
2647 2137 2986 2198 peccatorum
3017 2140 3114 2198 per
3136 2128 3360 2198 gratiam
3381 2127 3585 2185 Christi
3616 2131 3784 2186 semel

2193 2219 2272 2273 tit.
2303 2202 2566 2286 Quoniam
2598 2220 2641 2275 si
2672 2228 2793 2291 post
2819 2219 3146 2290 Baptismum
3193 2220 3420 2291 quisque
3455 2222 3778 2291 peccaverit,

2193 2327 2302 2366 non
2330 2311 2516 2367 eadem
2562 2321 2688 2368 sunt
2727 2322 2978 2384 peccata;
3004 2313 3100 2369 sed
3139 2329 3236 2383 per
3277 2311 3522 2369 eamdem
3557 2317 3784 2385 gratiam

2193 2403 2536 2474 peccantibus
2556 2407 2935 2472 remittuntur;
2963 2421 3067 2460 non
3089 2405 3280 2474 semel,
3311 2420 3414 2460 nec
3439 2404 3662 2476 septies,
3689 2405 3784 2462 sed

2194 2496 2354 2552 etiam
2400 2497 2701 2568 septuagies
2743 2497 2940 2568 septies
2987 2496 3198 2558 (Matth.
3243 2512 3408 2567 xvm,
3435 2496 3553 2570 22).
3581 2497 3782 2556 Eadem

2193 2587 2364 2658 gratia
2402 2588 2639 2658 quotidie
2678 2589 2900 2644 dimittit
2947 2589 3224 2644 orantibus
3262 2589 3424 2646 etiam
3470 2591 3781 2662 quotidiana

2195 2687 2432 2748 peccata,
2461 2694 2584 2734 cum
2621 2679 2842 2748 dicunt,
2874 2679 3085 2734 Dimitte
3108 2677 3249 2735 nobis
3273 2680 3438 2735 debita
3463 2691 3677 2748 nostra;
3697 2697 3784 2738 ve-

2195 2771 2392 2826 raciter
2416 2771 2692 2838 addentes,
2723 2773 2853 2826 sicut
2881 2780 2926 2826 et
2951 2788 3041 2827 nos
3056 2771 3354 2827 dimittimus
3369 2771 3675 2828 debitoribus
3691 2791 3785 2830 no-

2195 2865 2314 2919 stris
2344 2855 2453 2931 (Id.
2484 2881 2566 2930 v1,
2593 2863 2714 2936 i2).
2745 2864 2926 2921 Gratia
2954 2880 3084 2936 ergo
3106 2881 3175 2920 ex
3213 2865 3395 2922 multis
3421 2865 3652 2933 delictis,
3672 2867 3785 2925 sive

2196 2959 2402 3028 singula
2437 2959 2490 3013 in
2531 2959 2775 3030 singulis,
2804 2959 2917 3014 sive
2943 2959 2997 3015 iu
3025 2959 3342 3031 quibusdam
3373 2975 3564 3032 pauca,
3592 2961 3649 3016 in
3668 2961 3785 3032 qui-

2194 3048 2419 3105 busdam
2439 3049 2668 3122 plurima
2690 3051 2975 3117 invenerit,
3003 3051 3117 3108 sive
3136 3068 3256 3124 quae
3280 3063 3404 3108 ante
3427 3053 3781 3126 Baptismum,

2196 3142 2309 3198 sive
2328 3157 2447 3213 quae
2475 3153 2658 3212 postea
2679 3143 3106 3213 committuntur,
3129 3154 3184 3201 et
3205 3145 3538 3216 paenitendo,
3557 3147 3781 3217 orando,

2197 3235 2566 3308 eleemosynas
2591 3236 2768 3292 dando
2795 3247 3076 3303 sanantur,
3107 3238 3164 3293 in
3183 3237 3627 3308 justificationem
3657 3240 3786 3295 mit-

2198 3328 2282 3395 tit,
2321 3343 2456 3398 quos
2493 3343 2526 3383 a
2567 3328 2910 3386 damnatione
2951 3329 3144 3386 liberat
3184 3346 3198 3383 :
3239 3329 3356 3384 haec
3398 3331 3544 3386 enim
3581 3331 3785 3398 omnia,

2195 3420 2310 3490 ipsa
2332 3430 2459 3476 sunt
2479 3422 2664 3489 multa,
2709 3436 2776 3478 ex
2817 3422 3012 3493 quibus
3068 3423 3250 3478 multis
3289 3423 3550 3494 jnstiticat
3591 3423 3783 3495 gratia.

2196 3511 2326 3582 Quae
2350 3513 2394 3568 si
2418 3528 2524 3569 non
2549 3514 2849 3582 subveniat,
2880 3515 3118 3584 profecto
3145 3515 3306 3571 etiam
3335 3531 3400 3572 ex
3429 3527 3539 3572 uno
3564 3516 3786 3586 delicto,

2197 3620 2304 3660 non
2331 3605 2473 3676 quod
2497 3606 2771 3677 proprium
2795 3605 3022 3678 quisque
3047 3607 3352 3672 committit,
3374 3607 3478 3663 hoc
3497 3607 3646 3664 enim
3669 3608 3788 3666 loco

2196 3711 2308 3752 non
2334 3695 2458 3752 inde
2485 3695 2806 3767 loquebatur
2832 3697 3142 3768 Apostolus,
3173 3697 3268 3752 sed
3300 3697 3443 3768 quod
3481 3713 3581 3768 per
3622 3713 3789 3755 unum

2196 3798 2508 3858 peccantem
2535 3787 2757 3843 intravit
2780 3788 2835 3843 in
2857 3787 3138 3856 mundum,
3159 3789 3268 3844 itur
3285 3790 3339 3844 in
3360 3789 3786 3856 damnationem;

2197 3879 2301 3935 hoc
2343 3881 2486 3936 enim
2521 3881 2812 3952 Apostolus
2851 3881 3252 3939 cvidentissime
3281 3884 3570 3953 expressit.
3603 3882 3792 3954 Neque

2198 3971 2340 4026 enim
2381 3971 2454 4025 ait
2481 3972 2620 4027 sicut
2658 3980 2734 4039 tu,
2784 3971 2903 4028 Non
2943 3973 3080 4028 sicut
3120 3988 3218 4044 per
3261 3989 3426 4029 unum
3463 3982 3786 4044 peccatum;

2197 4071 2450 4134 tanquam
2477 4062 2742 4132 singultim
2769 4063 3029 4135 cujusque
3051 4065 3240 4121 volens
3272 4065 3496 4137 intelligi
3520 4085 3534 4120 :
3557 4065 3658 4124 sed
3691 4067 3788 4134 ait,

2201 4151 2322 4209 Non
2342 4155 2471 4209 sicut
2495 4171 2584 4226 per
2611 4171 2772 4210 unum
2793 4167 3102 4227 peccantem.
3129 4157 3291 4228 Aperi
3320 4159 3528 4225 oculos,
3554 4169 3613 4216 et
3635 4159 3790 4230 lege;

2200 4253 2256 4298 et
2273 4243 2380 4298 noli
2409 4253 2660 4316 tanquam
2687 4247 2844 4302 caecis
2866 4247 3012 4303 aliud
3040 4262 3137 4318 pro
3161 4247 3266 4302 alio
3295 4248 3433 4304 velle
3459 4264 3790 4321 supponere.

2269 4335 2658 4396 CCXIllxlun.
2698 4338 2804 4396 Sed
2849 4340 2952 4398 hoc
2997 4341 3204 4398 curavit
3256 4343 3562 4413 exprimere
3592 4345 3793 4416 :Cum,

2198 4432 2394 4504 inquit,
2420 4442 2641 4504 peccata
2668 4435 2874 4505 singula
2901 4449 3025 4490 reos
3051 4451 3180 4492 suos
3204 4435 3474 4492 lethaliter
3495 4437 3791 4494 vulneras-

2199 4535 2338 4588 sent.
2363 4527 2824 4583 lnuumerabiliter
2848 4527 3125 4586 confossos
3166 4527 3411 4586 homines
3458 4530 3576 4586 brec
3617 4515 3795 4602 gratia

2181 4618 2454 4689 .singulari
2477 4629 2528 4675 et
2556 4619 2724 4676 semel
2752 4620 2945 4677 tradita
2971 4622 3169 4678 virtute
3192 4623 3440 4679 salvavit.

2269 4713 2403 4768 Anc.
2435 4710 2540 4767 Per
2563 4729 2720 4767 unum
2747 4723 3055 4785 peccantem,
3078 4715 3246 4782 dixit;
3271 4715 3361 4772 ubi
3390 4716 3560 4772 Adam
3590 4717 3796 4774 intelli-

2197 4802 2340 4873 gitur
2368 4821 2381 4856 :
2411 4817 2518 4858 non
2544 4817 2638 4872 per
2663 4819 2826 4860 unum
2852 4815 3151 4875 peccatum,
3180 4806 3266 4862 ubi
3291 4816 3347 4862 tu
3367 4809 3560 4864 'verbo
3585 4817 3796 4865 mutato

2199 4902 2358 4965 atque
2385 4893 2681 4964 supposito,
2713 4898 2794 4950 vis
2817 4896 3039 4968 intelligi
3069 4900 3280 4971 singula
3313 4901 3672 4972 singulorum.

2270 4986 2495 5044 CCXIV.
2521 4987 2639 5042 Jun.
2673 4987 2733 5042 Si
2771 4989 2905 5044 enim
2926 4991 2988 5044 ob
3015 4991 3166 5045 unius
3185 4991 3423 5046 delictum
3448 5010 3586 5048 mors
3603 5011 3798 5064 regna.

2197 5082 2264 5136 vit
2289 5099 2378 5152 per
2403 5098 2594 5148 unum;
2625 5081 2786 5137 multo
2824 5083 2984 5154 magis
3022 5084 3109 5150 qui
3143 5083 3510 5138 abundantiam
3533 5087 3722 5157 gratia:
3750 5093 3799 5140 et

2198 5173 2389 5232 dum
2421 5173 2638 5242 justitiae
2659 5173 2936 5244 accipiunt,
2960 5175 3014 5227 in
3041 5175 3144 5228 vita
3178 5173 3461 5246 regnabant
3497 5193 3590 5247 per
3628 5191 3800 5230 unum

2196 5265 2372 5320 Jcsum
2397 5263 2652 5320 Christum
2676 5263 2852 5336 (Rom.
2869 5281 2926 5334 v,
2955 5265 3069 5338 l7).
3095 5267 3499 5338 Consequenter
3513 5269 3656 5340 quod
3679 5283 3804 5324 cai-

2199 5356 2276 5427 pit
2296 5355 2526 5412 afﬁrmat
2547 5373 2560 5411 :
2584 5357 2718 5412 duas
2744 5357 2886 5413 enim
2907 5358 3086 5428 posuit
3111 5360 3430 5427 sententias,
3457 5360 3672 5430 utrique
3697 5374 3806 5416 vo—

2198 5448 2317 5506 lens
2343 5448 2630 5506 convenire
2649 5449 2790 5520 quod
2816 5449 2872 5506 in
2897 5451 3002 5508 line
3016 5451 3313 5523 subiunxit.
3329 5453 3436 5510 Per
3453 5467 3623 5510 unum
3641 5454 3804 5510 enim

2198 5541 2289 5614 qui
2314 5541 2416 5598 fuit
2449 5540 2621 5598 forma
2643 5542 2868 5614 peccati,
2901 5551 2958 5600 et
2984 5543 3041 5600 in
3065 5545 3222 5616 cujus
3261 5544 3618 5601 similitudine
3641 5560 3806 5617 prae-

2198 5634 2502 5690 vsricantur
2547 5634 2648 5692 sub
2693 5633 2812 5707 lege
2861 5642 3166 5708 peccantes,
3212 5635 3523 5707 pronuntiat
3555 5649 3808 5708 regnare

2259 5747 2662 5862 :mtlnsgﬁilpﬁseditis
2684 5747 2936 5804 exciderat
2967 5747 3199 5814 particula
3238 5761 3444 5814 negans,
3473 5761 3589 5813 quae
3623 5757 3710 5802 est
3747 5749 3813 5812 ‘-

2197 5823 2545 5874 manuscripus.

2262 5875 2284 5907 ί
2315 5879 2368 5926 tn
2391 5881 2517 5940 Mss,
2537 5881 2638 5940 tuo.
