4062 6494
302 395 453 453 1255

306 520 569 578 mortem;
608 515 664 566 et
709 521 806 580 per
841 521 1006 564 unum
1031 519 1258 578 regnare
1286 504 1340 560 in
1365 503 1474 560 vita
1503 503 1885 560 abundantiam

305 617 551 676 quosque
579 601 762 674 gratiae
797 606 1132 664 consecutos,
1157 613 1276 670 quae
1305 597 1475 670 gratia
1498 597 1746 652 virtutem
1768 593 1888 650 imi-

303 694 548 753 tantibus
577 692 814 762 prodest.
842 690 961 748 Non
980 690 1240 746 remansit
1266 704 1394 760 ergo
1419 689 1487 745 de
1511 701 1616 743 uno
1640 685 1886 758 quaestio,

303 789 433 862 quia
458 789 561 846 hoc
585 785 729 859 quod
754 785 1022 841 subditum
1055 794 1169 841 est:
1194 797 1288 840 eos
1317 782 1564 841 videlicet
1591 781 1647 836 in
1671 779 1778 835 vita
1802 793 1893 836 re-

302 896 494 956 gnare,
527 881 621 952 qui
671 876 1052 934 abundantiam
1096 876 1281 947 gratiae
1339 871 1696 946 perceperint,
1727 870 1890 927 etiam

304 975 540 1050 primum
585 973 716 1030 illud
755 971 1005 1039 absolvit,
1033 977 1092 1025 ut
1125 983 1285 1026 nemo
1311 966 1560 1023 videlicet
1597 973 1816 1038 cogatur
1837 965 1892 1020 in

305 1075 563 1132 mortem,
593 1064 696 1119 nisi
722 1063 812 1134 qui
845 1061 1147 1131 exemplum
1175 1058 1454 1132 peccantis
1467 1056 1818 1112 adamaverit.

381 1161 520 1217 Atto.
548 1157 710 1226 Cujus
733 1155 1037 1224 exemplum
1060 1153 1330 1224 peccantis
1349 1149 1710 1226 adamaverit?
1732 1148 1894 1204 Nem-

309 1267 382 1323 pe
403 1251 558 1324 primi
587 1247 817 1304 hominis
847 1263 859 1298 :
893 1245 1036 1301 hunc
1059 1245 1201 1300 enim
1226 1241 1452 1298 formam
1471 1243 1605 1298 dicis
1624 1257 1742 1297 esse
1771 1255 1894 1312 pec-

313 1344 446 1410 cati,
473 1350 684 1412 propter
703 1336 1079 1401 imitationem,
1105 1350 1210 1391 non
1233 1343 1454 1406 propter
1472 1333 1889 1404 generationem;

313 1432 558 1504 proinde,
589 1429 754 1486 sicut’
790 1428 944 1494 dicis,
983 1445 1002 1480 ‹
1031 1442 1190 1483 nemo
1218 1427 1272 1482 in
1296 1434 1522 1482 mortem
1542 1425 1768 1495 cogitur,
1791 1423 1894 1479 nisi

309 1525 402 1595 qui
446 1521 750 1592 exemplum
789 1519 1060 1590 peccantis
1107 1518 1265 1589 hujus
1313 1516 1682 1573 adamaverit:
1717 1534 1738 1568 ι
1785 1528 1892 1570 non

308 1628 441 1685 ergo
467 1620 733 1684 coguntur
768 1612 822 1666 in
869 1618 1118 1677 mortem,
1164 1609 1256 1682 qui
1302 1623 1409 1664 non
1455 1607 1508 1663 in
1549 1605 1895 1662 similitudine

307 1704 767 1778 praevaricationis
814 1702 951 1773 ejus,
998 1703 1136 1758 sicut
1179 1700 1473 1768 existimas,
1514 1703 1891 1770 peccaverunt.

309 1799 596 1870 Quomodo
625 1814 754 1870 ergo
777 1798 936 1866 dicis,
963 1805 1193 1854 mortem
1229 1809 1484 1867 regnasse
1525 1801 1579 1851 et
1607 1795 1659 1848 in
1679 1808 1776 1849 eos
1803 1791 1895 1864 qui

310 1903 668 1967 peccaverunt
707 1891 922 1964 quidem
962 1906 1058 1961 per
1084 1891 1311 1946 liberum
1337 1887 1638 1956 arbitrium,
1663 1885 1758 1942 sed
1785 1899 1892 1940 non

311 1986 370 2042 in
412 1984 760 2041 similitudine
805 1982 1259 2055 prmvaricationis
1297 1981 1451 2048 Adae,
1483 1981 1606 2052 quia
1631 1980 1747 2035 sine
1776 1979 1894 2048 lege

309 2077 698 2150 peccaverunt?
721 2075 838 2131 Non
869 2075 1053 2146 itaque
1084 2080 1440 2145 peccaverunt
1465 2071 1581 2143 ejus
1608 2069 1890 2140 exemplo:

307 2170 561 2242 quoniam
587 2183 694 2224 non
737 2176 1019 2238 peccantes
1046 2167 1100 2221 in
1125 2165 1472 2222 similitudine
1496 2161 1893 2235 praevaricatio-

305 2261 392 2316 nis
438 2259 574 2331 ejus,
625 2273 731 2315 non
793 2259 1092 2330 exemplum
1134 2257 1406 2329 peccantis
1448 2255 1830 2310 adamaverunt
1874 2267 1888 2305 :

304 2360 564 2424 quantum
593 2350 735 2405 enim
781 2350 850 2405 ab
888 2349 988 2406 hac
1008 2349 1352 2404 similitudine
1381 2346 1683 2418 peccantis’
1712 2345 1889 2416 hujus,

305 2453 516 2502 tantum
537 2445 606 2500 ab
632 2443 931 2498 imitatione
953 2442 1184 2514 exempli
1214 2441 1374 2512 hujus
1403 2441 1562 2496 alieni
1589 2448 1734 2494 sunt.
1757 2436 1891 2494 Cum

307 2537 470 2608 igitur
495 2543 549 2592 et
573 2535 628 2591 in
655 2549 748 2592 eos
775 2535 1079 2604 regnaverit
1110 2547 1276 2600 mors,
1307 2532 1432 2604 quid
1461 2539 1544 2588 est
1568 2531 1710 2602 quod
1737 2529 1890 2596 dicis,

315 2645 338 2682 ι
372 2637 434 2684 ut
456 2642 615 2684 nemo
649 2634 870 2698 cogatur
913 2629 968 2681 in
1013 2635 1262 2694 mortem,
1291 2625 1393 2680 nisi
1447 2623 1538 2694 qui
1587 2621 1890 2691 exemplum

309 2722 586 2796 peccantis
611 2720 958 2787 adamaverit,
991 2739 1009 2773 ι
1047 2719 1163 2790 ejus
1187 2717 1461 2782 videlicet,
1493 2731 1650 2786 quem
1680 2723 1894 2786 propter

307 2813 660 2869 imitationem
695 2811 920 2867 formam
951 2811 1031 2866 vis
1057 2810 1217 2865 fuisse
1235 2807 1476 2879 peccati?
1497 2807 1638 2861 Ecce
1673 2821 1779 2860 non
1801 2804 1895 2860 ad-

307 2913 626 2960 amaverunt
653 2904 922 2975 peccantis
949 2901 1272 2970 exemplum,
1301 2898 1388 2970 qui
1410 2913 1515 2952 non
1551 2899 1602 2951 in
1637 2895 1894 2968 praevari-

309 2999 534 3054 cationis
591 2996 707 3066 ejus
753 2993 1102 3050 similitudine
1151 3000 1542 3062 peccaverunt;
1597 2997 1650 3042 et
1711 2994 1888 3042 tamen

307 3090 467 3146 etiam
491 3087 740 3159 regnavit
766 3087 820 3142 in
841 3101 936 3142 eos
961 3099 1127 3140 mors.
1155 3085 1237 3139 An
1262 3083 1342 3138 vis
1367 3081 1544 3138 redire
1573 3079 1638 3134 ad
1664 3078 1890 3134 catholi-

307 3197 426 3238 cam
455 3181 756 3244 veritatem,
786 3187 846 3234 ut
881 3177 934 3232 in
983 3192 1076 3232 eos
1113 3189 1325 3246 quoque
1363 3181 1590 3228 mortem
1639 3184 1890 3240 regnasse

309 3276 544 3342 fatearis,
584 3275 677 3344 qui
718 3288 824 3328 non
868 3277 1244 3342 peccaverunt,
1274 3265 1488 3336 prepria
1515 3279 1618 3319 non
1650 3261 1893 3318 faciendo

311 3377 547 3438 peccata,
576 3365 674 3422 sed
701 3379 923 3436 regnum
952 3360 1140 3417 mortis
1184 3360 1235 3414 in
1273 3356 1623 3412 similitudine
1642 3353 1896 3426 praevari-

315 3462 538 3517 cationis
561 3461 697 3528 ejus,
726 3459 794 3514 de
819 3457 973 3527 cujus
999 3455 1166 3525 stirpe
1195 3463 1318 3508 sunt
1345 3453 1476 3518 nati,
1505 3459 1750 3520 tanquam
1778 3447 1891 3502 hm-

317 3553 572 3609 reditario
597 3551 824 3606 miserim
859 3549 981 3621 jure
1007 3544 1326 3602 subierunt?
1349 3544 1438 3599 Sic
1465 3544 1660 3615 quippe
1687 3541 1895 3596 intelle-

318 3653 514 3702 xerunt
555 3643 669 3698 haec
701 3641 990 3714 apostolica
1030 3639 1192 3694 verba
1229 3638 1475 3693 doctores
1503 3635 1775 3701 Ecclesiae,
1805 3633 1896 3703 qui

319 3738 566 3792 viderunt
591 3751 652 3791 ea
675 3751 778 3791 non
808 3749 967 3804 posse
991 3741 1138 3788 recte
1164 3730 1412 3801 intelligi,
1441 3729 1542 3784 nisi
1564 3729 1616 3783 in
1637 3729 1716 3783 eis
1743 3728 1892 3782 intel-

315 3829 510 3900 ligatur
541 3825 786 3883 obnoxiae
816 3825 1174 3881 successionis
1209 3819 1362 3892 origo
1404 3819 1646 3891 peccati;
1679 3826 1898 3888 propter

313 3919 455 3990 quod
480 3919 758 3978 dixerunt,
787 3916 1040 3986 parvulos
1075 3912 1364 3969 secundum
1405 3909 1572 3965 Adam
1605 3909 1896 3965 carnaliter

311 4023 500 4079 natos,
545 4008 851 4078 contagium
902 4005 1090 4060 mortis
1131 4004 1363 4073 antiquae
1406 4001 1576 4072 prima
1624 3999 1900 4054 nativitate

311 4102 632 4160 contrahere
660 4100 952 4171 (Cyprium,
987 4097 1153 4166 Epist.
1177 4095 1266 4159 64,
1295 4095 1362 4148 ad
1389 4092 1602 4163 Fidum)
1631 4111 1644 4146 :
1673 4107 1774 4148 nec
1792 4091 1901 4146 Ma-

315 4197 505 4252 nichaei
531 4193 768 4258 fuerunt,
799 4191 892 4248 sed
922 4207 1016 4246 vos
1044 4189 1356 4260 Pelagianos
1375 4229 1390 4254 ,
1432 4187 1525 4242 Dei
1556 4186 1742 4258 spiritu
1762 4225 1778 4252 ,
1809 4185 1901 4258 qui

320 4303 418 4358 per
443 4301 536 4340 eos
559 4286 770 4340 locutus
796 4292 899 4350 est,
927 4282 1335 4336 damnaverunt.

393 4377 594 4436 CCXV.
620 4379 738 4436 Jun.
768 4377 889 4434 Vita
919 4384 1094 4435 autem
1125 4377 1177 4430 in
1204 4389 1304 4446 qua
1332 4372 1601 4445 regnaturi
1627 4379 1752 4427 sunt
1776 4385 1902 4426 san-

324 4471 398 4527 cti
417 4514 432 4539 ,
460 4479 655 4526 :cterna
683 4479 1044 4524 monstratur:
1078 4482 1204 4538 ergo
1244 4473 1298 4520 et
1334 4479 1479 4520 mors
1507 4478 1624 4534 quae
1652 4463 1902 4532 iniquita-

326 4573 432 4620 tem
459 4563 806 4618 voluntariam
846 4561 1106 4631 sequitur,
1147 4568 1342 4614 zcterna
1371 4557 1638 4613 credatur.
1688 4553 1900 4624 Itaque,

229 4639 238 4648 ’
325 4655 452 4708 sicut
473 4669 564 4724 per
581 4653 732 4706 unius
751 4651 981 4706 delictum
1007 4651 1059 4704 in
1082 4667 1252 4704 omnes
1276 4649 1502 4702 homines
1522 4648 1572 4700 in
1595 4646 1904 4702 condemna-

321 4748 550 4814 tionem;
576 4745 651 4800 sic
676 4754 726 4799 et
753 4761 843 4815 per
871 4744 1016 4801 unius
1037 4743 1295 4814 justitiam
1322 4741 1372 4794 in
1403 4755 1574 4793 omnes
1601 4738 1828 4792 homines
1853 4737 1908 4791 in

321 4840 730 4915 iustiﬁcationem
757 4838 886 4892 vitae.
915 4836 1061 4891 Sicut
1090 4835 1222 4889 enim
1244 4851 1332 4905 per
1354 4833 1503 4886 unius
1525 4829 1908 4884 inobedientiam

322 4945 608 5004 peccatores
632 4931 890 4986 constituti
927 4937 1040 4984 sunt
1085 4928 1267 4991 multi;
1297 4929 1368 4980 ita
1395 4935 1441 4980 et
1480 4941 1569 4994 per
1611 4923 1759 4978 unius
1788 4923 1908 4977 obe-

326 5027 562 5081 dientiam
591 5027 722 5097 justi
753 5024 1116 5079 constituentur
1142 5019 1290 5074 multi
1333 5018 1506 5090 (Rom.
1539 5034 1591 5084 v,
1629 5018 1694 5073 18
1717 5026 1762 5071 ct
1794 5017 1908 5088 i9).

327 5115 512 5172 Omnis
537 5125 620 5171 est
641 5115 816 5170 soluta
853 5114 1174 5184 perplexitas
1197 5152 1210 5176 ,
1239 5109 1578 5179 impudenter
1606 5109 1672 5164 de
1699 5109 1913 5164 univer-

329 5209 484 5265 sitate
499 5209 756 5263 calumnia
773 5206 1094 5272 concitatur,
1118 5203 1448 5274 ineptissime
1469 5203 1520 5256 in
1542 5201 1720 5271 scirpo
1739 5199 1913 5255 nodus

329 5297 604 5370 quaeritur.
630 5297 948 5353 Pronuntiat
976 5295 1280 5367 Apostolus,
1311 5307 1415 5347 non
1437 5305 1626 5346 omnes
1647 5305 1790 5355 esse,
1817 5289 1916 5346 sed

329 5391 528 5446 multos
555 5389 598 5456 ⁸,
623 5389 712 5461 qui
749 5405 845 5460 per
869 5387 1284 5444 inobedientiam
1315 5385 1472 5456 primi
1499 5382 1760 5450 hominis,
1788 5397 1916 5453 pee-

327 5492 448 5538 cata
476 5481 822 5547 didicissent;
854 5488 910 5536 et
936 5479 1137 5534 multos
1161 5491 1301 5544 esse,
1333 5491 1438 5532 non
1468 5491 1676 5543 omnes,
1701 5477 1790 5546 qui
1822 5488 1918 5545 per

325 5575 548 5631 alterius
587 5573 984 5639 obedientiam,
1024 5571 1284 5642 justitiam
1313 5577 1495 5626 essent
1528 5569 1725 5638 adepti.
1770 5567 1914 5625 Nihil

391 5691 408 5720 ⁸
443 5695 606 5748 Forte,
633 5687 696 5748 si,
714 5691 789 5736 ut.

391 5753 412 5817 ξ
443 5752 516 5800 sic
533 5746 638 5799 uss.
804 5755 858 5799 et
880 5753 1004 5797 Part.
1030 5746 1150 5817 Fditi
1171 5751 1354 5817 autem,

393 5812 415 5844 ³
450 5821 586 5871 Mss,
618 5823 899 5862 nononmes
933 5808 1152 5872 assequi
1184 5807 1312 5873 peri

329 5875 511 5932 verbis,
538 5874 624 5924 sed
647 5873 838 5924 multos.

1449 5745 1589 5798 crati.

1461 5807 1922 5869 ientiarn,omlssia

1617 387 1822 447 LIBER
1854 387 2234 453 SECUNDUS.

1996 503 2084 562 hic
2109 505 2177 564 de
2202 517 2392 569 exortu
2432 513 2776 579 humanitatis
2815 522 3010 596 agitur,
3053 539 3234 587 mores
3261 527 3320 588 in
3343 527 3572 587 diversis

1995 598 2186 656 studiis
2228 605 2602 674 publicantur:
2639 613 3000 674 inobedientia
3025 625 3083 676 et
3119 621 3422 678 obedientia
3451 633 3572 680 stu-

1993 691 2202 750 diorum
2246 713 2494 770 operam,
2539 718 2647 761 non
2685 710 3065 778 generationis,
3115 713 3366 770 ostendit.
3418 713 3578 772 Certe

1995 783 2086 840 ubi
2113 792 2492 860 opportunius,
2523 795 2570 850 si
2595 797 2724 868 quid
2763 801 3056 858 secundum
3086 811 3140 860 te
3175 813 3392 876 saperet
3425 806 3574 877 Apo-

1997 878 2196 948 stolus,
2229 884 2600 952 pronuntiaret
2641 905 2828 948 omnes
2865 895 2933 949 ad
2958 895 3459 954 condemnationem
3493 898 3577 955 ire

1998 971 2283 1038 nascendo,
2311 987 2509 1043 paucos
2536 987 2712 1036 autem
2738 981 2806 1036 ad
2828 985 2991 1038 vitam
3015 983 3304 1052 credendo,
3329 1002 3488 1058 quam
3520 987 3574 1042 in

1999 1060 2102 1117 hoc
2130 1062 2271 1132 loco,
2312 1065 2404 1122 ubi
2427 1083 2634 1125 summa
2675 1072 3047 1144 disputationis
3071 1078 3386 1150 complenda
3424 1081 3576 1135 erat?

1998 1151 2190 1208 Debuit
2215 1155 2355 1211 enim
2396 1157 2609 1226 dicere,
2652 1161 2802 1218 Sicut
2828 1179 2924 1233 per
2964 1166 3380 1224 inobedientiam
3419 1171 3578 1225 unius

1999 1241 2230 1298 hominis
2260 1255 2569 1316 peccatores
2597 1253 2868 1308 constituti
2911 1267 3036 1312 sunt
3075 1272 3296 1326 omnes;
3331 1260 3438 1314 imo
3467 1275 3574 1316 non

1999 1351 2094 1406 per
2119 1337 2552 1408 inobedientiam,
2579 1343 2695 1408 sed,
2719 1345 2857 1401 sicut
2877 1363 2974 1418 per
2992 1349 3388 1419 generationem
3415 1332 3572 1420 pFimi

1998 1427 2230 1487 hominis
2257 1441 2564 1502 peccatores
2588 1436 2698 1491 nati
2723 1447 2847 1493 sunt
2871 1454 3091 1506 omnes;
3119 1440 3190 1496 ita
3219 1448 3275 1497 et
3301 1455 3398 1512 per
3418 1441 3582 1498 unius

1997 1523 2353 1580 obedientiam
2376 1527 2510 1596 justi
2538 1531 2932 1586 constituentur
2950 1533 3126 1588 multi.

2069 1615 2202 1673 Avo.
2237 1617 2349 1674 lmo
2377 1618 2559 1676 debuit
2599 1620 2816 1689 dicere,
2847 1622 2994 1679 Sicut
3034 1639 3130 1694 per
3166 1623 3578 1681 inobedientiam

1999 1719 2147 1760 suam
2177 1716 2485 1777 peccatores
2519 1712 2794 1768 constituti
2833 1722 2960 1769 sunt
2987 1715 3173 1782 multi;
3214 1716 3288 1771 ita
3326 1731 3424 1788 per
3452 1715 3580 1772 ohe-

1999 1794 2251 1854 dientiam
2279 1814 2429 1855 suam
2452 1799 2581 1872 justi
2607 1805 2998 1861 conStituentur
3024 1807 3214 1862 multi:
3245 1815 3357 1874 aut,
3389 1807 3434 1863 si
3461 1806 3582 1861 imi-

2000 1889 2282 1960 tationem,
2311 1909 2469 1964 quam
2497 1909 2591 1950 vos
2621 1897 2673 1950 in
2699 1898 2902 1969 magnis
2927 1900 3184 1971 angustiis
3219 1899 3492 1956 constituti
3523 1909 3578 1956 et

2000 1993 2351 2055 persequente
2377 1988 2600 2043 veritate
2623 1991 2876 2046 coarctati
2895 2033 2912 2060 ,
2942 1992 3210 2050 invenisse
3233 2008 3330 2047 vos
3358 1992 3577 2063 putatis,

1947 2117 1962 2129 .
1999 2089 2102 2146 qua
2125 2077 2274 2132 exire
2302 2079 2548 2148 possetis,
2578 2077 2680 2136 hoc
2705 2079 2826 2137 loco
2859 2081 2950 2138 ille
2977 2083 3354 2139 commendare
3376 2082 3580 2140 voluis-

1998 2177 2110 2232 set,
2141 2168 2323 2224 debuit
2347 2169 2556 2238 dicere,
2587 2170 2736 2228 Sicut
2770 2189 2868 2244 per
2889 2174 3240 2231 imitationem
3271 2173 3580 2231 inobedien-

1999 2259 2089 2314 tia:
2124 2261 2282 2318 unius
2321 2261 2550 2318 hominis
2585 2273 2894 2336 peccatores
2931 2268 3206 2325 constituti
3239 2277 3366 2324 sunt
3391 2267 3579 2335 multi;

1997 2349 2070 2405 ita
2096 2359 2151 2406 et
2178 2367 2274 2422 per
2293 2353 2640 2411 imitationem
2669 2357 2984 2413 obedientiae
3006 2358 3164 2414 unius
3199 2358 3430 2414 hominis
3451 2359 3580 2428 justi

1997 2443 2388 2500 constituentur
2412 2447 2582 2501 multi.
2613 2446 2753 2502 Ecce
2771 2457 2825 2502 et
2842 2461 2942 2520 ego
2965 2448 3074 2503 dixi
3095 2447 3364 2520 quomodo
3383 2448 3584 2506 debue-

1997 2535 2068 2590 rit
2095 2535 2378 2605 Apostolus
2407 2537 2571 2608 loqui,
2602 2538 2646 2592 si
2675 2537 2776 2594 hoc
2799 2539 2960 2594 vellet
2987 2539 3185 2606 dicere,
3208 2539 3348 2610 quod
3377 2553 3474 2594 vos
3501 2540 3584 2596 di-

2000 2628 2155 2682 citis:
2185 2643 2252 2684 ne
2290 2637 2445 2698 putes
2484 2628 2681 2700 aliquid
2708 2645 2958 2702 magnum
2994 2645 3143 2694 esse,
3188 2645 3286 2699 pro
3309 2629 3583 2686 voluntate

2001 2727 2182 2772 nostra
2209 2720 2370 2774 verba
2396 2734 2718 2790 componere
2735 2761 2752 2788 ,
2778 2735 2884 2775 non
2913 2720 3146 2774 auctoris
3173 2719 3500 2775 voluntatem
3525 2719 3580 2775 in

2001 2809 2178 2864 verbis
2206 2810 2320 2881 ejus
2347 2825 2632 2880 exponere.
2675 2811 2815 2866 Dixit
2841 2825 3002 2882 ergo,
3045 2826 3142 2882 per
3167 2809 3578 2866 inobedientiam

2002 2903 2160 2958 unius
2183 2903 2434 2970 hominis,
2457 2919 2617 2974 quem
2642 2904 2999 2976 generationis
3021 2904 3315 2976 principem
3338 2912 3584 2970 noverat,

2000 3002 2308 3063 peccatores
2333 2995 2647 3050 constitutos
2675 3009 2793 3050 esse
2831 2995 3058 3060 multos;
3088 2995 3340 3066 quoniam
3369 2995 3458 3050 illa
3497 2993 3584 3050 in-

2000 3083 2305 3140 obedientia
2348 3095 2430 3140 est
2473 3094 2661 3141 natura
2708 3085 2939 3142 humana
2983 3086 3202 3141 vitiata:
3235 3095 3292 3142 et
3333 3102 3427 3157 per
3450 3085 3586 3143 obe-

2001 3177 2250 3234 dientiam
2282 3177 2436 3232 unius
2467 3177 2724 3242 hominis,
2751 3178 2839 3248 qui
2869 3179 3286 3249 regenerationis
3320 3187 3401 3232 est
3430 3178 3582 3248 prin-

2003 3285 2158 3338 ceps,
2199 3269 2372 3340 jnstos
2399 3269 2646 3324 constitui
2677 3270 2907 3335 multos;
2950 3270 3072 3340 quia
3112 3269 3252 3325 illius
3286 3269 3586 3327 obedientia

2003 3370 2190 3420 natura
2219 3362 2447 3416 humana
2471 3369 2706 3428 sanatur,
2729 3361 2820 3432 qui
2842 3359 3014 3417 factus
3033 3370 3116 3418 est
3135 3363 3390 3418 obediens
3418 3376 3586 3433 usque

2002 3454 2069 3510 ad
2094 3463 2319 3509 mortem
2348 3454 2522 3508 crucis
2547 3451 2806 3524 (Philipp.
2834 3468 2892 3519 li,
2923 3453 3002 3523 8),
3031 3453 3233 3523 utjusti
3257 3453 3588 3508 constituan-

2005 3554 2088 3600 tur
2118 3559 2212 3615 pcr
2253 3544 2369 3614 ejus
2396 3544 2656 3614 gratiam,
2702 3544 2861 3598 etiam
2898 3543 2992 3614 qui
3035 3558 3140 3598 non
3170 3543 3258 3598 hic
3287 3559 3393 3614 per
3435 3559 3586 3602 suam

2003 3635 2458 3691 conversationem
2479 3633 2613 3704 justi
2631 3647 2752 3690 esse
2773 3642 3088 3704 potuerunt;
3114 3634 3251 3689 sicut
3273 3633 3325 3689 hi
3347 3635 3439 3706 qui
3459 3648 3593 3690 con-

2006 3725 2153 3781 tinuo
2194 3732 2316 3794 post
2341 3724 2606 3779 lavacrum
2652 3723 3071 3794 regenerationis
3115 3724 3424 3794 exspirant,
3473 3725 3588 3780 sive

2001 3817 2322 3889 grandioris,
2353 3817 2466 3872 sive
2484 3816 2739 3872 infantilis
2759 3818 2948 3872 aetatis.
2977 3816 3132 3874 Unde
3153 3817 3343 3874 maluit
3365 3818 3588 3875 verbum

2003 3909 2160 3963 futuri
2188 3907 2445 3978 temporis
2470 3921 2701 3978 ponere,
2731 3918 2786 3964 et
2811 3909 3177 3963 constituentur
3202 3908 3409 3976 dicere,
3445 3923 3551 3965 non
3568 3950 3586 3976 ,

2003 3999 2289 4056 Constituti
2316 4009 2467 4065 sunt,
2496 4001 2745 4071 quoniam
2776 3999 2906 4070 justi
2933 4000 3021 4054 illa
3043 3999 3281 4070 justitia,
3313 4017 3431 4073 quae
3471 4001 3590 4060 sine

2005 4093 2116 4148 ullo
2143 4101 2363 4162 peccato
2402 4091 2535 4157 erit,
2569 4091 2622 4146 in
2653 4091 2812 4146 futuri
2857 4091 3040 4146 saeculi
3077 4092 3375 4148 aeternitate
3398 4093 3588 4150 victuri

2005 4191 2148 4238 sunt.
2177 4182 2308 4240 Cum
2339 4191 2517 4238 autem
2545 4181 2615 4238 de
2644 4182 3008 4252 peccatoribus
3039 4198 3147 4238 non
3175 4183 3341 4251 dixit,
3372 4183 3592 4240 Consti-

2005 4283 2240 4340 tuentur,
2268 4274 2384 4341 sed,
2415 4273 2671 4328 constituti
2697 4281 2842 4339 sunt,
2873 4273 3124 4329 saeculum
3151 4273 3254 4330 hoc
3279 4273 3420 4346 quod
3449 4291 3591 4347 pra:-

2006 4366 2159 4432 terit,
2196 4365 2284 4420 ubi
2305 4365 2417 4435 jam
2443 4364 2624 4419 vitiata
2649 4373 2732 4420 est
2757 4363 2986 4418 humana
3012 4375 3200 4420 natura
3218 4407 3234 4430 ,
3264 4364 3430 4422 verbo
3455 4374 3594 4422 tem-

2007 4459 2154 4529 poris
2180 4457 2432 4529 praeteriti
2451 4457 2737 4528 expressit.
2759 4456 2876 4513 Jam
2901 4473 3029 4512 vero
3053 4457 3122 4513 de
3142 4458 3320 4513 multis
3339 4458 3463 4530 quia
3490 4456 3592 4530 ipsi

2007 4558 2132 4604 sunt
2159 4563 2344 4604 omnes
2361 4589 2376 4616 ,
2411 4547 2538 4604 satis
2561 4548 2662 4603 tibi
2684 4562 2996 4618 responsum
3024 4559 3124 4604 est.
3153 4548 3232 4604 Tu
3258 4557 3435 4605 autem
3459 4565 3596 4622 quos

2007 4641 2296 4712 Apostolus
2319 4639 2454 4695 dixit
2475 4653 2698 4706 omnes,
2735 4655 2842 4694 non
2880 4639 3099 4710 potuisti
3129 4639 3231 4696 nisi
3262 4641 3281 4672 ¹
3319 4641 3598 4698 contradi-

2009 4731 2180 4789 cendo
2209 4747 2504 4802 exponere,
2551 4741 2607 4787 et
2649 4731 2908 4800 dicendo,
2951 4731 3070 4788 Non
3107 4740 3231 4788 sunt
3272 4748 3495 4800 omnes;
3527 4734 3597 4791 ad

2011 4822 2152 4894 quod
2183 4830 2234 4876 tc
2261 4801 2403 4876 nulla
2431 4821 2722 4877 necessitas
2746 4829 2983 4892 cogeret,
3015 4821 3062 4878 si
3089 4822 3407 4880 catholicum
3436 4801 3598 4896 quam
3667 4855 3681 4880 ι

2011 4906 2351 4983 I’elagianum
2390 4925 2606 4966 sensum
2653 4922 2834 4968 tenere
2879 4913 3177 4970 maluisses.
3209 4913 3410 4971 Omnes
3451 4917 3598 4973 enim

2013 5013 2295 5084 propterea
2318 5001 2569 5058 dicuntur
2607 5010 2662 5057 et
2685 5003 2870 5069 multi,
2898 5011 2961 5059 ut
2984 5003 3356 5061 discernantur
3383 5005 3452 5062 ab
3481 5008 3594 5076 eis,

2013 5093 2104 5164 qui
2134 5107 2254 5149 cum
2286 5093 2394 5148 sint
2420 5107 2628 5161 omnes,
2657 5102 2782 5150 sunt
2807 5103 2985 5151 tamen
3015 5097 3192 5166 pauci.

2086 5185 2311 5243 CCXVI.
2337 5185 2455 5242 Jun.
2478 5186 2633 5254 Quod
2659 5187 2704 5242 si
2733 5192 2806 5244 ita
2830 5188 3132 5255 intulisset,
3160 5205 3268 5245 non
3296 5190 3471 5248 minus
3499 5191 3600 5248 do-

2015 5280 2236 5337 cebatur
2273 5280 2434 5352 impia
2460 5281 2628 5350 Iesse,
2673 5293 2834 5352 quam
2871 5281 3050 5352 inepta
3081 5283 3345 5338 sententia
3367 5323 3386 5352 ,
3411 5296 3514 5354 qua
3549 5291 3606 5339 et

2016 5373 2344 5444 comparatio
2368 5373 2484 5444 ipsa
2513 5373 2566 5428 in
2586 5373 2800 5430 diverso
2819 5376 3094 5446 proposito
3118 5389 3468 5446 personarum
3491 5383 3605 5432 sto-
3674 5374 3690 5398 ί

2019 5467 2278 5524 lidissima
2303 5467 2585 5522 doceretur
2606 5506 2622 5532 ,
2650 5481 2774 5523 cum
2798 5481 2890 5524 res
2916 5481 3026 5524 non
3047 5466 3248 5523 similes
3271 5465 3338 5521 ad
3365 5465 3608 5523 collatio-

2021 5579 2144 5620 nem
2186 5560 2469 5628 venirent,
2517 5568 2705 5617 natura
2741 5561 2990 5617 videlicet
3021 5569 3080 5618 et
3111 5560 3396 5628 voluntas;
3439 5565 3500 5617 ut
3550 5560 3610 5618 in

2022 5666 2172 5730 parte
2209 5655 2338 5713 mali
2371 5656 2632 5712 seminum
2671 5655 2962 5711 necessitas
2999 5661 3286 5724 poneretur
3305 5691 3324 5721 ,
3364 5653 3418 5709 in
3455 5660 3608 5724 parte

2026 5766 2153 5809 vero
2173 5751 2299 5808 boni
2329 5749 2490 5807 studii
2516 5751 2628 5806 sola
2652 5748 2904 5814 libertas;
2937 5747 3049 5804 imo
3066 5746 3177 5818 jam
3206 5758 3314 5804 non
3339 5743 3562 5803 libertas
3583 5785 3606 5813 ,

2094 5871 2112 5902 ι
2136 5871 2202 5918 Ex
2226 5860 2560 5930 manuscript'is
2574 5863 2896 5923 restituimus,
2913 5859 3025 5914 nisi.

3540 5967 3566 5982 ς
