4062 6500
321 435 464 504 l257

323 559 462 614 tilios
492 553 852 629 procreandos
881 571 945 612 ea
971 553 1108 610 bene
1133 563 1322 620 utens,
1346 553 1467 608 aliis
1489 561 1666 608 autem
1689 550 1923 606 motibus

321 651 438 722 eius
465 649 768 716 obsistens;
799 645 938 704 hanc
978 660 1108 718 ergo
1142 662 1260 702 cum
1301 646 1402 701 ista
1449 661 1545 700 sua
1586 657 1757 715 pugna
1801 640 1924 712 quia

323 743 485 797 etiam
501 741 556 797 in
571 739 803 812 paradisi
817 753 1000 810 pacem
1012 739 1222 795 conaris
1233 738 1298 792 ad
1306 739 1514 793 mittere
1533 735 1614 791 vel
1629 733 1705 808 (a)
1720 732 1924 788 immit-

324 845 442 889 tere
470 875 484 898 ,
517 831 632 904 ipse
659 833 712 888 in
742 823 1050 904 paradisum
1081 847 1187 886 non
1218 829 1458 900 disponis
1486 829 1710 882 intrare.
1737 823 1924 893 Quan-

320 927 510 982 talibet
535 935 712 982 autem
739 925 838 980 abs
863 935 916 982 te
944 923 1254 980 defensione
1275 922 1544 978 muniatur
1562 962 1578 988 ,
1602 931 1655 975 et
1675 909 1925 975 laudibus

318 1022 611 1076 .ulornetur
635 1061 649 1084 ,
681 1029 775 1075 aut
801 1019 986 1076 vitium
1013 1028 1130 1085 est,
1175 1027 1267 1072 aut
1313 1017 1493 1072 vitiata
1531 1023 1613 1068 est
1643 1031 1657 1068 :
1688 1028 1790 1070 nec
1819 1014 1922 1068 im-

319 1113 518 1168 inurito
537 1154 551 1178 ,
576 1095 836 1191 militibus
850 1109 1053 1166 Christi
1073 1152 1088 1176 ,
1112 1125 1139 1163 a
1163 1107 1353 1179 quibus
1377 1105 1711 1172 debellatur,
1738 1105 1923 1162 odiosa

315 1214 404 1260 0:1
431 1223 445 1271 ;
482 1213 600 1262 cum
625 1221 726 1276 qua
758 1203 873 1274 ipse
899 1203 1173 1258 concludis
1193 1244 1207 1268 ,
1236 1209 1291 1256 ut
1314 1217 1434 1256 eam
1459 1209 1514 1256 ct
1542 1215 1846 1271 expugnare
1871 1209 1922 1254 te

319 1297 474 1354 dicas
499 1341 514 1368 ,
556 1303 610 1354 el
645 1295 862 1352 laudare
912 1309 1019 1349 non
1055 1291 1361 1350 erubescas.
1389 1292 1494 1348 Per
1521 1291 1660 1346 hanc
1687 1289 1921 1347 humana

321 1379 464 1462 qua!
497 1391 730 1446 nascitur
753 1429 768 1455 ,
815 1401 940 1445 caro
983 1387 1187 1458 peccati
1223 1389 1348 1442 est:
1395 1393 1610 1456 propter
1647 1383 1788 1454 quod
1826 1397 1923 1452 per

317 1485 468 1541 illam
499 1485 644 1542 nasci
678 1483 850 1540 'noluit
885 1482 1014 1551 ille,
1053 1482 1141 1552 qui
1181 1486 1336 1536 natus
1360 1488 1441 1535 est
1481 1479 1533 1534 in
1575 1475 1922 1533 similitudine

313 1577 497 1633 carnis
524 1569 726 1647 peccati
755 1573 951 1648 (Rom.
981 1589 1074 1628 Vlll
1100 1617 1114 1638 ,
1147 1573 1181 1629 5
1207 1573 1248 1644 );
1277 1579 1340 1628 a‘c
1377 1587 1468 1642 per
1497 1567 1600 1626 hoc
1623 1613 1638 1637 ,
1679 1571 1922 1641 quamvis

312 1669 372 1726 in
401 1679 564 1727 carne
589 1651 712 1726 vera
737 1713 752 1736 ,
783 1683 891 1723 non
933 1677 1110 1722 tamen
1169 1667 1220 1722 in
1261 1681 1422 1722 carne
1458 1665 1681 1736 peccati.
1710 1665 1787 1720 Ex
1821 1664 1922 1721 hac

314 1761 790 1836 concupiscentia,
823 1767 1070 1832 suscepta
1120 1767 1208 1816 tua
1234 1802 1250 1828 ,
1299 1755 1394 1815 tibi
1439 1757 1652 1830 quidem
1699 1755 1920 1828 pulchra

314 1856 480 1911 nimis
505 1897 518 1922 ,
551 1853 646 1910 sed
693 1851 836 1909 foeda
876 1853 1126 1908 omnibus
1163 1844 1396 1918 sanctis,
1436 1847 1780 1921 generatione
1813 1857 1920 1903 tra-

317 1943 468 2002 hitur
491 1943 764 2018 originalis
795 1933 998 2017 peccati
1025 1941 1296 1999 vinculum
1323 1986 1338 2012 ,
1367 1943 1481 1999 sola
1511 1941 1920 2015 regeneratione

321 2039 633 2096 solvendum
663 2057 678 2094 :
710 2037 842 2094 illud
871 2039 1065 2093 factum
1094 2045 1177 2092 est
1200 2053 1297 2108 per
1333 2035 1502 2091 Adam
1525 2077 1542 2103 ,
1585 2035 1688 2091 hoc
1731 2030 1789 2088 fit
1825 2039 1922 2103 per

319 2129 593 2192 Christum
619 2151 634 2200 ;
664 2129 794 2189 illud
821 2148 916 2204 per
939 2147 1096 2203 quem
1129 2140 1404 2203 peccatum
1437 2130 1658 2184 intravit
1685 2127 1736 2182 in
1760 2143 1917 2182 mun-

317 2225 488 2295 dum,
516 2225 618 2282 hoc
653 2240 748 2296 per
793 2224 913 2281 eum
955 2224 1044 2297 qui
1093 2223 1228 2280 tollit
1274 2232 1552 2294 peccatum
1598 2213 1802 2277 mundi.
1831 2216 1922 2277 Sic

317 2319 562 2398 agnoscit
589 2320 756 2376 Adam
789 2325 844 2376 et
871 2317 1144 2376 Christum
1170 2361 1185 2384 ,
1211 2315 1300 2390 qui
1328 2332 1394 2372 ex
1421 2317 1590 2372 Adam
1618 2314 1831 2371 transiit
1852 2313 1922 2369 ad

315 2409 614 2470 Christum.

391 2495 620 2563 CCXIX.
651 2505 770 2562 JUL.
815 2501 954 2574 Quid
994 2521 1123 2580 ergo
1169 2502 1409 2561 additum
1454 2513 1575 2576 post
1623 2504 1790 2576 legem
1840 2512 1922 2560 est

322 2609 544 2672 peccato
569 2599 833 2668 naturali,
881 2599 1023 2670 quod
1067 2598 1281 2670 quidem
1324 2613 1430 2654 non
1475 2597 1648 2670 solum
1681 2590 1921 2668 prohibi-

325 2691 484 2747 tum‘
527 2701 617 2747 aut
657 2675 1070 2748 condemnatum
1095 2733 1110 2759 ,
1154 2707 1341 2746 verum
1391 2690 1551 2748 etiam
1593 2705 1692 2744 nec
1734 2685 1922 2745 leviter

321 2783 677 2854 vituperatum
705 2795 797 2841 aut
829 2787 1058 2840 tenuiter
1083 2791 1356 2840 ostensum
1388 2782 1644 2854 probatur
1673 2782 1727 2836 in
1758 2781 1922 2853 lege?

395 2877 530 2934 Auc.
559 2875 870 2934 Ostenditur
893 2886 948 2934 ct
975 2878 1026 2933 in
1057 2877 1176 2950 lege
1197 2919 1213 2944 ,
1245 2874 1338 2932 sed
1375 2875 1422 2932 Si
1461 2875 1612 2932 vobis
1650 2875 1922 2930 auferatur

320 2969 568 3026 velamen
600 2961 684 3044 (li
708 2969 825 3026 Cor.
855 2987 952 3038 ιιι,
978 2969 1046 3026 16
1063 2969 1108 3045 ).
1132 2968 1270 3038 Quid
1289 2969 1432 3026 enim
1457 2967 1598 3024 aliud
1626 2965 1924 3024 ostenditur

321 3053 665 3121 damnatione
684 3064 876 3119 animae
900 3061 1042 3118 illius
1070 3061 1159 3134 qui
1181 3071 1372 3119 octavo
1398 3059 1486 3117 die
1508 3077 1614 3116 non
1637 3061 1922 3116 circumci-

319 3154 468 3212 ditur
492 3154 512 3227 (
535 3151 663 3210 Gen.
691 3169 807 3210 xvtt
833 3197 846 3221 ,
877 3155 944 3210 l4
965 3139 1012 3227 )?
1033 3149 1157 3226 quid
1181 3151 1326 3209 aliud
1353 3151 1684 3218 ostenditur,
1709 3149 1923 3222 quando

322 3235 528 3304 infante
552 3256 681 3304 nato
723 3243 1044 3302 sacriﬁcium
1087 3261 1184 3316 pro
1225 3253 1444 3314 peccato
1477 3242 1697 3314 iubetur
1741 3239 1924 3298 offerri

323 3339 345 3412 (
367 3335 526 3394 Lavit.
565 3355 640 3395 xu
665 3380 681 3408 ,
709 3337 812 3411 6)?
840 3337 980 3409 quod
998 3337 1108 3408 jam
1135 3333 1294 3407 supra
1324 3335 1636 3390 memoravi.

397 3436 604 3504 CCXX.
631 3437 747 3495 ιω..
779 3437 940 3494 Certe
964 3453 1033 3493 ne
1077 3446 1131 3496 tu
1167 3437 1384 3509 quidem
1424 3437 1560 3494 adeo
1599 3437 1797 3512 desipis
1821 3479 1838 3506 ,
1864 3446 1927 3492 ut

329 3529 481 3586 dicas
513 3529 712 3600 peccati
751 3528 1022 3585 traducem
1069 3537 1191 3599 post
1223 3528 1686 3584 circumcisionem
1731 3527 1924 3584 factam

327 3637 454 3678 esse
479 3622 734 3694 majorem
760 3639 773 3676 :
802 3619 1074 3694 quomodo
1101 3636 1230 3692 ergo
1252 3621 1542 3678 abundavit
1573 3608 1689 3702 post
1714 3621 1882 3690 legem
1905 3663 1922 3687 ,

330 3731 452 3788 qua:
476 3731 577 3773 nec
594 3716 831 3787 arguitur
847 3715 900 3772 in
923 3715 1043 3788 lege
1060 3755 1076 3782 ,
1101 3729 1202 3772 nec
1221 3713 1502 3790 proditur?
1525 3715 1593 3796 At
1617 3713 1721 3770 hoc
1739 3713 1860 3769 vide
1881 3713 1922 3776 ’,

329 3825 490 3880 quam
517 3823 660 3866 sanae
685 3807 1054 3880 intelligentiae
1077 3806 1360 3874 concinat,
1401 3821 1520 3878 quae
1556 3815 1830 3878 peccatum
1871 3806 1926 3862 in

325 3901 440 3960 sola
464 3901 829 3974 delinquentis
847 3889 1119 3957 voluntate
1139 3899 1434 3982 constituit.
1462 3898 1641 3971 Usque
1661 3899 1726 3954 ad
1751 3900 1924 3970 legem

327 3995 460 4052 dicit
500 3995 794 4070 Apostolus
835 3992 1003 4058 fuisse
1042 4001 1320 4066 peccatum
1375 3989 1568 4066 (Rom.
1597 4009 1654 4058 v,
1691 3993 1758 4047 15
1781 3993 1822 4062 ),
1869 3998 1929 4047 ut

322 4097 448 4162 post
471 4087 646 4160 legem
677 4085 1010 4160 intelligatur
1048 4084 1216 4142 fuisse
1253 4084 1658 4158 prawaricatio,
1683 4084 1927 4155 promul-

326 4190 446 4254 gata
483 4181 731 4238 videlicet
771 4187 1038 4253 praecepta
1075 4177 1504 4250 transgrediens;
1533 4187 1694 4248 atque
1715 4178 1815 4234 hoc
1837 4195 1928 4251 ge-

329 4288 462 4330 nere
489 4272 778 4340 abundavit
819 4272 936 4343 lege
957 4270 978 4302 ³
995 4325 1000 4330 .
1017 4269 1428 4336 subintroeunte
1457 4279 1732 4347 peceatum
1753 4287 1768 4335 ;
1791 4284 1928 4339 quo-

333 4367 477 4423 niam
504 4367 676 4424 reatui
698 4365 816 4443 ejus
839 4365 906 4422 de
931 4363 1374 4438 praevaricatione
1407 4362 1573 4422 crevit
1611 4362 1808 4420 invidia
1833 4379 1850 4429 ;
1877 4372 1932 4418 ct

335 4471 472 4530 opus
511 4457 667 4535 mala:
709 4455 1046 4529 voluntatis,
1079 4455 1220 4534 sicut
1255 4463 1380 4532 ante
1432 4453 1604 4524 legem
1653 4462 1930 4523 peccatum

335 4559 494 4616 erat,
522 4547 596 4604 ita
625 4558 745 4621 post
770 4549 940 4622 legem
969 4547 1135 4618 ccepit
1157 4561 1280 4603 esse
1310 4543 1666 4618 transgressio
1695 4563 1708 4600 :
1735 4559 1929 4618 [quam-

335 4643 418 4699 vis
449 4657 555 4699 non
586 4657 654 4700 eo
684 4641 956 4714 proposito
978 4641 1151 4712 legem
1179 4639 1322 4695 Deus
1349 4637 1564 4706 tulerit,
1595 4647 1657 4694 ut
1681 4638 1932 4702 mortales

331 4737 529 4796 tierent
553 4737 671 4809 ejus
699 4737 976 4793 sanctione
1001 4737 1236 4808 pejores.
1260 4735 1446 4806 Neque
1469 4734 1610 4798 enim
1636 4733 1721 4788 lex
1747 4747 1934 4804 pecca-

332 4841 444 4886 tum
470 4837 568 4886 aut
595 4843 757 4886 causa
797 4829 1038 4900 peccati;
1079 4827 1175 4884 sed
1219 4826 1532 4884 mandatum
1569 4834 1810 4883 sanctum
1836 4866 1860 4892 ,,
1879 4834 1936 4880 et

329 4924 552 4995 justum,
579 4933 634 4982 et
659 4922 862 4980 bonum
889 4921 1020 4995 (1d.
1043 4937 1150 4988 vn,
1175 4921 1208 4978 7
1227 4930 1272 4975 et
1298 4919 1366 4976 l2
1385 4923 1428 4990 ).
1457 4918 1654 4975 Verum
1681 4918 1806 4990 quia
1831 4917 1930 4974 de-
1983 4958 1992 4969 .

334 5017 692 5087 linquentium
719 5019 955 5088 pravitas
974 5057 990 5084 ,
1013 5031 1078 5074 eo
1103 5031 1164 5072 se
1186 5015 1334 5072 ferro
1351 5058 1367 5082 ,
1395 5031 1502 5087 quo
1522 5015 1696 5070 curari
1720 5013 1932 5080 debuit,

341 5109 673 5178 vulneravit,
699 5109 1016 5179 obstititque
1043 5108 1270 5166 consilio
1298 5107 1436 5175 Dei,
1464 5115 1524 5164 ut
1559 5105 1684 5167 inde
1721 5105 1933 5176 pericli-

344 5208 541 5255 taretur
582 5201 725 5258 unde
769 5200 1028 5258 debuerat
1071 5199 1286 5280 sanari;
1333 5198 1465 5256 dicit
1506 5198 1829 5269 Apostolus,
1869 5197 1936 5254 de

342 5290 536 5346 cli'ectu
563 5286 780 5360 rerum',
821 5292 1132 5364 opinionem
1177 5291 1342 5348 divini
1379 5291 1628 5358 consilii,
1669 5306 1776 5362 quo
1813 5290 1936 5346 data

342 5385 425 5440 lex
453 5383 667 5454 fuerat,
695 5385 948 5457 iniuriam
989 5383 1298 5457 pertulisse.
1345 5383 1414 5440 Et
1449 5383 1572 5454 quia
1609 5398 1716 5438 non
1753 5381 1854 5438 fuit
1891 5383 1937 5439 is

339 5487 633 5550 proventus
656 5477 1050 5535 emendationis
1071 5475 1320 5532 humana:
1345 5518 1359 5544 ,
1386 5475 1440 5530 in
1462 5490 1624 5546 quem
1650 5474 1788 5530 lator
1809 5475 1938 5546 legis

337 5570 680 5641 intenderat,
726 5571 824 5630 sed
867 5571 925 5627 in
965 5569 1212 5641 plurimis
1253 5584 1484 5627 evenere
1519 5568 1832 5626 contraria:
1873 5583 1939 5625 co

402 5722 420 5787 ξ
451 5721 615 5787 Verte.
640 5727 738 5787 non
760 5711 1073 5787 υτοέιίωρωιις

337 5773 775 5896 Μλῖἓίὲἓάξάήοέ
795 5776 1008 5828 intende.
1028 5783 1158 5838 uss,
1173 5780 1224 5840 at
1245 5773 1334 5828 hoc
1354 5775 1480 5828 vide.
1498 5782 1638 5829 Forte
1653 5773 1938 5842 legendum,

355 5913 360 5920 ‘
405 5906 428 5937 ³
449 5910 515 5954 Ex
538 5910 642 5952 nas.
671 5903 976 5964 restituimus
995 5899 1091 5964 hic,
1103 5899 1237 5964 iege.
1315 5925 1320 5929 -

405 5967 484 6030 (α)
511 5972 654 6016 Forte
671 5963 957 6028 delendum,
979 5961 1233 6016 admittere
1255 5961 1346 6016 vel.

1645 437 1848 495 LIBER
1883 435 2262 496 SECUNDUS.

3488 450 3627 512 i238

2039 565 2210 620 usque
2246 552 2318 607 ait
2351 555 2640 626 proiecisse
2683 559 2855 616 studla
2903 563 3236 634 peccantium
3262 607 3278 631 ,
3310 575 3365 620 ut
3406 581 3513 623 non
3551 571 3624 623 ob

2034 643 2177 700 aliud
2205 647 2476 705 videretur
2501 651 2623 706 data
2649 647 2732 708 lex
2770 667 2922 719 esse,
2959 670 3121 726 quam
3159 667 3220 711 ut
3261 657 3486 728 improbi
3516 659 3624 714 irit-

2033 733 2322 839 probiores
2345 740 2534 798 fierent
2554 785 2570 811 ,
2599 743 2653 800 et
2676 745 2743 801 ad
2782 749 3056 818 peccatum
3096 751 3465 820 praevaricatio
3493 751 3624 823 jun-

2033 836 2268 898 geretur.

2107 915 2265 979 Λυθ.⁷
2291 922 2370 980 Tu
2412 915 2546 982 dicis
2588 925 2687 982 ista
2712 970 2728 997 ,
2773 931 2864 1001 qui
2906 931 3182 990 consilium
3217 925 3312 992 Dei
3355 931 3408 991 i'n
3451 935 3624 992 danda

2029 1011 2151 1088 lege
2179 1016 2486 1087 nonipsutn
2515 1012 2657 1090 sapis
2677 1061 2697 1091 ,
2725 1024 2863 1092 quod
2894 1019 3166 1096 apostolus
3203 1009 3400 1084 Paulus
3439 1021 3624 1086 osten-

2031 1107 2149 1174 dit;
2180 1109 2230 1165 et
2253 1110 2318 1165 ad
2347 1126 2438 1166 eas
2457 1109 2818 1186 blasphemias
2838 1117 2952 1188 ipse
2975 1127 3025 1176 te
3043 1119 3293 1194 impingis
3317 1165 3330 1187 ,
3357 1115 3412 1179 iit
3432 1123 3577 1180 dicas
3600 1168 3618 1190 ,

2037 1219 2059 1254 ι
2087 1199 2406 1272 Opinionem
2433 1203 2600 1260 divini
2629 1209 2872 1278 consilii,
2903 1227 3010 1282 quo
3035 1211 3153 1269 data
3181 1214 3264 1270 lex
3297 1215 3504 1285 fuerat,
3539 1216 3625 1273 in:

2023 1291 2236 1380 'juriam.
2256 1293 2576 1365 pertulisse:
2609 1317 2628 1351 ι
2663 1305 2910 1372 tanquam
2941 1291 3082 1360 aliud
3107 1303 3304 1363 factum
3332 1309 3433 1375 sit,
3462 1320 3624 1380 quam

2033 1385 2176 1442 Deus
2205 1387 2438 1444 futurum
2470 1389 2642 1447 fuerat
2671 1395 2952 1464 opinatus;
2990 1413 3162 1468 neque
3191 1399 3294 1457 hoc
3319 1406 3626 1472 provenerit

2031 1475 2138 1532 lata
2169 1478 2318 1549 lege,
2357 1481 2498 1552 quod
2539 1481 2678 1538 lator
2718 1485 2852 1556 legis
2891 1486 3210 1546 intenderat.
3253 1489 3418 1546 Deum
3466 1493 3626 1564 igitur

2031 1569 2270 1625 omnium
2289 1573 2572 1642 praescium
2595 1568 2891 1633 futurorum
2910 1621 2922 1640 ,
2939 1579 3230 1638 'secundum
3250 1593 3390 1638 tuam
3414 1586 3626 1656 sapien-

2029 1659 2158 1716 tiam
2179 1703 2195 1728 ,
2229 1677 2323 1718 sua
2355 1661 2536 1720 fefellit
2566 1666 2831 1723 intentio?
2858 1669 2976 1726 Non
2999 1673 3017 1704 ¹
3060 1673 3292 1730 attendis
3317 1677 3459 1747 quod
3487 1677 3623 1732 scri-

2028 1758 2181 1820 ptum
2208 1761 2289 1808 est
2311 1796 2326 1820 ,
2356 1753 2535 1812 Multa:
2560 1758 2885 1829 cogitationes
2917 1761 2972 1816 in
3011 1763 3162 1818 corde
3197 1766 3334 1831 viri;
3357 1769 3626 1822 consilium

2029 1851 2198 1900 autem
2226 1845 2434 1903 Domini
2461 1861 2628 1906 manet
2653 1854 2706 1907 in
2731 1862 2976 1910 aeternum
3001 1857 3020 1934 (
3045 1853 3204 1913 Proo.
3226 1875 3319 1914 χιιι
3346 1904 3359 1926 ,
3383 1859 3449 1916 21
3478 1904 3496 1929 ,
3520 1865 3624 1919 sec.

2028 1934 2240 2012 LXX).
2272 1941 2328 1996 Si
2356 1951 2484 2013 ergo
2510 1945 2591 1998 vis
2619 1953 2781 2000 nosse
2804 1989 2818 2014 ,
2863 1957 3122 2018 quantum
3159 1950 3366 2007 homini
3398 1953 3478 2010 fas
3506 1963 3622 2022 est,

2027 2026 2136 2102 quo
2165 2031 2402 2116 consilio
2441 2033 2537 2090 Dei
2577 2037 2959 2107 omnipotentis
2987 2049 3041 2096 et
3078 2043 3256 2097 omnia
3297 2045 3627 2115 przescicntis

2027 2119 2116 2176 lex
2145 2117 2264 2178 data
2299 2123 2489 2192 fuerit,
2521 2122 2730 2182 intuere
2747 2129 2888 2199 quod
2906 2129 3036 2184 dicit
3053 2131 3374 2200 Apostolus:
3407 2134 3469 2189 Si
3491 2134 3626 2190 enim

2026 2214 2150 2269 data
2177 2225 2320 2271 esset
2368 2217 2450 2273 lea:
2475 2235 2591 2290 quae
2627 2210 2793 2292 posset
2834 2223 3116 2293 viviﬁcare,
3164 2227 3368 2298 omnino
3413 2243 3476 2282 ea:
3515 2221 3627 2302 iege

2025 2315 2155 2362 esset
2163 2309 2388 2380 justitia.
2429 2307 2500 2366 Et
2543 2319 2795 2384 tanquam
2838 2313 3142 2372 diceremus
3165 2359 3182 2385 ,
3213 2317 3320 2374 Cur
3347 2333 3476 2392 ergo
3503 2317 3626 2376 data

1961 2435 1966 2440 -
2027 2399 2150 2455 est?
2180 2399 2287 2456 Sed
2315 2401 2559 2458 conclusit
2582 2445 2596 2467 ,
2627 2403 2838 2476 inquit,
2873 2403 3146 2479 Scriptura
3171 2409 3340 2463 omnia
3375 2411 3468 2464 sub
3508 2427 3626 2481 pee-

2027 2499 2142 2546 cato
2165 2534 2180 2557 ,
2214 2503 2270 2546 ut
2295 2494 2561 2564 promissio
2599 2511 2662 2550 ea:
2695 2495 2799 2566 ﬁde
2823 2497 2948 2552 Jesu
2973 2497 3159 2554 Christi
3181 2498 3388 2555 daretur
3417 2503 3628 2558 creden-

2029 2585 2164 2640 tibus
2190 2583 2211 2660 (
2233 2583 2404 2641 Gatat.
2431 2602 2528 2653 ιιι,
2555 2587 2618 2642 2t
2651 2629 2666 2654 ,
2693 2587 2766 2644 22
2788 2587 2828 2662 ).
2861 2587 3002 2648 Ecce
3038 2592 3181 2664 quod
3223 2603 3306 2650 est
3341 2593 3628 2652 consilium

2025 2675 2166 2733 data:
2193 2679 2344 2750 legis.
2375 2676 2506 2747 Quis
2530 2686 2708 2737 autem
2741 2681 2912 2740 nescit
2937 2727 2952 2751 ,
2985 2697 3094 2740 non
3121 2687 3252 2756 legis
3271 2731 3286 2753 ,
3319 2689 3416 2744 sed
3446 2687 3624 2745 homi-

2029 2784 2158 2824 num
2208 2771 2338 2826 vitio
2393 2773 2510 2844 lege
2561 2774 2898 2832 subintrante
2949 2776 3254 2834 abundasse
3307 2764 3624 2852 peccatum?

2027 2859 2135 2919 Sed
2162 2860 2264 2920 hoc
2289 2866 2474 2921 vitium
2505 2909 2520 2933 ,
2547 2883 2654 2939 quo
2683 2867 2950 2940 prohibita
2980 2873 3098 2942 plus
3126 2857 3434 2943 delectant,
3474 2883 3531 2932 et
3568 2873 3630 2932 fit

2027 2954 2198 3010 virtus
2236 2957 2438 3028 peccati
2483 2959 2570 3015 lex
2609 2958 2822 3030 (lCor.
2854 2961 2964 3030 ὗεν,
2996 2963 3066 3020 56
3095 2965 3144 3036 ),
3173 2980 3280 3022 non
3320 2965 3476 3022 sanat
3519 2967 3627 3023 nisi

2029 3045 2305 3102 viviﬁcans
2333 3047 2550 3118 Spiritus
2574 3091 2589 3117 ,
2617 3047 2934 3108 ndn'lit'tera
2961 3055 3212 3111 occidens
3241 3074 3254 3111 :
3285 3073 3405 3129 quae
3445 3069 3628 3115 tamen

2028 3137 2096 3194 ad
2126 3133 2227 3196 hoc
2249 3139 2393 3197 utilis
2421 3141 2520 3196 fuit
2543 3184 2557 3209 ,
2591 3141 2714 3212 quia
2743 3159 2867 3200 cum
2895 3145 3010 3216 ipsa
3038 3145 3344 3217 occideret,
3371 3165 3466 3220 per
3488 3163 3630 3221 pra:-

2027 3226 2409 3290 va'ricationem
2435 3275 2450 3300 ,
2481 3245 2759 3291 crescente
2783 3247 2880 3306 per
2904 3232 3317 3313 prohibitionem
3338 3239 3627 3313 cupiditate

2029 3324 2288 3394 peccandi
2315 3369 2330 3395 ,
2386 3321 2745 3384 vivificantem
2784 3305 3055 3400 iSpiritum
3111 3305 3238 3388 limit
3287 3305 3478 3406 inqu-iri
3505 3378 3522 3405 ,
3573 3345 3630 3393 et

2027 3418 2304 3475 hominem
2335 3417 2404 3476 de
2431 3433 2526 3476 sua
2555 3421 2751 3477 virtute
2794 3421 3065 3500 lethalitcr
3107 3423 3465 3485 confidentem
3490 3470 3505 3496 ,
3535 3425 3631 3485 ad-

2025 3509 2286 3580 jutorlnm
2329 3512 2514 3582 gratia:
2563 3513 2658 3584 Dei
2701 3509 2959 3584 Compulit
3012 3529 3270 3586 poscere,
3317 3519 3418 3574 sub
3470 3519 3627 3592 lege,

2031 3603 2272 3673 quamvis
2301 3596 2484 3658 Sancta
2511 3607 2564 3658 et
2587 3603 2731 3675 justa
2758 3607 2812 3661 et
2837 3597 2976 3662 bona
3001 3649 3018 3677 ,
3043 3605 3220 3664 tamen
3246 3608 3584 3668 deiicientem
3611 3654 3627 3679 ,

2031 3703 2194 3766 atque
2242 3695 2308 3750 ad
2353 3691 2624 3766 operanda
2671 3711 2792 3768 quae
2839 3697 3062 3766 sancta,
3116 3703 3236 3772 qua:
3277 3701 3456 3772 justa,
3508 3720 3631 3776 quae

2031 3784 2174 3844 bona
2228 3793 2408 3853 sunt,‘
2456 3782 2559 3844 sibi
2625 3787 2914 3846 subvenire
2977 3793 3209 3863 propriis
3264 3794 3466 3852 viribus
3521 3812 3633 3853 non

2031 3879 2319 3964 valentem.

2103 3959 2334 4026 CCXXI.
2363 3969 2482 4027 JU‘L.
2510 3959 2639 4028 Ju're
2672 3965 2961 4044 igitur'hoc
2996 3977 3193 4047 genere
3223 3972 3420 4034 dicitur
3455 3977 3631 4036 aliun-

2031 4061 2192 4118 dasse
2217 4057 2502 4132 delictum;
2534 4063 2677 4136 quod
2705 4072 2761 4121 et
2795 4070 2918 4140 ante
2951 4059 3152 4139 le'gein,
3186 4077 3242 4124 et
3271 4075 3392 4140 post
3420 4066 3628 4142 legem,

2033 4153 2453 4228 uniuscujusque
2481 4155 2850 4228 committebat
2873 4157 3154 4228 voluntas;
3185 4160 3280 4216 sed
3309 4169 3435 4219 ante
3459 4163 3633 4234 legem

2033 4247 2324 4319 peccatrix,
2344 4245 2464 4320 post
2481 4247 2651 4320 legem
2671 4245 2848 4305 autem
2865 4243 3024 4307 et‘ia'm
3043 4251 3460 4323 praevaricatrix.
3481 4254 3635 4312 Tunc

2035 4354 2164 4415 ergo
2182 4344 2376 4400 crescit
2395 4350 2450 4399 et
2473 4341 2710 4398 abundat
2727 4341 2943 4413 aliquid,
2968 4361 3090 4402 cum
3111 4345 3166 4402 in
3185 4361 3380 4418 genere
3405 4361 3503 4406 suo
3522 4352 3636 4405 col~

2033 4431 2152 4504 ligit
2179 4430 2510 4490 incrementa
2535 4451 2550 4489 :
2577 4433 2718 4509 sidut
2747 4427 2964 4506 peccato
2990 4433 3174 4493 liberae”
3198 4421 3487 4494 voluntatis
3512 4449 3636 4510 post

2035 4524 2254 4600 Moysen
2294 4523 2536 4582 cumulus
2579 4517 3019 4599 t‘ra‘n'sgressiOnis
3047 4527 3276 4584 accessit
3307 4547 3320 4584 :
3349 4527 3418 4586 de
3443 4529 3634 4589 eodem

2037 4622 2180 4678 enim
2209 4635 2406 4693 genere
2433 4616 2551 4688 fuit,
2581 4613 2706 4677 licet
2734 4615 2792 4677 iri
2822 4613 3064 4701 tempore
3087 4621 3320 4689 diverso,
3354 4623 3409 4680 id
3435 4631 3538 4696 est,
3566 4619 3637 4684 de

2037 4711 2182 4770 mala
2205 4713 2508 4779 voluntate,
2539 4715 2657 4785 qtize
2685 4723 2738 4770 et
2777 4719 2902 4770 ante
2932 4713 3102 4786 legem
3123 4757 3140 4784 ,
3172 4725 3226 4772 et
3266 4726 3386 4787 post
3426 4717 3596 4790 legem
3615 4760 3632 4786 ,

2037 4823 2150 4862 non
2173 4815 2360 4876 coactu
2391 4797 2774 4876 insuperabili,
2803 4804 2898 4862 sed
2929 4803 3104 4862 studio
3130 4807 3467 4879 vituperabili
3497 4809 3636 4866 deli-

2039 4899 2153 4971 quit
2171 4901 2212 4952 ².
2242 4881 2371 4967 Quae
2397 4910 2516 4953 cum
2547 4894 2620 4952 ita
2649 4891 2774 4962 sint,
2804 4895 2896 4953 tibi
2925 4896 3054 4954 nihil
3087 4908 3259 4970 potest
3285 4899 3351 4955 de
3377 4905 3638 4972 apostoli-

2039 4992 2116 5048 cis
2149 4989 2438 5047 convenire
2475 4990 2671 5046 verbis.
2703 4987 2888 5062 Neque
2913 4989 3058 5048 enim
3089 4993 3494 5051 subintroeunte
3522 4995 3639 5067 lege

2039 5086 2317 5160 peccatum
2353 5081 2590 5142 traducis
2623 5073 2714 5142 aut
2749 5080 3022 5158 copiosius
3050 5086 3244 5144 factum
3275 5089 3520 5158 docetur,
3545 5101 3641 5149 aut

2039 5163 2294 5250 grandius
2319 5197 2334 5240 :
2361 5191 2461 5232 nec
2489 5177 2722 5249 peccatis
2749 5177 3040 5236 voluntatis
3069 5179 3197 5236 illud
3225 5181 3494 5240 abundare
3517 5182 3641 5254 jure

2041 5273 2255 5344 dicitur,
2287 5271 2431 5346 quod
2461 5270 2528 5329 ad
2551 5271 2902 5352 nascentium
2933 5273 3260 5352 voluntatem
3302 5292 3640 5348 nequaquam

2041 5368 2272 5425 attinere
2298 5351 2646 5423 monstratur.
2673 5361 2789 5423 Non
2815 5383 2944 5442 ergo
2968 5351 3257 5424 abundavit
3288 5375 3408 5439 post
3433 5369 3604 5439 legem
3623 5413 3638 5436 ,

2042 5462 2184 5536 quod
2209 5463 2296 5518 lex
2322 5476 2424 5517 nec
2449 5459 2730 5532 prohibere
2755 5460 2948 5532 potuit,
2975 5476 3078 5518 nec
3101 5461 3309 5532 punire.
3345 5458 3442 5516 Ubi
3471 5471 3640 5516 autent

2044 5554 2318 5611 abundauit
2341 5564 2620 5627 peccatum,
2642 5553 3066 5626 superabundavit
3088 5554 3255 5626 gratia
3279 5569 3300 5608 :
3323 5561 3380 5608 ut
3406 5553 3534 5608 sicut
3559 5570 3643 5608 re-

2045 5648 2218 5721 gnavit
2242 5656 2499 5720 peccatum
2523 5647 2577 5702 in
2601 5652 2842 5715 mortem,
2871 5647 2945 5703 ita
2968 5647 3134 5718 gratia
3160 5656 3334 5720 regnet
3367 5658 3456 5719 per
3480 5649 3642 5719 justi-

2051 5741 2252 5809 tiam-in
2277 5739 2433 5794 vitam
2459 5747 2724 5794 internum.

2116 5900 2132 5931 ί
2158 5905 2264 5948 Mss.
2281 5933 2296 5958 ,
2319 5896 2488 5948 Mune.

2117 5965 2138 5994 ἰ
2161 5967 2267 6010 Mss.
2292 5967 2402 6010 star.
2432 5967 2484 6010 et
2504 5966 2650 6024 Port.,
2674 5958 2928 6024 delinquit.
