4062 6484
552 410 698 470 1259

623 531 763 586 Auc.
794 520 1061 596 Originale
1099 527 1373 592 peccatum
1408 532 1516 575 non
1551 516 1767 588 quidem
1806 522 1928 586 post
1964 514 2139 585 legem

551 620 722 678 crevit
744 637 759 673 :
781 614 875 673 sed
897 623 1074 669 tamen
1097 611 1184 667 lex
1202 610 1365 665 etiam
1391 608 1586 678 ipsum,
1612 606 1766 676 cujus
1791 605 2138 660 abolitionem

550 707 954 768 circumcisione
982 703 1199 758 infantis
1233 701 1586 772 signiﬁcaret,
1618 698 1820 755 invenit
1847 716 1862 753 :
1894 698 2033 753 sicut
2056 697 2137 753 in-

545 801 696 859 venit
714 799 872 856 etiam
893 803 1109 869 peccata
1129 794 1461 867 ignorantia,
1483 808 1604 866 quae
1622 808 1724 849 nec
1743 794 1858 863 ipsa
1876 791 1997 848 data
2018 791 2135 863 lege

541 890 861 956 creverunt;
889 887 1318 961 quandoquidem
1356 887 1533 959 potius
1570 889 1683 957 ipsa
1720 885 2017 957 ignorantia
2046 884 2133 938 di-

540 988 749 1044 minuta
768 990 870 1049 est,
892 981 1014 1053 quia
1040 980 1261 1036 scientia
1286 979 1418 1050 legis
1436 979 1679 1035 accessit.
1704 978 1809 1035 Sed
1831 986 2127 1049 peccatum,

542 1078 661 1134 sine
680 1090 785 1148 quo
805 1088 965 1131 nemo
985 1073 1240 1141 nascitur,
1261 1073 1429 1128 crevit
1450 1073 1736 1129 voluntatis
1756 1087 1994 1137 accessu,
2020 1072 2129 1127 ori-

539 1167 700 1239 ginali
732 1166 1161 1236 concupiscentia
1194 1164 1443 1220 trahente
1479 1165 1748 1235 peccantis
1786 1179 2060 1220 assensum
2085 1164 2125 1217 ί.

537 1257 843 1314 Abundavit
870 1266 1046 1311 autem
1071 1263 1374 1326 peccatum,
1396 1255 1449 1310 id
1467 1264 1569 1323 est,
1592 1257 1750 1310 nimis
1778 1256 1964 1321 crevit,
1982 1265 2128 1323 post-

537 1366 762 1422 eaquam
788 1365 887 1421 per
912 1350 1081 1420 legem
1108 1348 1240 1404 facta
1263 1355 1347 1402 est
1368 1349 1599 1417 cognitio
1620 1349 1821 1417 peccati
1845 1346 2019 1416 (Rom.
2045 1363 2119 1414 ill,

534 1442 675 1515 20),
705 1451 761 1499 et
793 1442 953 1511 ccepit
980 1442 1138 1497 etiam
1169 1438 1608 1510 praevaricatione
1638 1440 1866 1508 peccari.
1898 1440 2049 1507 Quod
2076 1442 2122 1494 si

534 1536 711 1591 velitis
734 1534 1030 1598 advertere,
1060 1542 1115 1588 et
1138 1535 1478 1602 acquiescere
1503 1531 1740 1596 veritati;
1771 1531 1913 1587 nulla
1938 1546 2123 1587 neces-

531 1629 691 1686 sitate
744 1625 1039 1697 cogemiui,
1082 1631 1273 1695 aperte
1299 1623 1555 1693 Apostolo
1604 1624 1971 1680 contradicere
2009 1625 2135 1681 cla-.

529 1720 696 1776 manti
716 1760 732 1786 ,
764 1718 867 1772 Per
895 1734 1049 1773 unum
1087 1717 1339 1771 hominem
1379 1726 1637 1786 peccatum
1664 1717 1863 1770 intravit
1890 1718 1943 1772 in
1971 1734 2121 1772 mun-

528 1814 686 1878 dum,
722 1821 769 1866 et
802 1828 889 1881 per
926 1816 1182 1880 peccatum
1218 1823 1390 1872 mors;
1418 1817 1464 1861 et
1496 1808 1566 1860 ita
1599 1812 1652 1862 in
1684 1824 1853 1862 omnes
1892 1808 2118 1864 homines

528 1904 817 1974 pertransiit
845 1901 969 1974 (Id.
999 1918 1051 1968 v,
1084 1899 1199 1972 12).
1230 1900 1326 1956 lllo
1361 1899 1504 1955 enim
1542 1898 1784 1965 dicente,
1826 1903 2117 1968 pertransiit

524 2017 618 2072 per
647 2016 818 2055 omnes
837 2042 852 2066 ,
881 2016 1003 2055 cum
1029 2014 1125 2055 vos
1154 2015 1259 2054 non
1302 2014 1396 2068 per
1424 2013 1611 2054 omnes
1650 2001 2001 2070 pertransisse
2029 2001 2113 2057 di-

522 2091 677 2156 citis,
715 2091 841 2162 quid
881 2090 1026 2145 aliud
1061 2106 1219 2162 quam
1258 2090 1516 2160 Apostulo
1553 2091 1952 2149 contradicitis?
1978 2101 2033 2148 et
2067 2096 2113 2150 si

519 2186 780 2258 Apostolo
798 2228 814 2252 ,
847 2187 1029 2257 utique
1060 2185 1291 2241 Christo.
1318 2184 1455 2255 Quid
1483 2200 1610 2256 ergo
1638 2186 1941 2255 miramini,
1968 2187 2112 2257 quod

518 2278 858 2333 abominatur
883 2291 977 2332 vos
1002 2276 1238 2333 Ecclesia
1267 2277 1487 2343 Christi,
1516 2278 1606 2348 qui
1631 2278 1912 2334 sententiis
1940 2278 2110 2335 letha-

512 2370 654 2425 libus
691 2369 883 2425 vestris
922 2370 1165 2425 inﬁrmos
1203 2369 1449 2439 parvulos
1488 2369 1805 2427 subtrahere
1840 2372 2108 2428 conamini

511 2462 921 2517 medicamentis
953 2462 1252 2518 salubribus
1280 2459 1517 2515 Christi?

586 2554 837 2610 CCXXII.
875 2555 997 2610 IUL.
1044 2554 1230 2624 Aperit
1268 2568 1328 2609 se
1367 2554 1656 2625 Apostolus
1675 2555 1870 2610 clarius
1902 2556 1958 2611 in
1982 2570 2106 2626 pro-

509 2659 689 2712 cessu,
715 2652 773 2701 et
797 2645 973 2709 docet,
1004 2644 1058 2699 in
1084 2643 1381 2715 perditione
1409 2644 1597 2700 salutis
1632 2643 1902 2713 humanm,
1933 2646 2111 2702 Deum

509 2739 665 2808 copia
690 2753 802 2794 sum
829 2726 1188 2793 miserationis
1221 2737 1551 2794 admonitum
1570 2781 1585 2805 ,
1615 2739 1912 2809 desperatis
1942 2742 2101 2796 rebus

508 2828 865 2886 efﬁcaciorem
892 2828 1050 2883 solito
1076 2829 1396 2886 medicinam
1420 2829 1633 2895 tulisse;
1666 2839 1722 2886 ut
1741 2847 1875 2901 quos
1899 2846 2100 2903 praece-

503 2922 613 2993 ptis
636 2935 743 2976 non
769 2929 1099 2986 correxerat,
1129 2920 1406 2977 beneﬁciis
1433 2921 1727 2993 obligaret;
1756 2932 1810 2978 et
1837 2924 1909 2979 ita
1938 2923 2101 2980 devo—

504 3013 707 3069 tionem
727 3012 966 3083 exigeret
985 3012 1038 3067 in
1061 3012 1315 3076 futurum,
1339 3021 1399 3067 ut
1418 3028 1527 3068 non
1547 3013 1833 3084 imputaret
1852 3024 2095 3085 peracta;

502 3106 884 3176 studerentque
922 3105 1177 3175 deinceps
1213 3104 1485 3161 custodire
1517 3106 1775 3176 justitiam
1815 3107 2094 3173 homines,

502 3212 665 3270 quam
691 3196 1010 3268 compendio
1036 3196 1365 3253 credulitatis
1395 3197 1606 3253 fuerant
1634 3201 1886 3255 assecuti.
1913 3202 2096 3258 Abun-

501 3289 682 3345 dantia
703 3302 830 3359 ergo
859 3288 1271 3358 praecedentium
1299 3298 1658 3359 peccatorum,
1689 3300 1792 3345 tam
1817 3292 2096 3351 abundan-

500 3383 571 3438 tis
599 3380 979 3437 misericordim
1004 3380 1181 3452 exegit
1208 3380 1463 3436 auxilium
1492 3396 1506 3435 :
1536 3382 1785 3452 quoniam
1819 3384 1921 3439 nisi
1952 3394 2096 3445 tanta

500 3472 653 3543 capia
677 3471 1001 3542 indulgentis
1018 3472 1039 3503 '
1065 3468 1273 3539 fuisset,
1297 3472 1440 3527 nulla
1466 3472 1568 3527 alia
1588 3473 1866 3545 disciplina
1894 3479 2096 3534 morbis

498 3572 610 3618 tam
638 3563 888 3633 gravibus
921 3562 1250 3619 subveniret.
1284 3562 1479 3619 Verum
1515 3565 1570 3619 in
1604 3565 1705 3621 hac
1742 3566 1909 3623 divini
1945 3583 2096 3625 com-

497 3656 840 3713 mendatione
862 3654 1127 3721 beneficii,
1149 3654 1285 3711 vidit
1305 3656 1593 3726 Apostolus
1610 3657 1895 3729 objectioni
1916 3660 2093 3717 locum

497 3756 684 3820 patere
708 3762 892 3803 eorum
920 3746 1011 3818 qui
1036 3745 1217 3804 dicere
1247 3756 1512 3817 poterant,
1540 3749 1595 3805 Si
1623 3750 1724 3806 rite
1752 3753 1940 3808 merita
1968 3768 2094 3810 cau-

497 3856 679 3897 sarum
701 3840 769 3895 de
795 3838 1073 3895 effectibus
1097 3840 1446 3907 aestimamus,
1470 3849 1526 3895 et
1553 3850 1889 3911 peccatorum
1916 3845 2088 3914 c0pia,

497 3944 555 3992 ut
578 3932 943 3990 misericordia
964 3933 1059 3987 Dei
1085 3932 1346 3999 afﬂueret,
1374 3934 1712 4003 impetravit;
1741 3936 2091 3993 insistendum

497 4025 733 4097 peccatis
758 4032 872 4088 est,
906 4032 962 4078 ut
997 4025 1181 4093 gratim
1210 4039 1314 4079 non
1350 4024 1490 4079 desit
1524 4026 1763 4082 ubertas.
1793 4027 2092 4086 Occurrens

498 4122 680 4190 itaque
703 4117 938 4188 opinioni
964 4116 1227 4188 ejusmodi
1258 4135 1271 4170 :
1302 4117 1441 4185 Quid
1466 4134 1584 4190 ergo
1609 4120 1852 4186 dicemus,
1882 4123 2093 4193 inquit?

498 4212 900 4287 permanebimus
924 4212 979 4264 in
1004 4219 1228 4282 peccato,
1256 4219 1312 4264 ut
1334 4211 1499 4279 gratia
1522 4211 1783 4264 abundet?
1805 4213 1988 4268 Absit:
2006 4217 2093 4286 qui

497 4306 633 4361 enim
659 4303 844 4357 mortui
867 4317 1039 4356 smnus
1068 4308 1290 4371 peccato,
1317 4301 1741 4371 quemadmodum
1770 4305 1936 4360 adhuc
1959 4308 2092 4361 vive-

496 4413 612 4452 mus
648 4396 702 4452 in
730 4395 831 4450 eo?
859 4394 937 4448 An
971 4393 1218 4464 ignoratis
1249 4394 1487 4463 quoniam
1522 4396 1819 4468 quicumque
1852 4398 2094 4470 baptizati

497 4504 673 4544 sumus
695 4487 749 4541 in
772 4484 972 4542 Christo
997 4482 1144 4550 Iesu,
1168 4485 1222 4539 in
1245 4493 1406 4539 morte
1420 4484 1442 4516 ³
1460 4486 1597 4541 illius
1618 4486 1860 4558 baptizati
1882 4494 2092 4547 sumus?

497 4579 789 4652 Consepulti
816 4595 934 4649 ergo
958 4592 1135 4633 sumus
1161 4578 1262 4647 illi,
1300 4595 1390 4650 per
1416 4576 1734 4649 Baptismum
1765 4584 1819 4636 in
1846 4591 2086 4650 mortem,

495 4685 554 4729 ut
582 4673 1004 4744 quemadmodum
1030 4672 1246 4726 surrexit
1273 4670 1501 4726 Christus
1529 4673 1582 4726 in
1609 4674 1773 4743 gloria
1802 4672 1995 4743 Patris,
2017 4676 2091 4731 ita

497 4776 546 4822 et
572 4782 663 4819 nos
684 4765 738 4818 in
768 4764 985 4818 novitate
1009 4764 1125 4817 vita:
1150 4763 1480 4817 ambulemus.

569 4858 702 4911 Anc.
731 4853 998 4924 Numquid
1038 4854 1159 4909 ideo
1197 4869 1302 4909 non
1339 4870 1436 4910 vos
1470 4855 1762 4925 apostolica
1795 4856 1895 4914 ista
1925 4858 2087 4915 verba

499 4946 782 5011 suﬁ‘ocant,
804 4946 923 5016 quia
950 4953 1005 5001 et
1027 4959 1124 5000 vos
1150 4959 1209 5000 ea
1237 4948 1691 5015 commemoratis,
1716 4964 1783 5003 ne
1809 4949 2087 5004 oblivisca-

498 5056 619 5096 mur
654 5054 810 5111 qnam
863 5039 1010 5094 ﬁrma
1054 5040 1319 5096 conemini
1361 5039 1552 5095 domus
1599 5040 1694 5096 Dei
1741 5040 2085 5100 fundamenta

497 5133 832 5189 convellere?
858 5132 1082 5195 Insnne,
1114 5145 1232 5188 cum
1265 5131 1486 5187 dixisset
1511 5132 1828 5201 Apostolus,
1862 5132 1923 5189 Si
1949 5152 2087 5190 mor-

498 5228 570 5281 tui
595 5242 768 5283 sumus
798 5234 1019 5295 peccato,
1053 5223 1301 5295 quomodo
1330 5223 1495 5278 adhuc
1520 5224 1736 5278 vivemus
1763 5224 1817 5278 in
1843 5225 1942 5279 eo?
1970 5227 2088 5283 ideo

494 5319 751 5388 subjecit,
782 5318 861 5372 An
888 5318 1131 5388 ignoratis
1155 5315 1390 5384 quoniam
1414 5317 1709 5384 quicumque
1732 5314 1969 5386 baptismi
1997 5336 2084 5372 su-

494 5429 607 5466 mus
629 5412 682 5465 in
704 5410 901 5467 Christo
926 5409 1069 5472 Iesu,
1096 5410 1148 5462 in
1173 5417 1330 5462 morte
1353 5408 1512 5475 ipsius
1536 5409 1773 5477 bnptizati
1795 5413 2006 5465 sumus?
2031 5422 2089 5468 ut

494 5510 790 5581 baptizatos
819 5509 868 5564 in
907 5510 1118 5566 Christo
1152 5519 1389 5565 mortuos
1419 5510 1666 5580 probaret
1694 5528 1814 5572 esse
1844 5522 2084 5584 peccato.

550 5630 572 5699 f
602 5629 754 5686 aliti,
794 5634 1041 5689 metantes
1085 5637 1118 5675 a
1152 5637 1311 5677 sensu.
1357 5626 1678 5678 Emeudantur
1714 5641 1779 5679 ex
1822 5631 2086 5681 manseri-

491 5694 1518 5828 p"i'nrte’m4ulem__._es.”.
1762 5827 1766 5828 ,
1841 5823 1851 5828 _
1923 5823 1933 5828 _
2041 5817 2053 5828 .

557 5813 580 5844 ³
598 5821 753 5924 mis
772 5814 924 5864 codex
934 5813 1197 5864 'Portarum
1218 5814 1269 5865 in
1287 5826 1350 5866 eo
1369 5813 1477 5866 loco
1497 5815 1706 5880 Apostoli
1719 5823 2015 5880 constanter,
2034 5817 2086 5870 in

491 5882 597 5929 KV
1738 5898 1753 5913 '

1268 401 1514 461 OPERIS
1549 396 1967 458 lMPERFECTl
2004 394 2280 454 ccum
2317 393 2678 463 IULIANUM,
2724 395 2784 454 s.
2822 387 3199 459 AUGUSTINI

2465 305 2486 319 κ
2563 296 2781 329 .-⁴ν,.‹-δ

3708 268 3719 283 ἰ

3266 296 3606 359 kx.

3482 404 3487 409 ’
3699 402 3843 467 me

2249 511 2432 583 Usque
2464 515 2664 571 adeone
2691 516 2882 575 surdus
2918 533 3010 584 es,
3041 526 3102 574 ut
3134 519 3235 576 ista
3270 535 3376 577 non
3411 519 3638 581 audias?
3671 540 3841 599 usque

2245 605 2379 662 adeo
2399 623 2593 677 caecus,
2617 620 2674 666 ut
2695 612 2794 668 ista
2818 628 2923 669 non
2944 614 3159 671 videas?
3175 613 3444 674 Conﬁtere
3461 633 3595 689 ergo
3616 632 3840 689 peccato

2242 710 2482 757 mortuos
2510 704 2759 773 parvulos
2785 704 3107 777 baptizatos,
3137 707 3395 766 conﬁtere
3422 710 3640 767 tandem
3668 713 3838 784 origi-

2241 792 2363 849 nale
2386 808 2543 864 pecca
2552 804 2661 850 tum
2680 813 2694 862 ;
2719 811 2825 853 non
2844 799 2985 854 enim
3009 799 3151 855 aliud
3171 801 3256 857 cui
3275 786 3615 859 morerentur
3632 803 3837 861 habue-

2238 893 2362 939 runt
2390 903 2403 939 :
2432 894 2523 940 aut
2546 886 2631 943 dic
2656 898 2859 959 aperte,
2890 890 3144 961 baptizari
3169 907 3263 949 eos
3289 909 3397 949 non
3427 903 3712 965 oportere;
3742 907 3838 955 aut

2237 988 2357 1029 cum
2399 974 2750 1046 baptizantur,
2784 994 2888 1034 non
2925 995 3020 1037 eos
3047 981 3099 1036 in
3128 981 3339 1039 Christo
3375 983 3503 1042 Iesu
3539 985 3833 1058 baptizari,

2237 1075 2328 1121 aut
2365 1082 2469 1122 non
2509 1068 2562 1122 in
2596 1078 2768 1127 morte
2805 1072 2970 1143 ipsius
3010 1074 3268 1146 baptizari
3298 1093 3314 1131 :
3342 1087 3397 1133 et
3432 1078 3553 1134 dele
3592 1080 3638 1135 si
3680 1090 3835 1151 potes

2234 1157 2476 1229 Apostoli
2509 1162 2664 1218 verba
2690 1163 2934 1232 dicentis,
2966 1165 3283 1239 Quicumque
3306 1170 3550 1240 baptisati
3574 1188 3759 1230 sum
3780 1176 3834 1231 in

2234 1247 2435 1306 Christo
2459 1250 2608 1321 Iesu,
2636 1256 2690 1309 in
2718 1266 2875 1311 morte
2897 1258 3056 1329 ipsius
3080 1259 3321 1332 baptizati
3344 1280 3536 1323 sumus.
3566 1266 3765 1333 Porro,
3786 1269 3834 1325 εἰ

2234 1338 2348 1397 haec
2380 1345 2541 1401 verba
2578 1346 2756 1405 delere
2794 1365 2899 1405 non
2940 1361 3123 1421 potes,
3154 1355 3291 1411 sicut
3328 1371 3435 1413 non
3470 1366 3628 1428 potes
3658 1377 3675 1414 :
3709 1374 3831 1417 cum

2232 1450 2361 1507 ergo
2388 1439 2559 1503 audis,
2588 1443 2919 1514 quicumque;
2947 1447 3056 1501 noli
3081 1447 3217 1504 velle
3243 1448 3367 1505 inde
3391 1452 3643 1521 parvulos
3665 1467 3831 1525 sepa-

2229 1544 2351 1585 rare
2383 1549 2395 1586 :
2429 1534 2675 1603 permitte
2703 1536 2972 1593 Christum
3002 1539 3159 1595 etiam
3190 1541 3424 1612 parvulis
3450 1558 3573 1601 esse
3600 1543 3827 1613 Iesum;

2227 1628 2478 1695 quoniam
2503 1644 2608 1684 non
2628 1631 2862 1700 exceptis
2883 1631 3032 1701 ipsis,
3054 1632 3149 1689 sed
3170 1649 3293 1690 cum
3314 1635 3441 1705 ipsis
3464 1637 3672 1694 salvum
3700 1638 3831 1697 facit

2225 1717 2480 1787 populum
2503 1734 2655 1775 suum
2678 1738 2706 1775 a
2730 1724 2961 1791 peccatis
2981 1738 3188 1791 eorum,
3212 1736 3429 1797 propter
3447 1729 3593 1800 quod
3618 1728 3825 1787 dictum

2225 1818 2308 1865 est
2327 1811 2395 1867 ab
2412 1814 2621 1883 angelo,
2654 1813 2867 1870 Vocabis
2886 1833 3065 1872 nomen
3085 1818 3196 1889 ejus
3209 1816 3386 1874 Iesum
3404 1819 3621 1889 (Matth.
3644 1838 3685 1891 ι,
3701 1822 3823 1895 Si).

2294 1900 2569 1959 CCXXIII.
2601 1904 2718 1961 IUL.
2756 1906 2892 1962 Dicit
2919 1923 3020 1964 nos
3047 1917 3287 1965 mortuos
3315 1926 3435 1970 esse
3468 1922 3691 1983 peccato
3710 1956 3729 1981 ,
3758 1931 3825 1973 eo

2218 1992 2333 2063 jam
2356 2003 2614 2066 tempore,
2637 2013 2742 2068 quo
2764 2008 2820 2053 ut
2842 2000 3205 2070 acciperemus
3229 2002 3570 2074 indulgentia:
3589 2004 3821 2073 donum,

2220 2089 2529 2143 renuntiare
2568 2104 2666 2144 nos
2710 2090 2910 2147 mundo
2942 2094 3292 2166 omnibusque
3327 2097 3561 2166 peccatis
3586 2098 3821 2171 professi

2218 2192 2405 2235 sumus
2437 2198 2451 2234 :
2481 2190 2638 2251 atque
2676 2181 2796 2239 ideo
2831 2186 3066 2239 muneris
3098 2201 3364 2243 memores
3390 2188 3594 2247 debere
3627 2192 3709 2248 sic
3735 2193 3822 2248 vi-

2217 2285 2365 2339 vere,
2398 2282 2457 2327 ut
2484 2272 2696 2329 Christo
2722 2277 3019 2347 consepulti
3044 2293 3167 2335 esse
3192 2278 3510 2350 doceamur;
3543 2290 3703 2354 atque
3732 2299 3820 2342 re-

2216 2365 2605 2421 surrectionem
2630 2368 2746 2438 ejus
2773 2370 3059 2439 conspicua
3092 2374 3372 2429 sanctitate
3407 2384 3684 2446 gestemus
3710 2394 3726 2431 :
3758 2387 3818 2435 et

2215 2455 2484 2524 quomodo
2514 2457 2630 2525 ille,
2663 2467 2944 2531 postquam
2980 2464 3271 2519 resurrexit
3296 2479 3326 2517 a
3353 2466 3610 2533 mortuis,
3638 2468 3814 2526 nullas

2212 2544 2550 2602 infirmitates
2591 2552 2864 2622 corporis,
2914 2553 3057 2608 nulla
3102 2553 3310 2625 ﬂagella
3361 2558 3694 2628 perpetitur;
3736 2560 3812 2617 ita

2212 2636 2372 2692 etiam
2400 2647 2455 2694 et
2483 2654 2583 2695 nos
2615 2656 2735 2697 esse
2774 2643 3186 2702 invulnerabiles
3219 2649 3453 2717 peccatis
3480 2650 3730 2708 omnibus
3756 2662 3813 2709 et

2211 2730 2354 2786 vitiis
2381 2731 2700 2788 adnitamur.
2734 2734 2796 2790 Si
2824 2737 2956 2790 enim
2989 2738 3319 2809 complantati
3355 2757 3529 2796 sumus
3566 2743 3810 2800 similitu-

2210 2821 2320 2875 dini
2341 2823 2358 2853 ί
2389 2825 2564 2879 mortis
2596 2827 2737 2897 ejus,
2767 2828 2918 2883 simul
2942 2838 2990 2883 et
3018 2832 3391 2886 resurrectionis
3410 2836 3431 2866 ³
3458 2835 3685 2903 erimus;
3712 2838 3810 2895 hoc

2207 2913 2451 2981 scientes,
2487 2918 2727 2987 quoniam
2760 2928 2895 2974 vetus
2924 2921 3071 2975 homo
3100 2932 3268 2977 noster
3302 2924 3455 2980 simul
3478 2927 3713 2998 conﬁxus
3733 2936 3809 2984 est

2207 3011 2365 3072 cruci,
2393 3015 2447 3060 ut
2473 3008 2757 3064 destruatur
2784 3028 2967 3083 corpus
2996 3016 3208 3084 peccati,
3239 3024 3296 3070 ut
3323 3018 3460 3072 ultra
3487 3035 3590 3073 non
3616 3021 3809 3076 servia-

2208 3111 2322 3150 mus
2362 3107 2580 3167 peccato.
2615 3101 2715 3167 Qui
2749 3104 2881 3157 enim
2917 3115 3145 3161 mortuus
3183 3115 3287 3174 est,
3317 3108 3635 3178 justiﬁcatus
3669 3120 3741 3167 est
3771 3130 3807 3169 α

2208 3199 2411 3257 peccato
2436 3191 2610 3263 (Rom.
2643 3210 2715 3261 vi,
2743 3195 2877 3268 1-7).
2904 3188 3058 3252 Clara
3088 3199 3273 3256 ﬁdeles
3301 3202 3509 3259 ratione
3532 3207 3803 3261 constrin-

2204 3280 2282 3351 git
2316 3299 2329 3335 :
2362 3280 2418 3336 Si
2448 3283 2629 3353 vultis,
2661 3285 2850 3357 inquit,
2873 3292 3278 3366 resurrectionis
3303 3292 3420 3362 ejus
3448 3294 3562 3351 ﬁeri
3590 3298 3806 3366 partici-

2204 3387 2322 3441 pes,
2350 3374 2599 3430 virtutem
2630 3356 2841 3448 quoque
2870 3356 3057 3436 mortis
3083 3381 3386 3450 imitamini,
3414 3393 3473 3439 ut
3500 3388 3692 3442 mortui
3716 3388 3806 3443 vi-

2204 3462 2296 3519 tiis
2319 3463 2371 3518 in
2396 3464 2592 3522 virtute
2617 3467 2807 3525 vivatis
2831 3487 2846 3525 :
2868 3478 2995 3526 tunc
3017 3472 3157 3526 enim
3182 3474 3333 3529 eritis
3354 3477 3409 3530 in
3434 3476 3524 3531 illa
3547 3476 3805 3535 felicitate

2204 3565 2502 3625 consortes,
2529 3558 2574 3614 si
2600 3561 2786 3615 mortis
2805 3562 2922 3631 ejus
2942 3563 3225 3635 imaginem
3247 3567 3498 3636 tuleritis,
3522 3572 3801 3630 moriendo

2202 3650 2455 3718 peccatis.
2480 3650 2643 3708 Vetus
2669 3653 2810 3708 enim
2836 3652 2999 3710 homo
3025 3665 3206 3713 noster
3226 3657 3386 3716 debet
3410 3661 3556 3716 cruci
3582 3664 3702 3733 ejus
3724 3664 3804 3721 af-

2203 3740 2342 3796 fixus
2362 3743 2560 3811 doceri,
2583 3754 2640 3800 ut
2659 3744 2897 3802 destruat
2921 3763 3117 3820 corpus
3142 3753 3365 3820 peccati,
3391 3752 3704 3813 fortitudine
3724 3759 3802 3813 vi-

2201 3830 2397 3889 delicet
2423 3836 2702 3904 passionis.
2725 3834 2930 3908 Corpus
2958 3850 3134 3896 autem
3160 3845 3386 3913 peccati,
3412 3848 3799 3906 consuetudine

2201 3938 2300 3979 sua
2340 3926 2570 3996 Paulus,
2609 3929 2767 3999 vitia,
2810 3946 2918 3986 non
2960 3934 3311 3991 substantiam
3340 3939 3516 3994 carnis
3544 3942 3796 4011 appellat.

2201 4015 2294 4071 Sic
2312 4017 2455 4072 enim
2484 4021 2741 4090 sequitur,
2774 4020 2844 4077 Ut
2870 4024 3156 4080 destruatur
3181 4043 3365 4100 corpus
3393 4032 3608 4100 peccati.
3634 4043 3691 4087 ut
3719 4036 3798 4088 ul-

2200 4117 2281 4161 tra
2307 4126 2408 4163 non
2433 4113 2705 4167 serviamus
2732 4126 2953 4185 peccato.
2988 4116 3090 4184 Qui
3120 4119 3253 4173 enim
3277 4132 3506 4177 mortuus
3535 4132 3629 4188 est,
3648 4126 3799 4196 justi-

2200 4202 2382 4271 ficatus
2407 4214 2479 4258 est
2503 4222 2535 4257 a
2558 4217 2782 4277 peccato.

2270 4302 2407 4352 Anc.
2448 4297 2857 4366 Quomodolibet
2902 4302 3269 4375 interpreteris
3313 4322 3509 4379 corpus
3552 4314 3791 4381 peccati,

2198 4400 2307 4442 non
2331 4389 2549 4459 negabis
2580 4393 2826 4460 parvulos
2855 4393 2908 4448 in
2939 4394 3155 4452 Christo
3175 4396 3303 4454 Iesu
3334 4401 3630 4471 baptizatos
3659 4420 3790 4459 mor-

2198 4487 2320 4533 tuos
2339 4494 2457 4536 esse
2482 4491 2722 4553 peccato,
2747 4500 2816 4539 ne
2834 4486 3169 4555 apertissime
3190 4505 3352 4561 neges
3374 4505 3470 4547 eos
3494 4493 3794 4563 baptizatos

2197 4569 2252 4626 in
2279 4583 2450 4629 morte
2475 4571 2675 4631 Christi
2699 4575 2859 4644 Iesu;
2886 4592 2950 4634 ae
2974 4594 3071 4650 per
3097 4578 3199 4636 hoc
3229 4597 3393 4655 neges
3420 4584 3714 4657 baptizatos
3739 4590 3791 4644 in

2195 4661 2408 4721 Christo
2431 4663 2579 4721 Iesu.
2606 4667 2917 4741 Quicumque
2936 4672 3081 4726 enim
3106 4672 3347 4744 baptizati
3370 4692 3545 4733 sumus
3567 4680 3620 4733 in
3641 4679 3791 4734 Chri-

2192 4763 2270 4810 sto
2297 4754 2451 4823 Iesu,
2480 4758 2536 4812 in
2562 4769 2723 4813 morte
2749 4761 2909 4831 ipsius
2937 4761 3179 4833 baptisati
3205 4782 3397 4821 sumus.
3436 4768 3531 4824 Die
3555 4785 3681 4842 ergo
3706 4776 3789 4827 cui

2196 4857 2413 4917 peccato
2431 4850 2751 4916 moriuntur,
2774 4867 2893 4907 cum
2918 4855 3122 4924 parvuli
3148 4855 3487 4927 baptizantur
3505 4861 3557 4914 in
3574 4860 3792 4918 Christo

2192 4940 2354 4997 Iesu?
2381 4941 2485 4998 Sed
2512 4943 2636 5014 quid
2661 4944 2809 4999 dicas
2828 4988 2843 5011 ,
2869 4946 3085 5017 penitus
3112 4963 3218 5004 non
3251 4948 3470 5005 habebis
3488 4991 3502 5015 ,
3539 4952 3638 5007 nisi
3668 4969 3789 5009 cum

2193 5044 2301 5091 tota
2325 5036 2561 5094 Ecclesia
2582 5036 2778 5093 Christi
2805 5039 3091 5110 intelligas,
3121 5049 3281 5113 atque
3305 5043 3655 5113 respondeas,
3688 5045 3793 5099 Prr

2191 5147 2348 5187 unum
2371 5132 2618 5188 hominem
2640 5142 2898 5203 peccatum
2917 5135 3120 5189 intravit
3139 5136 3192 5190 in
3209 5137 3477 5203 mundum,
3501 5147 3547 5192 et
3567 5156 3657 5209 per
3679 5158 3795 5210 pec-

2192 5235 2361 5280 catum
2386 5242 2521 5281 mors
2536 5240 2557 5290 ,°
2578 5235 2624 5279 et
2651 5226 2723 5280 ita
2744 5227 2799 5280 in
2824 5242 2997 5281 omnes
3020 5227 3247 5283 homines
3274 5231 3584 5309 pertransiit,
3611 5230 3665 5284 in
3694 5248 3792 5293 quo

2192 5335 2362 5373 omnes
2393 5327 2735 5387 peccaverunt.
2770 5317 2910 5374 Ecce
2936 5320 3025 5388 qui
3062 5329 3284 5390 peccato
3311 5323 3636 5390 moriuntur,
3667 5337 3789 5375 cum

2191 5410 2243 5465 in
2268 5418 2439 5465 morte
2459 5408 2651 5464 Christi
2673 5408 2798 5465 Iesu
2823 5410 3028 5479 parvuli
3050 5409 3404 5481 baptizantur.
3429 5412 3601 5484 Rogo,
3622 5414 3790 5468 nolite

2192 5515 2310 5558 esse
2345 5502 2479 5557 sicut
2516 5516 2685 5572 equus
2712 5510 2766 5555 et
2792 5501 2999 5568 mulus,
3032 5517 3136 5557 non
3170 5501 3429 5559 habentes
3457 5504 3788 5562 intellectum

2193 5592 2364 5663 (Psal.
2388 5607 2540 5656 χχχι,
2569 5591 2647 5662 9).
2672 5591 2864 5648 Audite
2887 5612 2901 5648 :
2932 5592 2993 5648 Si
3015 5594 3199 5647 mortui
3218 5610 3391 5650 sumus
3410 5603 3632 5666 peccato,
3655 5612 3788 5665 qua-

2191 5684 2341 5739 modo
2376 5685 2593 5739 vivemus
2630 5686 2682 5740 in
2716 5686 2811 5739 eo?
2837 5686 2918 5740 An
2943 5687 3189 5757 ignoratis
3215 5688 3454 5758 quoniam
3481 5690 3790 5760 quicumque

2255 5814 2429 5891 1961s..
2453 5816 2505 5891 ίη
2525 5815 2884 5891 δίπιίιίεαάῇιεηι
2899 5830 2920 5879 ;
2936 5817 3039 5891 ,θαι
3060 5821 3309 5891 gout-rariis
3330 5823 3686 5885 manusuam.

2256 5882 2277 5912 '
2301 5880 2437 5941 aditi,
2456 5887 2502 5932 et
2521 5882 2883 5933 resurrectionis
2899 5881 3020 5943 eius.
3043 5884 3210 5945 Abest,
3230 5882 3357 5945 ejus,
3373 5897 3403 5935 a
3421 5880 3765 5950 Μιιὲαιριὶς
