4062 6494
299 407 435 466 ηις

294 521 539 594 baptismi
567 535 742 578 sumus
767 519 822 576 in
847 517 1043 578 Christo
1073 517 1229 586 Iesu,
1258 517 1313 572 in
1341 523 1500 571 morte
1533 514 1692 587 ipsius
1718 510 1882 584 bapti-

292 618 398 672 zari
422 614 634 672 sumus?
657 613 990 684 Quicumque
1013 611 1170 683 igitur
1193 609 1440 682 baptizati
1460 622 1641 665 sumus
1661 606 1715 662 in
1735 603 1889 662 Chri-

292 717 382 766 sto
405 707 554 774 Jesu,
581 708 812 779 peccato
825 705 1022 760 mortui
1046 718 1232 760 sumus
1253 719 1270 771 ;
1291 701 1416 774 quia
1446 699 1508 756 in‘
1526 706 1698 755 morte
1722 697 1886 767 ipsius

293 803 545 876 baptizati
573 817 782 859 sumus.
813 798 1007 856 Audite
1025 839 1042 866 ,
1071 798 1383 870 Quicumque
1408 793 1647 866 baptizati
1670 805 1840 846 sumus
1863 804 1885 844 :

292 913 469 970 neque
495 897 634 953 enim
661 893 867 967 parvuli
890 901 945 950 et
968 908 1075 949 non
1104 891 1354 962 majores,
1385 897 1476 944 aut
1499 899 1629 942 vero
1654 884 1884 955 majores

290 1001 348 1048 ct
373 1007 478 1047 non
507 989 746 1062 parvuli;
773 987 898 1054 sed,
924 987 1254 1059 quicumque,
1283 983 1336 1039 id
1359 989 1473 1048 εει,
1502 979 1620 1036 sive
1645 976 1879 1048 parvuli,

288 1085 406 1140 sive
432 1083 681 1152 majores,
709 1079 952 1152 baptismi
979 1094 1150 1132 sumus
1171 1078 1224 1131 in
1251 1075 1448 1132 Christo
1472 1069 1619 1136 Iesu,
1643 1070 1696 1125 in
1724 1076 1884 1123 morte

289 1177 434 1230 illius
459 1173 695 1245 boptizati
721 1187 916 1238 sumus,
948 1184 1012 1225 ac
1039 1183 1134 1239 per
1163 1169 1284 1234 hoc,
1315 1179 1500 1220 sumus
1527 1161 1723 1218 mortui
1753 1173 1878 1230 pec-

291 1277 436 1322 cato.
463 1266 567 1321 Aut
581 1277 706 1334 ergo
725 1271 910 1334 aperte
933 1261 1094 1317 dicite
1113 1275 1217 1316 non
1239 1271 1360 1316 esse
1379 1255 1704 1328 Baptismum
1724 1251 1879 1308 Chri-

291 1359 362 1412 sti
391 1355 620 1428 parvulis
640 1352 1020 1420 necessarium,
1044 1357 1140 1406 aut
1160 1355 1432 1421 peccatum
1453 1345 1538 1403 cui
1559 1344 1874 1410 moriuntur,

287 1449 506 1521 quando
543 1449 596 1502 in
629 1445 842 1502 Christo
883 1445 1249 1516 baptizantur,
1285 1442 1444 1498 dicite
1483 1437 1824 1511 parvulorum
1859 1452 1874 1491 :

283 1549 380 1596 aut
409 1540 531 1612 quia
561 1540 763 1595 nullum
800 1538 1025 1609 petestis
1057 1536 1203 1594 aliud
1230 1534 1500 1600 invenire,
1532 1529 1750 1588 tandem
1779 1527 1878 1583 ali-

282 1635 500 1706 quando
529 1634 798 1704 agnoscite
824 1633 1082 1704 originale
1109 1638 1404 1703 peccatum.

357 1727 634 1784 CCXXIV.
669 1725 789 1782 JoL.
817 1725 1020 1795 Nempe
1047 1739 1168 1780 cum
1203 1720 1501 1780 viventibus
1537 1715 1870 1789 loquebatur,

283 1829 341 1878 et
368 1820 452 1874 bis
478 1819 686 1876 diccbat
711 1819 968 1889 justitiam
999 1833 1094 1888 per
1122 1813 1376 1888 mysteria
1404 1813 1568 1868 fuisse
1595 1809 1870 1868 collatam.

283 1911 562 1982 Quomodo
591 1927 720 1982 ergo
747 1911 821 1966 ait
849 1925 972 1966 eum
997 1908 1342 1980 justiﬁcatum
1371 1920 1511 1972 esse,
1539 1918 1696 1974 quem
1728 1916 1872 1956 mor-

284 2014 468 2070 tuum;
495 2004 594 2059 nisi
614 2006 737 2073 quia
762 2002 877 2058 sine
901 2001 1081 2073 aliquo
1100 2000 1333 2056 ostendit
1354 1997 1620 2067 ambiguo,
1643 2002 1870 2080 mortem

285 2095 377 2152 hic
414 2096 925 2152 abrenuntiationem
971 2108 1204 2159 vocare;
1244 2100 1299 2147 et
1343 2090 1464 2146 ideo
1504 2103 1538 2144 a
1577 2102 1637 2146 se
1677 2099 1868 2141 nomen

279 2189 474 2245 mortis
497 2190 716 2256 assumi,
742 2197 798 2244 ut
822 2189 1067 2245 ostendat
1091 2188 1162 2242 ita
1192 2185 1375 2242 ﬁdeles
1399 2200 1430 2242 a
1457 2181 1708 2255 peccatis,
1734 2179 1870 2237 sicut

281 2289 526 2338 mortuos
555 2283 624 2337 ab
648 2281 854 2336 actibus
882 2281 1078 2336 debere
1102 2278 1353 2336 cessare?

355 2375 492 2432 Ave.
532 2374 708 2430 Homo
731 2374 1082 2438 contentiose,
1106 2372 1154 2428 si
1177 2372 1278 2428 hoc
1308 2371 1428 2427 loco
1453 2366 1865 2442 apostolicorum

279 2468 571 2524 verborum
593 2483 738 2524 mors
761 2465 1154 2522 abrenuntiatio
1179 2471 1417 2529 vocatur,
1435 2471 1494 2518 ut
1526 2461 1618 2533 qui
1649 2465 1868 2530 peccato

281 2563 642 2624 abrenuntiat,
681 2570 902 2631 peccato
943 2560 1202 2616 moriatur
1245 2577 1260 2614 :
1305 2557 1484 2615 recole
1518 2552 1864 2627 quemadmo-

283 2654 415 2710 dum
459 2655 511 2708 in
549 2653 784 2709 Ecclesia
818 2652 1040 2720 Christi,
1074 2653 1127 2708 in
1167 2666 1270 2722 qua
1305 2650 1603 2720 baptizatus
1643 2659 1732 2711 es,
1761 2644 1867 2700 Ba-

281 2748 550 2820 ptismatis
575 2748 824 2820 mysteria
851 2747 1222 2807 celebrentur;
1256 2753 1308 2800 et
1335 2743 1575 2799 invenies
1599 2738 1741 2812 quod
1765 2739 1866 2795 ab-

279 2839 590 2898 renunticnt
604 2847 658 2894 et
675 2838 882 2910 parvuli
903 2853 1002 2910 per
1020 2851 1112 2892 ora
1133 2837 1470 2908 gestantium,
1488 2835 1624 2892 sicut
1642 2831 1870 2888 credunt

277 2945 381 3002 per
416 2947 510 2986 ora
549 2931 906 3002 gestantium‘
947 2947 962 2984 :
1002 2927 1146 3000 quod
1185 2927 1324 2999 apud
1363 2941 1460 2982 vos
1493 2926 1602 2996 jam
1643 2923 1868 2979 forsitan

283 3037 394 3078 non
436 3023 511 3077 ﬁt.
537 3022 626 3079 Sic
661 3023 804 3078 enim
843 3020 1142 3092 profecistis
1181 3021 1232 3075 in
1272 3019 1444 3091 pejus,
1470 3016 1568 3088 ipsi
1599 3023 1864 3080 errantes,

279 3125 340 3172 et
375 3115 508 3172 alios
546 3117 596 3171 in
637 3131 878 3172 errorem
915 3115 1187 3170 mittentes
1225 3111 1306 3184 (ll
1335 3111 1466 3166 Tim.
1507 3126 1584 3176 ιιι,
1618 3109 1743 3179 l7),
1775 3107 1868 3178 qui

280 3209 434 3263 vobis
463 3207 852 3276 consenserint,
883 3222 990 3262 non
1028 3204 1225 3261 debere
1254 3201 1626 3259 abrenuntiare
1671 3214 1866 3270 parvu-

282 3300 395 3356 lum
431 3299 839 3372 haptizaudum,
879 3298 1000 3368 quia
1039 3312 1147 3352 non
1187 3297 1344 3351 traxit
1381 3293 1642 3364 originale
1680 3305 1868 3363 pecca-

288 3401 404 3448 tum
435 3410 450 3449 :
487 3402 580 3448 aut
605 3393 649 3447 si
678 3391 837 3447 debet
876 3388 1252 3446 abrenuntiare
1279 3395 1512 3456 peccato,
1545 3383 1724 3450 dicite,
1743 3381 1863 3448 cui;

281 3493 344 3541 et
370 3499 602 3540 errorem
630 3492 866 3540 vestrum
904 3479 1192 3552 aliquando
1221 3479 1490 3547 corrigitc.

357 3575 610 3632 CCXXV.
650 3576 769 3632 ιω..
810 3575 873 3630 Si
899 3575 1032 3630 enim
1061 3572 1249 3628 mortui
1275 3587 1450 3625 sumus
1489 3586 1603 3624 cum
1641 3567 1863 3634 Christo,

282 3668 536 3724 credimus
553 3668 672 3738 quia
697 3668 912 3721 vivemus
940 3681 1055 3720 cum
1081 3662 1316 3726 Christo;
1341 3662 1554 3716 scientes
1575 3661 1693 3730 quia
1719 3659 1867 3716 Chri-

282 3769 394 3814 stus
418 3759 686 3814 suscitatus
711 3775 744 3812 a
769 3756 982 3815 mortuis
998 3757 1114 3828 jam
1135 3771 1237 3810 non
1259 3754 1490 3819 moritur,
1517 3769 1652 3807 mors
1672 3753 1726 3806 in
1753 3767 1867 3806 eum

278 3853 386 3913 iam
424 3868 524 3905 non
551 3849 890 3905 dominabitur
907 3865 926 3904 .'
945 3848 1082 3922 quod
1105 3848 1240 3901 enim
1269 3854 1496 3900 mortuus
1525 3853 1597 3900 est
1638 3853 1860 3914 peccato,

273 3955 505 4001 mortuus
527 3955 602 4001 est
638 3945 812 4010 semel,
857 3943 992 4016 quod
1019 3950 1185 3996 autem
1223 3941 1360 4008 vivit,
1390 3939 1508 3994 vivit
1545 3937 1674 3992 Deo.
1708 3936 1790 3991 [tu
1816 3944 1864 3990 et

272 4057 358 4096 vos
383 4041 621 4111 deputata
646 4055 734 4093 vos
759 4037 1018 4092 mortuos'
1047 4050 1154 4089 esse
1187 4043 1412 4105 peccato,
1445 4032 1658 4086 viventes
1695 4039 1864 4083 autem

271 4134 407 4200 Deo,
429 4133 484 4186 in
509 4131 711 4186 Christo
729 4127 767 4184 Ι
769 4146 858 4185 esu
892 4126 1066 4200 (Rom.
1091 4140 1162 4191 v1,
1195 4125 1376 4195 8-H).
1407 4122 1686 4192 Quomodo
1709 4119 1868 4175 Chri-

274 4235 411 4284 stus,
453 4223 644 4294 inquit,
673 4222 762 4292 qui
804 4227 1021 4292 peccato
1059 4227 1299 4272 mortuus
1337 4224 1422 4271 est
1458 4214 1644 4278 semel,
1679 4213 1730 4266 id
1757 4204 1868 4280 est,

279 4323 503 4388 propter
540 4321 752 4385 peccata
779 4321 960 4368 nostra
992 4316 1235 4365 mortuus
1269 4315 1351 4364 est
1377 4306 1567 4372 semel,
1592 4304 1728 4360 ultra
1755 4318 1864 4358 non

277 4408 529 4473 moritur,
570 4404 661 4460 sed
699 4405 830 4459 vivit
879 4403 935 4458 in
983 4399 1150 4473 gloria
1191 4399 1288 4455 Dei
1329 4416 1343 4454 :
1395 4397 1467 4454 ita
1504 4405 1560 4452 et
1597 4411 1726 4462 vos,
1764 4395 1866 4451 de-

278 4510 462 4574 putate
490 4514 586 4555 vos
626 4505 840 4570 peccato
877 4503 1146 4564 mortuos,
1189 4492 1318 4549 solis
1355 4491 1536 4548 vivere
1571 4497 1628 4548 et
1663 4489 1865 4546 servire

279 4596 588 4653 virtutibus.

345 4692 488 4746 Avo.
529 4687 576 4744 Ο
601 4685 736 4741 mira
761 4683 1057 4756 expositio!
1097 4678 1388 4751 Apostolus
1423 4676 1553 4732 dicit
1589 4673 1860 4732 Christum

272 4791 501 4856 peccato
530 4787 803 4835 mortuum
828 4794 842 4831 :
873 4784 926 4831 ct
949 4783 1005 4830 tu
1029 4773 1184 4839 dicis,
1209 4771 1261 4827 id
1287 4778 1389 4836 est,
1413 4776 1630 4841 propter
1648 4775 1864 4839 peccata

274 4884 481 4932 nostra.
505 4873 650 4944 Ergo
679 4868 821 4942 quod
847 4866 981 4922 dicit
1007 4865 1120 4932 ille,
1151 4863 1242 4921 Sic
1267 4871 1315 4918 et
1337 4878 1426 4918 vos
1463 4861 1744 4916 existimate
1777 4875 1864 4914 vos

274 4977 501 5022 mortuos
527 4981 635 5020 esse
667 4968 871 5034 peccato
898 4975 917 5014 :
955 4958 1059 5014 hoc
1094 4953 1361 5027 putandus
1386 4962 1470 5010 est
1504 4951 1705 5016 dicere,
1738 4949 1865 5004 Exi-

277 5059 490 5114 stimate
536 5069 632 5111 vos
678 5059 922 5108 mortuos
969 5061 1088 5104 esse
1133 5052 1352 5117 propter
1396 5050 1614 5114 peccata
1651 5039 1865 5096 vestra?

277 5149 396 5206 Non
437 5148 616 5218 utique
641 5146 748 5200 hoc
771 5143 899 5198 dicit
918 5142 1021 5197 isto
1042 5139 1206 5207 loco;
1247 5151 1350 5194 nec
1377 5143 1436 5191 tu
1473 5135 1551 5190 sic
1589 5133 1863 5203 intelligis,

281 5239 380 5296 sed
408 5245 626 5310 peccato
655 5243 919 5303 mortuos,
949 5248 1016 5290 ne
1040 5239 1258 5306 peccato
1281 5228 1544 5293 viverent,
1571 5221 1864 5281 conﬁteris.

273 5330 516 5389 Ostende
553 5345 680 5400 ergo
705 5338 759 5384 et
781 5327 1056 5384 Christum
1101 5331 1372 5382 mortuum
1418 5320 1582 5376 fuisse
1625 5325 1862 5389 peccato,

273 5441 348 5481 ne
373 5423 808 5480 inconvenienter
837 5418 1127 5492 Apostolus
1160 5415 1375 5480 dixerit,
1404 5413 1478 5468 sic
1507 5419 1553 5468 et
1589 5427 1696 5466 vos.
1735 5409 1868 5464 Pro-

273 5524 399 5587 pter
421 5513 712 5570 auferenda
741 5513 886 5569 enirn
927 5519 1112 5567 nostra
1140 5516 1380 5579 peccata,
1410 5504 1506 5561 sed
1531 5513 1706 5560 tamen
1739 5515 1870 5573 pec-

277 5617 402 5664 cato
442 5615 687 5664 mortuus
711 5613 794 5663 est
819 5625 832 5662 :
858 5605 1042 5660 ethoc
1077 5599 1364 5674 quomodo,
1397 5598 1488 5669 qui
1525 5596 1730 5652 nullum
1769 5593 1870 5649 ha-

339 5702 359 5732 ι
383 5707 618 5751 veterum
641 5699 882 5750 librorum
917 5696 1209 5748 auctoritate
1235 5691 1535 5744 restituimus
1569 5689 1678 5739 haec
1698 5689 1870 5746 verba,

269 5762 396 5828 sicut
418 5766 624 5828 credunt
644 5777 735 5828 per
757 5777 848 5814 ora
869 5764 1171 5828 gestanttum.

337 5827 360 5858 ι
381 5826 518 5890 miti,
542 5815 770 5890 deputata
808 5815 1142 5878 mirmtuos.
1170 5823 1371 5878 Αιωεεη
1394 5815 1618 5881 deputata
1640 5825 1720 5872 vos
1741 5825 1872 5866 mor-

1559 446 1568 466 ,
1626 395 1827 454 LIBER
1860 392 2235 459 SECUNDUS.

3434 421 3574 482 1242

1996 515 2108 620 butt
2135 517 2352 622 omnino
2383 529 2678 622 peccatum,
2715 543 2816 586 nec
2843 529 3123 604 originale,
3141 506 3250 594 nec
3269 508 3570 610 prepriunt,

1994 613 2094 662 nisi
2120 613 2241 682 quia
2271 613 2583 685 similitudo,
2611 619 2762 692 cujus
2795 623 2874 680 rei
2899 624 3192 682 similitudo
3215 636 3352 700 erat,
3376 645 3572 689 nomen

2585 441 2616 486 ᾳι
2655 466 2668 486 ‹
2695 443 2708 489 ὲ
3185 473 3264 497 ,κ
3275 477 3301 491 γι
3319 458 3374 491 (τί

1965 700 2238 773 _accepit?
2280 703 2532 764 Not-imus
2556 711 2697 765 enim
2727 711 2998 771 Christum
3028 716 3082 772 in
3109 718 3453 776 similitudine
3480 737 3571 778 vc-

1990 791 2134 849 nisse
2165 795 2342 851 carnis
2369 801 2569 866 peccati
2597 800 2771 872 (Rom.
2797 819 2910 870 vui,
2941 806 3037 878 3);
3085 809 3333 879 quoniam
3361 809 3414 865 in
3445 826 3568 868 vera

1987 897 2148 939 carne
2173 886 2337 952 venit,
2362 889 2456 944 sed
2485 906 2588 946 non
2621 894 2760 950 sicut
2799 896 2894 952 alii
2919 898 3161 954 homines
3183 900 3234 954 in
3266 914 3426 957 carne
3446 915 3570 971 pec-
3654 913 3663 924 '

1987 975 2090 1030 cati
2139 993 2152 1029 :
2209 987 2446 1034 mortuus
2486 992 2567 1036 est
2619 999 2746 1056 ergo
2795 985 2886 1043 ille
2933 988 3295 1046 similitudini‘
3341 994 3564 1061 peccati,

1985 1084 2141 1139 quam
2187 1071 2406 1142 gerebat
2450 1075 2501 1128 in
2529 1091 2688 1132 carne
2722 1078 2966 1144 mortali;
3022 1095 3086 1136 ac
3130 1083 3208 1138 sic
3253 1084 3564 1156 mysterium

1983 1171 2182 1220 nostra:
2212 1165 2396 1220 salutis
2428 1167 2684 1238 implevit,
2715 1181 2771 1225 ut
2811 1186 2910 1226 nos
2949 1181 3170 1242 peccato
3211 1189 3563 1244 morerentur,

1981 1255 2134 1326 cujus
2163 1256 2254 1311 illc
2279 1258 2680 1316 similitudinem
2723 1262 2924 1333 gessit:
2959 1262 3080 1319 ideo
3105 1265 3158 1320 in
3191 1275 3364 1322 morte
3400 1258 3566 1338 ipsius

1981 1348 2346 1420 haptizamur;
2378 1353 2500 1422 quia
2533 1353 2672 1410 sicut
2709 1356 2760 1410 in
2799 1355 2892 1412 illo
2923 1371 3048 1411 vera
3093 1371 3239 1412 mors
3281 1358 3416 1415 facta
3458 1368 3564 1425 est,

1979 1439 2051 1497 ita
2094 1443 2146 1498 in
2177 1443 2330 1500 nobis
2373 1460 2496 1501 vera
2531 1446 2591 1502 ﬁt
2619 1449 2864 1504 remissio
2907 1459 3270 1519 peccatorum.
3319 1451 3428 1508 Sed
3473 1452 3562 1509 hic

1976 1541 2102 1588 sunt
2127 1541 2180 1590 et
2205 1536 2407 1606 parvuli
2440 1555 2452 1592 :
2493 1538 2806 1609 Quicumque
2833 1539 2976 1595 enim
3023 1541 3264 1612 baptizati
3309 1559 3481 1600 sumus
3507 1545 3564 1600 in

1977 1625 2176 1684 Christo
2219 1627 2368 1696 Jesu,
2416 1630 2470 1686 iu
2513 1640 2671 1686 morte
2710 1633 2870 1702 ipsius
2917 1633 3158 1704 baptizati
3204 1651 3399 1691 sumus.
3447 1635 3566 1694 Non

1975 1720 2118 1775 enim
2153 1721 2231 1776 sic
2266 1722 2508 1779 homines
2535 1723 2867 1795 haptizantur
2901 1725 2952 1781 in
2979 1724 3212 1793 Christo,
3241 1734 3299 1783 ut
3323 1727 3482 1798 aliqui
3507 1727 3564 1784 in

1974 1819 2148 1867 morte
2175 1812 2360 1882 ipsius,
2390 1814 2552 1885 aliqui
2591 1829 2699 1870 non
2729 1817 2780 1870 in
2809 1825 2979 1872 morte
3009 1817 3172 1888 ipsius
3197 1817 3561 1889 baptizentur;

1973 1903 2066 1956 sed
2098 1903 2233 1960 sicut
2273 1906 2366 1984 ait,
2409 1906 2463 1961 in
2493 1922 2598 1978 quo
2636 1909 2951 1980 loquebatur
2983 1909 3097 1981 ipse
3122 1909 3386 1978 Christus,
3427 1907 3564 1980 Qui-

1973 2008 2199 2066 cumque
2237 1997 2572 2070 baptizantur
2595 2001 2646 2055 in
2677 2000 2892 2058 Christo
2935 2001 3081 2072 Jesu,
3106 2003 3158 2059 in
3197 2012 3368 2060 morte
3394 2003 3562 2074 ipsius

1971 2087 2342 2158 baptizantur:
2374 2108 2436 2148 ac
2478 2109 2574 2164 per
2615 2092 2740 2163 hoc,
2769 2097 3090 2167 quicumque
3131 2097 3468 2168 haptizantur
3503 2097 3561 2154 in

1971 2178 2185 2240 Christo
2211 2182 2356 2251 .lesu,
2391 2195 2609 2255 peccato
2627 2188 2948 2244 moriuntur.
2979 2188 3070 2244 Si'l
3097 2189 3430 2260 quicumque;
3457 2190 3564 2246 uti-

1971 2287 2075 2342 que
2099 2281 2156 2328 et
2185 2276 2424 2344 parvuli:
2465 2277 2558 2332 sed
2593 2279 2678 2334 cui
2719 2289 2941 2350 peccato
2978 2280 3182 2351 parvuli
3225 2280 3562 2336 moriuntur?

1971 2361 2088 2419 Jam
2120 2363 2336 2422 tandem
2373 2383 2556 2438 quaeso
2593 2370 2944 2426 conﬁteatur’
2971 2371 3264 2442 generatio,
3296 2387 3364 2428 ne
3404 2387 3558 2428 men-

1973 2456 2135 2512 tiatur
2163 2459 2534 2530 regeneratio;
2582 2461 2901 2518 conﬁteatur
2925 2463 2978 2517 in
3006 2463 3240 2532 parvulis
3267 2477 3394 2519 caro
3431 2477 3561 2534 pec-

1971 2551 2098 2616 cati,
2128 2559 2187 2606 ut
2211 2565 2318 2607 non
2348 2560 2574 2621 negetur
2597 2555 2755 2610 etiam
2783 2569 2879 2626 pro
2907 2553 3145 2624 parvulis
3168 2562 3379 2612 mortua
3413 2556 3564 2612 simi-

1972 2641 2140 2697 litudo
2165 2643 2339 2698 carnis
2363 2645 2586 2714 peccati.

2041 2733 2318 2791 CCXXVI.
2359 2735 2479 2792 Jun.
2511 2735 2613 2794 Ubi
2643 2737 2733 2792 hic
2757 2753 2884 2810 ergo
2913 2746 3192 2795 accusatur
3219 2739 3444 2796 natura?
3467 2741 3559 2797 ubi

1971 2825 2217 2882 humanae
2261 2827 2572 2884 substantia:
2613 2831 2896 2900 culpantur
2937 2832 3196 2888 exordia?
3243 2833 3335 2890 ubi
3382 2843 3563 2890 motus
3598 2858 3602 2863 υ

1971 2919 2274 2988 generantis
2321 2921 2600 2992 arguitur?
2647 2921 2791 2978 Luce
2819 2924 3014 2980 clarius
3054 2932 3157 2991 est,
3197 2925 3338 2996 quod
3373 2925 3486 2982 sola
3527 2942 3561 2982 a
3617 2986 3620 2989 _
3697 2967 3707 2977 ,

1971 3010 2220 3082 Magistro
2263 3011 2512 3068 Gentium
2564 3015 2909 3071 conveniatur
2951 3017 3217 3083 voluntas,
3249 3026 3308 3072 ut
3353 3017 3565 3077 abdicet

1970 3103 2177 3160 occulla
2207 3104 2484 3160 dedecoris
2515 3105 2591 3178 (ll
2622 3106 2738 3160 Cor.
2773 3122 2846 3172 tv,
2874 3106 2956 3178 2),
2985 3117 3038 3162 et
3068 3109 3122 3162 in
3163 3109 3434 3164 meliorem
3477 3109 3563 3164 vi-

1972 3204 2078 3252 tam
2107 3203 2318 3252 actuum
2343 3197 2676 3252 correctione
2725 3197 2988 3268 proﬁciat.
3026 3198 3132 3254 Sed
3175 3199 3285 3270 jam
3333 3201 3561 3271 accipiat

1969 3275 2230 3359 expositio
2252 3295 2433 3344 nostra
2462 3288 2859 3359 compendium,
2893 3305 2992 3346 nec
3017 3291 3355 3362 interpretari
3389 3291 3439 3346 in
3473 3291 3559 3348 his

1969 3379 2101 3437 locis
2126 3379 2268 3437 dicta
2293 3380 2532 3450 Apostoli
2575 3389 2915 3448 perseveret;
2963 3383 3134 3452 ipsum
3170 3383 3238 3439 de
3261 3382 3372 3438 suis
3395 3383 3566 3440 disse-

1971 3482 2182 3528 rentem
2209 3471 2458 3527 sensibus
2482 3471 2780 3526 audiamus.
2819 3470 2876 3526 In
2905 3473 3010 3526 line
3041 3471 3410 3542 disputationis
3448 3473 3564 3543 ejus

1970 3561 2283 3634 apparebit,
2327 3561 2480 3632 cujus
2524 3561 2757 3632 dogmati
2817 3561 3046 3634 ﬁdeique
3093 3565 3412 3620 consentiat.
3456 3563 3566 3620 Nos

1971 3669 2165 3725 nempe
2193 3653 2440 3719 dicimus,
2471 3653 2539 3709 de
2562 3662 2784 3724 peccato
2809 3653 3123 3723 Apostolum
3150 3653 3438 3710 voluntatis
3466 3653 3569 3710 hu-

1970 3763 2178 3814 manae,
2217 3763 2337 3818 quae
2389 3746 2441 3802 in
2492 3761 2814 3817 unoquoque
2861 3755 3117 3816 peccante
3153 3754 3272 3815 est,
3327 3748 3564 3804 locutum

1971 3839 2178 3896 fuisse:
2222 3848 2278 3895 tu
2318 3855 2468 3906 vero,
2495 3837 2565 3894 de
2605 3853 2671 3894 eo
2704 3838 2844 3910 quod
2888 3839 3084 3894 Fausto
3121 3841 3314 3906 credis,
3344 3855 3568 3912 genera-

1972 3933 2116 3986 tione
2149 3932 2544 3996 transmissum,
2574 3939 2629 3986 et
2655 3946 2686 3985 a
2711 3931 2918 3986 cunctis
2946 3931 3062 3987 sine
3087 3927 3358 3987 voluntate
3386 3948 3568 3989 susce-

1972 4032 2142 4094 ptum.
2172 4021 2613 4078 Concertatioues
2643 4022 2820 4092 itaque
2848 4031 3065 4086 nostrae,
3093 4022 3141 4077 si
3170 4023 3360 4093 placet,
3393 4022 3566 4079 faces-

1971 4125 2123 4182 sant;
2163 4124 2217 4172 et
2245 4126 2300 4170 ut
2325 4115 2669 4172 mediocriter
2696 4131 2873 4185 agam,
2897 4115 3296 4172 dissimulcmus
3325 4117 3567 4188 Apostoli

1971 4201 2302 4272 dignitatem,
2335 4214 2438 4270 qua
2482 4198 2756 4268 prmscrihi
2800 4208 3010 4269 posset,
3051 4201 3258 4255 etiamsi
3284 4200 3435 4256 vobis
3472 4215 3568 4272 per

1970 4293 2146 4347 omnia
2176 4292 2294 4362 ejus
2317 4290 2480 4346 verba
2511 4290 2880 4357 concinerent,
2907 4299 3082 4346 tamen
3110 4291 3257 4346 illum
3285 4307 3385 4364 pro
3404 4291 3568 4348 ofﬁcii

1971 4385 2052 4442 sui
2079 4382 2366 4456 splendore
2411 4383 2540 4438 nihil
2571 4390 2676 4436 tam
2719 4383 2961 4438 deforme
2987 4383 3254 4449 sensisse;
3304 4382 3569 4456 ambigui-

1973 4484 2136 4558 tatem
2181 4491 2303 4531 esse
2349 4473 2730 4540 elocutionum,
2765 4488 2868 4530 non
2915 4489 3170 4530 sensuum
3207 4477 3564 4552 pravitatem;

1973 4568 2076 4622 hoc
2103 4566 2276 4622 solum
2303 4567 2352 4622 ei
2394 4565 2450 4620 in
2479 4565 2732 4636 praesenti
2774 4567 2989 4636 negotio
3015 4565 3360 4633 concedatur,
3400 4573 3461 4622 ut
3486 4566 3570 4623 vir

1971 4679 2078 4718 non
2111 4661 2436 4733 perturbata:
2482 4659 2700 4724 mentis,
2749 4659 2919 4731 magis
2962 4659 3162 4731 scripta
3199 4674 3295 4714 sua
3323 4674 3482 4731 quam
3514 4669 3572 4716 tu

1972 4755 2301 4811 intellexisse
2343 4751 2609 4806 credatur.
2665 4749 2788 4805 Non
2833 4765 2953 4823 ergo
2981 4760 3188 4822 regnet,
3218 4751 3420 4822 inquit,
3453 4767 3572 4819 pec-

1972 4859 2142 4904 catum
2161 4847 2215 4902 in
2236 4855 2396 4901 vestro
2417 4843 2624 4898 mortali
2643 4860 2856 4916 corpore
2873 4845 2941 4898 ad
2965 4844 3300 4898 obedientium
3320 4843 3368 4898 ei
3391 4843 3568 4915 (Rom.

1972 4959 2049 5004 vi,
2095 4939 2204 5013 12).
2243 4939 2461 4994 Possem
2486 4935 2597 5006 jam
2646 4935 2734 4990 hic
2773 4935 2975 5003 dicere,
3007 4935 3390 4990 exhortationis
3420 4938 3572 4991 testi-

1973 5031 2158 5086 monio
2185 5030 2468 5100 probatum
2501 5042 2643 5094 esse,
2669 5026 2738 5082 de
2776 5026 3010 5096 peccatis
3037 5041 3162 5082 eum
3191 5041 3351 5098 agere
3376 5027 3574 5082 volun-

1974 5124 2100 5179 tatis
2130 5139 2144 5178 :
2175 5121 2299 5192 quia
2346 5119 2483 5174 mala
2533 5119 2576 5173 si
2625 5125 2805 5174 essent
2851 5117 3132 5183 naturalia,
3167 5132 3264 5188 per
3311 5117 3570 5188 justitiam

1976 5213 2190 5270 defendi
2218 5219 2455 5283 possent,
2475 5225 2572 5280 per
2593 5207 3016 5265 misericordiam
3046 5215 3321 5278 postremo
3345 5207 3568 5274 deﬁeri;

1977 5307 2127 5364 nullo
2175 5316 2353 5362 autem
2397 5313 2556 5376 pacto
2615 5302 3032 5359 admonerentur
3072 5299 3328 5356 cavenda.
3373 5297 3576 5366 Quovis

1978 5403 2123 5458 enim
2153 5399 2380 5457 naturali
2403 5397 2570 5466 malo,
2599 5397 2644 5454 si
2670 5397 2837 5452 ullum
2865 5410 2985 5453 esse
3009 5402 3212 5467 posset,
3236 5393 3340 5448 hoc
3367 5392 3569 5446 malum

2045 5561 2065 5632 ξ
2098 5558 2236 5632 ειμι,
2259 5546 3320 5632 είντηίιίὲτςάθτιρτ,γετξξιειεεςεξζιῖνὲἕὶθαιέἐῐξ-
3380 5611 3472 5632 ...ε

2014 5683 2028 5696 ο
2043 5623 2066 5652 ί
2099 5616 2244 5710 mihi,
2267 5623 2463 5683 peccato
2481 5616 3133 5710 moriuntuzqqqiciunque,
3157 5616 3320 5676 utique
3338 5646 3353 5672 ,
3379 5616 3576 5673 omisso,

1981 5683 2059 5746 si;
2079 5681 2212 5746 quod
2234 5681 2298 5732 ex
2323 5681 2657 5742 manuscriptis
2677 5681 2966 5726 restituitur.

2091 5743 2241 5820 teis
2253 5741 2602 5820 esseesse.
2612 5740 2791 5820 193120:
2798 5733 3251 5820 ΗΜΨίΨὲ
3257 5733 3470 5820 recte
3476 5748 3578 5820 .110:

1984 5810 2180 5922 sm.
2201 5805 2436 5918 inmeaqietis,
2459 5803 2738 5867 conﬁteatur
2760 5803 3080 5866 generatione,
3104 5803 3361 5852 mentiatur
3383 5809 3576 5866 regene-

1985 5884 2014 5922 r
2193 5879 2211 5918 :
2368 5900 2380 5914 .
