4062 6480
565 533 682 608 erat
721 543 890 620 inaj‘u‘s
917 532 1156 612 insaniae,
1183 523 1286 614 qua
1315 541 1614 606 tenebatur,
1641 537 1958 608 quicumque
1986 531 2144 588 dcvo.

566 647 763 701 tionem
791 637 847 698 in
874 638 1126 696 cavendis
1167 637 1325 692 rebus
1355 633 1682 691 naturalibus
1706 629 1970 700 exigebat.
2010 625 2151 696 Apo-

565 735 734 792 stolus
757 742 932 788 autem
959 731 1092 786 nihil
1113 729 1288 786 sanxit
1309 726 1450 798 quod
1479 725 1644 798 possit
1663 723 1782 794 jure
1807 717 2148 790 reprehendi.

563 823 846 882 Peccatum
891 823 1068 894 itaque
1111 821 1399 877 voluntatis
1443 815 1695 882 ostendit,
1737 812 1878 886 quod
1921 811 2152 867 inculcat

564 912 760 972 debere
788 914 966 970 vitari.

635 1008 768 1064 Anc.
809 1006 940 1073 Quis
978 1003 1185 1076 ignorat
1213 1019 1317 1058 non
1367 1001 1514 1074 loqui
1550 999 1862 1071 Apostolum
1892 995 2146 1068 parvulis,

562 1097 656 1154 sed
685 1099 764 1156 eis
789 1097 875 1167 qui
907 1101 1132 1167 possunt
1169 1093 1466 1166 intelligere
1503 1093 1662 1149 verba
1692 1091 1938 1158 dicentis,
1974 1099 2029 1146 et
2055 1089 2150 1144 ad-

563 1189 776 1260 iuvante
822 1185 915 1244 Dei
963 1187 1131 1260 gratia
1183 1186 1402 1244 obedire
1447 1185 1766 1258 praeceptis?
1813 1184 1922 1240 Sed
1969 1183 2149 1254 utique

561 1291 724 1354 agunt
745 1282 904 1339 etiam
942 1285 1064 1337 cum
1091 1279 1214 1336 illiis
1245 1280 1375 1348 suis,
1404 1288 1462 1334 ut
1485 1277 1932 1350 quemadmodum
1959 1276 2150 1330 crescit

561 1373 614 1430 in
635 1375 715 1430 eis
742 1373 964 1429 rationis
987 1387 1134 1437 usus,
1164 1370 1234 1426 ita
1261 1379 1543 1427 exseratur
1567 1369 1884 1425 obedientiae
1911 1365 2143 1429 fructus;

561 1479 630 1522 ne
657 1466 709 1522 in
740 1475 961 1523 vacuum
985 1465 1208 1536 gratiam
1235 1462 1329 1519 Dei
1351 1464 1682 1532 susceperint
1714 1459 1790 1534 (ll
1817 1459 1936 1516 Cor.
1965 1475 2041 1527 vi,
2073 1460 2144 1531 ι),

561 1559 772 1632 quando
811 1553 1108 1630 regenerati
1150 1564 1294 1624 sunt,
1327 1556 1644 1613 nescientes.
1679 1554 2053 1610 Verumtamen
2085 1553 2148 1608 il-

561 1655 666 1710 lam
720 1645 994 1727 pulchram
1045 1661 1344 1723 susceptam
1399 1660 1562 1719 tuam,
1603 1665 1722 1720 qua:
1767 1646 2024 1704 deformis
2066 1655 2150 1702 est

563 1747 814 1804 omnibus
839 1738 1255 1804 debellatoribus
1297 1744 1428 1809 suis,
1455 1743 1942 1813 concupiscentiam
1971 1741 2148 1796 carnis

559 1839 702 1908 dico,
733 1846 830 1912 per
859 1829 1018 1912 quam
1047 1838 1302 1902 nascitur,
1331 1846 1387 1892 et
1411 1840 1533 1891 cum
1563 1850 1665 1907 qua
1698 1835 1933 1890 nascitur
1953 1833 2144 1890 homo:

560 1931 700 1988 hanc
725 1947 852 2004 ergo
873 1930 1355 2002 concupiscentiam
1381 1927 1578 1994 carnis,
1597 1925 1835 1982 cohiberi
1860 1924 2149 1996 Apostolus

558 2025 819 2100 prmeipit,
843 2039 944 2082 nec
973 2039 1196 2096 regnare
1236 2021 1512 2094 permittit,
1555 2034 1780 2090 eamque
1819 2009 2020 2090 peccati
2053 2032 2150 2072 no-

557 2119 702 2175 mine
747 2112 1011 2189 appellat;
1046 2109 1169 2188 quia
1213 2116 1268 2172 et
1309 2113 1377 2170 de
1420 2114 1594 2185 primo
1640 2121 1861 2184 peccato
1890 2109 2148 2182 originem

556 2208 722 2278 ducit,
756 2217 810 2265 et
851 2208 1088 2282 quisquis
1116 2207 1232 2280 ejus
1275 2206 1508 2262 motibus
1544 2205 1611 2260 ad
1643 2205 1825 2260 illicita
1863 2217 2151 2258 consense-

558 2299 650 2365 rit,
675 2305 866 2372 peccat
893 2317 906 2355 :
936 2315 1056 2372 qua:
1078 2308 1206 2356 tunc
1235 2299 1376 2354 nulla
1403 2297 1506 2354 erit
1533 2299 1584 2353 in
1610 2297 1786 2364 nobis,
1811 2295 2024 2367 quando
2051 2297 2150 2350 im-

559 2395 784 2450 mortale
807 2407 1006 2464 corpus
1047 2381 1362 2448 habebimus
1393 2407 1412 2446 :
1441 2390 1668 2462 ideoque
1705 2404 1824 2446 cum
1852 2397 2036 2463 posset
2063 2388 2148 2444 di-

558 2497 702 2550 cere,
731 2478 856 2539 Non
882 2492 1054 2556 regnet
1092 2494 1352 2556 peccatum
1384 2483 1436 2538 in
1463 2494 1624 2538 vestro
1669 2499 1898 2554 corpore,
1937 2497 2032 2537 cur
2056 2480 2150 2536 ad-

557 2575 692 2632 didit
725 2576 967 2643 verbum,
999 2571 1054 2632 et
1079 2563 1172 2644 ait,
1202 2577 1256 2631 in
1293 2585 1455 2632 vestro
1481 2576 1686 2630 mortali
1707 2573 2066 2648 corpore,~nisi
2091 2583 2152 2628 ut

561 2678 687 2726 tunc
715 2683 1056 2740 speraremus
1094 2670 1274 2737 istam,
1304 2685 1462 2742 quam
1499 2678 1774 2739 peccatum
1816 2676 1992 2746 vocat,
2019 2657 2150 2722 cun-

559 2760 944 2832 Cupiscentiam
988 2776 1094 2816 nou
1134 2759 1388 2826 futuram,
1419 2759 1632 2830 quando
1660 2757 1886 2814 mortale
1926 2771 2030 2812 non
2059 2757 2154 2832 ha-

556 2852 806 2910 bebimus
829 2853 1066 2924 corpus?
1093 2853 1222 2909 Nam
1252 2861 1309 2908 tu
1333 2853 1421 2910 dic
1450 2853 1622 2916 nobis,
1651 2865 1748 2906 cur
1769 2865 1875 2906 non
1904 2849 1996 2916 ait,
2029 2847 2152 2904 Non

555 2947 628 3003 sit
673 2956 934 3018 peccatum
971 2947 1024 3002 in
1052 2955 1212 3002 vestro
1238 2945 1442 3000 mortali
1483 2961 1692 3016 corpore
1704 2961 1724 3010 ;
1769 2941 1863 3000 sed
1892 2944 1984 3008 ait,
2028 2939 2152 2996 Non

555 3049 728 3112 regnet
755 3055 775 3094 :
813 3040 914 3095 nisi
935 3039 1055 3110 quia
1087 3041 1186 3094 ista
1213 3037 1664 3108 concupiscentia,
1693 3047 1810 3108 qua!
1846 3051 1950 3090 non
1977 3044 2153 3106 potest

555 3129 662 3186 nisi
687 3145 808 3187 esse
831 3131 884 3186 in
919 3123 1082 3187 carne
1121 3131 1354 3198 mortali,
1387 3129 1438 3184 in
1475 3129 1552 3184 eis
1579 3137 1788 3199 regnat,
1818 3129 1906 3198 qui
1936 3127 2150 3184 deside-

555 3221 652 3278 riis
690 3221 807 3293 ejus
835 3222 904 3278 ad
934 3221 1077 3277 mala
1121 3217 1472 3292 perpetranda
1503 3221 1874 3285 consentiunt;
1920 3227 1975 3275 et
2001 3219 2068 3274 ab
2089 3235 2151 3274 ca

557 3329 895 3388 quocumque
934 3315 1183 3382 illexerit,
1210 3314 1336 3370 victi
1384 3313 1764 3385 pertrahuntur
1806 3313 2006 3384 majore
2047 3315 2147 3367 im-

559 3415 705 3482 petu,
732 3407 885 3478 quia‘
927 3406 1043 3478 lege
1071 3405 1440 3477 prohibentur,
1469 3405 1514 3460 si
1541 3404 1711 3476 gratia
1738 3415 1844 3458 non
1869 3403 2148 3475 juvantur:

558 3483 614 3558 in
654 3499 736 3557 eis
763 3510 964 3568 autem,
992 3500 1081 3571 qui
1126 3499 1240 3556 Deo
1265 3499 1498 3555 donante
1537 3493 1736 3554 faciunt
1762 3498 1904 3569 quod
1947 3515 2150 3569 praece-

557 3600 706 3664 ptum
745 3600 848 3661 est,
880 3591 932 3649 id
961 3601 1062 3658 est,
1091 3603 1374 3651 commotte
1413 3599 1572 3663 atque
1615 3588 1830 3647 instanti
1871 3607 1980 3648 non
2021 3591 2152 3648 obe-

558 3685 734 3756 diunt,
770 3703 869 3744 nec
898 3687 948 3744 ei
977 3703 1125 3742 arma
1167 3686 1420 3744 exhibent
1449 3685 1712 3752 membra,
1745 3683 1883 3742 inest
1911 3685 2148 3758 quidem,

559 3779 654 3837 sed
684 3795 788 3834 non
817 3785 1023 3852 regnat.
1053 3777 1320 3837 Probatur
1344 3786 1523 3834 autem
1551 3775 1781 3845 inesse”,
1804 3775 1930 3832 dum
1955 3793 2154 3833 concu-

558 3869 834 3942 piscuntur
881 3871 1019 3926 mala
1051 3889 1066 3926 :
1095 3877 1149 3926 et
1192 3869 1447 3940 probatur
1485 3883 1589 3924 non
1619 3882 1864 3940 regnare,
1897 3869 2022 3925 dum
2061 3869 2152 3938 ju-

557 3963 716 4019 stitia:
737 3961 1090 4040 deiectatiOne
1118 3963 1362 4018 vincente
1389 3977 1494 4018 non
1525 3961 1676 4016 iiunt.
1704 3958 1984 4030 Quomodo
2009 3963 2152 4018 enim

555 4054 892 4126 praecipimur
915 4054 960 4110 ei
989 4071 1097 4110 non
1113 4043 1352 4122 obedire,
1375 4053 1477 4110 nisi
1493 4053 1722 4125 jubenti,
1741 4059 1854 4110 sive
1874 4050 2152 4110 suadenti?

555 4144 835 4214 Quomodo
861 4155 1038 4202 autem
1067 4145 1242 4202 facere
1270 4145 1376 4201 hoc
1405 4154 1601 4216 potest,
1633 4146 1679 4201 si
1703 4161 1809 4201 non
1839 4146 2026 4202 inest?

626 4230 928 4292 CCXXVII.
987 4235 1106 4292 JUL.
1165 4221 1345 4307 Neque
1390 4235 1662 4290 exhibeatis
1712 4235 1936 4290 membra
1988 4247 2152 4292 vestra

553 4341 700 4382 arma
719 4325 1004 4404 iniquitatis
1024 4337 1226 4398 peccato
1249 4343 1268 4381 :
1297 4327 1384 4382 sed
1406 4326 1632 4383 exhibete
1655 4344 1742 4382 vos
1764 4327 1890 4397 Deo,
1911 4339 2152 4400 tanquam

534 4433 619 4489 ea:
654 4419 866 4474 mortuis
913 4419 1144 4485 viventes,
1189 4429 1238 4474 et
1277 4417 1497 4473 membra
1552 4429 1716 4474 vestra
1757 4436 1902 4473 arma
1936 4421 2152 4493 justitia:

554 4507 686 4566 Deo.
749 4507 1025 4566 Peccatum
1073 4511 1207 4564 enim
1257 4511 1310 4564 in
1355 4507 1491 4564 vobis
1538 4527 1640 4565 non
1684 4509 1975 4565 dominatur
2001 4527 2020 4566 :
2049 4531 2151 4568 non

553 4605 688 4659 enim
721 4604 814 4658 sub
843 4605 950 4676 lege
971 4604 1106 4672 estis,
1133 4603 1221 4658 sed
1246 4604 1336 4660 sub
1363 4604 1528 4676 gratia
1557 4600 1736 4676 (Rom.
1765 4621 1842 4679 (vr,
1878 4605 1945 4662 15
1965 4617 2010 4661 et
2037 4608 2145 4676 Ii).

555 4691 656 4760 Eo,
680 4687 870 4764 inquit,
903 4693 1106 4749 debetis
1143 4694 1344 4750 servire
1371 4695 1480 4750 Deo
1511 4694 1737 4762 ﬁdelius,
1767 4709 1874 4768 quo
1897 4696 2058 4752 etiam
2089 4698 2152 4752 li-

554 4783 810 4841 beralius.
851 4783 1135 4840 Peccatum
1176 4786 1371 4858 quippe
1409 4785 1781 4842 dominabatur
1825 4787 1992 4854 vobis,
2027 4805 2148 4844 cum

555 4886 799 4934 reatuum
827 4873 1165 4948 impendebat
1192 4879 1356 4946 uitio;
1385 4889 1568 4950 postea
1587 4889 1762 4936 autem
1790 4895 1948 4952 quam
1981 4877 2148 4951 gratia

557 4969 652 5024 Dei
696 4967 987 5024 beneﬁcia’
1032 4969 1304 5025 consecuti
1349 4971 1496 5038 estis,
1527 4979 1580 5026 et
1605 4970 1863 5042 depositis
1905 4981 2146 5026 reatuum

555 5061 883 5136 ponderibus
927 5063 1260 5133 respirastis,
1309 5064 1537 5136 ingenuo
1587 5065 1790 5136 pudore
1836 5065 2149 5122 commoniti

552 5153 764 5212 debetis
791 5153 1247 5226 gratiamrelerre
1272 5152 1578 5212 medicanti.

626 5249 765 5307 Atto.
807 5243 887 5303 'I‘u
918 5255 1097 5304 vestro
1141 5264 1311 5316 more,
1339 5249 1427 5319 qui
1457 5247 1524 5304 de
1557 5257 1736 5304 vestro
1764 5247 2038 5304 descendit
2063 5265 2149 5306 cr-

551 5356 698 5410 rore,
723 5356 828 5396 non
853 5341 1098 5412 agnoscis
1133 5339 1358 5411 gratiam
1387 5339 1488 5395 nisi
1528 5339 1584 5396 in
1618 5337 1930 5396 dimissione
1959 5355 2148 5410 pecca-

552 5441 766 5500 torum;
801 5443 855 5488 ut
875 5428 995 5503 'jam
1021 5429 1089 5488 de
1115 5414 1312 5488 cancro
1340 5447 1434 5504 per
1467 5431 1692 5488 liberum
1725 5431 2004 5490 arbitrium
2033 5434 2148 5506 ipse

553 5523 720 5582 homo
758 5540 818 5581 se
853 5525 1029 5596 ipsum
1073 5523 1296 5581 fabricet
1333 5524 1558 5594 justum.
1591 5521 1696 5581 Sed
1729 5540 1836 5582 non
1877 5524 1982 5582 hoc
2020 5526 2150 5584 dicit

617 5703 939 5772 fulgurans,
955 5716 1086 5755 ctan.
1116 5703 1408 5768 VignieriuS,
1431 5701 1561 5772 qui-
1574 5710 1628 5755 At
1648 5705 1975 5772 manuscripti,
2013 5705 2144 5772 quia.

616 5767 638 5798 ³
661 5767 810 5837 aditi,
834 5765 1062 5837 probatur
1084 5764 1245 5817 autém
1264 5779 1397 5828 esse;
1423 5764 1473 5816 et
1491 5764 1629 5834 infra,
1653 5767 1696 5818 si
1715 5777 1808 5819 non
1829 5764 1914 5820 est'.
1939 5764 1994 5821 A't
2016 5764 2144 5833 mss,

559 5833 1002 5942 “gemmarum
1025 5904 1047 5940 ι
1065 5902 1163 5952 ιιι-ο,
1183 5890 1358 5956 gratia:
1381 5889 1638 5958 beneﬁcia;
1654 5893 1850 5956 omisso,
1880 5893 1984 5944 Dei.

1215 423 1458 482 OPERIS
1494 417 1910 478 IMPERFECTI
1943 412 2228 474 CONTRA
2263 409 2632 480 JULIANUM,
2675 412 2734 470 S.
2774 412 3144 472 AUGUSTINI

3717 420 3848 476 illi

2259 528 2518 595 Ecclesia,
2554 543 2672 598 quae
2713 521 2907 584 clamat
2953 523 3082 596 tota,
3112 529 3256 600 quod
3297 528 3482 586 didicit
3521 545 3552 586 a
3599 533 3857 603 Magistro

2259 621 2401 676 bono
2427 638 2442 674 :
2472 620 2556 674 Ne
2584 637 2675 674 nos
2701 623 2892 692 inferas
2928 623 2984 676 in
3012 623 3335 679 mutationem
3367 622 3586 692 (Matth.
3615 639 3694 687 vr,
3725 625 3851 694 t3):

2259 729 2364 768 non
2409 713 2512 770 hoc
2546 713 2692 780 dicit,
2718 716 2806 784 qui
2831 715 2979 784 dicit,
3011 715 3231 770 Oramus
3257 727 3426 770 autem
3463 716 3534 770 ad
3578 715 3858 783 Damae

2257 807 2380 878 quid
2407 807 2606 879 faciatis
2645 808 2768 861 mali
2795 806 3007 876 (IiCor.
3035 825 3151 875 xm,
3188 811 3243 881 Ἰ)
3273 828 3287 864 :
3321 825 3426 865 non
3463 812 3570 866 hoc
3601 810 3740 866 dicit
3762 812 3857 882 qui

2255 899 2402 964 dicit,
2437 897 2631 970 Rogavi
2657 916 2748 970 pro
2773 909 2840 967 te,
2869 899 3038 967 Patre,
3065 917 3130 956 ne
3160 903 3362 971 deficiat
3404 903 3548 972 ﬁdes
3574 913 3668 957 tua
3699 903 3851 974 (Luc.

2257 1005 2387 1056 χιιι,
2418 989 2532 1062 52).
2566 989 2670 1045 Isto
2709 991 2852 1046 enim
2898 993 3058 1048 modo
3101 993 3270 1064 gratia
3315 1003 3374 1048 ut
3409 1009 3518 1050 non
3567 1009 3858 1064 peccemus

2256 1080 2402 1148 facit,
2421 1097 2526 1136 non
2553 1097 2672 1152 qua:
2699 1084 3034 1153 peccavimus
3054 1085 3225 1140 diluit.
3250 1081 3487 1157 Utroque
3511 1088 3664 1142 enim
3695 1088 3856 1142 modo

2255 1172 2472 1244 adjuvat
2507 1175 2693 1245 gratia,
2719 1185 2774 1230 et
2813 1175 3130 1232 dimittendo
3167 1193 3288 1248 qua:
3327 1178 3467 1234 male
3510 1179 3762 1245 fecimus,
3801 1191 3856 1235 et

2255 1267 2562 1338 opitulando
2599 1278 2654 1324 ut
2683 1269 3013 1327 declinemus
3043 1287 3072 1326 a
3106 1273 3260 1328 malis
3297 1281 3353 1329 et
3381 1274 3525 1330 bona
3569 1276 3852 1331 iaciamus.

2323 1360 2648 1416 CCXXVIll.
2678 1363 2796 1419 ιΙιιι..
2832 1365 3028 1420 Verum
3059 1367 3182 1436 quia
3205 1365 3468 1437 ejusdem,
3494 1383 3660 1438 quam
3691 1383 3852 1438 supra

2254 1463 2588 1524 exposuerat,
2608 1456 2916 1526 quaestionis
2935 1457 3243 1514 incurrebat
3260 1457 3504 1524 Occasio;
3531 1467 3595 1514 ut
3609 1472 3852 1530 oppone-

2253 1553 2402 1600 retur
2424 1545 2689 1614 videlicet,
2723 1547 2976 1604 liberatos
3000 1561 3032 1603 a
3055 1549 3193 1620 lege,
3210 1563 3330 1619 qua:
3363 1549 3670 1605 intentabat
3697 1550 3850 1615 iram,

2253 1649 2470 1692 securos
2525 1652 2682 1707 posse
2725 1638 2826 1694 sub
2863 1639 3048 1710 gratiae
3098 1639 3194 1695 Dei
3234 1640 3562 1711 benignitate
3603 1655 3848 1710 peccare,

2253 1728 2487 1784 subdidit
2533 1731 2770 1800 protinus
2803 1749 2815 1785 :
2851 1731 2989 1799 Quid
3013 1733 3178 1804 ergo?
3222 1733 3564 1804 peccabimus,
3610 1734 3851 1804 quoniam

2252 1837 2352 1878 non
2374 1839 2549 1878 sumus
2573 1823 2666 1878 sub
2697 1823 2821 1896 lege,
2845 1824 2934 1882 sed
2955 1825 3047 1880 sub
3073 1825 3280 1896 gratia?
3305 1825 3487 1880 Absit:
3507 1841 3582 1880 ars
3607 1826 3852 1898 ignoratis

2251 1917 2492 1986 quoniam
2518 1917 2602 1971 cui
2642 1917 2886 1972 exhibeas
2925 1934 3012 1972 vos
3053 1934 3220 1973 servos
3245 1919 3313 1972 ad
3339 1919 3703 1985 obedientium,
3730 1922 3852 1974 seni

2251 2011 2372 2063 estis
2409 2011 2518 2081 ejus
2553 2012 2633 2064 cui
2662 2009 2918 2074 oberlistis,
2941 2012 3045 2064 sive
3067 2011 3282 2082 peccati,
3311 2013 3412 2065 sive
3434 2011 3746 2066 obeditionis
3761 2013 3848 2082 ju-

2252 2100 2403 2154 stitiaa
2415 2101 2589 2174 (Rom.
2612 2118 2685 2164 vr,
2715 2103 2840 2158 15a
2855 2104 2986 2174 46)?
3008 2103 3197 2158 Iamne
3217 2105 3265 2158 ei
3291 2104 3581 2168 credimus,
3605 2105 3680 2161 de
3701 2104 3850 2174 cujus

2253 2191 2568 2248 disseruerit
2595 2193 2854 2250 hactenus
2881 2195 3190 2251 conditione
3219 2195 3462 2266 peccati?
3504 2195 3623 2260 Cui,
3656 2196 3848 2268 inquit,

2254 2283 2497 2338 exhibetis
2525 2301 2610 2340 vos
2630 2299 2800 2342 servos
2825 2287 2893 2340 ad
2918 2287 3272 2356 obedientium,
3295 2289 3405 2359 ejus
3431 2289 3563 2342 servi
3588 2290 3732 2357 estis,
3754 2289 3851 2345 sive

2256 2377 2468 2443 peccati,
2509 2377 2611 2431 sive
2627 2375 2860 2449 justitire.
2887 2376 2992 2434 Ubi
3021 2379 3108 2434 hic
3135 2393 3265 2451 ergo
3295 2379 3561 2436 indicatur
3603 2379 3676 2435 ab
3712 2381 3852 2451 Apo-

2255 2471 2394 2526 stolo
2415 2479 2696 2540 peccatum
2735 2471 2888 2539 illud,
2921 2471 3066 2544 quod
3092 2482 3218 2528 ante
3261 2473 3553 2528 voluntatis
3585 2482 3848 2545 tempora,

2257 2571 2382 2620 ante
2428 2565 2790 2620 obedientium
2843 2564 3112 2632 studium,
3159 2573 3285 2622 ante
3333 2565 3576 2623 scientiae
3625 2576 3685 2623 et
3725 2581 3848 2624 cou-

2256 2657 2496 2714 scientia:
2526 2664 2761 2724 aetatem,
2791 2656 2924 2726 ipsis
2970 2657 3188 2729 tingitur
3219 2659 3598 2729 supervolasse
3637 2660 3849 2716 semini-

2255 2749 2394 2804 bus?
2434 2749 2574 2820 quod
2597 2757 2744 2805 certe
2762 2749 2866 2804 nisi
2893 2749 2948 2804 in
2975 2749 3392 2806 Manichaeorum
3418 2749 3593 2819 libris,
3622 2753 3848 2810 inveniri

2258 2857 2363 2898 non
2387 2851 2584 2912 potest.

2327 2936 2460 2990 Anc.
2501 2933 2619 2990 Non
2673 2941 2797 2990 sunt
2847 2934 3260 2992 Manichaeorum
3310 2936 3454 3004 libri,
3493 2937 3586 2995 ubi
3633 2937 3846 3010 legitur.

2258 3023 2474 3080 Fuimus
2511 3025 2645 3079 enim
2686 3034 2734 3078 et
2767 3041 2860 3080 nos
2903 3035 3088 3080 natura
3133 3025 3230 3089 filii
3270 3027 3382 3094 ira,
3427 3029 3560 3083 sicut
3603 3037 3657 3085 et
3691 3030 3849 3086 ceteri

2257 3115 2472 3187 (Ep/res.
2504 3131 2562 3184 ιι,
2594 3116 2648 3188 '5)
2673 3134 2686 3170 :
2712 3115 2887 3186 quod1
2917 3131 3014 3172 vos
3049 3131 3188 3172 novo
3217 3133 3392 3186 more,
3419 3119 3517 3175 sed
3565 3119 3846 3191 impuden-

2258 3207 2464 3262 tissimo
2507 3222 2621 3271 ore,
2666 3207 3094 3278 interpretamini
3121 3223 3189 3264 ex
3235 3224 3436 3280 graeco,
3463 3221 3526 3266 ut
3565 3213 3851 3283 Apostolus

2257 3299 2458 3356 dixisse
2493 3301 2758 3364 videatur,
2792 3315 2899 3356 non
2946 3309 3167 3366 natura;
3200 3303 3297 3358 sed
3343 3319 3575 3374 prorsus,
3601 3307 3706 3362 hoc
3747 3311 3849 3372 est,

2259 3393 2450 3465 fulturis
2479 3409 2684 3464 prorsus
2715 3395 2812 3463 ﬁlii
2842 3399 2951 3449 ine.
2982 3395 3048 3450 Et
3074 3393 3214 3452 forte
3239 3395 3344 3452 hoc
3371 3397 3660 3454 emendare
3687 3399 3850 3456 sude-

2259 3487 2382 3542 bitis
2422 3487 2474 3541 in
2513 3487 2786 3545 codicibus
2823 3487 3060 3544 vestris:
3088 3503 3195 3544 non
3236 3489 3384 3544 enim
3419 3491 3583 3546 vultis
3623 3491 3845 3562 acquie-

2257 3595 2409 3635 scere
2429 3621 2443 3646 ,
2486 3581 2630 3651 quod
2656 3581 2758 3636 nisi
2785 3580 2921 3648 haec,
2949 3590 3151 3652 quanto
3173 3582 3376 3650 verior,
3409 3592 3561 3640 tanto
3583 3585 3854 3657 antiquior

2257 3671 2394 3728 iides
2424 3681 2584 3738 esset,
2617 3673 2719 3728 hoc
2757 3687 2946 3729 omnes
2974 3672 3127 3729 latini
3169 3675 3388 3732 codices
3429 3691 3536 3732 non
3568 3677 3851 3734 haberem.

2256 3764 2366 3821 Nec
2391 3765 2510 3820 ideo
2547 3773 2724 3821 tamen
2766 3767 3058 3838 Apostolus
3101 3781 3326 3824 monere
3353 3781 3462 3825 non
3486 3768 3696 3837 debuit,
3727 3771 3853 3828 obe-

2257 3859 2507 3915 diendum
2545 3875 2668 3916 esse
2691 3861 2936 3930 justitiae,
2963 3873 3071 3917 non
3117 3870 3354 3934 peccato,
3381 3863 3506 3934 quia
3531 3878 3730 3921 omnes
3755 3865 3852 3922 bo-

2260 3953 2434 4006 mines
2475 3952 2577 4007 sub
2621 3961 2839 4022 peccato
2869 3954 3160 4017 nascimur,
3201 3967 3430 4025 quorum
3479 3955 3599 4026 ipse
3623 3957 3852 4012 ortusin

2255 4045 2384 4100 vitio
2431 4051 2512 4099 est
2537 4043 2884 4118 (Ambrosius,
2942 4046 3029 4100 lib.
3080 4044 3106 4102 l
3157 4047 3222 4101 de
3275 4045 3602 4116 Paenitentia,
3654 4063 3771 4120 cap.
3817 4049 3854 4104 2

2255 4137 2333 4192 vel
2370 4133 2460 4210 5).
2501 4135 2637 4192 Cum
2662 4136 2804 4192 enim
2832 4133 3193 4207 generationis
3224 4145 3404 4194 reatus
3429 4141 3853 4210 regenerationis

2255 4229 2586 4300 indulgentia
2625 4227 2784 4284 fuerit
2811 4229 3109 4296 absolutus,
3136 4229 3494 4287 obediendum
3519 4241 3607 4288 est
3634 4233 3875 4314 iustitiae

2255 4321 2490 4394 Spiritui,
2520 4322 2606 4378 cui
2649 4323 2976 4392 censentire,
3009 4335 3110 4378 nec
3147 4323 3504 4380 obediendum
3534 4333 3620 4381 est
3650 4341 3853 4384 concu-

2256 4413 2528 4487 piscentiae
2555 4415 2752 4482 carnis,
2785 4422 2971 4472 contra
3001 4422 3160 4488 quam
3197 4425 3406 4474 certare
3445 4418 3756 4476 debemus:
3784 4421 3851 4476 ita

2257 4522 2386 4564 sane
2411 4517 2466 4564 ut
2492 4509 2660 4578 ipsam
2691 4511 2904 4580 quoque
2943 4507 3301 4565 obedientiam
3341 4510 3484 4581 piam
3523 4511 3728 4568 donum
3760 4511 3849 4568 Dei

2255 4615 2375 4656 esse
2421 4601 2842 4669 meminerimus,
2883 4600 3027 4672 quod
3075 4602 3320 4672 promisit
3364 4618 3462 4672 per
3507 4603 3846 4676 prophetam,

2253 4693 2458 4761 dicens,
2488 4693 2632 4749 Dabo
2661 4695 2732 4750 eis
2757 4703 2844 4749 cor
2867 4687 3203 4766 cognoicendi
3239 4711 3338 4764 me,
3369 4707 3417 4750 et
3443 4713 3594 4754 aures
3632 4700 3846 4754 audien-

2255 4794 2325 4840 tes
2367 4785 2586 4858 (Jerem.
2631 4801 2774 4852 sxw,
2816 4787 2922 4860 7):
2956 4788 3098 4859 quod
3148 4777 3274 4860 quid
3317 4801 3401 4846 est
3439 4790 3618 4860 aliud,
3665 4808 3842 4864 quam,

2257 4877 2571 4934 obedientes
2590 4878 2614 4932 2

2324 4967 2602 5026 CCXXIX.
2635 4971 2752 5026 JUL.
2788 4964 3052 5028 thterum
3078 4973 3365 5046 Apostolus
3392 4977 3631 5033 ostendit
3658 4979 3726 5052 (si
3764 4988 3846 5034 ts-

2254 5077 2376 5120 men
2407 5065 2635 5136 aliquam
2661 5065 2730 5120 ab
2751 5061 3056 5121 hominibus
3086 5066 3184 5122 hac
3214 5073 3531 5137 tempestate
3556 5069 3717 5126 ﬁdem
3744 5073 3812 5126 im
3848 5104 3856 5112 -

2253 5158 2446 5232 petrat)
2470 5201 2486 5228 ,
2518 5155 2702 5216 servos
2742 5172 2800 5216 se
2831 5157 2936 5215 non
2965 5159 3144 5216 dicere
3188 5163 3428 5232 peccati,
3460 5163 3563 5218 nisi
3591 5179 3686 5220 eos
3711 5180 3844 5236 quos

2253 5259 2462 5307 consmt
2487 5251 2759 5308 voluntate
2781 5251 2996 5324 prepria
3021 5253 3271 5310 obedisse
3296 5263 3536 5325 peccato,
3556 5256 3710 5326 cujus
3731 5271 3844 5312 mn-

2255 5345 2454 5400 latione
2474 5347 2494 5376 ²
2515 5386 2530 5410 ,
2565 5343 2617 5399 id
2643 5353 2725 5400 est
2743 5387 2758 5412 ,
2785 5345 3105 5414 voluntatis,
3137 5357 3416 5417 coeperunt
3446 5349 3652 5405 servire
3683 5349 3844 5419 justi—

2256 5439 2361 5494 tiae.
2393 5435 2762 5494 Obedientiam
2793 5443 2921 5510 ergo
2949 5439 3002 5494 in
3033 5440 3210 5496 medio
3233 5441 3550 5508 collocavit;
3578 5450 3636 5498 et
3661 5442 3713 5498 ei
3742 5443 3845 5498 im-

2254 5529 2458 5603 putavit
2479 5524 2621 5600 quod'
2647 5529 2730 5586 vel
2751 5527 2894 5586 vitiis
2919 5531 3086 5602 prius,
3103 5533 3187 5588 vel
3211 5541 3391 5604 postea
3414 5533 3739 5590 studuerunt
3755 5547 3844 5604 ps-

2254 5637 2376 5680 rere
2405 5621 2704 5678 virtutibus.
2958 5625 2964 5642 '

2326 5717 2458 5772 Auc.
2505 5715 2602 5786 Qui
2643 5716 2916 5772 confidunt
2955 5717 3008 5773 in
3044 5719 3240 5776 virtute
3277 5733 3372 5776 sua
3413 5717 3602 5796 (Psal.
3642 5735 3846 5791 XLVIII,

2317 5833 2332 5864 ¹
2357 5834 2404 5880 in
2428 5839 2554 5892 Mss,
2581 5843 2708 5894 quos.

2284 5951 2293 5957 λ
2318 5896 2336 5927 ³
2361 5899 2432 5945 Sic
2454 5897 2500 5944 in
2537 5893 2640 5944 MSS.
2665 5893 2800 5954 Editi,
2826 5894 3102 5947 imitatione.
