4062 6500
326 482 461 540 lilii

314 709 646 843 ΥοέὓΧΧΧ.
698 783 816 840 Jun.
866 780 1071 836 Gratias
1111 790 1282 836 autem
1325 779 1433 835 Deo
1456 819 1472 845 ,
1520 776 1655 844 quod
1698 774 1863 845 fuistis
1886 814 1902 841 ,

1620 470 1820 530 LIBER
1859 466 2241 529 SECUNDUS.

317 603 439 672 ηδ
489 596 620 655 vani
664 606 828 664 sunt,
877 596 1014 651 sicut
1062 608 1199 659 vos;
1249 600 1302 648 ct
1347 592 1723 656 destruantur,
1772 587 1909 642 sicut

3452 485 3601 556 tato

2018 585 2242 682 bibeatis
2262 633 2276 656 ,
2304 595 2459 664 quale
2481 579 2795 656 adhibuistis
2833 612 2956 660 ante
2979 605 3287 663 criminibus
3321 626 3334 664 :
3366 625 3594 682 cumque

2015 679 2206 749 injuria
2228 684 2303 740 sit
2325 686 2665 746 honestarum
2699 710 2874 749 rerum
2896 737 2910 759 ,
2938 696 2986 752 si
3010 698 3102 753 tali
3125 711 3441 770 appetuntur
3464 679 3596 773 pro-

2012 773 2207 841 posito,
2229 778 2385 845 quale
2413 790 2495 834 est
2521 782 2846 842 deformibus
2868 787 3167 858 impensum
3192 793 3383 858 rebus;
3412 804 3592 854 tamen

313 877 522 949 inquit,
570 876 699 932 serui
729 875 956 944 peccati;
980 874 1089 929 sed
1117 873 1355 930 obedienc
1396 885 1461 929 ea:
1484 869 1666 935 corde,
1710 869 1762 922 in
1794 884 1905 921 eam
2008 864 2303 938 disciplina:
2326 870 2468 936 huic,
2493 873 2548 929 ln
2576 891 2678 946 qua
2703 880 2850 943 estis,
2873 880 3088 948 sufficit,
3116 884 3159 938 si
3187 886 3270 940 vel
3298 887 3388 940 tali
3416 888 3592 943 inten-

311 976 537 1044 forn‘tam
561 969 839 1035 doctrinae,
868 969 923 1023 in
947 984 1098 1038 quam
1134 967 1307 1022 traditi
1343 966 1461 1021 estis
1490 980 1510 1019 :
1539 963 1733 1019 liberati
1756 964 1773 994 ί
1804 978 1902 1016 au-

313 1076 417 1121 tem
444 1081 478 1119 a
506 1072 709 1136 peccato
726 1102 743 1127 ,
774 1062 903 1117 serui
930 1062 1048 1117 estis
1096 1062 1219 1132 {acti
1257 1059 1470 1131 justititz
1503 1056 1678 1130 (Rom.
1709 1072 1761 1112 vt
1782 1097 1798 1124 ,
1830 1058 1898 1112 l7

311 1169 363 1216 et
391 1160 506 1232 l8).

389 1254 522 1311 Aac.
550 1249 720 1309 Surdc
736 1291 753 1316 ,
774 1249 897 1306 audi
920 1248 1232 1321 Apostolum
1256 1248 1457 1318 gratias
1477 1255 1721 1320 agentem
1748 1246 1858 1302 Deo
1882 1288 1896 1313 ,

308 1346 458 1418 quod
484 1345 600 1416 eius
623 1342 881 1400 doctrinae
908 1358 973 1399 ex
1003 1342 1165 1399 corde
1190 1341 1543 1398 obedierunt:
1569 1341 1899 1413 quandoqui-

218 1442 223 1447 ’
310 1440 471 1503 dem,
501 1453 609 1495 nou
632 1437 766 1494 dixit
785 1478 800 1505 ,
829 1435 1034 1493 Gratias
1060 1435 1168 1491 Deo
1186 1478 1201 1501 ,
1233 1436 1356 1509 quia
1386 1436 1668 1507 praedicata
1695 1446 1775 1491 est
1803 1450 1899 1492 vo-

308 1529 392 1586 bis
414 1529 659 1587 doctrina
683 1528 837 1601 ejus;
867 1530 962 1586 sed
981 1570 997 1598 ,
1025 1530 1147 1600 quia
1171 1528 1424 1585 obedistis.
1450 1528 1566 1585 Non
1582 1529 1736 1585 enim
1775 1544 1893 1585 om-

303 1636 404 1679 nes
425 1622 718 1678 abaudiunt
739 1622 1029 1694 Evangelio
1053 1621 1165 1695 (Id.
1190 1638 1221 1677 ιι
1242 1663 1256 1688 ,
1299 1621 1421 1693 16);
1462 1621 1555 1677 sed
1584 1622 1776 1692 quibus
1795 1621 1894 1676 da-

306 1722 420 1770 tum
445 1724 562 1783 eet,
591 1721 655 1770 ut
674 1712 962 1771 obaudiunt
996 1730 1008 1766 :
1041 1714 1177 1770 sicut
1198 1755 1213 1779 ,
1246 1711 1416 1768 Nosse
1438 1714 1730 1784 mysterium
1754 1714 1896 1784 regni

303 1804 551 1860 actorum
567 1805 705 1861 uobis
726 1805 907 1860 datum
930 1813 1003 1861 est
1020 1846 1034 1870 ,
1064 1804 1139 1858 ait
1167 1803 1454 1869 Dominus;
1481 1803 1583 1857 illis
1608 1812 1771 1859 autem
1793 1820 1895 1859 non

303 1905 378 1952 est
401 1896 575 1951 datum
602 1895 814 1969 (Matth.
854 1911 948 1951 χιιι
967 1938 982 1962 ,
1025 1895 1134 1964 ll).
1175 1894 1292 1951 Non
1319 1910 1447 1966 ergo
1474 1912 1539 1951 cx
1564 1896 1761 1963 corde,
1791 1896 1894 1953 hoc

303 1996 391 2045 est
410 2001 475 2043 ex
500 1987 790 2052 voluntate,
821 1984 1148 2053 obedicseut,
1178 1986 1221 2041 si
1248 2001 1354 2042 non
1382 1998 1772 2057 prtepararetur
1800 2004 1894 2044 vo-

304 2081 524 2139 ltum:
540 2079 769 2137 Domino
787 2096 801 2134 :
819 2079 1053 2149 alioquin
1075 2078 1404 2135 mendaciter
1417 2078 1467 2135 ei
1484 2078 1551 2135 de
1569 2078 1667 2135 hac
1681 2094 1741 2135 re
1758 2080 1892 2150 Apo-

303 2171 475 2227 stolus
492 2170 695 2242 gratias
710 2171 839 2242 agit,
861 2171 907 2226 si
930 2171 1030 2226 hoc
1050 2170 1163 2240 ipse
1180 2184 1288 2226 non
1312 2170 1453 2227 fecit.

372 2259 653 2318 CCXXXI.
682 2262 801 2318 ius.
833 2261 914 2318 Ex
938 2262 1099 2318 corde
1118 2303 1134 2331 ,
1162 2262 1367 2334 inquit;
1393 2262 1709 2319 obedientize
1754 2262 1891 2319 facta

294 2354 543 2421 mutatio,
560 2354 812 2411 liberavit
834 2369 930 2410 vos
958 2368 988 2410 a
1016 2363 1258 2426 peccato,
1277 2365 1332 2411 et
1356 2355 1622 2411 sanctitati
1646 2355 1769 2412 fecit
1795 2356 1892 2411 ad-

299 2445 525 2502 lnerere.
728 2466 731 2473 ⁴

372 2544 507 2599 Anc.
524 2540 629 2597 Sed
647 2542 761 2596 hac
783 2541 1008 2597 mutatio
1028 2540 1265 2596 dexterae
1287 2540 1494 2597 Excelsl
1516 2549 1623 2596 est.
1637 2540 1776 2596 Audi
1794 2539 1890 2596 ho-

299 2635 501 2689 minem
528 2634 620 2689 Bei
650 2634 787 2689 hanc
828 2635 879 2688 in
909 2633 1124 2689 Psalmo
1162 2633 1386 2703 gratiam
1429 2631 1803 2697 conﬁtentem,
1834 2641 1890 2689 et

300 2725 448 2781 disce
465 2725 585 2796 quis
606 2733 770 2780 mutet
796 2724 847 2779 in
874 2724 1066 2779 melius
1090 2723 1322 2779 hominis
1346 2724 1694 2779 voluntatem.
1724 2723 1789 2777 Et
1809 2724 1889 2777 di-

294 2816 371 2887 ci,
406 2818 594 2890 inquit,
626 2818 779 2873 Nunc
800 2818 963 2888 ccepi;
988 2817 1096 2872 haec
1118 2826 1190 2872 est
1212 2816 1494 2871 immutatio
1523 2816 1744 2872 dextera:
1770 2814 1885 2871 Ea:-

292 2912 415 2967 celsi
438 2909 613 2983 (Psal.
640 2926 815 2974 um,
847 2910 961 2979 11).
1314 2932 1317 2941 λ
1590 2957 1597 2965 .

363 3001 666 3059 CCXXXII.
695 3002 815 3058 Jun.
849 3000 1147 3056 Humanum
1179 3010 1253 3055 est
1280 2999 1417 3072 quod
1436 3001 1549 3055 dico
1575 3008 1780 3072 propter
1802 3001 1885 3055 in-

292 3098 583 3168 ﬁrmitatem
608 3097 777 3152 carnis
797 3104 972 3152 uestra
998 3112 1021 3151 :
1046 3097 1175 3151 sicut
1197 3095 1332 3150 enim
1349 3093 1643 3151 exhibtlistis
1663 3095 1886 3151 membra

290 3199 452 3246 vestra
468 3191 656 3245 seruire
672 3190 1007 3245 immunditia:
1033 3200 1081 3245 et
1097 3187 1352 3261 iniquitati
1372 3190 1440 3243 ad
1458 3188 1791 3260 iniquitatem,
1810 3190 1885 3242 ita

288 3298 425 3339 nunc
444 3285 671 3339 exhibete
697 3283 920 3338 membra
940 3291 1105 3338 uestra
1122 3282 1308 3337 servire
1334 3282 1552 3353 justitite
1569 3280 1622 3335 in
1649 3281 1882 3348 sanctiﬁ-

288 3377 539 3431 cationem
580 3375 757 3448 (Rom.
803 3391 854 3430 vt
874 3416 889 3443 ,
928 3374 1041 3446 19).
1071 3374 1117 3430 0
1144 3384 1531 3445 praeceptorem
1557 3373 1757 3445 Spiritu
1788 3373 1882 3429 Dei

294 3466 539 3540 plenum!
563 3484 686 3525 vere
710 3484 803 3524 vas
826 3484 1069 3536 aureum,
1087 3477 1142 3524 et
1171 3468 1351 3523 tubam
1380 3483 1484 3522 non
1506 3468 1735 3524 concisis
1760 3467 1884 3522 stri-

286 3559 550 3627 doribus,
572 3560 673 3631 sed
696 3560 952 3616 absolutis
991 3560 1211 3621 vocibus
1252 3560 1649 3628 increpantem!
1681 3559 1882 3613 Aucto-

293 3653 506 3709 ritatem
527 3653 758 3709 sermoni
780 3667 879 3709 suo
898 3651 966 3708 de
990 3651 1385 3713 exhortationis
1407 3651 1732 3706 humanitate
1753 3664 1882 3706 con-

290 3746 458 3802 ciliat.

361 3839 501 3896 Avo.
531 3838 575 3895 Ο
604 3846 655 3907 te
680 3839 1020 3910 deceptorem
1050 3838 1240 3908 spiritu
1266 3837 1516 3892 barretico
1542 3838 1777 3908 plenum,
1802 3847 1884 3892 to-

289 3941 400 3987 tum
424 3932 641 3988 dantem
667 3916 901 3987 hominis
925 3931 1216 3998 voluntati,
1242 3937 1428 3987 contra
1449 3946 1572 3985 cum
1597 3928 1687 4000 qui
1713 3929 1878 3997 dicit,

288 4018 425 4091 Quid
445 4026 575 4092 enim
599 4026 750 4080 habes
770 4025 905 4097 quod
927 4041 1027 4079 non
1046 4024 1283 4094 accepisti
1304 4022 1343 4095 (l
1368 4022 1484 4077 Cor.
1513 4036 1586 4089 tv,
1607 4022 1882 4093 7)?Homo

280 4100 570 4193 i’elagiane
589 4161 604 4187 ,
638 4120 925 4191 plauttmdo
952 4128 1008 4176 et
1035 4120 1255 4191 rigando
1284 4121 1382 4176 ista
1412 4119 1623 4175 dicebat
1646 4120 1879 4190 Aposto-

276 4211 374 4267 lus
398 4228 419 4265 ι
447 4212 626 4268 sciens
648 4221 829 4268 autem
858 4211 1001 4282 quod
1020 4228 1184 4282 neque
1204 4212 1291 4282 qui
1320 4211 1536 4281 plantat,
1566 4220 1638 4266 est
1663 4210 1877 4281 aliquid,

290 4318 451 4374 neque
468 4304 554 4374 qui
578 4304 743 4374 rigat,
770 4304 859 4359 sed
885 4305 970 4376 qui
994 4305 1356 4359 incrementum
1378 4303 1477 4359 dat
1488 4303 1626 4359 Deus
1642 4303 1755 4374 (1d.
1783 4320 1836 4359 ιιι
1859 4346 1878 4372 ,

176 4393 191 4397 ’
292 4396 372 4467 7),
391 4412 496 4453 non
515 4398 854 4469 prmeipiebat
869 4407 1093 4467 tantum,
1111 4398 1207 4454 sed
1224 4399 1385 4454 etiam
1400 4398 1587 4453 orabat
1607 4398 1673 4453 ad
1691 4398 1874 4464 vomu,

291 4495 353 4544 ut
364 4488 685 4545 malum-non
694 4489 955 4556 facerent,
968 4489 1162 4561 quibus
1171 4488 1287 4559 ejus
1299 4489 1511 4559 eloquia
1524 4488 1845 4558 praedicabat
1862 4506 1876 4542 :

288 4577 478 4651 aperte
494 4580 633 4635 enim
656 4580 778 4655 alibi
793 4578 939 4657 dicit,
954 4579 1179 4636 Oramus
1200 4588 1367 4634 autem
1388 4581 1455 4634 ad
1471 4579 1656 4648 Deum,
1675 4596 1739 4634 ne
1756 4580 1881 4651 quid

278 4674 493 4746 faciatis
521 4674 645 4729 mali
669 4660 739 4745 (ll
765 4671 883 4729 Cor.
910 4691 1035 4741 xm,
1065 4664 1141 4747 7).

352 4752 685 4823 CCXXXIII.
718 4764 838 4822 IUL.
868 4766 947 4823 Ne
981 4766 1108 4838 quid
1135 4767 1278 4821 enim
1303 4764 1525 4820 arduum
1552 4773 1608 4821 et
1636 4764 1878 4821 inacces-

282 4874 405 4916 sum
430 4860 637 4916 homini
662 4862 954 4931 pmoipere
975 4860 1244 4917 videretur
1259 4902 1274 4925 ,
1300 4852 1525 4916 verbum
1546 4858 1616 4915 de
1650 4874 1879 4915 consue-

286 4950 469 5006 tudine
489 4950 800 5023 usurpavit,
826 4960 885 5007 ut
903 4951 1182 5007 humanum
1202 4950 1437 5018 diceret,
1464 4950 1516 5005 id
1538 4959 1620 5007 est
1639 4993 1654 5018 ,
1686 4950 1838 5006 facile
1860 4993 1875 5017 ,

290 5046 568 5102 tractabile
588 5089 603 5115 ,
627 5055 683 5103 et
707 5046 850 5117 quod
882 5061 1162 5102 causarum
1188 5044 1586 5115 comparatione
1611 5044 1876 5100 mitescat.

288 5135 406 5191 Non
435 5152 466 5191 a
494 5138 677 5205 vobis,
709 5138 914 5209 inquit,
945 5152 1171 5209 reposco
1214 5151 1395 5208 parem
1440 5135 1677 5207 angustis
1719 5135 1881 5190 rebus

290 5229 635 5285 intentionem
656 5272 671 5297 ,
716 5246 818 5286 nec
844 5245 1003 5302 quam
1035 5243 1241 5300 magnae
1269 5238 1392 5283 sunt
1419 5228 1675 5282 virtutum
1704 5242 1835 5297 opes
1857 5268 1874 5295 ,

292 5327 398 5375 tam
428 5332 561 5375 nova
586 5322 757 5388 vobis,
786 5321 979 5394 quibus
1002 5335 1094 5377 eas
1118 5319 1429 5392 capessatis,
1459 5327 1724 5390 prazcepta
1751 5332 1881 5374 con-

284 5413 453 5469 stituo
477 5429 491 5466 :
512 5412 642 5468 nihil
668 5411 839 5470 ferum
867 5414 1074 5485 ingero,
1099 5412 1227 5467 nihil
1252 5412 1394 5483 quod
1416 5412 1506 5467 vix
1531 5410 1735 5483 portari
1756 5425 1883 5482 pos-

281 5504 354 5559 sit
380 5503 578 5573 indico;
594 5521 663 5561 ne
680 5505 733 5561 si
761 5521 857 5577 pro
881 5504 1163 5577 spléndorc
1183 5504 1403 5576 justitiaz
1429 5504 1535 5562 tale
1560 5504 1759 5576 aliquid
1779 5503 1882 5559 im-

280 5611 559 5668 perarem,
592 5596 660 5653 de
699 5598 880 5654 carnis
904 5597 1217 5653 infirmitate
1256 5596 1535 5668 conquesti
1577 5597 1880 5668 allegaretis

273 5686 457 5760 iugem
486 5695 583 5744 vos
605 5689 848 5745 laborem
874 5689 1018 5746 ferre
1044 5704 1148 5746 non
1176 5704 1353 5761 posse.
1394 5688 1546 5746 Nunc
1574 5691 1753 5759 itaque
1778 5690 1881 5744 hac

256 5779 653 5838 moderatione
679 5782 945 5837 convenio
964 5823 981 5849 ,
1011 5790 1069 5837 ut
1095 5782 1200 5838 tale
1225 5782 1457 5838 studium
1484 5781 1767 5843 virtutibus
1787 5781 1881 5836 ad-

345 5962 365 5996 ι
388 5964 463 6014 sic
485 5970 589 6013 uss.
612 5968 668 6012 Αι
691 5963 827 6026 editi,
854 5960 995 6015 liberi

2011 958 2154 1014 tione
2170 960 2431 1030 justitiam
2456 968 2729 1022 sectamini
2749 1006 2764 1035 ,
2796 971 2940 1040 quali
2969 971 3301 1043 iniquitatem
3326 976 3454 1031 estis
3484 977 3591 1031 im-

2009 1050 2433 1124 munditiamque
2450 1058 2656 1114 sectati.

2077 1145 2210 1202 Anc.
2244 1146 2356 1203 Hoc
2382 1156 2560 1206 tamen
2588 1166 2693 1206 non
2718 1151 2934 1221 facient,
2964 1156 3063 1210 nisi
3093 1157 3168 1212 illi
3196 1157 3443 1215 formose
3471 1176 3591 1217 sus-

2004 1243 2173 1307 ceptae
2217 1247 2353 1305 tuae,
2378 1242 2824 1312 concupiscentiae
2864 1247 3037 1302 carnis
3063 1261 3355 1321 repugnent
3394 1254 3590 1313 robore

2000 1329 2276 1388 claritatis
2308 1350 2322 1387 :
2352 1347 2476 1389 cum
2515 1351 2620 1407 qua
2652 1337 2768 1409 lege
2809 1339 3166 1397 membrorum
3186 1384 3202 1411 ,
3230 1354 3587 1415 repugnatum

2002 1422 2105 1495 legi
2148 1426 2376 1493 mentis,
2410 1430 2586 1485 omnis
2625 1430 2788 1487 homo
2822 1434 3093 1500 nascitur;
3125 1445 3178 1491 ct
3202 1436 3353 1507 cujus
3378 1437 3585 1509 obliga-

2002 1519 2149 1576 tione
2176 1536 2299 1576 reus
2336 1531 2419 1577 est
2440 1525 2457 1555 ι
2480 1563 2495 1588 ,
2527 1524 2572 1577 si
2616 1539 2722 1580 non
2770 1536 3111 1594 renascatur;
3142 1544 3300 1599 quam
3330 1531 3585 1587 mortales

2000 1627 2107 1666 non
2132 1614 2351 1669 vincunt
2373 1628 2473 1670 suo
2505 1616 2694 1685 spiritu
2712 1658 2728 1684 ,
2755 1618 2801 1673 si
2831 1633 2934 1672 non
2964 1628 3192 1690 aguntur
3217 1621 3310 1676 Dei
3338 1621 3542 1691 Spiritu
3567 1639 3581 1677 :

1998 1703 2253 1776 Quotquot
2267 1706 2401 1761 enim
2413 1706 2616 1776 Spiritu
2624 1707 2719 1763 Dei
2733 1719 2969 1782 aguntur,
2986 1712 3039 1764 hi
3053 1711 3148 1780 ﬁlii
3162 1721 3279 1766 sunt
3294 1713 3389 1767 Dei
3404 1712 3582 1787 (Rom.

1996 1811 2109 1863 vtn,
2142 1796 2255 1864 14).
2284 1795 2361 1853 lte
2384 1811 2547 1866 nunc,
2575 1806 2629 1854 ot
2655 1808 2839 1855 contra
2869 1800 3026 1858 istam
3056 1801 3398 1857 christianum
3425 1809 3586 1873 atque

1996 1889 2341 1960 apostolicam
2368 1892 2642 1949 veritatem
2665 1893 2970 1950 extollendo
2999 1896 3325 1967 praecipitate
3354 1896 3580 1954 liberum

1995 1981 2308 2052 arbitrium,
2336 1994 2391 2040 et
2418 1986 2472 2039 in
2497 1994 2675 2041 vestra
2699 1987 2896 2044 virtute
2913 2029 2928 2053 ,
2959 2004 3070 2044 non
3096 1989 3422 2061 assurgendo
3442 2030 3456 2057 ,
3486 1989 3583 2047 sed

1994 2072 2236 2130 cadendo
2254 2117 2269 2143 ,
2299 2075 2572 2135 conﬁdito.

2064 2162 2391 2222 CCXXXIV.
2440 2168 2559 2224 Jun.
2591 2167 2885 2226 Credamus
2929 2171 3111 2243 itaque
3137 2171 3386 2243 Magistro
3432 2172 3578 2230 Gen-

1996 2257 2165 2326 tium,
2213 2268 2271 2315 ct
2315 2260 2601 2318 reddamus
2649 2264 2699 2318 ei
2751 2265 3113 2321 testimonium
3160 2268 3396 2324 veritatis
3446 2285 3602 2326 suat.-

1995 2349 2133 2406 Vere
2154 2344 2298 2407 enim
2321 2392 2336 2417 ,
2368 2354 2503 2410 sicut
2542 2355 2715 2422 dixit,
2750 2355 3039 2414 humanum
3077 2368 3161 2415 cst
3204 2358 3345 2429 quod
3374 2377 3579 2433 prmce-

1994 2444 2110 2512 pit,
2159 2453 2218 2500 ut
2246 2447 2533 2504 voluntatis
2578 2452 2841 2507 correctio
2886 2453 3197 2510 emendaret
3227 2456 3353 2512 vitia
3386 2459 3581 2516 volun-

1993 2538 2136 2594 tatis.

2062 2631 2195 2687 Atto.
2225 2631 2330 2688 Sed
2355 2633 2619 2691 correctio
2644 2635 2760 2692 inec
2785 2636 3018 2694 humana
3045 2654 3152 2695 non
3177 2640 3236 2695 fit
3273 2641 3375 2698 nisi
3401 2646 3582 2715 cpitu-

1992 2719 2190 2776 latione
2209 2722 2405 2778 divina.
2428 2724 2559 2793 Quis
2580 2726 2721 2782 enim
2741 2727 2972 2783 hominis
2996 2730 3215 2802 corrigit
3230 2733 3580 2804 voluntatem,

1990 2816 2090 2872 nisi
2116 2817 2205 2873 ille
2222 2819 2305 2874 cui
2327 2818 2522 2875 dicitur
2539 2862 2556 2889 ,
2585 2819 2723 2876 Deus
2740 2822 2981 2877 uirtutum
3001 2866 3014 2888 ,
3042 2836 3271 2881 converte
3295 2842 3386 2882 nos
3406 2826 3583 2898 (Psal.

1990 2923 2170 2977 ustx,
2199 2908 2287 2982 8);
2309 2918 2384 2977 et,
2417 2910 2569 2978 Deus,
2599 2923 2653 2968 tu
2680 2924 2971 2971 convertens
2994 2917 3267 2989 viuiﬁcabis
3290 2936 3380 2975 nos
3406 2919 3579 2993 (Psal.

1988 3012 2204 3068 manv,
2230 3001 2322 3073 7)?
2343 3004 2387 3057 Α
2412 3002 2636 3059 Domino
2662 3006 2803 3061 enim
2836 3018 3049 3077 gressus
3078 3008 3309 3065 hominis
3339 3008 3583 3083 dirigitu-

1988 3098 2091 3155 tur,
2112 3101 2166 3146 ct
2189 3093 2327 3147 viam
2352 3092 2469 3164 ejus
2496 3095 2637 3150 volet
2662 3095 2833 3167 (Psal.
2861 3102 3040 3165 xxxvi,
3058 3100 3173 3171 25).
3189 3098 3245 3156 Si
3273 3112 3453 3158 autem
3475 3116 3583 3159 non

1986 3182 2054 3236 ab
2082 3183 2174 3237 illo
2196 3182 2523 3255 dirigantur,
2555 3185 2717 3242 homo
2741 3187 2882 3242 viam
2913 3189 3009 3244 Dei
3039 3205 3145 3244 non
3170 3191 3345 3259 volet,
3374 3192 3474 3249 etsi
3498 3188 3584 3265 ju-

1985 3275 2109 3332 beat
2139 3277 2219 3331 lex
2250 3286 2309 3330 ut
2336 3278 2480 3332 velit.

2045 3367 2349 3424 ccxxxv.
2365 3368 2483 3425 ιοιι
2500 3364 2604 3426 Sed
2625 3376 2681 3426 ut
2702 3369 2805 3427 hoc
2826 3371 3136 3441 humanum,
3155 3373 3233 3430 sic
3252 3353 3383 3430 illud
3402 3368 3545 3432 aliud
3559 3378 3582 3412 ι

1986 3461 2030 3515 si
2075 3468 2355 3531 putasset;
2401 3468 2507 3516 non
2537 3462 2709 3517 solum
2756 3462 3105 3519 inhumanum
3125 3508 3139 3531 ,
3169 3470 3274 3520 non
3301 3466 3473 3521 solum
3501 3464 3582 3523 Ye-

1985 3567 2103 3608 rum
2124 3595 2138 3619 ,
2172 3562 2355 3609 verum
2397 3554 2558 3610 etiam
2588 3555 2881 3627 iniustum;
2927 3558 3035 3613 non
3064 3558 3238 3613 solum
3280 3556 3534 3629 injustam
3559 3600 3577 3630 ,

1986 3658 2172 3699 verum
2192 3645 2349 3700 etiam
2375 3647 2617 3700 insanum
2639 3663 2654 3713 ;
2685 3656 2741 3701 ut
2761 3658 3037 3719 peccatum
3058 3649 3105 3704 si
3131 3661 3313 3707 nosset
3334 3651 3536 3711 innasci
3560 3694 3578 3723 ,

1986 3736 2332 3805 exprobraret
2374 3749 2487 3791 sua:
2510 3739 2686 3792 anatis
2729 3734 3034 3795 hominibus
3062 3741 3187 3795 vitia
3230 3753 3413 3811 partus
3436 3743 3579 3799 anti-

1985 3827 2076 3897 qui
2097 3827 2150 3893 ³ς
2182 3836 2237 3882 ct
2260 3828 2328 3882 ab
2353 3828 2437 3883 his
2459 3831 2775 3900 praeciperet
2798 3831 3173 3888 abstinendum
3193 3876 3207 3899 ,
3240 3846 3359 3905 qua:
3397 3835 3581 3892 innata

1986 3917 2264 3985 credebat;
2288 3928 2446 3990 atque
2470 3935 2591 3977 cum
2616 3922 3048 3979 interminatione
3077 3925 3466 3995 praescriberet,
3489 3926 3583 3983 de-

1985 4008 2115 4063 bere
2129 4024 2214 4064 me
2231 4024 2293 4064 ea
2310 4009 2596 4080 deponere,
2616 4027 2735 4082 quae
2751 4022 2877 4068 ante
2893 4013 3089 4069 habere
3108 4029 3398 4087 (nepetam,
3418 4032 3578 4090 qustu

1985 4099 2161 4154 anima
2188 4099 2241 4154 in
2270 4104 2465 4171 corpus
2490 4117 2692 4170 meum,
2713 4103 2765 4158 in
2794 4102 2937 4160 hunc
2957 4121 3084 4163 vero
3100 4104 3357 4165 mundum
3382 4124 3581 4181 corpus

1986 4192 2226 4249 intraret.
3200 4264 3203 4267 ἰ

2055 4286 2191 4350 Aug.
2220 4287 2355 4358 Ergo
2375 4288 2549 4349 carnis
2574 4290 3005 4359 concupiscentia
3032 4307 3138 4346 non
3155 4301 3239 4348 est
3264 4294 3468 4360 innata;
3488 4304 3583 4352 aut

1984 4393 2091 4433 non
2119 4378 2187 4431 ab
2206 4386 2270 4433 ea
2296 4379 2541 4449 praecipit
2566 4380 2959 4446 abstinendum,
2989 4382 3079 4453 qui
3105 4383 3257 4451 dicit,
3286 4384 3499 4440 Contine
3533 4395 3583 4441 te

1984 4469 2150 4538 ipsum
2180 4468 2365 4542 (Eccli.
2394 4486 2524 4535 xxx,
2553 4471 2681 4544 24);
2711 4481 2785 4538 et,
2816 4472 3085 4528 Desideria
3100 4475 3352 4544 juvenilia
3376 4480 3494 4546 fuge
3513 4476 3583 4548 (ll

1985 4560 2120 4616 Tim.
2150 4577 2209 4629 ιι,
2226 4563 2340 4633 22).
2368 4562 2477 4617 Cur
2503 4564 2787 4634 non’dixit,
2811 4564 3119 4620 Voluntaria
3143 4565 3406 4622 desideria
3434 4566 3581 4639 fuge?

1984 4654 2241 4712 Iuventus
2277 4657 2461 4727 utique
2488 4672 2680 4712 nomen
2706 4657 2880 4713 relatis
2904 4667 2986 4714 est
3017 4674 3031 4712 :
3066 4668 3253 4715 aetates
3276 4669 3453 4717 autem
3481 4676 3580 4716 na-

1985 4757 2123 4810 tura,
2152 4763 2259 4802 non
2286 4747 2531 4802 voluntas
2556 4747 2735 4816 habet,
2766 4758 2823 4805 et
2846 4763 2908 4804 ea
2946 4752 3374 4820 concupiscentia
3399 4752 3465 4807 dc
3488 4752 3578 4823 ju-

1984 4840 2145 4896 venili
2161 4848 2320 4897 {etate
2344 4842 2576 4898 maxime
2591 4843 2920 4910 accenditur;
2939 4842 3091 4921 cujus
3116 4846 3297 4916 utique
3321 4846 3399 4900 vis
3423 4845 3474 4900 in
3497 4845 3583 4902 iu-

1985 4932 2130 4987 fante
2143 4930 2167 4964 ⁸
2186 4932 2357 5001 sopita
2376 4941 2478 4998 est,
2497 4934 2634 4988 sicut
2656 4935 2900 5002 rationis,
2920 4936 3058 4991 sicut
3084 4937 3251 5006 ipsius
3266 4938 3579 4994 voluntatis.

1982 5024 2090 5083 Sed
2106 5024 2362 5081 discernit
2387 5024 2573 5081 oculus
2601 5027 2944 5097 christianos,
2963 5044 3070 5084 non
3095 5028 3432 5101 Pelagianos,
3452 5030 3581 5101 quid

1986 5119 2053 5177 de
2070 5120 2342 5187 Creatoris
2368 5122 2719 5191 institutione,
2744 5123 2869 5195 quid
2896 5124 2964 5180 de
2989 5125 3103 5179 vitii
3130 5126 3579 5180 contaminatione

1985 5215 2070 5271 vel
2094 5224 2269 5270 sumat
2295 5224 2504 5280 natura,
2523 5216 2604 5272 vel
2621 5218 2924 5285 contrahat,
2941 5218 3285 5273 Conditorem
3313 5232 3410 5273 suo
3435 5214 3578 5273 bono

1984 5309 2304 5380 pnedicans,
2322 5310 2623 5383 eodemque
2648 5321 2866 5382 propter
2888 5312 3110 5379 malum,
3133 5327 3240 5383 quo
3268 5311 3448 5366 vitiata
3469 5319 3574 5379 est,

1989 5401 2235 5473 indigens
2261 5402 2538 5459 Salvatore
2572 5421 2585 5458 :
2615 5403 2684 5460 de
2723 5414 2875 5460 reatu
2914 5404 3055 5461 enim
3076 5447 3090 5473 ,
3122 5418 3244 5460 cum
3270 5416 3377 5473 quo
3415 5401 3577 5460 homo

2053 5633 2069 5661 ι
2095 5636 2176 5681 Ms.
2218 5635 2328 5678 Mar.
2351 5662 2364 5689 ,
2389 5634 2437 5680 et
2475 5628 2614 5693 cujus
2646 5628 2931 5694 obligatione
2966 5640 3143 5679 usurus
3163 5631 3250 5679 est.
3291 5632 3434 5686 Port.,
3462 5637 3578 5681 usus

1989 5699 2075 5828 mi
2094 5761 2234 5828 uss;
2259 5753 2352 5804 Sed
2373 5759 2425 5828 ss
2460 5751 2943 5828 Nam!“
2961 5823 2970 5828 _
2987 5750 3113 5802 δίινά
3156 5749 3309 5828 aliud-

2053 5817 2074 5881 ?
2107 5815 2241 5881 mliti,
2278 5815 2430 5881 partis
2474 5815 2699 5881 antiquae.
2739 5816 3036 5881 Castigantur
3076 5828 3137 5864 ex
3182 5821 3288 5863 Mss.
3314 5819 3581 5881 Marspprt.

2051 5878 2072 5909 ὀ
2097 5878 2232 5949 aditi,
2257 5874 2349 5988 rtion
2374 5877 2435 5926 in
2473 5874 2669 5942 infame.
2714 5874 2944 5929 Particulo
2976 5882 3192 5943 negante
3231 5882 3399 5927 curent
3430 5874 3527 5925 ilde

1990 5952 2311 6002 manuscript.
