4062 6480
587 407 722 466 1247

591 518 826 577 nascitur
847 555 862 582 ,
891 527 996 570 non
1021 518 1108 568 est
1129 509 1274 583 quod
1298 510 1347 568 ei
1376 507 1711 580 praecipiatur
1729 547 1746 574 ,
1774 505 1876 562 nisi
1903 512 1959 560 ut
2001 517 2160 560 rena-

591 629 679 670 SCa
685 623 794 666 tur.

657 696 981 756 CCXXX“.
1012 694 1132 753 loc.
1160 695 1363 753 Justius
1391 694 1768 750 admonentur
1789 690 1964 748 abhis
1985 732 2001 758 ,
2032 702 2167 760 quos

589 790 873 847 emendare
912 788 1194 853 studebat,
1226 795 1284 842 ut
1308 795 1566 857 quantum
1597 787 1916 856 imperaret,
1960 797 2164 852 expen-

588 884 769 947 deret;
800 889 856 936 et
895 879 1055 936 sciret
1082 879 1309 950 primum
1339 893 1460 935 esse
1483 877 1692 934 consilii
1719 875 2014 932 constantis
2043 888 2166 945 gra-

589 973 736 1037 dum,
768 970 977 1041 imperii
1002 969 1217 1024 modum
1245 977 1445 1025 tenere.
1476 969 1826 1023 Exauctorata
1851 967 2047 1038 quippe
2071 965 2167 1021 do-

587 1063 756 1117 ctrina
779 1069 862 1117 est
878 1101 894 1128 ,
927 1075 1087 1132 quam
1111 1075 1217 1114 non
1240 1068 1420 1116 tuetur
1441 1061 1694 1131 aequitas;
1723 1068 1777 1115 et
1802 1059 1960 1130 plena
1986 1066 2168 1112 aucto-

587 1152 760 1207 ritatis
795 1151 812 1184 ¹
838 1191 854 1218 ,
884 1166 1046 1222 quam
1087 1151 1306 1222 justitiae
1353 1151 1486 1207 libra
1535 1149 1889 1208 commendat.
1938 1151 2016 1204 Ac
2072 1163 2168 1219 per

592 1243 726 1312 hoc,
762 1252 972 1299 constat
1013 1244 1364 1314 Apostolum,
1413 1243 1767 1300 reverendam
1806 1241 2164 1297 Ecclesiarum

591 1333 1030 1401 informatorem,
1087 1335 1346 1390 rationem
1404 1334 1692 1405 magisterii
1734 1334 1850 1398 sui,
1904 1331 2164 1400 consilio,

591 1431 872 1499 :equitate,
917 1428 1244 1484 humanitate
1287 1427 1626 1494 reddentem,
1657 1427 1786 1483 nihil
1824 1426 1893 1483 de
1937 1427 2162 1484 naturali

590 1520 825 1575 sensisse
845 1527 1094 1590 peccato;
1117 1519 1211 1575 sed
1226 1520 1540 1585 inculcasse,
1569 1527 1632 1574 ut
1660 1533 1748 1574 res
1762 1525 1899 1582 erat,
1925 1526 1978 1574 et
2005 1518 2168 1572 vitio-

589 1624 708 1664 rum
736 1623 834 1664 nos
859 1624 1042 1664 servos
1067 1610 1273 1664 nonnisi
1309 1625 1403 1680 per
1425 1609 1749 1665 voluntatem
1777 1608 1972 1676 fuisse,
2001 1618 2057 1664 et
2075 1607 2166 1678 ju-

588 1700 746 1754 stiti-.c
772 1715 868 1755 nos
891 1700 1076 1755 eadem
1112 1715 1270 1770 posse
1289 1741 1304 1766 ,
1331 1699 1377 1754 si
1398 1699 1693 1768 corrigatur
1711 1741 1726 1764 ,
1752 1700 2024 1754 voluntate
2047 1713 2166 1754 ser-

588 1791 721 1846 vire.
748 1791 939 1845 Verum
963 1793 1209 1862 quoniam
1236 1793 1288 1846 in
1313 1791 1645 1861 expositione
1671 1792 1771 1846 loci
1793 1791 1953 1861 hujus
1979 1790 2050 1846 fui
2074 1791 2168 1845 ha-

589 1888 774 1934 ctenus
803 1895 1123 1951 occupatus,
1170 1893 1225 1936 ut
1269 1881 1603 1938 ostenderem
1650 1897 1744 1952 per
1767 1881 1990 1952 apostoli
2017 1881 2167 1938 Pauli

589 1971 748 2024 verba
777 1971 1094 2028 Maniclucos
1118 1975 1248 2028 nihil
1276 1989 1432 2043 posse
1459 1973 1708 2041 defendi;
1737 1975 2010 2045 patuitque
2033 1988 2167 2029 con-

589 2071 734 2118 textu
778 2067 1032 2120 orationis
1057 2068 1172 2135 ejus
1202 2069 1395 2122 veritas
1413 2069 1436 2100 ’
1455 2109 1469 2132 ,
1500 2084 1658 2138 quam
1688 2083 1782 2138 per
1805 2082 1966 2123 omne
1989 2067 2166 2123 dicto-

587 2170 705 2210 rum
734 2170 949 2211 suorum
975 2173 1168 2228 corpus
1197 2159 1504 2228 exsequitur
1535 2177 1548 2212 :
1581 2159 1670 2216 hic
1695 2161 1764 2214 sit
1804 2159 2021 2215 secundi
2048 2159 2168 2216 ﬁnis

589 2245 781 2313 libelli;
805 2265 910 2318 quo
936 2260 1110 2304 taincn
1131 2252 1433 2305 necessario
1447 2266 1870 2318 commonemus,
1889 2252 2020 2306 nihil
2035 2251 2170 2307 Tra-

587 2338 826 2393 ducianis
869 2350 1060 2410 praeter
1089 2341 1466 2410 impudentiam
1497 2343 1818 2397 remansisse
1837 2384 1852 2408 ,
1881 2339 2005 2412 quia
2046 2357 2167 2396 cum

587 2446 648 2488 se
674 2433 1052 2488 confiterentur
1077 2435 1276 2488 nullum
1304 2435 1356 2488 in
1383 2435 1587 2490 ratione
1613 2434 1810 2490 habere
1838 2434 2164 2504 praesidium,

587 2521 657 2578 de
696 2523 936 2594 Apostoli
975 2523 1130 2577 dictis
1155 2564 1168 2588 ,
1208 2540 1325 2594 qua:
1371 2525 1611 2593 exposita
1655 2533 1815 2590 sunt,
1857 2531 2027 2579 totum
2066 2524 2166 2578 sibi

586 2615 832 2670 solatium
889 2615 1230 2670 vindicabant
1277 2632 1289 2668 :
1341 2625 1394 2670 ct
1447 2617 1697 2686 quoniam
1750 2617 1980 2683 claruit,
2033 2615 2166 2671 nihil

587 2705 643 2761 in
682 2706 766 2762 bis
807 2707 1085 2774 deforme,
1119 2707 1248 2761 nihil
1279 2723 1383 2762 non
1427 2709 1693 2763 sanctitati
1721 2718 1773 2764 et
1800 2709 1990 2762 rationi
2034 2722 2167 2763 con-

586 2799 824 2856 sentiens
851 2799 1012 2856 fuisse
1056 2801 1459 2870 praiscriptum;
1493 2809 1712 2872 apparet
1754 2799 2013 2855 cecidisse
2041 2814 2166 2854 sen-

589 2893 809 2950 tentiam
834 2936 850 2961 ,
899 2908 1056 2964 quam
1101 2902 1156 2949 et
1197 2895 1334 2948 ratio
1371 2909 1494 2948 cum
1537 2894 1717 2948 multis
1763 2892 2168 2948 auctoritatibus

589 2986 1006 3054 Seripturarum,
1047 2994 1100 3040 et
1127 3000 1245 3056 qua:
1270 2985 1326 3040 in
1355 2985 1464 3040 Deo
1496 2983 1570 3058 (a)
1602 2993 1724 3051 est,
1764 2985 1949 3054 religio
1970 2983 2168 3038 Catho-

586 3075 810 3132 licorum
859 3075 1102 3145 proruit,
1133 3083 1189 3130 et
1227 3075 1338 3145 jam
1371 3075 1472 3130 loci
1503 3075 1658 3130 istius
1686 3075 1867 3145 Opinio
1896 3091 2002 3129 non
2051 3083 2166 3132 tue-

589 3173 676 3221 tur
711 3165 752 3219 ³.

657 3257 791 3313 Aue.
826 3257 1061 3327 Apparet
1085 3255 1332 3311 omnibus
1359 3256 1449 3327 qui
1475 3271 1605 3312 sano
1629 3257 1799 3328 capite
1826 3266 1984 3329 atque
2009 3259 2168 3317 intel-

586 3349 812 3419 ligenter
851 3347 966 3403 haec
1007 3349 1220 3418 legunt,
1263 3363 1385 3403 cum
1413 3355 1599 3404 contra
1627 3349 1822 3417 verba,
1855 3365 1960 3406 non
2003 3353 2168 3422 magis

587 3455 737 3505 mea,
769 3455 926 3511 quam
967 3439 1106 3494 beati
1135 3441 1406 3511 Apostoli,
1438 3442 1604 3496 multa
1648 3451 1736 3497 tua
1765 3443 2007 3510 diceres,
2036 3446 2169 3500 nihil

587 3541 641 3588 te
683 3533 952 3588 invenisse
990 3532 1130 3604 quod
1161 3533 1404 3597 diceres;
1433 3543 1487 3590 et
1512 3542 1750 3591 tortuoso
1793 3537 2060 3607 strepitu‘
2086 3538 2168 3593 lo-

651 3697 830 3772 {F.dili,
853 3701 899 3772 et
929 3697 1070 3761 plena
1105 3696 1363 3750 auctoritas
1384 3703 1470 3750 est.
1495 3701 1812 3763 Manuscripti,
1839 3699 2170 3762 auctoritatis;

585 3765 886 3890 “E'Iiig’ifgl
908 3821 1026 3872 Editi
1043 3833 1178 3880 vero,
1202 3826 1406 3884 putoque
1425 3822 1554 3886 quod
1577 3827 1800 3873 contextu
1819 3822 2049 3874 orationis
2068 3824 2172 3886 ejus

585 3889 758 4010 alii];
778 3890 966 4010 igitr
991 3944 1124 4000 editi,
1161 3943 1330 4008 religio
1350 3945 1700 3996 Cat/mlitarem
1738 3944 1968 4010 pervicit;
1989 3951 2036 3997 et
2061 3946 2173 4010 jam

585 4003 742 4068 locum
761 4005 918 4068 Opinio
941 4017 1035 4054 non
1057 4010 1232 4054 tuetur.

647 4067 669 4132 ξ
703 4065 838 4132 mliti,
863 4073 908 4116 et
929 4073 1023 4132 toto
1045 4080 1124 4116 vos
1145 4065 1364 4130 strepitu.
1391 4069 1711 4118 Emendantur
1733 4080 1762 4118 a
1783 4070 2134 4132 manuscriptis.

647 4127 719 4190 (a)
754 4136 906 4189 Forte,
928 4127 979 4178 iu
1001 4136 1172 4178 Deum.

1255 393 1501 452 OPERIS
1539 389 1948 450 IMPERFECTI
1983 387 2254 447 CONTRA
2294 383 2655 452 JULIANUM,
2692 382 2754 440 S.
2793 379 3158 444 AUGUSTINI

3721 377 3878 446 ius

2270 500 2549 572 quacitatis
2587 499 2792 571 egisse,
2821 510 2878 555 ut
2917 499 2996 554 eis
3034 499 3123 572 qui
3150 511 3258 555 non
3282 497 3620 572 intell'gnnt,
3648 497 3872 561 dixisse

2270 594 2466 665 aliquid
2507 593 2781 650 videreris.
2811 593 2996 650 Velitis
3036 593 3216 649 nolitis
3234 634 3249 660 ,
3279 591 3382 648 Per
3403 610 3568 650 mm
3597 594 3873 653 hominem

2271 695 2529 758 peccatum
2550 687 2752 740 intrauit
2777 686 2828 740 in
2851 686 3110 751 mundum,
3142 694 3188 740 et
3211 702 3300 759 per
3313 695 3583 758 peceatum
3609 704 3794 755 more;
3819 699 3874 744 et

2269 778 2341 832 ita
2370 778 2424 831 in
2447 793 2617 832 omnes
2635 777 2858 832 homines
2877 777 3165 849 pertransiit
3189 777 3362 850 (Rom.
3389 793 3444 846 v,
3466 777 3582 850 η).
3608 777 3756 847 Quid
3779 789 3873 836 est

2270 871 2361 938 ita,
2393 869 2495 926 nisi
2519 885 2614 942 per
2640 877 2934 942 peccatum,
2963 885 3070 926 non
3090 871 3207 926 sine
3231 870 3484 942 peccato?
3500 870 3694 942 Neque
3713 873 3872 930 enim

2271 965 2620 1036 pertransiret
2650 979 2794 1021 mors
2815 1007 2830 1032 ,
2861 966 2964 1022 nisi
2989 965 3214 1022 ducente
3238 961 3456 1038 peccato
3488 983 3504 1020 :
3535 981 3695 1022 mors
3717 969 3872 1024 enim

2273 1064 2548 1126 peccatum
2571 1057 2843 1128 sequitur,
2877 1072 2983 1112 non
3009 1056 3279 1128 praecedit.
3309 1057 3447 1114 Hine
3467 1067 3596 1113 sunt
3615 1058 3635 1091 ⁸
3667 1073 3870 1116 omnes

2271 1146 2500 1202 miseria:
2527 1147 2827 1202 mortalium
2848 1165 2879 1200 a
2898 1147 2981 1202 die
3003 1149 3166 1202 exitus
3192 1148 3256 1203 de
3275 1157 3440 1204 ventre
3458 1150 3636 1206 matris
3657 1165 3868 1220 eam,

2271 1239 2409 1295 sicut
2435 1241 2689 1310 scriptum
2730 1249 2814 1296 est
2853 1241 3040 1312 (Ereti.
3069 1257 3168 1307 χι,
3205 1243 3278 1312 1).
3305 1241 3450 1310 Quas
3478 1244 3736 1300 miserias
3765 1260 3870 1301 vos

2271 1347 2394 1388 eum
2417 1334 2532 1388 sine
2560 1334 2668 1388 ullo
2704 1342 2920 1404 peccato
2945 1335 3190 1390 accidere
3209 1335 3385 1392 dicitis
3406 1338 3650 1408 parvulis
3667 1381 3688 1404 ,
3718 1339 3869 1411 inju-

2269 1434 2410 1482 stum
2438 1427 2604 1483 Deum
2630 1442 2755 1482 vere
2778 1441 2873 1482 vos
2891 1429 2912 1460 ³
2940 1427 3144 1494 facitis;
3173 1427 3494 1486 Manichaeos
3516 1440 3707 1488 autem
3735 1431 3868 1489 hor—

2272 1517 2497 1573 ribiliter
2512 1517 2787 1588 adjuvatis.
2806 1515 2888 1572 Illi
2903 1518 3068 1585 enim,
3087 1533 3156 1575 ne
3170 1517 3367 1575 faciant
3382 1519 3642 1591 injustam
3660 1523 3858 1590 Deum,

2272 1607 2399 1662 istas
2427 1608 2669 1664 miserias
2695 1622 2726 1662 a
2756 1607 3032 1664 nativitate
3070 1607 3371 1664 mortalium
3390 1609 3728 1667 immutabili
3765 1629 3868 1668 na-

2273 1707 2405 1753 tura:
2434 1699 2558 1753 mali
2584 1699 2725 1754 etab
2750 1699 2856 1753 alio
2882 1699 3142 1770 principio
3165 1699 3396 1756 venienti
3425 1701 3750 1758 substantia
3771 1703 3869 1758 tri-

2271 1788 2441 1844 buunt
2483 1790 2819 1845 tenebrarum
2853 1808 2866 1844 :
2899 1806 3034 1861 quos
3077 1790 3270 1862 impios
3296 1791 3456 1848 simul
3494 1799 3551 1849 et
3573 1807 3674 1849 vos
3717 1795 3868 1866 ipsos

2272 1881 2435 1936 vincit
2456 1881 2716 1936 catholica
2737 1881 2890 1951 fides,
2907 1897 3026 1953 qua:
3049 1881 3150 1936 ista
3174 1883 3350 1938 omnia
3373 1893 3594 1954 peccato
3615 1883 3639 1917 ³
3666 1885 3751 1941 illi
3769 1886 3868 1942 tri-

2271 1971 2405 2039 buit,
2422 1971 2560 2042 quod
2586 1987 2651 2028 ex
2668 1973 2824 2042 primi
2846 1972 3078 2029 hominis
3092 1973 3364 2030 voluntate
3383 1975 3604 2030 intravit
3626 1975 3680 2031 in
3703 1992 3868 2032 mun-

2271 2063 2397 2119 dum
2429 2081 2443 2117 :
2475 2064 2620 2136 quod
2657 2076 2837 2122 secuta
2868 2075 2950 2122 est
2976 2081 3120 2123 mors
3144 2068 3306 2123 etiam
3329 2068 3468 2136 ista,
3498 2084 3623 2141 qua:
3667 2069 3864 2142 fugam

2271 2161 2519 2225 animam,
2551 2174 2744 2230 corpus
2767 2160 3059 2226 interimit;
3087 2175 3248 2232 quam
3275 2176 3374 2218 vos
3395 2160 3624 2231 homini,
3648 2164 3866 2221 etiamsi

2271 2263 2377 2304 non
2403 2246 2692 2317 peccasset,
2713 2249 2888 2307 dicitis
2915 2252 3225 2309 naturaliter
3244 2250 3408 2310 fuisse
3425 2261 3732 2310 venturam.
3753 2255 3863 2312 Un-

2270 2342 2337 2398 de
2353 2343 2610 2413 sequitur,
2631 2351 2689 2398 ut
2709 2359 2812 2399 non
2835 2345 3006 2400 solum
3021 2345 3165 2402 illam
3190 2346 3534 2416 imperiosam
3551 2347 3855 2417 libidinem,

2271 2453 2372 2507 qua
2395 2437 2612 2492 nimium
2633 2437 3003 2505 delectamini;
3031 2454 3213 2494 verum
3235 2439 3395 2495 etiam
3419 2439 3860 2497 molestissimam

2272 2531 2472 2588 febrem
2493 2573 2510 2600 ,
2541 2540 2868 2604 casterosque
2911 2532 3329 2589 innumerabiles
3375 2533 3594 2590 morbos
3613 2575 3629 2600 ,
3661 2533 3859 2605 quibus

2271 2626 2511 2681 videmus
2533 2625 2759 2681 afflictos
2785 2626 3030 2696 parvulos
3057 2626 3261 2692 emori,
3287 2627 3345 2680 in
3373 2625 3625 2696 paradiso
3651 2625 3858 2683 futuros

2271 2716 2436 2772 fuisse
2477 2717 2698 2784 dicatis,
2745 2717 2952 2771 etiamsi
2999 2731 3157 2772 nemo
3188 2724 3495 2787 peccasset;
3543 2717 3669 2788 quia
3697 2719 3854 2774 sine‘

2272 2811 2430 2865 ullius
2455 2811 2657 2880 peccati
2677 2811 2870 2865 merito
2890 2809 3004 2865 haec
3031 2810 3234 2880 perpeti
3257 2811 3506 2881 parvulos
3531 2809 3732 2866 dicitis.
3759 2810 3856 2867 Co-

2272 2903 2450 2960 hibete
2475 2919 2569 2960 vos
2587 2945 2602 2972 ,
2630 2919 2812 2975 qumso
2829 2944 2844 2969 ,
2871 2919 2994 2958 cum
3019 2903 3164 2960 falsis
3201 2910 3256 2958 et
3277 2903 3464 2973 fnoxiis
3501 2902 3750 2958 laudibus
3771 2919 3858 2960 ve-

2271 2997 2433 3062 stris;
2460 2995 2704 3052 cohibete
2728 3010 2824 3051 vos
2848 2995 2915 3050 ab
2943 2995 3231 3050 infantibus
3257 3004 3313 3050 et
3340 2996 3658 3053 lactentibus
3676 3038 3694 3064 ,
3724 3011 3854 3066 quos

2275 3097 2524 3158 tanquam
2568 3087 2701 3142 nihil
2727 3087 2854 3142 mali
2880 3086 3167 3154 habentes,
3195 3087 3400 3142 crudeli
3444 3102 3632 3142 errore
3675 3087 3853 3144 lauda-

2274 3179 2342 3234 tis
2373 3195 2388 3232 :
2419 3179 2485 3233 ad
2527 3177 2796 3233 Christum
2819 3175 3161 3233 liberatorem
3186 3177 3370 3232 venire
3397 3177 3706 3234 liberandos
3730 3194 3852 3248 par-

2275 3273 2426 3327 vulos
2451 3271 2642 3338 sinite;
2688 3271 2936 3326 miseram
2961 3277 3204 3326 naturam
3223 3310 3239 3338 ,
3266 3271 3426 3341 quani
3452 3269 3658 3326 vitiavit
3694 3270 3854 3328 homo

2274 3369 2512 3439 primus,
2558 3373 2618 3421 ut
2643 3375 2794 3421 sanet
2821 3365 2981 3422 homo
3022 3363 3322 3429 secundus,
3352 3364 3481 3421 victi
3522 3363 3852 3434 correctique

2273 3460 2563 3532 permittite
2592 3458 2636 3512 '.

2338 3573 2517 3647 traditi,
2535 3573 2624 3624 Hic
2651 3583 2746 3623 non
2761 3572 2887 3622 sunt
2911 3576 2970 3622 At
2983 3576 3114 3630 uss,
3129 3567 3253 3620 Hine
3270 3574 3416 3630 una;
3437 3567 3628 3632 absque
3645 3573 3857 3631 negante

2273 3634 2520 3702 particula.

2338 3698 2360 3766 ξ
2383 3699 2704 3766 Editi,_tgersus
2719 3708 2815 3766 vos.
2839 3697 3004 3757 Aptius
3020 3699 3149 3752 Mss,
3171 3704 3280 3766 uere
3303 3704 3400 3742 vos.
3487 3754 3499 3766 υ

2339 3762 2360 3823 ξ
2384 3767 2431 3808 tn
2458 3761 2617 3818 alitis,
2639 3764 2852 3823 peccata.
2878 3767 2940 3807 ex
2960 3758 3294 3823 manuscriptis
3307 3758 3630 3814 correximus,
3649 3759 3857 3816 poem

2337 3821 2360 3852 ⁸
2382 3824 2455 3871 sic
2474 3828 2580 3870 Mss.
2605 3817 2662 3870 At
2685 3819 2818 3884 editi,
2841 3817 2980 3884 quasi
2996 3829 3100 3884 nec.

2338 3885 2360 3916 ⁵
2393 3886 2474 3933 llic
2506 3881 2717 3946 btenardi
2743 3876 3010 3946 exer'nplar,
3044 3877 3350 3946 bibliotheca:
3387 3889 3519 3946 nunc
3553 3876 3857 3945 Oolbertlna,

2275 3946 2470 4001 desinit,
2495 3944 2628 3992 finito
2650 3943 2862 4008 secundo
2887 3941 3008 4008 libro
3039 3941 3329 4008 subjiciens:
3357 3941 3466 4008 tegi
3485 3949 3639 3989 nonas

2278 4015 2437 4073 [ἔθηκαν
2459 3997 2623 4073 contra
2637 4004 2885 4073 Juliamun
2907 3997 3185 4073 hatreticurn
3207 3997 3532 4073 Ifelugimitun.
3804 3997 3860 4071 ἅτ

2281 4068 2362 4117 ber
2385 4068 2638 4118 secundus.
2665 4067 2818 4114 Verba
2839 4075 2952 4114 sunt
2975 4065 3103 4112 ihits
3135 4060 3338 4111 forsitan
3356 4060 3538 4110 calamo
3558 4060 3759 4124 scripta,
3780 4063 3859 4124 qui

2279 4131 2530 4192 exemplar
2552 4129 2670 4179 illud
2693 4131 2851 4190 ipsum
2871 4125 3169 4189 recognovit.

2121 4217 3860 4275 ________________————_——h———

1583 4335 2049 4442 LIBER
2103 4259 2837 4441 TERTIUS.

645 4499 890 4570 Excutitur
913 4496 1233 4570 tertiusliber
1255 4495 1452 4570 Juliani:
1470 4508 1526 4546 ac
1547 4499 1752 4570 primum
1775 4497 2046 4570 ostenditur
2068 4510 2198 4570 emit,
2221 4495 2892 4570 scripturartuntestimoniis,
2926 4499 3284 4570 Deuteronomii
3307 4495 3495 4570 scilicet
3527 4493 3686 4570 capite

586 4561 706 4610 timo
726 4567 916 4622 quarto,
943 4559 1052 4609 libri
1076 4559 1434 4623 Begumquarti
1458 4559 1616 4620 capite
1637 4559 1826 4623 decimo
1844 4567 2015 4623 quarto
2038 4567 2088 4608 et
2110 4559 2368 4623 Ezechielis
2383 4562 2538 4622 capite
2556 4560 2744 4623 decimo
2767 4565 2934 4608 octavo
2965 4574 3202 4623 perverse
3221 4559 3464 4623 abuti,__ut
3481 4559 3694 4623 suadere
3714 4569 3858 4623 eme-

585 4616 968 4694 tu_r,_p_areutum
992 4616 1317 4694 peccat'aiiliis
1339 4634 1433 4670 non
1456 4633 1481 4668 a
1508 4616 1604 4668 beo
1624 4619 1722 4670 ulla
1742 4616 2171 4694 impu'tari.nl[)suxn
2192 4621 2371 4693 deinde
2396 4616 2630 4694 incassum
2670 4616 2988 4694 l:tb(.)l‘al'e,_.il.t
3009 4623 3070 4694 ab
3095 4635 3157 4694 eo
3192 4635 3248 4672 se
3273 4616 3496 4694 explicet
3517 4617 3623 4694 loco

583 4683 644 4731 ad
667 4681 912 4747 itebrmos,
935 4681 1093 4744 capite
1115 4683 1383 4742 undecimo,
1409 4695 1497 4744 per
1518 4695 1666 4744 quem
1691 4681 1958 4747 evertenda
1979 4681 2104 4730 foret
2126 4686 2390 4744 responsio,
2414 4697 2509 4746 qua
2533 4683 2580 4732 in
2602 4685 2854 4747 superiore
2898 4682 3022 4747 libro
3054 4691 3310 4747 tantem-re
3342 4681 3616 4747 inculcavit,

3659 4680 3772 4728 ideo
3799 4682 3859 4730 ab

586 4741 810 4808 Apostolo
828 4739 1154 4808 dietuniuesse
1179 4757 1340 4804 unum,
1362 4739 1450 4804 per
1473 4739 1618 4808 quem
1642 4745 1859 4794 transivit
1882 4753 2146 4806 peccatum,
2173 4739 2236 4792 ne
2259 4739 2512 4808 generatio
2531 4739 2778 4808 sineretur
2800 4743 3023 4808 intelligi.
3049 4739 3215 4808 Postea
3247 4756 3507 4808 reversum
3516 4741 3582 4808 ad
3607 4740 3732 4790 dicta
3753 4739 3857 4808 libri

587 4803 872 4876 secuudide
892 4805 1071 4865 nuptiis
1095 4811 1146 4852 et
1167 4803 1572 4876 (“.oiicupisee'niia,
1599 4807 1762 4868 inique
1783 4803 1934 4876 agere
1956 4819 2066 4855 cum
2091 4803 2350 4876 augustino
2374 4807 2599 4876 eumdem
2622 4803 2986 4876 .Inlianum,__q_ui
3009 4808 3072 4876 ab
3091 4806 3175 4876 illo
3187 4815 3245 4876 _et
3264 4805 3472 4876 hominis
3493 4803 3705 4876 liberum
3740 4803 3858 4876 arbi-

586 4866 733 4930 trium
745 4872 808 4930 _et
830 4873 981 4930 Deum
1005 4867 1304 4915 nascentium
1325 4865 1626 4930 conditorem
1648 4865 1838 4928 negari,
1861 4867 2024 4930 denuo
2044 4865 2291 4930 queritur;
2319 4871 2499 4930 quique
2525 4870 2722 4930 insuper
2740 4883 2852 4918 cum
2877 4865 3006 4918 illius
3027 4869 3167 4918 dictis
3187 4869 3465 4930 haeretica!!!
3487 4865 3744 4928 quamdam
3774 4871 3858 4912 Ia-

585 4925 756 4994 nicbaai
781 4925 1029 4994 epistolam
1051 4939 1345 4988 comparans,
1369 4942 1462 4994 non
1479 4925 1571 4977 alia
1589 4925 1739 4991 quani
1755 4925 1866 4994 qua:
1885 4929 2013 4994 apud
2032 4925 2604 4994 hiatucbwum'leguntur,
2625 4925 3018 4994 argtnnentorum
3037 4931 3144 4981 vice
3166 4929 3397 4993 objectari
3415 4942 3444 4978 a
3462 4925 3629 4978 sancto
3642 4933 3854 4986 Doctorc,

587 4989 648 5036 ab
671 5000 830 5051 eoque
854 4987 1055 5051 perinde
1076 4987 1224 5052 atque
1241 5001 1270 5038 a
1290 4989 1544 5038 Manicth
1560 4987 1787 5039 naturam
1798 4987 2042 5039 hominum
2064 4989 2234 5040 malam
2258 4987 2551 5053 [wonuiitiari
2575 4987 2904 5042 calumniatur.

1993 5100 2466 5156 WOMQE‘Eb

667 5201 708 5256 Ι.
747 5197 1022 5256 Joannes.
1070 5197 1390 5268 Oportuerat
1440 5197 1653 5268 quidem
1703 5196 1842 5266 apud
1882 5195 2172 5254 humanum

529 5329 532 5334 -
597 5309 766 5367 genus
796 5291 1153 5348 reverentiam
1185 5291 1422 5345 omnium
1449 5291 1626 5360 vigere
1669 5293 1918 5343 virtutum
1958 5305 1973 5343 :
2015 5301 2172 5356 onor-

591 5394 762 5444 iuerat
807 5385 984 5440 resisti
1020 5383 1246 5454 sapienti
1293 5397 1508 5453 semper
1539 5383 1555 5414 ¹
1596 5389 1777 5438 mente
1819 5381 2168 5448 criminibus,

589 5474 921 5533 ctdemereri
944 5473 1098 5529 bonis
1119 5473 1310 5528 studiis
1332 5473 1633 5527 Conditoris
1655 5474 1887 5527 favorem
1914 5490 1926 5526 :
1953 5472 2170 5542 dignum

589 5579 706 5626 erat
731 5577 1026 5638 postremo,
1055 5573 1115 5620 ut
1141 5565 1262 5637 quia
1291 5564 1378 5619 hic
1407 5565 1674 5618 continua:
1699 5563 1996 5619 devotionis
2027 5565 2173 5634 prior

591 5669 646 5715 et
671 5660 875 5715 felicior
901 5657 1095 5730 gradus
1120 5673 1240 5714 cum
1268 5673 1439 5720 rarus,
1469 5667 1577 5712 tum
1606 5658 1802 5712 arduus
1823 5657 1982 5713 etiam
2014 5658 2172 5714 nimis

592 5752 802 5808 videtur
823 5793 838 5817 ,
868 5750 954 5806 vel
981 5749 1074 5808 diu
1102 5749 1208 5806 fota
1231 5750 1360 5806 vitia
1387 5750 1586 5821 respui,
1617 5756 1672 5804 et
1695 5749 1760 5804 ad
1787 5748 2171 5806 emendationis

657 5858 1630 5926 tvtgntertugeapientimtemmisso,
1651 5868 1858 5923 item.

2275 5212 2338 5250 ac
2379 5199 2703 5266 paenitentia:
2756 5200 3060 5270 pra‘sidium
3108 5197 3290 5254 rediri.
3352 5196 3674 5266 Oportuerat
3719 5209 3857 5253 certe

2279 5291 2362 5346 vel
2392 5291 2443 5346 in
2474 5292 2574 5346 hoc
2600 5291 2956 5347 inviolabilem
2987 5292 3080 5348 Dei
3117 5276 3332 5346 manere
3364 5292 3755 5355 reverentiam,
3798 5300 3851 5344 ut

2280 5399 2384 5440 non
2413 5385 2564 5440 nobis
2593 5399 2736 5439 esset
2759 5401 2978 5442 necesse
3005 5386 3236 5441 divinam
3267 5387 3441 5457 legem
3485 5397 3635 5443 tanto
3685 5388 3855 5443 vindi-

2279 5493 2404 5532 care
2433 5478 2721 5533 certamine
2749 5479 2768 5510 ί
2799 5497 2812 5532 :
2845 5494 3032 5534 vermn
3062 5480 3184 5550 quia
3214 5496 3279 5536 eo
3308 5497 3475 5552 usque
3525 5485 3855 5552 peccantium

2281 5568 2458 5624 furore
2513 5577 2821 5639 perventum
2881 5579 2983 5634 est,
3016 5580 3073 5626 ut
3123 5573 3344 5626 summis
3385 5571 3656 5627 laboribus
3696 5573 3855 5627 Deum

2272 5663 2476 5734 justum
2501 5677 2619 5718 esse
2643 5663 2948 5729 doceamus,
2975 5667 3142 5736 ipsius
3166 5666 3408 5736 justitize,
3440 5667 3593 5734 cujus
3613 5683 3772 5722 causa
3793 5683 3853 5721 a-

2277 5755 2416 5826 gitur
2457 5764 2838 5824 praesumentes
2861 5757 3112 5812 auxilium
3139 5798 3154 5822 ,
3197 5774 3316 5829 quae
3338 5759 3476 5814 libro
3519 5760 3858 5828 promisimus

2343 5862 2361 5894 ι
2379 5862 2668 5925 t'izmerius,
2685 5860 3085 5916 dissentientibus
3106 5867 3457 5927 manuscriptis,
3495 5862 3725 5918 crimine.
