4062 6494
254 411 394 473 1249

250 525 592 603 praecedente
618 519 922 579 reddamus.

323 621 678 676 AUcusrmUs.
723 613 994 670 Auxilium
1045 609 1138 666 Dei
1173 607 1373 681 quaeris
1413 615 1472 661 ut
1520 602 1840 674 impleantur

253 715 375 769 vani
403 711 521 768 libri
550 709 662 774 tui;
689 716 748 763 et
782 721 890 762 non
915 703 1130 776 quaeris,
1160 711 1220 756 ut
1245 699 1580 771 corrigantur
1605 690 1843 765 perversi

252 799 446 860 Sensus
470 801 566 856 tui.
605 797 810 856 Vellem
842 806 1017 852 tamen
1039 793 1269 861 diceres,
1291 798 1505 861 propter
1520 783 1644 856 quid
1665 783 1716 839 in
1743 780 1846 836 hoc

255 911 422 966 apere
457 891 715 950 auxilium
740 889 833 944 Dei
863 902 1073 960 poscas,
1105 900 1225 941 cum
1265 884 1334 938 sit
1359 883 1415 935 in
1441 888 1529 934 tuo
1561 876 1730 930 libero
1757 887 1840 928 ar-

265 989 422 1049 bitrio
451 989 566 1044 sive
594 985 771 1040 facere
797 984 918 1051 hoc,
948 981 1062 1038 sive
1089 992 1194 1034 non
1222 976 1422 1035 facere.
1455 973 1536 1026 An
1566 978 1619 1024 ut
1645 983 1709 1023 ea
1751 963 1848 1020 tibi

267 1091 468 1156 praesto
497 1080 624 1146 sint,
653 1093 772 1148 qua:
801 1075 856 1132 in
893 1081 1150 1146 potestate
1182 1081 1268 1128 tua
1307 1084 1414 1124 non
1454 1073 1596 1132 sunt,
1641 1073 1696 1118 et
1732 1061 1850 1116 sine

271 1153 458 1247 quibus
489 1173 592 1229 hoc
617 1169 758 1227 efﬁci
784 1183 891 1224 non
915 1173 1122 1239 potest;
1145 1163 1287 1220 sicut
1313 1168 1458 1227 sunt,
1487 1167 1544 1213 ut
1569 1155 1673 1211 alia
1699 1153 1847 1208 omit-

270 1277 398 1335 tam,
431 1267 545 1338 ipse
569 1263 737 1319 victus
765 1270 924 1332 atque
953 1257 1118 1312 otium
1145 1255 1170 1309 ?
1197 1254 1265 1309 At
1289 1253 1404 1307 haec
1446 1264 1584 1322 pene
1636 1260 1851 1316 semper

267 1361 416 1418 Deus
443 1375 542 1430 per
566 1357 865 1414 voluntates
893 1351 1046 1408 nobis
1071 1348 1440 1406 subministrat
1468 1345 1713 1401 aliorum.
1755 1341 1850 1396 Vi-

266 1453 366 1510 des
409 1467 536 1525 ergo
577 1451 630 1506 id
671 1457 726 1504 te
765 1461 988 1520 poscere
1029 1444 1097 1500 ab
1139 1442 1505 1513 omnipotente
1551 1437 1682 1502 Deo,
1731 1450 1850 1490 cum

262 1554 489 1616 propter
514 1539 813 1613 implendos
857 1549 978 1594 tuos
1014 1536 1182 1592 libros
1206 1531 1383 1604 poscis
1407 1528 1684 1595 auxilium,
1716 1534 1774 1582 ut
1798 1525 1852 1581 in

261 1635 629 1697 voluntatibus
647 1633 946 1699 hominum,
977 1629 1120 1702 quod
1151 1636 1203 1682 te
1241 1625 1476 1696 adjuvet,
1523 1630 1579 1678 et
1622 1619 1763 1692 quod
1802 1626 1856 1676 te

264 1749 378 1790 non
406 1729 680 1802 impediat,
711 1735 981 1798 operetur.
1011 1722 1145 1779 Nam
1173 1720 1220 1776 si
1249 1719 1420 1774 nolint
1457 1715 1704 1772 homines
1757 1711 1851 1768 tibi

264 1826 470 1883 victum
505 1819 906 1880 subministrare
939 1823 1285 1886 sumptusque
1299 1815 1671 1880 congruentes,
1697 1805 1741 1859 si
1762 1818 1860 1859 no—

270 1917 373 1974 lint
390 1923 660 1988 postremo
673 1927 702 1966 a
721 1917 775 1966 te
791 1905 1132 1980 inquietando
1150 1900 1590 1987 impediendoque
1609 1911 1821 1954 cessare
1841 1910 1855 1960 ;

271 1981 529 2073 scribere,
555 2003 640 2060 vel
659 2002 861 2058 dictare
883 2000 982 2055 ista
1014 2013 1116 2054 non
1147 1981 1366 2067 poteris.
1391 1992 1588 2062 Speras
1613 2003 1742 2060 ergo
1766 2001 1862 2042 an-

273 2099 403 2156 xilio
426 2097 520 2154 Dei
547 2095 626 2152 sic
649 2094 731 2166 agi
762 2093 1034 2148 hominum
1051 2089 1351 2146 voluntates
1375 2085 1516 2141 inter
1540 2098 1674 2155 quos
1701 2081 1860 2149 vivis,

273 2200 336 2248 ut
369 2191 461 2247 tibi
502 2186 860 2245 necessarium
897 2183 1029 2239 nihil
1072 2181 1230 2237 desit.
1263 2179 1486 2236 Paratur
1512 2174 1656 2232 enim
1680 2170 1862 2246 (quod

274 2300 385 2340 non
419 2280 637 2338 creditis
672 2278 693 2350 )
726 2277 978 2332 voluntas
1016 2289 1050 2330 a
1090 2270 1314 2328 Domino
1343 2267 1364 2340 (
1400 2267 1558 2323 Prov.
1603 2279 1715 2331 vnt,
1759 2277 1860 2316 sec.

276 2371 423 2431 LXX
452 2371 498 2446 ).
531 2372 639 2426 Aut
663 2369 822 2442 igitur
845 2375 995 2422 tuum
1023 2363 1216 2434 dogma
1252 2361 1364 2432 jam
1389 2358 1619 2429 corrige,
1665 2359 1758 2410 aut
1797 2352 1865 2409 ad

277 2466 383 2523 hoc
428 2461 824 2521 defendendum
861 2457 1048 2514 desine
1091 2453 1329 2510 divinum
1376 2449 1636 2506 auxilium
1675 2452 1864 2518 postu-

281 2556 417 2614 lare.

355 2649 424 2705 Il.
455 2647 573 2704 JUL.
612 2645 747 2702 Cum
775 2643 832 2699 in
855 2641 1030 2714 primo
1061 2637 1331 2695 volumine
1357 2632 1653 2708 perspicuis
1677 2629 1870 2687 deﬁni-

284 2739 524 2796 tionibus
548 2736 892 2801 constitisset,
920 2733 1091 2789 Deum
1113 2730 1400 2801 itajustum
1421 2741 1562 2792 esse,
1587 2732 1646 2779 ut
1669 2723 1715 2779 si
1757 2735 1872 2792 pro-

283 2832 400 2890 bari
427 2839 612 2906 posset
632 2828 806 2902 justus
833 2841 942 2882 non
971 2839 1112 2889 esse,
1139 2821 1550 2879 convinceretur
1575 2817 1718 2872 Deus
1755 2828 1866 2870 non

283 2939 442 2993 esse;
473 2937 700 2994 cumque
723 2935 885 2991 super
911 2918 1013 2974 hoc
1047 2914 1394 2973 remansisset
1417 2911 1560 2966 nulla
1589 2907 1869 2976 dubitatio,

290 3016 485 3074 claruit
503 3015 664 3071 etiam
679 3012 938 3085 justitiam
960 3009 1091 3066 nihil
1117 3021 1238 3064 esse
1263 3005 1408 3060 aliud
1434 3018 1593 3075 quam
1614 3002 1870 3056 virtutem

287 3123 561 3180 nunquam
579 3105 869 3178 quidquam
895 3103 1075 3174 inique
1095 3099 1443 3170 judicantem,
1462 3094 1595 3150 nihil
1617 3093 1795 3163 inique
1807 3091 1875 3144 fa-

288 3201 540 3268 cientem,
582 3197 679 3254 sed
706 3195 1015 3252 reddentem
1051 3206 1146 3248 sua
1177 3189 1460 3258 unicuique
1509 3185 1626 3242 sine
1664 3181 1870 3250 fraude,

288 3293 404 3350 sine
437 3290 632 3364 gratia,
663 3287 716 3343 id
741 3296 843 3353 est,
873 3285 988 3341 sine
1019 3295 1366 3355 personarum
1391 3278 1719 3348 acceptione.

363 3384 500 3439 Auc.
535 3399 556 3434 ι
605 3379 734 3436 Sine
763 3375 969 3444 fraude,
1008 3393 1027 3427 ι
1076 3387 1261 3428 verum
1309 3369 1483 3433 dicis;
1516 3383 1585 3424 ne
1628 3366 1875 3438 puniatur

297 3474 598 3531 immeritus
634 3491 648 3528 :
690 3489 713 3524 ι
742 3471 858 3526 sine
880 3467 1050 3540 gratia
1087 3485 1106 3520 ι
1140 3479 1268 3520 vero
1293 3462 1336 3517 si
1361 3461 1561 3532 justitia
1595 3459 1687 3514 Dei
1711 3467 1875 3526 esset,

298 3578 570 3630 nunquam
599 3561 834 3619 Christus
863 3573 960 3630 pro
986 3557 1184 3628 impiis,
1217 3553 1271 3610 id
1317 3563 1422 3618 est,
1450 3565 1548 3622 pro
1581 3549 1716 3605 nihil
1751 3547 1879 3604 boni

299 3666 355 3714 et
391 3656 614 3712 multum
657 3653 782 3709 mali
823 3649 1152 3707 merentibus
1193 3655 1435 3701 mortuus
1483 3641 1708 3708 fuisset;
1745 3656 1882 3695 nun-

298 3763 457 3820 quam
504 3754 770 3817 postremo
817 3741 1084 3814 parvulos,
1129 3751 1353 3810 quorum
1383 3735 1525 3790 nulla
1549 3733 1684 3788 bona
1713 3746 1874 3801 opera

297 3839 646 3909 voluntasque
688 3834 981 3908 praecessit,
1007 3833 1061 3886 in
1091 3845 1243 3886 suum
1281 3842 1505 3894 regnum
1541 3824 1876 3894 adoptasset,

297 3947 400 3990 nec
418 3933 471 3988 in
493 3931 679 3988 eadem
699 3943 860 3986 causa
887 3927 1023 3982 alios
1051 3922 1300 3996 parvulos
1319 3919 1558 3992 ejusdem
1580 3916 1731 3987 regni
1761 3931 1882 3986 par-

295 4024 603 4095 ticipatione
635 4019 952 4084 fraudasset,
985 4015 1074 4086 qui
1105 4033 1124 4066 ι
1159 4027 1428 4082 nunquam
1459 4007 1880 4079 iniquejudieat,

294 4115 428 4172 nihil
443 4115 627 4185 inique
641 4112 788 4178 facit,
813 4119 866 4166 et
881 4123 976 4166 sua
997 4106 1279 4176 unicuique
1303 4103 1418 4158 sine
1449 4099 1630 4156 fraude
1652 4098 1844 4154 reddit.
1859 4115 1880 4150 ι

300 4209 550 4278 Agnosco
569 4219 696 4276 ergo
714 4202 966 4274 parvulos
991 4213 1113 4254 vasa
1141 4197 1194 4252 in
1219 4195 1478 4250 honorem
1510 4207 1605 4263 per
1629 4193 1851 4262 gratiam
1867 4229 1883 4254 ,

303 4282 396 4370 qui
422 4305 762 4355 assumuntur
782 4296 837 4350 ln
857 4291 952 4349 Dei
977 4305 1232 4362 regnum;
1265 4296 1321 4342 et
1347 4287 1478 4341 alios
1505 4283 1774 4356 parvulos,
1798 4281 1887 4353 qui

305 4393 363 4450 in
393 4393 542 4448 illum
567 4393 824 4448 honorem
859 4403 966 4444 non
1009 4390 1388 4450 assumuntur,
1428 4395 1553 4434 vasa
1597 4378 1650 4432 in
1698 4385 1888 4432 contu-

307 4482 524 4542 meliam
559 4497 654 4553 per
678 4481 933 4554 judicium
963 4496 975 4532 :
1005 4485 1060 4533 et
1099 4474 1309 4531 tandem
1353 4469 1638 4542 aliquando
1680 4485 1748 4524 ne
1785 4467 1888 4524 ini-

307 4591 473 4649 quum
500 4575 661 4630 facias
694 4575 878 4638 Deum,
905 4569 1160 4627 confitere
1183 4563 1440 4636 originale
1479 4569 1775 4631 peccatum.

377 4667 467 4723 IIl.
496 4665 526 4723 J
533 4683 617 4722 UL.
643 4663 775 4735 Ejus
787 4671 960 4720 autem
973 4659 1183 4716 virtutis
1201 4667 1326 4713 tunc
1339 4663 1586 4712 constare
1601 4653 1884 4722 rationem,

304 4761 350 4816 si
375 4759 582 4815 nullum
627 4756 957 4813 subditorum
1004 4753 1236 4824 puniret,
1263 4748 1365 4804 nisi
1393 4763 1492 4819 pro
1531 4745 1616 4802 his
1656 4741 1888 4813 delictis,

304 4869 426 4926 quae
455 4851 732 4910 constabat
762 4849 930 4906 libera
956 4848 1228 4903 voluntate
1257 4840 1563 4898 commissa.

376 4949 511 5006 Anc.
538 4945 608 5002 Et
635 4944 765 5002 illud
790 4944 957 4999 libera
983 4941 1253 4996 voluntate
1279 4935 1622 4993 commissum
1649 4940 1730 4988 est
1749 4931 1886 5001 ejus,

311 5037 362 5093 in
391 5052 496 5108 quo
520 5045 708 5092 natura
739 5037 970 5089 humana
999 5031 1250 5088 damnata
1277 5033 1378 5093 est,
1407 5040 1474 5080 ex
1503 5037 1604 5093 qua
1645 5020 1890 5077 homines

315 5129 634 5185 damnationi
657 5131 676 5162 ι
705 5137 1002 5184 nascuntur
1032 5122 1270 5188 obnoxii,
1303 5117 1406 5173 nisi
1450 5122 1796 5170 renascantur
1840 5113 1894 5166 in

315 5237 401 5289 eo,
417 5223 506 5294 qui
525 5239 626 5277 non
643 5230 725 5278 est
741 5229 898 5276 natus
910 5217 1188 5274 obnoxius.
1215 5212 1326 5268 Hoc
1337 5210 1527 5281 dogma
1547 5204 1897 5262 christianum

318 5313 482 5370 vultis
509 5314 673 5370 everti
705 5331 719 5368 :
747 5312 842 5370 sed
869 5311 963 5368 illo
991 5317 1167 5366 stante
1191 5323 1286 5362 vos
1314 5300 1636 5361 evertimini.

387 5405 476 5462 IV.
507 5405 626 5462 ιω..
655 5405 766 5463 Nec
807 5421 871 5463 ea
901 5401 1204 5459 hominibus
1249 5395 1594 5469 praeciperet,
1632 5405 1754 5463 quae
1803 5403 1900 5460 per

313 5505 558 5557 naturam
583 5514 768 5556 eorum
797 5497 962 5554 sciret
985 5509 1094 5551 non
1121 5505 1279 5564 posse
1302 5485 1533 5553 servari;
1563 5498 1662 5541 nec
1691 5495 1788 5555 pro
1813 5494 1902 5538 re.

233 5594 243 5610 ’
310 5589 411 5650 bus
437 5591 770 5648 naturalibus
798 5604 951 5646 reum
980 5585 1283 5658 quempiam
1307 5579 1582 5654 jndiearet.

378 5687 514 5742 Anc.
543 5683 652 5742 Sed
675 5683 776 5739 fuit
801 5681 994 5747 Adam,
1023 5687 1079 5736 et
1105 5678 1159 5734 in
1183 5675 1278 5731 illo
1300 5673 1497 5730 fuimus
1523 5683 1710 5725 omnes
1742 5666 1899 5738 (Am-

309 5773 524 5842 brosius,
547 5775 635 5830 lib.
663 5775 696 5830 7
715 5775 774 5828 in
789 5770 917 5828 Luc.
937 5769 1064 5842 xv);
1093 5765 1304 5841 quando
1320 5765 1392 5820 ita
1415 5760 1672 5835 peccavit,
1704 5767 1762 5813 ut
1779 5772 1902 5830 per-

548 5898 661 5949 Mar.
690 5888 815 5945 dar.
859 5895 915 5972 et
949 5887 1105 5968 prima
1137 5883 1286 5938 editio
1314 5879 1652 5946 Vigniev‘tana,
1696 5875 1900 5928 donata-

1608 392 1807 450 LlBER
1845 387 2158 448 TERTIUS.

3386 387 3526 448 1250

1949 504 2098 560 deret
2121 503 2174 558 in
2201 517 2258 557 se
2281 517 2501 572 omnes;
2527 503 2627 560 nisi
2651 518 2786 578 quos
2804 503 2966 561 vellet
2991 503 3117 562 inde
3143 503 3414 572 liberaret,
3439 505 3534 576 qui

1947 595 2094 651 venit
2111 608 2352 664 quaerere
2369 594 2512 666 quod
2529 595 2758 666 perierat
2777 593 2798 669 (
2820 593 2952 652 Luc.
2979 612 3093 665 xu,
3117 595 3250 668 10).

2019 684 2084 740 γ.
2111 685 2231 740 JUL.
2256 685 2368 742 Nec
2394 686 2565 745 aliena
2593 697 2806 757 peccata
2829 687 2950 746 aliis
2977 688 3298 759 imputaret;
3330 703 3392 744 ac
3433 705 3531 760 per

1947 777 2072 844 hoc,
2102 792 2204 832 nec
2227 786 2446 848 propter
2469 787 2748 848 parentum
2769 779 3078 852 iniquitates
3098 780 3413 838 innocentes
3425 795 3524 836 eo-

1949 887 2069 928 rum
2093 869 2253 938 lilios,
2284 870 2374 941 qui
2403 885 2498 940 per
2524 885 2583 926 se
2607 871 2740 927 nihil
2761 873 2964 943 operati
2990 881 3172 930 essent
3195 875 3279 930 vel
3306 873 3432 929 boni
3447 873 3534 929 vel

1951 965 2095 1030 mali,
2125 979 2221 1036 per
2241 961 2382 1034 quod
2409 973 2688 1033 parentum
2717 979 2932 1020 suorum
2963 965 3186 1021 crimina
3213 963 3534 1023 docerentur

1953 1055 2161 1119 imitati,
2193 1054 2408 1110 aeternis
2434 1053 2760 1125 adjudiearet
2797 1055 3092 1126 suppliciis.
3119 1055 3321 1125 Quibus
3361 1053 3530 1111 colle-

1953 1148 2074 1213 ctis,
2105 1147 2269 1202 Deum
2299 1154 2504 1212 etesse,
2535 1154 2590 1202 et
2597 1145 2796 1216 justum
2810 1161 2928 1202 esse
2941 1155 3402 1218 constaret,quetn
3423 1146 3532 1202 cla-

1954 1247 2153 1305 ruerat,
2175 1239 2218 1294 si
2233 1236 2428 1310 aliquid
2455 1247 2702 1305 operetur
2737 1235 3010 1306 injustam,
3040 1245 3243 1292 tantum
3277 1235 3455 1292 subire
3482 1234 3538 1291 in

1955 1329 2250 1397 divinitate,
2270 1337 2522 1401 quantum
2541 1328 2910 1398 pertulissetin
2922 1328 3167 1399 aequitate
3179 1327 3538 1398 dispendium.

2027 1427 2162 1480 Anc.
2190 1424 2384 1480 Verum
2415 1422 2584 1477 dicis:
2613 1437 2676 1477 ac
2699 1437 2794 1492 per
2826 1420 2928 1476 hoc
2950 1461 2965 1487 ,
2998 1419 3130 1476 nihil
3167 1429 3416 1489 operatur
3456 1419 3540 1473 in-

1953 1516 2177 1588 justum,
2199 1530 2322 1570 cum
2343 1515 2486 1586 gravi
2507 1515 2632 1584 jugo
2658 1511 2850 1583 premit
2869 1511 3006 1568 filios
3025 1510 3194 1566 Adam
3215 1525 3244 1564 a
3263 1508 3350 1567 die
3367 1509 3541 1565 exitus

1959 1612 2026 1668 de
2047 1619 2230 1667 ventre
2248 1608 2436 1665 matris
2457 1623 2664 1664 eorum.
2697 1605 2850 1674 Quod
2874 1605 3053 1676 utique
3074 1603 3330 1674 injustam
3353 1610 3535 1670 esset,

1959 1703 2004 1760 si
2030 1711 2306 1774 peccatum
2328 1699 2582 1770 originale
2604 1713 2710 1754 non
2732 1707 2902 1753 esset.

2035 1793 2121 1848 Vl.
2151 1793 2268 1848 JUL.
2296 1791 2631 1862 Quanquam,
2675 1805 2708 1846 ο
2731 1788 3010 1845 infelicitas
3047 1788 3248 1844 erroris
3277 1787 3494 1844 immani
3525 1787 3544 1841 l

1961 1878 2127 1934 nimio
2147 1877 2360 1948 quippe,
2392 1873 2731 1947 perpendens
2759 1874 2928 1943 ipsam
2957 1872 3236 1929 conflictus
3263 1871 3430 1928 nostri
3460 1885 3548 1927 ra-

1963 1973 2183 2039 tionem,
2212 1970 2397 2026 dolore
2425 1969 2718 2034 concutior,
2747 1967 3052 2038 potuissene
3069 1968 3172 2022 hoc
3192 1965 3243 2020 in
3263 1963 3550 2021 dubitatio-

1966 2080 2086 2120 nem
2109 2065 2315 2131 venire,
2347 2073 2506 2133 atque
2531 2061 2827 2117 assertione
2866 2060 3006 2116 hanc
3031 2061 3243 2131 eguisse
3285 2073 3502 2115 causam
3529 2073 3549 2113 :

1965 2157 2221 2228 potuisse,
2246 2155 2482 2226 inquam,
2504 2153 2557 2209 in
2576 2153 2848 2220 Ecclesiis,
2875 2167 2993 2223 qua:
3019 2152 3228 2208 Christo
3250 2165 3310 2210 se
3327 2151 3554 2208 credere

1965 2248 2277 2312 faterentur,
2303 2246 2552 2313 dubitari,
2572 2255 2747 2302 utrum
2771 2245 2913 2302 Deus
2935 2245 3099 2316 juste,
3121 2244 3174 2301 id
3197 2253 3298 2314 est,
3320 2245 3556 2303 rationa-

1967 2339 2164 2405 biliter,
2193 2339 2457 2410 judicaret
2481 2338 2494 2392 ι

2038 2433 2173 2490 Ana.
2199 2431 2332 2500 Quia
2361 2430 2464 2486 hoc
2498 2444 2606 2486 non
2641 2429 2914 2486 dubitatur
2933 2430 2974 2498 ί,
3011 2427 3133 2484 ideo
3161 2429 3418 2500 scriptum
3441 2437 3552 2498 est,

1971 2539 2130 2596 grave
2145 2524 2332 2594 jugum
2362 2537 2481 2578 esse
2504 2537 2665 2593 super
2705 2519 2846 2578 filios
2869 2520 3043 2578 Adam
3073 2537 3106 2575 a
3147 2519 3237 2577 die
3269 2520 3442 2578 exitus
3487 2519 3560 2579 de

1969 2624 2156 2672 ventre
2176 2618 2359 2670 matris
2383 2629 2570 2668 eorum
2596 2613 2616 2685 (
2641 2610 2805 2666 Eccfi.
2833 2628 2922 2680 XL,
2957 2613 2982 2667 1
3009 2609 3051 2682 ).
3073 2611 3256 2683 Neque
3273 2613 3416 2669 enim
3441 2625 3556 2670 meo

1971 2711 2074 2767 lior
2102 2719 2184 2766 est
2203 2709 2504 2779 Pelagiana,
2527 2722 2685 2778 quam
2707 2706 3071 2762 ecclesiastica
3091 2707 3370 2777 sapientia.

2044 2801 2155 2858 V11.
2181 2801 2298 2858 JUL.
2321 2800 2425 2857 Sed
2439 2801 2600 2857 nimis
2619 2816 2736 2856 sum
2763 2800 2878 2871 ipsa
2898 2815 3078 2856 rerum
3098 2799 3420 2866 reverentia,
3441 2798 3562 2870 ejus

1974 2913 2075 2968 qua
2098 2895 2166 2953 de
2191 2905 2364 2968 agitur
2384 2894 2742 2950 contentionis
2763 2893 2978 2950 oblitus.
3002 2892 3164 2950 Miror
3197 2893 3340 2949 enim
3365 2891 3562 2964 ambigi

1975 2989 2043 3044 de
2067 2989 2158 3044 Dei
2184 2987 2432 3058 azquitate
2451 2987 2721 3058 potuisse;
2748 3001 2870 3042 cum
2893 2995 3103 3043 constet
3121 2987 3175 3043 in
3199 2984 3563 3042 Traduciano-

1976 3097 2094 3136 rum
2120 3080 2404 3152 synagogis
2423 3079 2555 3134 nihil
2575 3079 2643 3135 de
2668 3079 2784 3150 ejus
2810 3079 3089 3149 iniquitate
3113 3078 3364 3134 dubitari.

2048 3171 2184 3227 Anc.
2225 3170 2358 3236 Quia
2403 3169 2472 3226 de
2519 3169 2614 3225 Dei
2654 3169 2902 3240 aequitate
2946 3185 3055 3225 non
3097 3169 3402 3240 ambigitur,
3444 3167 3568 3225 ideo

1977 3263 2340 3336 gravejugum
2360 3277 2522 3333 super
2563 3261 2860 3333 parvulum,
2894 3261 3098 3332 justum
3124 3276 3254 3318 esse
3287 3263 3564 3318 creditur:

1979 3358 2171 3430 etquia
2203 3357 2523 3428 hocjustum
2557 3371 2677 3412 esse
2696 3355 2954 3424 creditur,
2997 3355 3120 3412 ideo
3161 3357 3410 3428 parvulus
3449 3356 3570 3412 sine

1979 3450 2221 3520 originali
2246 3457 2461 3519 peccato
2481 3463 2602 3504 esse
2624 3463 2728 3503 non
2758 3447 3014 3505 creditur.
3053 3447 3285 3504 Proinde
3305 3449 3360 3504 in
3379 3448 3571 3506 Eccle-

1983 3542 2057 3596 sia
2083 3541 2365 3608 catholica,
2394 3539 2536 3596 unde
2563 3539 2830 3610 Pelagiani
2855 3555 2924 3597 ex
2953 3539 3106 3595 nobis
3141 3538 3408 3606 exierunt,
3458 3554 3569 3596 non

1981 3633 2115 3688 sicut
2141 3632 2294 3699 dicis,
2319 3631 2448 3686 nihil
2473 3630 2541 3686 de
2561 3631 2838 3702 iniquitate
2867 3630 2985 3698 Dei,
3015 3629 3111 3686 sed
3137 3629 3317 3700 potius
3336 3630 3467 3686 nihil
3497 3629 3566 3688 de

1984 3724 2102 3796 ejus
2115 3724 2362 3794 aequitate
2377 3722 2676 3788 dubitatur;
2706 3723 2796 3778 ubi
2817 3738 2918 3778 nec
2935 3722 3130 3789 infans,
3145 3723 3295 3794 cujus
3311 3731 3394 3779 est
3413 3722 3572 3781 unius

1983 3817 2090 3873 diei
2121 3817 2226 3872 vita
2247 3829 2409 3887 super
2435 3811 2632 3872 terrain
2655 3816 2772 3872 sine
2795 3816 2952 3873 sorde
2985 3817 3187 3887 peccati
3207 3831 3328 3875 esse
3349 3817 3572 3875 docetur

1985 3919 2040 3966 et
2067 3911 2260 3966 dicitur
2280 3911 2300 3980 (
2321 3907 2421 3964 Job
2442 3925 2551 3976 ειν,
2577 3909 2632 3966 4.
2673 3925 2775 3964 sec.
2819 3907 3030 3981 LXX.)
3061 3925 3076 3974 ;
3103 3917 3157 3966 et
3181 3909 3302 3966 ideo
3331 3910 3384 3965 in
3413 3909 3569 3967 malis

1987 4021 2106 4076 quae
2126 4005 2343 4076 patitur,
2373 4019 2480 4060 non
2518 4003 2747 4074 injustas
2775 4003 2940 4073 Deus,
2968 4003 3062 4061 sed
3105 4003 3284 4076 jusms
3327 4003 3572 4076 agnosci-

1991 4107 2094 4152 tur.

2060 4189 2195 4245 Vill.
2225 4187 2344 4245 JUL.
2375 4187 2528 4258 Quod
2567 4197 2714 4245 certe
2741 4197 2888 4245 tanto
2918 4188 3068 4260 pejus
3097 4199 3197 4257 est,
3225 4197 3424 4260 quanto
3449 4204 3574 4260 grao

1989 4284 2106 4338 vius
2131 4293 2214 4340 est
2237 4283 2467 4338 studium
2496 4283 2756 4338 malorum
2785 4299 2942 4354 quam
2971 4283 3242 4354 neglectus
3290 4282 3574 4353 bonorum,

1975 4385 2188 4450 squanto
2215 4376 2564 4448 perniciosior
2592 4377 2815 4432 intentio
2841 4375 3171 4446 profanitatis
3215 4392 3376 4448 quam
3417 4375 3576 4432 dubi-

1995 4470 2123 4524 tatio
2139 4469 2400 4538 veritatis,
2425 4478 2624 4540 quanto
2653 4480 2926 4540 pestremo
2953 4469 3229 4525 scelestius
3257 4478 3340 4526 est
3376 4467 3579 4526 audere

1994 4563 2264 4617 criminari
2293 4563 2460 4618 Deum
2487 4577 2645 4633 quam
2676 4561 2822 4616 nolle
2850 4561 3114 4617 venerari.

2067 4655 2198 4711 Ave.
2241 4653 2347 4711 Sed
2387 4668 2484 4710 vos
2523 4652 2880 4709 criminamini
2915 4653 3100 4718 Deum,
3138 4651 3264 4706 dum
3307 4651 3578 4722 parvulos,

1996 4763 2131 4819 quos
2167 4747 2368 4819 judicio
2403 4747 2520 4818 ejus
2555 4746 2702 4817 gravi
2729 4746 2858 4818 jugo
2901 4745 3071 4816 premi
3119 4745 3360 4814 cernitis,
3411 4745 3578 4804 ullum

1999 4847 2172 4895 tamen
2201 4840 2404 4910 negatis
2429 4839 2624 4894 habere
2651 4848 2947 4909 peccatum.

2068 4930 2160 4985 1X.
2187 4930 2305 4986 JUL.
2337 4930 2548 4986 Dixerat
2579 4931 2814 5000 quidem,
2846 4938 2904 4984 ut
2929 4927 3096 4984 David
3136 4926 3398 5000 prOpheta
3428 4928 3582 4986 testis

1999 5025 2132 5091 est”,
2171 5023 2424 5094 insipiens
2462 5023 2514 5077 in
2562 5021 2724 5077 corde
2775 5036 2892 5086 suo,
2929 5021 3052 5092 quia
3094 5035 3202 5076 non
3247 5029 3392 5076 esset
3444 5020 3584 5077 Deus

2001 5117 2172 5188 (Psal.
2205 5112 2403 5189 xm,l)
2429 5133 2442 5168 :
2471 5130 2577 5170 non
2633 5124 2807 5170 tamen
2852 5113 3083 5176 dixerat,
3111 5112 3233 5182 quia
3277 5119 3420 5168 esset
3460 5109 3581 5182 qui-

2001 5211 2144 5274 dem,
2174 5210 2266 5266 sed
2300 5218 2474 5264 tamen
2503 5207 2728 5279 injustns
2763 5207 2920 5271 Deus;
2948 5206 3018 5260 ita
3043 5204 3386 5260 concinenter
3421 5201 3584 5258 totin

2001 5314 2206 5359 naturae
2231 5318 2364 5359 voce
2397 5302 2696 5369 resonabat,
2729 5299 3154 5371 inseparabiliter
3177 5297 3287 5352 Deo
3307 5295 3586 5351 adltmrcre

1998 5399 2280 5472 justitiam,
2339 5406 2397 5452 ut
2443 5395 2650 5452 facilius
2702 5395 3034 5451 inveniretur
3075 5391 3166 5462 qui
3226 5385 3583 5445 substantiam

2004 5493 2141 5566 ejus,
2176 5507 2335 5564 quam
2379 5491 2469 5562 qui
2515 5489 2820 5562 aequitatem
2860 5494 3097 5559 negaret.
3125 5483 3304 5540 Potuit
3352 5479 3584 5536 existere

2007 5585 2095 5660 qui
2132 5577 2340 5663 putaret
2378 5599 2485 5640 non
2512 5598 2632 5641 esse
2671 5580 2814 5652 quod
2859 5595 2964 5635 non
3009 5575 3240 5638 videbat;
3271 5586 3378 5629 non
3407 5569 3584 5628 fuerat

2005 5691 2186 5737 tamen
2232 5679 2482 5734 inventus
2517 5676 2608 5747 qui
2641 5673 2846 5731 diceret
2882 5671 3118 5742 iniquum
3163 5666 3306 5740 quod
3344 5664 3584 5723 divinum

2004 5789 2122 5832 esse
2147 5774 2414 5832 credebat.

2070 5869 2088 5901 ί
2113 5869 2186 5918 sic
2206 5875 2312 5916 uss.
2338 5873 2394 5915 Αι
2411 5867 2570 5928 \‘ign.,
2594 5859 2842 5928 dubitavit.

2070 5933 2094 5970 ³
2426 5910 2923 6018 (index
2941 5926 3208 5987 Portenta.
3227 5910 3359 5978 tum
3379 5913 3472 5988 σαι
