4062 6474
541 298 670 358 1251

612 416 742 471 Anc.
772 415 840 470 Et
866 414 978 486 ipse
1016 416 1263 470 inventus
1292 432 1371 471 es.
1403 418 1533 471 Nam
1574 419 1658 473 cui
1692 420 1792 476 nisi
1837 421 1930 476 tali
1974 421 2122 490 dicit,

539 504 839 578 Suspicatus
865 523 916 560 es
956 507 1286 575 iniquitatem,
1315 508 1449 576 quod
1489 525 1574 563 ero
1619 509 1708 564 tibi
1752 512 1931 566 similis
1953 512 2124 587 (Psal.

538 614 684 666 χιιι,
706 600 852 669 21)?
875 597 976 654 Sed
998 600 1269 668 quoniam'
1295 599 1579 656 Christiani
1619 602 1866 659 catholici
1914 616 1970 660 et
2008 621 2128 663 esse

537 692 727 757 Deum,
756 700 812 746 et
831 692 1031 762 justum
1073 706 1194 747 esse
1215 695 1411 761 sciunt;
1438 694 1560 750 ideo
1590 703 1743 751 natos
1788 696 2055 766 homines,
2079 699 2126 755 si

535 798 643 837 non
685 784 853 838 renati
900 782 952 837 in
1000 785 1223 853 parvula
1264 794 1422 842 aetate
1481 787 1804 856 moriuntur,
1846 804 1969 845 eum
2018 791 2125 849 sint

534 872 793 944 imagines
833 872 951 940 Dei,
979 888 1086 929 non
1130 874 1327 945 injuste
1359 887 1555 944 tamen,
1589 878 1685 934 sed
1714 881 1915 959 peccati
1958 883 2121 953 origi-

535 964 673 1020 nalis
721 964 934 1031 merito,
966 965 1022 1020 in
1070 982 1294 1037 regnum
1345 968 1441 1025 Dei
1484 984 1592 1027 non
1634 972 1852 1042 suscipi,
1882 972 2123 1031 dubitare

535 1071 642 1112 non
666 1057 685 1087 ¹
713 1065 956 1127 possunt.
1512 1080 1517 1085 ‘
1794 1084 1799 1089 '

607 1145 676 1201 Χ.
709 1146 828 1202 Jun.
871 1148 1131 1220 [nsipiens
1171 1166 1298 1223 ergo
1338 1153 1449 1219 ille,
1485 1156 1730 1229 negando
1777 1157 1966 1227 Deum,
2009 1169 2120 1215 ste-

533 1241 662 1296 tisse
706 1242 761 1296 in
795 1243 995 1299 extimo
1042 1245 1323 1301 criminum
1361 1248 1643 1306 videbatur
1673 1267 1686 1303 :
1720 1258 1777 1305 at
1801 1251 2012 1308 inventa
2040 1265 2121 1310 est

535 1334 682 1387 natio
710 1333 1124 1391 Manichaeorum
1156 1345 1219 1391 ‘et
1244 1337 1719 1407 Traducianorum,
1751 1342 1902 1414 cujus
1940 1345 2122 1416 profa-

456 1467 459 1471 .
531 1424 786 1481 nitatihus
812 1426 1171 1481 vinceretur”.

605 1518 737 1573 Anc.
767 1517 956 1573 Sciens
984 1534 1142 1591 quam
1166 1520 1296 1575 clari
1326 1523 1639 1596 probatique
1659 1525 1906 1584 doctores
1931 1529 2121 1587 Eccle-

530 1609 625 1666 siae
663 1608 878 1675 Christi,
905 1611 972 1667 de
1010 1622 1228 1681 peccato
1250 1614 1531 1685 originali,
1560 1626 1615 1674 et
1638 1618 1704 1674 de
1747 1619 1947 1691 justitia
1980 1622 2074 1677 Dei
2102 1665 2116 1690 ,

530 1699 674 1783 quod
701 1701 862 1757 credo
902 1702 1245 1769 crediderint,
1265 1705 1407 1775 quod
1440 1706 1607 1764 doceo
1652 1708 1952 1777 docuerint,
1977 1713 2119 1785 quod

529 1776 760 1847 defendo
811 1792 1186 1861 defenderint;
1216 1796 1294 1851 sic
1337 1797 1521 1855 audire
1565 1800 1736 1858 debeo
1771 1776 2118 1862 contumelias

528 1891 665 1950 tuas,
689 1886 955 1956 quomodo
981 1887 1165 1944 laudes
1191 1905 1337 1945 meas
1356 1890 1399 1945 ³.

601 1975 695 2031 Xl.
716 1976 834 2033 Jun.
860 1978 963 2035 Sed
993 1990 1051 2036 ut
1089 1990 1423 2039 revertamur
1447 1985 1589 2043 u‘nde
1617 1985 1845 2061 digressi
1880 2006 2066 2048 sumus
2099 2010 2113 2048 :

528 2064 757 2138 liquerat
780 2069 848 2123 ab
872 2083 939 2126 eo
966 2085 1123 2142 quem
1151 2070 1439 2130 {uteremur
1464 2092 1648 2132 verum
1691 2080 1879 2150 Deum,
1909 2082 2041 2138 nihil
2063 2083 2116 2140 in

525 2156 728 2228 judicio
769 2173 929 2231 posse
969 2160 1106 2232 ﬁeri,
1138 2165 1280 2235 quod
1305 2166 1527 2237 justitite
1563 2183 1902 2246 repugnaret;
1930 2190 1994 2232 ac
2021 2192 2117 2249 per

528 2247 652 2318 hoc,
684 2264 785 2306 nec
809 2265 908 2321 pro
931 2252 1122 2309 alienis
1164 2258 1393 2326 peccatis
1420 2274 1713 2331 quosquam
1752 2279 1875 2321 reos
1903 2247 2071 2323 teneri
2097 2286 2110 2323 :

525 2349 685 2412 atque
730 2342 851 2398 ideo
894 2355 1206 2401 nascentum
1245 2348 1605 2407 innocentiam
1653 2369 1987 2428 nequaquam
2017 2359 2113 2417 da-

529 2434 702 2488 mnari
726 2435 796 2490 ob
824 2435 1155 2507 iniquitatem
1196 2451 1475 2511 parentum
1500 2460 1515 2512 ;
1542 2447 1666 2517 quia
1688 2448 1943 2520 injustam
1971 2464 2115 2511 esset

525 2531 584 2579 ut
606 2533 784 2580 reatus
806 2541 901 2596 per
919 2528 1123 2584 semina
1148 2530 1471 2589 traderetur.

602 2616 738 2673 Auc.
763 2616 872 2674 Cur
899 2633 1027 2688 ergo
1046 2614 1243 2678 dictum
1268 2634 1429 2692 esset,
1469 2624 1656 2684 Semen
1695 2648 1866 2688 eorum
1901 2637 2113 2692 maledi—

526 2719 666 2762 ctum
692 2708 754 2761 ab
781 2709 927 2764 initio
948 2711 974 2765 Ρ
1000 2710 1114 2768 Non
1153 2715 1297 2771 enim
1340 2718 1419 2774 sic
1454 2718 1654 2776 dictum
1686 2733 1788 2790 est,
1819 2729 2106 2801 quomodo,

525 2798 712 2856 Semen
737 2800 983 2859 Chanaan
1018 2815 1065 2860 et
1093 2823 1195 2862 non
1237 2807 1379 2864 Juda
1404 2810 1562 2884 (Dan.
1590 2830 1706 2883 xm,
1733 2815 1855 2891 56);
1887 2820 1975 2876 ubi
2017 2798 2110 2879 de-

522 2902 875 2950 monstratum
899 2907 982 2951 est
1006 2898 1199 2971 quibus
1220 2900 1423 2958 similes
1448 2904 1571 2961 iacti
1591 2916 1764 2975 erant,
1789 2918 1843 2965 et
1867 2925 1894 2965 a
1917 2912 2110 2983 quibus

522 2985 977 3057 degeneraverant
1006 3009 1021 3045 :
1049 2992 1143 3048 sed
1170 3008 1355 3049 eorum
1373 2995 1609 3066 ipsorum
1636 3015 1821 3057 semen
1846 3003 1979 3058 dixit
1998 3021 2110 3061 ma-

522 3076 798 3148 ledictum,
839 3097 974 3152 quos
1022 3085 1336 3142 naturaliter
1380 3090 1553 3145 malos
1603 3094 1817 3150 volebat
1865 3097 2102 3171 intelligi,

519 3168 656 3223 sicut
701 3179 826 3225 sunt
859 3186 1045 3230 omnes
1087 3175 1180 3230 tllii
1206 3177 1399 3247 Adam,
1425 3196 1493 3236 ex
1533 3184 1725 3254 quibus
1764 3189 1933 3257 gratia
1976 3168 2108 3248 ilum

523 3258 617 3313 ﬁlii
665 3260 779 3317 Dei.
812 3262 914 3318 Ubi
961 3264 1102 3320 enim
1141 3267 1357 3337 dicitur,
1405 3269 1527 3327 Non
1572 3274 1814 3346 ignorans
1868 3284 2105 3352 quoniam

522 3356 739 3421 nequam
771 3361 844 3407 est
872 3357 1010 3410 natio
1036 3354 1264 3427 illorum,
1290 3370 1338 3416 et
1364 3366 1613 3420 naturalis
1640 3369 1835 3424 malitia
1856 3370 2101 3444 ipsorum,

520 3443 820 3512 etquoniam
853 3462 954 3500 non
983 3457 1179 3518 poterat
1206 3454 1393 3508 mutari
1419 3457 1656 3529 cogitatio
1676 3443 1881 3517 illorum
1907 3466 1961 3519 iu
1990 3486 2105 3536 pcr-

519 3542 929 3606 petuum;semen
958 3540 1089 3594 enim
1115 3541 1319 3598 illorum
1349 3547 1669 3605 maledictum
1692 3553 1754 3617 ab
1777 3555 1921 3611 initio
1945 3557 2099 3632 (Sap.

518 3636 614 3691 xu,
644 3626 712 3682 10
734 3635 778 3682 et
797 3626 885 3701 11)
913 3646 926 3683 :
952 3639 1080 3701 puto
1105 3634 1246 3703 quod
1272 3646 1483 3708 natura,
1512 3643 1893 3701 nonimitatio‘
1917 3626 2100 3708 redar-

514 3717 710 3789 guttur;
739 3728 793 3776 et
831 3724 1099 3792 quomodo
1138 3735 1323 3783 natura
1366 3730 1465 3787 nisi
1497 3735 1681 3791 vitiata
1726 3750 1965 3811 peccato,
1994 3760 2099 3801 non

517 3809 571 3864 in
602 3811 773 3881 primo
801 3812 1025 3873 homine
1061 3817 1139 3874 sic
1171 3822 1389 3877 creata?
1434 3826 1476 3881 A
1506 3843 1612 3898 quo
1647 3846 1774 3902 ergo
1802 3809 1959 3892 initio
1984 3854 2100 3893 ma-

509 3900 763 3959 ledictum
804 3921 1009 3973 semen,
1051 3911 1152 3965 nisi
1205 3928 1270 3968 ex
1312 3930 1418 3986 quo
1464 3934 1562 3989 per
1612 3928 1776 3978 unu‘m
1828 3925 2097 3986 hominem

509 4003 784 4064 peccatum
809 3997 1027 4055 intravit
1054 4002 1106 4056 in
1129 4005 1421 4062 mundum?
1450 4012 1493 4064 A
1518 4027 1578 4068 se
1608 4012 1738 4084 ipsis
1766 4028 1945 4075 autem
1975 4038 2099 4077 mur-

506 4084 610 4140 tari
670 4102 773 4142 non
828 4099 1092 4161 poterant,
1138 4111 1241 4151 non
1299 4099 1369 4154 ab
1413 4103 1777 4172 omnipotente
1831 4110 2097 4185 Deozqui

505 4184 684 4235 tamen
715 4181 848 4236 eos'
874 4184 1054 4255 utique
1096 4186 1414 4259 iustissimo,
1444 4197 1693 4264 quamvis
1729 4181 2093 4261 occultissimo

505 4266 727 4339 judicio,
756 4288 862 4328 non
892 4276 1149 4332 mutabat.
1183 4279 1266 4335 Ab
1307 4280 1408 4336 hac
1430 4283 1573 4339 enim
1600 4302 1775 4345 massa
1804 4307 1908 4347 non
1953 4295 2094 4352 arbi-

470 4434 479 4435 ί
506 4360 632 4429 trio,
656 4363 751 4418 sed
780 4364 874 4421 Dei
904 4369 1071 4438 gratia
1111 4384 1171 4426 se
1198 4382 1457 4430 mutatum
1487 4392 1610 4435 esse
1633 4380 1833 4439 sciebat
1859 4386 2090 4457 Aposto-

503 4450 609 4519 lus,
631 4456 846 4524 quando
890 4457 1138 4516 dicebat:
1164 4461 1380 4529 Fuimus
1413 4477 1462 4524 et
1481 4485 1575 4525 nos
1602 4482 1790 4529 natura
1832 4450 1930 4547 ﬁlii
1975 4480 2086 4546 irae,

505 4550 634 4601 sicut
660 4557 711 4603 et
738 4552 905 4606 ceteri
935 4552 1151 4625 (Ephes.
1182 4558 1266 4624 11,
1294 4560 1388 4632 3).

510 4676 516 4681 -
575 4640 691 4696 Xll.
743 4642 861 4699 101..
910 4644 1061 4713 Quod
1115 4647 1240 4705 licet
1264 4651 1320 4707 in
1366 4660 1512 4711 tanta
1558 4657 1677 4716 luce
1714 4664 1995 4735 consistat,
2032 4677 2088 4724 ut

503 4732 638 4787 nihil
690 4744 783 4789 aut
822 4736 1116 4795 absolutius
1161 4741 1479 4816 inveniatur,
1524 4759 1616 4805 aut
1661 4754 1837 4810 verius
1866 4774 1880 4811 :
1908 4732 2085 4814 tamen

502 4824 770 4895 pollicitus
791 4840 939 4882 eram
973 4828 1073 4885 hoc
1098 4832 1269 4902 ipsum
1299 4835 1492 4894 divina:
1511 4856 1599 4898 me
1624 4842 1755 4915 legis
1778 4848 2086 4906 testimonio

501 4918 873 4988 comprobare,
895 4920 949 4976 id
990 4932 1094 4992 est,
1142 4926 1530 4997 iniquissimum
1564 4950 1702 5003 esse,
1735 4939 1778 4993 si
1820 4956 2081 5011 generan-

500 5008 636 5064 tinm
676 5010 880 5068 scelera
923 5018 1264 5075 nascentibus
1304 5037 1486 5079 eorum
1520 5026 1700 5084 liberis
1733 5008 2082 5104 imputantur;

500 5099 685 5171 sicque
726 5101 994 5161 adversari
1038 5107 1234 5178 Deum,
1274 5122 1333 5169 ut
1370 5116 1529 5172 etiam
1573 5119 1625 5174 in
1661 5135 1755 5175 sua
1782 5099 1899 5195 lege
1942 5099 2081 5196 pne;

500 5193 795 5264 scripserit,
828 5212 895 5253 ne
936 5199 1043 5256 tale
1081 5202 1368 5276 quidquam
1390 5207 1738 5278 iudicantium
1771 5193 2079 5276 deiormitas

497 5298 849 5358 perpetraret.
876 5290 990 5349 Hoc
1024 5309 1110 5350 me
1134 5311 1262 5368 ergo
1286 5301 1677 5371 spoponderam
1704 5305 2035 5367 redditurum
2060 5329 2075 5368 :

497 5380 592 5436 sed
627 5383 878 5454 quoniam
906 5388 1171 5446 secundus
1207 5389 1344 5448 liber
1369 5396 1595 5465 apostoli
1624 5398 1772 5456 Pauli
1805 5417 2079 5474 exponen-

560 5571 578 5662 ξ
602 5572 1290 5662 ἓξὲξ-ἕξιθῇ
1308 5584 1611 5639 restituimus
1633 5599 1699 5641 ex
1719 5595 2073 5662 mantrsa-ipus,

556 5636 577 5700 ξ
602 5636 889 5700 vigniefius,
920 5636 1142 5693 vincitur.

559 5695 579 5767 ξ
603 5695 891 5767 γῇξξιιῇοιοῇιιεζ
912 5709 1035 5753 tuas.
1063 5712 1116 5767 ᾼι
1140 5714 1265 5767 ωδε..
1298 5722 1445 5761 meas.

555 5754 578 5839 ε
605 5754 1123 5839 t'ifgnicriusimutatio.
1149 5754 1515 5839 Einenda'tu'r'ex
1530 5780 1782 5839 veteribus
1796 5781 1945 5839 libris-

558 5817 578 5850 '
607 5817 1016 5887 \‘igtucrius’loco,
1050 5840 1159 5891 eos;
1196 5817 1431 5901 ediderit};

1213 303 1460 361 OPERIS
1499 303 1911 364 IMPERFECTI
1946 307 2221 366 CONTRA
2264 312 2625 384 JUiJANUM,
2664 317 2731 375 S.
2775 319 3143 383 AUGUSTINI

3690 338 3712 393 1
3724 338 3831 395 25’.

2235 452 2320 509 dis
2348 462 2430 509 est
2461 459 2737 514 sententiis
2776 472 3084 534 occupatus,
3108 465 3268 539 hujus
3309 469 3601 541 voluminis
3642 477 3763 547 prie
3816 508 3833 519 ν.

2236 546 2474 629 partibus
2518 548 2673 604 tidem
2701 554 2945 627 congruit
2988 559 3358 629 promissionis
3400 546 3832 637 implet-LL05}-

2235 620 2354 691 mus
2380 653 2508 711 ergo
2538 639 2591 695 in
2621 642 3051 717 Deuteronomio,
3076 651 3127 704 in
3160 654 3401 726 catalogo
3428 658 3832 745 praeceptorum

2233 728 2425 800 quibus
2482 733 2587 788 vita
2633 744 2686 791 et
2730 742 3063 798 conversatio
3102 738 3297 817 populi
3338 745 3478 823 illius
3517 728 3811 809 ordinatur

2232 821 2391 878 etiam
2429 822 2530 880 hoc
2570 829 2904 897 apertissime
2934 848 2963 887 a
2991 830 3099 891 Deo
3136 824 3301 909 fuisse
3330 821 3665 911 mandat-um.
3689 844 3831 902 Nam

2233 912 2385 1000 ut’de
2434 918 2880 991 praecedentibus,
2913 934 2964 979 et
3006 925 3075 982 de
3121 908 3487 1003 sequentibus,
3518 908 3665 992 inter
3706 953 3832 1009 quae

2230 988 2655 1077 sit'collocatum,
2681 988 3091 1095 possitintelligi
3125 1037 3139 1073 :
3172 988 3296 1077 lion
3317 988 3602 1094 fraudabis,
3624 988 3828 1101 inqitit,

2230 1103 2507 1188 mercedem
2549 1108 2786 1177 pauperis
2828 1117 2873 1162 et
2900 1112 3088 1182 egentis
3126 1130 3189 1168 ea:
3215 1115 3458 1188 fratribus
3492 1123 3618 1187 luis,
3647 1134 3735 1177 aut
3763 1142 3830 1180 ex

2231 1178 2497 1268 proselytis
2525 1199 2612 1269 qui
2627 1210 2747 1254 sunt
2771 1200 2825 1255 iu
2849 1178 3131 1261 civitatibus
3163 1210 3262 1264 tuis
3283 1227 3301 1263 :
3323 1213 3681 1281 quotidianam
3708 1219 3830 1272 red-

2228 1282 2315 1340 des
2343 1288 2617 1357 mercedem
2653 1291 2793 1347 illius
2816 1296 2856 1360 ¹;
2886 1312 2987 1350 non
3018 1299 3212 1355 occidat
3244 1292 3324 1357 sol
3355 1321 3508 1377 super
3551 1325 3691 1375 eam;
3708 1312 3829 1382 quia

2228 1372 2433 1449 pauper
2465 1392 2558 1449 est,
2590 1393 2638 1437 et
2667 1384 2718 1438 in
2757 1404 2814 1440 ea
2863 1387 3010 1443 habet
3051 1392 3223 1461 spent;
3248 1406 3295 1479 et
3340 1372 3440 1465 non
3467 1372 3827 1493 proclamabit

2226 1482 2402 1528 contra
2441 1484 2488 1551 te
2512 1477 2580 1531 ad
2602 1474 2900 1548 Dominum,
2926 1493 2973 1538 et
2992 1482 3086 1540 erit
3106 1486 3158 1541 in
3181 1498 3227 1569 te
3254 1474 3535 1569 peccauerit.
3570 1482 3697 1563 Non
3726 1513 3824 1550 mo-

2225 1563 2417 1655 rientur
2445 1578 2613 1640 patres
2639 1587 2736 1641 pro
2752 1571 2892 1642 ﬁliis,
2918 1584 2965 1629 et
2989 1576 3085 1646 ﬁlii
3114 1563 3215 1634 non
3240 1563 3515 1661 morientur
3542 1603 3640 1661 pro
3670 1590 3824 1661 patri-

2238 1654 2331 1712 bus
2364 1640 2823 1733 :runusquisquein
2848 1677 3053 1753 peccato
3072 1686 3166 1725 suo
3193 1650 3431 1753 morietur
3673 1658 3819 1753 inv,

2228 1749 2489 1823 14.16).
2552 1742 2557 1749 '
3048 1744 3053 1753 ’
3320 1742 3341 1753 ’⁷
3465 1742 3501 1773 τ’
3572 1752 3577 1765 ’

2295 1840 2435 1900 Ave.
2461 1843 2538 1900 De
2581 1846 2702 1903 ﬁliis
2732 1846 2836 1906 hoc
2862 1850 2996 1908 dixit
3042 1853 3154 1925 jam
3206 1858 3366 1951 natis,
3398 1875 3503 1916 non
3641 1865 3821 1951 primo

2224 1944 2445 2006 parente
2481 1936 2767 2021 damnatis,
2797 1942 2848 1997 in
2888 1959 2994 2019 quo
3027 1960 3217 2023 omnes
3262 1936 3730 2033 peccaverunt,'et
3768 1954 3818 2012 in

2223 2042 2329 2097 quo
2355 2043 2542 2085 omnes
2567 2032 2883 2090 moriuntur.
2911 2035 2979 2093 Et
3011 2036 3112 2095 hoc
3133 2032 3346 2112 quidem
3370 2056 3700 2119 praeceptum
3719 2049 3816 2107 de-

2221 2112 2300 2173 dit
2346 2114 3077 2207 hominibus'judicantibus‘,
3124 2146 3193 2187 ne
3236 2112 3388 2204 pater
3428 2152 3524 2207 pro
3544 2112 3698 2206 lilio,
3734 2140 3817 2198 vel

2222 2208 2364 2266 ﬁlius
2407 2228 2505 2291 pro
2548 2204 3221 2291 patrémqrereturfcum
3265 2216 3388 2297 reus
3429 2204 3816 2291 tantummodo

2220 2294 2373 2375 pater
2405 2315 2549 2379 esset
2595 2306 2861 2393 inventus,
2885 2321 2976 2369 aut
3002 2308 3163 2387 filius.
3185 2294 3450 2387 Caeterum
3484 2316 3693 2393 judicia
3720 2341 3814 2384 sua

2220 2392 2383 2463 Deus,
2412 2396 2526 2454 sive
2567 2388 2688 2475 cum
2720 2416 2816 2472 per
2835 2418 2894 2459 se
2921 2396 3116 2476 ipsum,
3147 2408 3259 2477 sive
3283 2426 3404 2481 cum
3435 2429 3530 2489 per
3556 2414 3808 2501 homines

2212 2484 2453 2557 judicat,
2478 2488 2669 2559 quibus
2709 2491 2800 2548 dat
2829 2494 3202 2567 propheticum
3234 2484 3517 2571 spiritum,
3538 2484 3649 2562 non
3691 2508 3809 2563 alli-

2216 2579 2361 2657 gavit
2386 2580 2485 2639 hac
2512 2583 2645 2655 lege.
2674 2582 2859 2669 Neque
2893 2589 3035 2667 enim
3060 2593 3276 2677 quando
3300 2608 3527 2683 ercepto
3546 2599 3664 2671 Noe
3687 2594 3807 2677 enm

2216 2676 2347 2755 suis,
2370 2684 2596 2731 caeteros
2623 2692 2812 2759 omnes
2840 2679 3040 2737 diluvio
3068 2676 3319 2756 perdidit,
3343 2676 3613 2775 separavit
3640 2693 3809 2775 infan-

2217 2746 2297 2818 tes
2338 2763 2429 2835 qui
2469 2746 2703 2841 nondum
2743 2762 2955 2827 fuerant
2992 2768 3182 2831 imitati
3228 2789 3474 2865 parentes
3527 2768 3808 2867 sugsfaut

2213 2852 2331 2911 sine
2351 2856 2461 2912 suis
2478 2859 2713 2930 parvulis
2733 2859 3037 2922 Sodomitas
3053 2867 3139 2924 ille
3166 2866 3301 2943 ignis
3327 2852 3803 2963 absumpsit‘rtccn.

2212 2942 2305 3013 vu,
2330 2949 2471 3021 six).
2496 2948 2647 3019 Quod
2678 2954 2721 3009 si
2745 2954 3021 3026 voluisset,
3052 2959 3233 3032 utique
3269 2942 3543 3049 potuisse;
3561 2942 3805 3045 omnipo-

2214 3030 2353 3094 tens.
2386 3039 2452 3113 Et
2490 3041 2576 3097 ille
2616 3042 2829 3100 Achar'
2858 3051 3105 3135 praecepti
3143 3030 3683 3141 transgressorlunus
3706 3030 3804 3133 ~iu-

2212 3139 2425 3199 ventus,
2456 3141 2512 3187 et
2529 3143 2702 3190 tamen
2727 3152 2846 3193 cum
2877 3138 2988 3195 suis
3019 3140 3137 3198 ﬁliis
3157 3152 3213 3201 et
3232 3138 3444 3213 ﬁliabus
3468 3138 3680 3208 occisus
3697 3162 3799 3209 est.

2211 3220 2352 3289 Quid
2399 3222 2465 3278 de
2509 3232 2586 3280 tot
2625 3225 2926 3285 civitatibus
2965 3230 3244 3291 debellatis
3285 3237 3475 3307 eodem
3515 3241 3652 3300 duce
3674 3244 3802 3301 Jesu

2209 3313 2354 3372 Nave
2384 3315 2600 3373 homine
2647 3319 2780 3377 Dei?
2803 3314 2989 3389 Nonne
3017 3325 3087 3380 ita
3127 3314 3315 3387 omnes
3351 3331 3613 3413 interfecti
3649 3349 3798 3409 sunt,

2210 3416 2266 3461 ut
2288 3407 2466 3464 nullus
2491 3408 2698 3479 spirans
2726 3413 3117 3486 relinqueretur
3140 3418 3319 3503 (Iosue
3345 3440 3434 3493 vn,
3461 3410 3607 3497 τιςι,
3627 3407 3753 3503 etc.)
3775 3432 3802 3487 ?

2209 3492 2417 3555 Parvuli
2448 3501 2606 3573 igitur
2626 3506 2747 3576 quid
2793 3508 2921 3565 mali
2945 3492 3214 3587 iecerant?
3241 3492 3430 3581 Nonne
3456 3492 3554 3591 per
3578 3492 3796 3583 suorum

2208 3600 2485 3662 parentum
2514 3605 2748 3665 peccata,
2772 3613 2995 3671 quorum
3023 3620 3121 3675 nee
3149 3608 3367 3675 conscii,
3387 3612 3798 3675 necimitatores

2206 3696 2326 3738 esse
2369 3682 2544 3742 adhuc
2581 3699 2845 3760 poterant,
2883 3691 3064 3773 divino
3105 3695 3306 3768 judicio
3346 3718 3560 3773 poenam
3587 3708 3798 3766 subiere

2205 3777 2580 3832 communem?
2609 3779 2777 3836 Aliter
2810 3770 2936 3855 ergo
2967 3785 3170 3859 jndicat
3208 3770 3370 3862 Deus,
3386 3795 3551 3865 aliter
3595 3798 3795 3857 homini

2203 3856 2443 3939 praecipit
2472 3879 2528 3929 ut
2547 3870 2752 3941 judicet
2781 3893 2794 3930 :
2823 3891 2942 3931 cum
2972 3856 3123 3936 Dens
3152 3856 3369 3955 homine
3386 3856 3512 3946 ‘sine
3551 3891 3660 3961 ulla
3696 3893 3792 3967 du-

2202 3957 2461 4018 bitatione
2496 3964 2564 4018 sit
2599 3964 2811 4035 justior.
2842 3968 2966 4026 Haec
3010 3973 3237 4036 debuisti
3282 3989 3406 4041 ante
3441 3957 3793 4056 cogitarent:

2202 4050 2269 4131 ad
2313 4068 2527 4121 causam
2557 4072 2661 4112 non
2693 4062 3079 4129 pertinentibus
3109 4056 3467 4139 immorareris
3509 4080 3788 4149 exemplis.

2272 4142 2409 4202 XIII.
2436 4145 2555 4203 JUL.
2591 4147 2710 4215 Non
2752 4150 3024 4210 declinabis
3044 4158 3299 4228 judicium
3336 4166 3599 4238 proselyti,
3629 4142 3787 4237 or-

2203 4232 2378 4304 phani,
2403 4245 2449 4290 et
2489 4237 2675 4305 viduae;
2712 4258 2811 4309 non
2854 4246 3067 4318 accipies
3106 4251 3288 4322 pignus
3329 4256 3671 4315 vestimentum
3713 4262 3785 4329 vi-

2201 4322 2317 4379 dua:
2341 4340 2360 4379 :
2388 4327 2506 4397 quia
2544 4331 2771 4401 famulus
2807 4335 2994 4390 erasin
3037 4346 3169 4417 terra
3198 4341 3437 4417 zEgypti,
3480 4356 3527 4401 et
3564 4324 3785 4407 liberarit

2197 4423 2246 4469 te
2272 4414 2520 4472 Dominus
2548 4417 2684 4476 Deus
2710 4432 2824 4478 tuus
2859 4425 2977 4497 inde
2992 4444 3012 4493 ;
3041 4414 3246 4502 propter
3280 4414 3374 4488 hoc
3401 4454 3493 4508 ego
3521 4436 3613 4494 tibi
3650 4458 3784 4519 prat-

2196 4506 2331 4577 cipio
2371 4511 2541 4581 facere
2584 4511 2783 4569 verbum
2828 4515 2921 4591 Ιςυε
2955 4519 3127 4592 (Deut.
3160 4539 3304 4594 xxrv,
3336 4528 3403 4584 17
3429 4506 3475 4601 et
3508 4530 3619 4605 18).
3650 4506 3779 4590 ‘Cum

2197 4598 2498 4659 institueret
2516 4604 2656 4667 Deus
2679 4606 2950 4678 jndicandi
2978 4612 3222 4686 formam,
3248 4619 3349 4707 hoc
3370 4598 3547 4709 statim
3577 4598 3781 4687 sancire

2193 4686 2416 4762 curavit,
2444 4712 2511 4752 ne
2548 4707 2641 4753 aut
2688 4694 2934 4769 parentes
2976 4706 3030 4761 in
3076 4686 3333 4783 ﬁliorum,
3349 4723 3443 4783 aut
3468 4688 3560 4771 ﬁlii
3592 4718 3647 4789 in
3689 4735 3777 4790 pa-

2191 4795 2402 4841 rentum
2425 4788 2626 4844 scelere
2654 4789 2959 4853 i'erirentur.
2982 4795 3307 4875 Principium
3336 4819 3465 4877 ergo
3489 4816 3542 4875 et
3580 4788 3779 4881 ingres-

2189 4889 2309 4947 sum
2341 4878 2581 4951 justitige,
2610 4899 2767 4957 quam
2794 4886 2997 4953 servari
3029 4890 3077 4946 in
3106 4892 3431 4969 jndicalionc
3470 4878 3772 4967 mandabat,

2190 4968 2426 5028 Ostendit
2453 4964 2593 5043 istud
2625 4969 2763 5049 esse,
2787 4994 2855 5035 ne
2887 4979 3117 5041 afﬁnitas
3155 4964 3401 5057 gravaret
3430 4990 3696 5063 innoxios,
3721 4964 3776 5052 et

2188 5057 2244 5118 in
2268 5062 2440 5139 ipsum
2460 5081 2628 5141 genus
2649 5083 2955 5151 excurreret
2985 5075 3186 5147 odium,
3217 5083 3359 5154 quod
3400 5100 3628 5156 persona
3665 5104 3777 5145 me-

2187 5155 2403 5241 ruisset.
2433 5158 2491 5245 in
2521 5175 2679 5225 causa
2704 5180 2835 5251 ergo
2863 5178 3073 5237 actuum
3103 5171 3357 5239 discernit
3382 5155 3610 5250 iustitia,
3640 5198 3775 5255 quos

2186 5238 2528 5325 necessitudo
2554 5240 2863 5331 Vconjungit.
2909 5263 3061 5345 Quod
3106 5268 3289 5345 utique
3315 5238 3422 5328 non
3469 5238 3692 5344 facerei,
3729 5277 3772 5334 si

2184 5356 2291 5425 μηδ
2310 5355 2456 5415 esset
2481 5350 2616 5429 ratio
2640 5352 2924 5415 voluntatis
2948 5368 3003 5415 et
3020 5360 3263 5441 seminis,
3289 5372 3381 5420 aut
3397 5365 3443 5421 si
3469 5381 3605 5443 opus
3630 5368 3769 5425 arbi-

2296 5437 2364 5517 ad
2390 5449 2631 5512 posteros
2668 5443 2994 5523 fecunditate
3032 5435 3306 5523 transiret.
3338 5458 3478 5531 Satis
3502 5435 3644 5533 ergo
3677 5477 3774 5523 su-

2182 5542 2382 5608 perque
2444 5532 2742 5607 docuimus,
2792 5539 2896 5598 hoe
2951 5560 3056 5601 uno
3109 5547 3415 5623 testimonio
3441 5536 3771 5635 teterrimam

2180 5616 2336 5689 istam
2370 5621 2554 5693 judicii
2597 5629 2907 5699 pravitatem
2929 5674 2945 5701 ,
2983 5649 3143 5711 quam
3166 5616 3342 5699 novus
3376 5616 3535 5711 error!
3563 5634 3771 5714 albple-

2245 5729 2651 5811 13939;
2677 5739 3172 5811 ιὲηηίαὶιιεκαωεθ
3186 5757 3281 5811 εει,
3309 5749 3471 5802 tum.

2243 5791 2568 5877 ξῐέβηίςῖὶιξξ
2580 5794 2660 5877 his
2683 5791 3170 5877 Ethiiééjéﬁeﬁﬁ
3189 5791 3525 5877 ὖέἰιιῐῶῑιὶίε
3539 5820 3772 5870 00mm-

2176 5855 2259 5903 ια·
2281 5855 2377 5916 est,
2411 5855 2587 5931 Acha.
2603 5869 2661 5916 ιιι
2682 5864 2807 5928 apud
2830 5855 2955 5927 ω.
3033 5855 3066 5857 η
3190 5855 3524 5931 -έῗ-ν--ιπ
3541 5855 3689 5919 ...τὴ

3644 5990 3691 6003 σοι·
