4062 6506
235 331 386 390 ίὲὃό

231 549 385 596 certe
419 537 686 593 sententia
731 539 802 591 ita
849 546 932 591 cst
958 537 1011 590 in
1050 551 1264 593 causam
1295 538 1587 608 prolata,ut
1624 535 1829 594 nullum

233 633 418 688 locum
449 630 729 700 reliquerit
750 629 1073 700 ambigendi.

307 727 440 780 Anc.
475 723 703 779 Resistit
733 723 825 778 tibi
850 723 1012 788 Deus,
1041 721 1133 794 qui
1159 721 1293 778 dixit
1321 721 1377 778 in
1406 723 1541 778 libro
1573 721 1832 791 Levitico,

226 814 300 869 Et
343 816 428 879 qui
473 815 806 872 remanserint
846 829 909 870 ex
936 814 1073 869 vobis
1095 857 1111 882 ,
1141 814 1452 886 disperibtmt
1478 823 1682 886 propter
1722 830 1838 881 pec-

225 916 347 960 ca:a
381 923 490 961 sua
515 947 532 974 ,
563 915 610 960 et
659 916 866 978 propter
905 915 1110 977 peccata
1149 915 1350 979 patrum
1387 923 1593 962 suorum
1634 905 1831 980 (Leuit.

222 1015 378 1065 xxvn,
411 999 483 1056 159
507 996 550 1072 ).

301 1089 447 1146 XIV.
475 1089 595 1145 Jun.
623 1089 914 1147 Instituens
951 1092 1146 1162 quippe
1184 1093 1325 1147 Deus
1365 1106 1486 1161 qua:
1535 1091 1588 1146 in
1621 1091 1832 1148 exami-

231 1185 398 1242 nibus
421 1185 640 1241 deberet
669 1182 839 1238 I‘orma
869 1185 1088 1251 servari,
1114 1185 1436 1256 prmscripsit
1471 1200 1539 1240 ne
1575 1185 1834 1240 innocen-

228 1277 308 1332 tia
337 1275 738 1333 necessitudinis
779 1289 891 1331 suae
919 1277 1166 1346 periculis
1190 1277 1542 1347 iungeretur;
1571 1285 1732 1348 atque
1773 1287 1834 1332 ut

226 1378 452 1438 patrem
478 1384 508 1422 a
535 1368 794 1441 supplicio
835 1369 1106 1438 peccantis
1144 1369 1259 1434 lilii,
1293 1369 1363 1424 ita
1403 1368 1571 1424 ﬁlium
1601 1385 1631 1424 a
1667 1371 1832 1439 patris

222 1462 682 1518 condemnatione
721 1463 1010 1532 separavit;
1059 1462 1348 1518 ostendens
1378 1462 1616 1532 proiecto
1660 1462 1823 1520 simili

221 1553 378 1608 exitu
429 1553 706 1624 utriusque
743 1567 1006 1624 personat,
1040 1562 1147 1610 tam
1183 1570 1289 1610 non
1333 1569 1490 1626 posse
1543 1564 1828 1626 parentum

219 1644 297 1698 ad
327 1644 468 1700 ﬁlios
512 1655 729 1716 peccata
775 1646 1025 1715 transire,
1049 1662 1344 1719 quam‘nec
1385 1647 1614 1703 ﬁliorum
1653 1654 1829 1702 trans-

228 1745 368 1792 eunt
389 1737 456 1792 ad
488 1748 754 1808 parentes.

297 1832 440 1885 Anc.
469 1825 743 1886 Suﬁ‘ocant
776 1838 828 1886 te
871 1831 1098 1902 parvuli,
1119 1831 1210 1902 qui
1253 1847 1361 1887 non
1403 1831 1564 1888 etiam
1606 1841 1828 1904 propter

217 1933 324 1975 sua
345 1961 360 1988 ,
405 1920 504 1976 sed
545 1930 771 1992 propter
813 1923 926 1978 sola
971 1931 1250 1993 parentum
1285 1933 1502 1994 peccata
1543 1924 1699 1981 toties
1743 1925 1826 1980 le-

216 2025 335 2082 gun
343 2021 428 2066 tur
446 2012 630 2068 occisi.

233 2135 250 2144 ~
297 2103 418 2160 XV.
465 2103 585 2160 Jun.
614 2103 716 2172 Qui
762 2119 894 2177 ergo
929 2112 1116 2162 contra
1155 2103 1294 2162 banc
1335 2105 1654 2162 sententiam
1697 2106 1826 2164 dicit

217 2195 504 2252 traducem
531 2210 656 2253 esse
695 2197 920 2268 peccati,
949 2197 1096 2253 dicat
1132 2212 1344 2269 quoque
1388 2213 1666 2254 recursum
1705 2215 1824 2256 esse

214 2290 429 2360 peccati
459 2306 473 2344 :
503 2298 564 2346 ut
591 2291 638 2346 si
665 2306 697 2346 a
728 2291 1034 2362 parentibus
1061 2291 1130 2347 ad
1159 2292 1298 2348 ﬁlios
1342 2303 1557 2362 peccata
1599 2293 1824 2350 descen-

215 2381 378 2450 dunt,
407 2383 702 2439 ascendant
727 2397 756 2438 a
779 2384 902 2440 ﬁliis
933 2383 1001 2440 ad
1026 2392 1298 2454 parentes.
1328 2383 1594 2454 Quoniam
1629 2385 1823 2442 divina:

213 2473 360 2545 legis
389 2475 628 2530 ostendit
653 2476 964 2544 auctoritas,
989 2476 1060 2532 ita
1105 2485 1388 2547 parentum
1429 2476 1654 2532 crimina
1699 2477 1822 2534 ﬁliis

214 2581 334 2625 non
363 2584 576 2634 nocere,
599 2569 738 2625 sicut
763 2583 862 2626 nec
889 2570 1198 2640 parentibus
1223 2569 1477 2625 ﬁliorum.

297 2669 435 2720 Anc.
468 2663 667 2718 Divina:
709 2663 842 2736 legis
885 2663 1175 2720 auctoritas
1215 2663 1271 2718 in
1311 2662 1526 2734 judiciis
1571 2662 1819 2720 humanis

211 2758 396 2814 noluit
434 2757 574 2813 ﬁlios
619 2757 854 2828 pendere
896 2771 994 2828 pro
1035 2756 1345 2828 parentibus
1387 2771 1598 2827 pmnas,
1625 2771 1733 2812 non
1763 2757 1820 2813 in

213 2850 436 2914 divinis,
463 2849 552 2906 ubi
577 2850 714 2906 Deus
741 2850 890 2918 dicit,
915 2849 1147 2905 Reddam
1167 2858 1369 2919 peccata
1393 2858 1594 2920 patrum
1609 2849 1664 2902 in
1687 2848 1822 2919 ﬁlios

215 2941 402 3011 (Deut.
425 2956 478 3010 v,
502 2939 587 3014 9).
608 2941 699 2996 Sic
733 2940 899 2996 debes
943 2939 1154 3010 legere‘
1182 2939 1318 3010 legis
1359 2938 1523 2994 verba
1561 2954 1682 3010 qua:
1713 2939 1817 3010 vis,

215 3040 280 3086 ut
302 3031 506 3102 cogites
537 3041 590 3086 te
610 3031 914 3086 auditurum
935 3044 1056 3085 esse
1082 3044 1203 3100 quae
1227 3043 1336 3084 non
1361 3029 1464 3085 vis.

289 3125 434 3180 XVI.
459 3124 580 3180 ιω..
615 3124 760 3194 E130
787 3132 980 3178 contra
996 3122 1133 3177 hanc
1155 3123 1334 3177 nitens
1360 3122 1439 3176 ire
1474 3121 1816 3190 sententiam,

213 3218 420 3288 pariter
443 3218 557 3272 ﬁeri
579 3224 805 3283 asserat,
832 3213 983 3286 quod
1011 3214 1208 3285 pariter
1231 3229 1298 3269 ne
1327 3212 1481 3268 ﬁeret
1501 3213 1818 3284 imperatum

215 3325 323 3372 est.
347 3313 579 3370 Facilius
623 3313 820 3384 quippe
866 3311 952 3366 lex
987 3310 1084 3366 Dei
1123 3310 1323 3380 negari,
1349 3323 1508 3380 quam
1544 3307 1819 3366 emendari

216 3416 420 3478 potest;
453 3417 508 3461 ct
545 3406 669 3461 licet
713 3404 784 3460 sit
811 3403 1030 3474 profana
1071 3401 1301 3472 negatio,
1321 3400 1592 3471 profanior
1637 3409 1820 3456 tamen

219 3499 612 3570 absurdiorque
655 3497 917 3554 correctio
951 3505 1054 3552 est.
1085 3495 1142 3551 Si
1165 3495 1311 3550 enim
1349 3493 1416 3550 de
1451 3493 1662 3550 duobus
1703 3493 1818 3564 ejus

221 3593 460 3648 decretis
485 3607 646 3646 unum
666 3591 959 3658 venereris,
973 3589 1202 3646 alterum
1228 3587 1817 3657 exsecrerisingratns'

223 3683 298 3740 ab
346 3683 462 3756 ejus
495 3692 643 3756 parte
675 3683 817 3755 quod
854 3682 1104 3753 suscipis,
1127 3689 1182 3736 et
1228 3680 1307 3735 illi
1345 3679 1555 3750 cogeris
1599 3677 1818 3736 obedire

221 3778 370 3850 quod
401 3777 628 3848 respuis;
650 3775 903 3849 quoniam
937 3774 1096 3830 unius
1145 3771 1290 3844 quod
1333 3771 1428 3828 tibi
1472 3771 1693 3826 charum
1734 3780 1818 3828 est

221 3870 505 3942 dignitate,
530 3870 690 3926 etiam
737 3869 792 3926 id
837 3868 976 3940 quod
1015 3865 1334 3923 aversabare
1377 3863 1816 3920 defenditur:at-

217 3977 326 4034 que
355 3961 738 4018 absurdissime
761 3975 828 4017 ea
851 3975 912 4016 se
935 3960 1214 4031 quisquam
1240 3956 1412 4014 credit
1437 3965 1700 4028 praecepta
1725 3970 1818 4012 ve-

219 4054 418 4120 nerari;
449 4066 676 4125 quorum
708 4061 914 4124 partem
936 4051 1096 4106 audet
1133 4051 1424 4106 incessere.
1454 4047 1604 4104 Unde
1628 4062 1818 4104 conse-

219 4148 469 4218 quentius
508 4154 689 4220 potest
707 4145 895 4216 negari
940 4144 1026 4201 lex
1071 4143 1340 4212 universa,
1369 4157 1530 4214 quam
1571 4142 1766 4212 corrigi
1799 4161 1812 4196 :

218 4253 383 4294 nemo
406 4250 583 4294 autem
608 4255 726 4295 eam
763 4237 1052 4310 corrigere,
1083 4235 1182 4290 nisi
1212 4235 1406 4306 impius
1450 4233 1673 4306 quisque
1699 4239 1818 4289 tene

223 4332 360 4386 tabit
384 4326 450 4386 :‘-a
497 4332 759 4404 religiosis
810 4345 937 4402 ergo
961 4339 1016 4387 et
1055 4327 1408 4400 prudentibus
1453 4335 1562 4382 tota
1594 4325 1816 4398 suseipi-

224 4424 370 4492 tur',
387 4431 496 4478 tota
518 4417 774 4480 laudatur.
795 4423 906 4480 Nec
927 4438 1056 4480 sane
1075 4433 1398 4494 quemquam
1420 4427 1653 4488 moveat,
1669 4417 1814 4490 quod

221 4517 389 4574 ritum
423 4516 802 4573 sacriﬁciorum
821 4522 1084 4572 ‘veterum
1117 4514 1249 4570 Novi
1279 4512 1607 4568 Testamenti
1636 4511 1815 4568 videat

219 4619 383 4666 aetate
409 4625 672 4668 cessasse.
697 4609 813 4666 Non
831 4621 916 4667 est
942 4626 1044 4666 una
1075 4609 1214 4666 ratio
1250 4607 1506 4663 virtutum
1535 4615 1590 4660 et
1613 4605 1816 4661 hostia-

216 4718 340 4760 rum
371 4702 514 4758 :alia
551 4709 638 4758 est
683 4709 1063 4772 praeceptorum
1107 4697 1438 4772 perennitas,
1473 4696 1575 4752 alia
1603 4695 1812 4751 sacriﬁ-

225 4799 432 4854 ciorum
457 4795 842 4866 temporalitas.
861 4795 1120 4852 Veniente
1147 4806 1322 4850 tamen
1339 4790 1573 4858 Christo,
1601 4791 1688 4862 qui
1715 4789 1838 4845 h0-'

215 4889 334 4948 aliis
367 4889 694 4962 ﬁgurabatnr
708 4889 958 4962 antiquis,
974 4889 1187 4960 impleta
1204 4896 1345 4954 sunt,
1369 4904 1472 4942 non
1486 4885 1814 4941 condemna-

220 4991 272 5038 ta
292 5025 306 5048 ,
335 4999 453 5055 quas
479 4985 691 5041 fuerant
727 4981 990 5040 instituta.
1018 4981 1201 5053 Neque
1238 4981 1380 5036 enim
1411 4978 1522 5034 suis
1561 4977 1810 5046 tempori-

221 5073 322 5130 bus
348 5075 748 5144 praedicuntur‘
766 5075 998 5131 exercita
1025 5091 1038 5128 :
1061 5071 1155 5129 sed
1180 5068 1499 5127 succedente
1528 5069 1811 5160 perfectio-

220 5181 315 5236 ne,
342 5184 461 5240 qua:
483 5171 742 5240 promissa
759 5168 949 5225 ofﬁciis
964 5183 1147 5226 eorum
1163 5166 1374 5222 fuerant
1389 5164 1432 5232 ⁸,
1469 5162 1806 5235 quieverunt.

293 5265 431 5318 Anc.
469 5259 582 5318 Hoc
609 5262 736 5334 quid
779 5261 847 5318 ad
875 5259 1024 5318 rem?
1067 5260 1290 5316 Peccata
1335 5265 1546 5330 patrum
1589 5271 1648 5312 se
1673 5255 1810 5311 dixit

215 5351 364 5410 Deus
391 5353 444 5409 in
473 5353 612 5411 ﬁlios
633 5354 991 5419 redditurum,
1011 5369 1118 5409 non
1147 5351 1444 5408 sacriﬁcia:
1467 5360 1524 5408 et
1546 5364 1667 5406 cum
1686 5364 1812 5420 pos-

212 5445 327 5518 sint
349 5445 510 5504 etiam
535 5455 786 5520 parentes
813 5446 1010 5503 imitari
1039 5445 1212 5502 malos
1240 5443 1402 5513 ﬁlios,
1428 5457 1701 5515 nunquam
1721 5451 1806 5499 ta-

277 5649 295 5720 ξ
320 5655 471 5720 Keue
491 5649 651 5720 009.8:
672 5655 826 5720 Ροιῖιον
847 5647 1048 5720 dicere

273 5711 295 5773 ξ
317 5710 392 5773 sic
413 5717 522 5773 Mss.
545 5711 844 5773 vignierius,
858 5709 1088 5773 irroratis.

272 5769 390 5835 fsie
409 5772 548 5833 Vign.
569 5769 712 5835 163,,
1094 5777 1152 5819 Μ.

265 5830 298 5898 ξ
315 5831 393 5898 8i:
411 5830 606 5898 Its—mu
628 5830 774 5896 editi,
789 5830 1143 5898 pradicantur.

273 5892 300 5930 ο
331 5897 492 5960 vorte,
511 5893 692 5956 fuerat.

1595 326 1794 386 LIBER
1833 327 2141 390 TERTIUS.

231 449 418 510 ctitur,
449 443 668 515 antiqua
711 443 830 499 lata:
868 439 1000 514 legis
1036 435 1350 499 auctoritate
1374 444 1678 500 contritam.
1707 444 1839 514 Quae

3391 355 3410 424 l
3429 355 3530 424 ξδι

1951 463 2070 541 men
2099 447 2232 541 dixit
2258 447 2416 520 Deus,
2451 452 2690 511 Reddam
2717 442 2930 528 peccata
2969 461 3198 520 ﬁliorum
3227 465 3281 538 in
3306 479 3522 541 patres:

1947 538 2042 592 scd
2071 537 2386 634 ubicumque
2407 541 2508 599 hoc
2529 545 2682 615 dixit,
2705 552 2826 603 cum
2848 565 2990 622 srepe
3013 543 3113 609 hoc
3128 537 3324 622 dixerit
3346 537 3524 634 (Deut.

1945 631 2096 696 v,'9;
2127 629 2287 688 Num.
2319 651 2427 705 xw,
2455 637 2549 716 1'8;
2580 637 2750 694 Exod.
2775 657 2870 710 xx,
2911 644 3242 716 5,‘xxnv,,7,'
3258 659 3304 704 et
3330 629 3521 709 derant.

1945 737 2118 790 xxxn,
2165 724 2284 795 18),
2341 738 2545 798 patrum
2585 728 2716 788 dixit
2756 735 2807 790 in
2852 735 3026 804 ﬁlios;
3073 739 3162 796 ubi
3207 742 3390 815 utique
3437 761 3526 817 ge-

1942 817 2254 888 nerationis,
2297 836 2400 875 non
2442 823 2750 883 imitationis
2790 843 2849 885 se
2891 831 3126 888 ostendit
3165 821 3292 891 vilia
3340 852 3523 908 perse-

1941 922 2190 983 quentem
2210 915 2249 967 ³.

2011 1005 2174 1063 XVII.
2215 1007 2334 1064 Jun.
2375 1008 2643 1084 Praecepta
2670 1022 2869 1084 autem,
2906 1017 3100 1090 quibus
3126 1020 3316 1091 pietas,
3347 1020 3516 1093 ﬁdes,

1933 1100 2160 1170 justitia,
2187 1103 2442 1161 sanctitas
2465 1109 2790 1178 continetur,
2816 1125 2922 1174 non
2947 1113 3117 1168 solum
3141 1131 3244 1172 non
3271 1092 3518 1173 cessare?

1937 1202 2078 1259 runt,
2107 1210 2288 1250 verum
2318 1197 2477 1251 etiam
2501 1179 2772 1255 cumulata
2797 1210 2938 1258 sunt.
2964 1199 3030 1258 Et
3055 1203 3170 1261 haec
3193 1206 3276 1262 lex
3299 1207 3520 1278 justitize

1935 1285 1991 1340 in
2011 1285 2222 1355 judiciis
2253 1290 2635 1360 custodiendae,
2665 1308 2824 1364 quam
2847 1295 2916 1352 de
2944 1297 3358 1356 Deuteronomio
3385 1317 3514 1375 pro-

1937 1377 2172 1444 tulimus,
2203 1395 2308 1434 non
2336 1381 2403 1436 ad
2449 1385 2875 1441 ceremoniarum
2901 1381 3256 1464 atatem,‘sed
3277 1390 3344 1446 ad
3374 1407 3516 1464 pra:-

1933 1482 2206 1541 ceptorum
2255 1475 2644 1550 perennitatem
2671 1479 2912 1550 respicit,
2942 1461 3204 1540 nec'cum
3233 1461 3514 1542 circumci-

1914 1562 2084 1618 ‘sione
2113 1564 2376 1632 discessit,
2404 1568 2496 1624 sed
2524 1586 2644 1624 cum
2665 1570 2869 1642 justitia
2905 1577 3232 1646 perseverat.

2003 1658 2134 1713 Atio.
2176 1658 2292 1714 Jam
2325 1661 2419 1715 tibi
2447 1660 2644 1718 dictum
2668 1671 2768 1729 est,
2802 1663 3238 1742 ltotninilmsltzec
3259 1669 3516 1742 imperata

1931 1762 2050 1804 esse
2073 1747 2288 1819 judicia,
2327 1768 2430 1808 non
2465 1755 2572 1809 Deo
2602 1751 2772 1825 posita
2820 1756 3148 1830 praejudicia.
3202 1743 3436 1835 Denique
3463 1764 3513 1835 si

1931 1837 2092 1896 homo
2110 1841 2354 1914 judicans
2393 1845 2550 1912 dicat,
2582 1847 2822 1904 Reddam
2854 1861 3068 1921 peccata
3101 1840 3330 1928 patrum
3452 1833 3514 1914 ﬁl?

1929 1933 2058 2002 lios;
2088 1937 2434 2008 injustissimc
2457 1939 2606 2009 dicit,
2633 1951 2686 1997 et
2706 1941 2883 2000 divino
2913 1946 3138 2018 imperio
3163 1935 3512 2013 contradicit:

1929 2043 2029 2094 nec
2067 2028 2186 2085 ideo
2235 2042 2411 2088 tamen
2459 2034 2602 2092 Deus
2627 2043 2718 2090 aut
2745 2037 2996 2108 mendax,
3038 2025 3128 2096 aut
3159 2040 3386 2122 injustus
3407 2053 3512 2122 est,

1927 2135 2050 2177 cum
2070 2121 2172 2178 hoc
2191 2123 2339 2180 dicit.
3169 2115 3176 2126 ’
3301 2121 3308 2129 ’

2003 2213 2184 2270 XVIII.
2224 2215 2344 2272 JUL.
2385 2215 2443 2271 In
2471 2217 2715 2275 absoluto
2745 2227 2828 2275 est
2854 2219 3036 2292 igitur,
3061 2221 3106 2278 si
3132 2223 3301 2298 Moysi
3335 2225 3508 2298 credi.-

1927 2313 2014 2361 tur
2038 2307 2225 2386 magis,
2253 2323 2350 2378 per
2376 2324 2535 2380 quem
2561 2309 2699 2366 Deus
2727 2310 2981 2382 loquitur,
3011 2328 3170 2386 quam
3191 2315 3511 2386 Augustino,

1925 2411 2023 2468 per
2053 2413 2210 2472 quem
2239 2399 2580 2469 Maniclncus,
2605 2411 2882 2472 parentum
2907 2403 3140 2476 peccatis
3164 2421 3285 2480 reos
3305 2386 3402 2479 per
3416 2423 3512 2492 na:

1926 2497 2098 2546 turam
2128 2489 2264 2546 ﬁlios
2287 2507 2391 2546 non
2425 2493 2655 2548 teneri’.
3201 2487 3208 2492 ’

1997 2583 2130 2639 Anc.
2173 2581 2306 2638 Eam
2337 2582 2496 2640 ﬁdem
2527 2601 2612 2640 me
2639 2583 2928 2642 defendere
2956 2584 3212 2672 adversus
3251 2597 3322 2673 te,
3351 2606 3510 2674 quam

1925 2675 2170 2732 catholici
2189 2678 2357 2734 sancti
2375 2679 2609 2752 clarique
2623 2679 2894 2751 doctores,
2917 2685 3006 2764 qui
3024 2663 3236 2764 (uerunt
3249 2661 3510 2764 antejnos,

1924 2769 1978 2824 in
2023 2769 2261 2826 Ecclesia
2308 2772 2572 2829 catholica
2629 2773 2930 2835 didicerunt
2979 2759 3146 2849 atque
3191 2759 3512 2856 docuerunt,

1923 2861 2083 2916 etiam
2107 2859 2222 2934 ipse
2239 2865 2376 2919 nosti
2400 2884 2412 2920 :
2436 2865 2530 2921 sed
2553 2867 2803 2946 quoniam
2821 2868 2943 2924 illos
2964 2869 3006 2927 si
3031 2869 3269 2945 lacerare
3285 2870 3508 2948 audeas.

1923 2969 2024 3009 nec
2047 2955 2120 3010 tui
2153 2966 2204 3010 te
2231 2955 2440 3022 ferunt;
2473 2958 2591 3014 idco
2619 2976 2779 3014 unum
2812 2976 2897 3021 me
2935 2961 3160 3034 elcgisti,
3189 2979 3349 3042 quem
3377 2979 3512 3042 cgn-

1921 3048 2060 3104 vicio
2088 3048 2209 3104 l‘alsi
2234 3051 2472 3106 criminis
2497 3055 2814 3124 appetitum,
2848 3057 3000 3128 quasi
3037 3057 3348 3133 fugiendum
3377 3076 3514 3134 per-

1923 3141 2177 3210 suadeas;
2198 3152 2255 3197 ut
2274 3143 2406 3200 ﬁdes
2422 3146 2508 3201 illa
2526 3146 2774 3218 fugiatur,
2791 3164 2910 3220 quae
2925 3149 3146 3220 defensa
3161 3167 3257 3210 vos
3273 3152 3512 3225 damnat.

1922 3231 2039 3290 Jam
2066 3245 2121 3291 et
2149 3237 2395 3306 superius
2419 3238 2511 3296 tibi
2540 3237 2680 3305 dixi;
2709 3239 2923 3312 quando
2949 3258 3047 3312 pro
3079 3242 3394 3318 defensione
3417 3259 3513 3316 ca-

1924 3328 2133 3384 tholica:
2182 3329 2342 3386 ﬁdei3
2371 3331 2440 3386 ab
2479 3331 2746 3396 haereticis
2789 3337 3140 3406 contumelias
3183 3337 3366 3411 audio,
3413 3353 3514 3411 pro

1922 3419 2166 3478 laudibus
2197 3421 2386 3479 habeo.
2419 3423 2556 3492 Quid
2599 3424 2810 3482 laboras
2851 3427 3004 3489 nobis
3031 3409 3346 3501 [medicare
3369 3409 3512 3502 quod

1923 3512 2154 3567 scimus?
2176 3513 2386 3600 Moyses
2413 3531 2596 3572 verum
2620 3515 2791 3574 dixit:
2813 3517 2908 3582 sed
2943 3527 3000 3578 tu
3028 3519 3162 3590 nihil
3187 3519 3345 3594 dicis.
3369 3520 3512 3600 Red-

1923 3603 2043 3658 dam
2067 3598 2280 3674 peccata
2299 3616 2503 3677 patrum
2532 3608 2588 3662 in
2616 3608 2770 3678 ﬁlios,
2795 3624 2900 3664 non
2933 3609 3007 3685 ait
3026 3609 3208 3684 hgmo,
3231 3611 3328 3682 sed
3345 3598 3510 3682 lictis;

1922 3711 2098 3770 neque
2141 3706 2198 3752 ut
2235 3696 2396 3754 homo
2423 3697 2474 3752 id
2503 3698 2680 3767 faciat,
2730 3700 2874 3776 Deus
2908 3702 3162 3776 priequ
3205 3701 3312 3772 hoc
3355 3703 3508 3772 loco;

1923 3787 2017 3844 sed
2045 3788 2172 3860 quid
2203 3788 2318 3860 ipse
2343 3788 2522 3856 faciat,
2558 3789 2831 3856 indicavit.
3362 3858 3370 3866 κ
3395 3860 3406 3867 ἓ

1995 3877 2137 3937 XIX.
2178 3878 2299 3936 Jun.
2341 3880 2515 3952 Atque
2541 3881 2612 3936 ita
2640 3896 2746 3936 non
2775 3881 3004 3962 transire
3045 3881 3114 3956 ad
3145 3893 3390 3958 posteros
3412 3901 3510 3958 ge-

1922 3971 2222 4026 nerantium
2249 3971 2492 4038 crimina,
2515 3973 2756 4059 quamvis
2777 3989 2843 4030 ex
2865 3974 2942 4032 eis
2963 3975 3074 4054 nati
3093 3975 3227 4048 sint;
3252 3975 3391 4054 sicut
3407 3991 3514 4055 nec

1922 4065 2150 4120 ﬁliorum
2199 4066 2266 4121 ad
2309 4077 2579 4140 parentes,
2611 4068 2704 4139 qui
2751 4067 2818 4128 de
2859 4069 2981 4125 ﬁliis
3027 4070 3138 4139 suis
3176 4086 3514 4147 nequaquam

1920 4168 2144 4229 potuere
2171 4159 2437 4231 generari.
2469 4159 2545 4215 Ita
2585 4159 2744 4231 igitur
2785 4161 3108 4240 innoceptia:
3137 4164 3387 4242 nativitas
3414 4181 3511 4235 sua

1919 4248 2136 4306 ofﬁcere
2160 4265 2266 4324 non
2290 4259 2485 4326 potest,
2514 4250 2652 4308 sicut
2678 4269 2786 4312 non
2813 4261 2988 4332 potest
3013 4254 3206 4339 obesse
3239 4272 3366 4344 cum
3396 4272 3511 4330 non

1919 4352 2002 4404 est
2025 4341 2066 4398 ⁵.

1990 4439 2124 4494 Anc.
2163 4436 2372 4512 Negare
2398 4447 2574 4497 tamen
2601 4454 2706 4494 non
2727 4448 2901 4510 potes,
2923 4455 3085 4516 posse
3107 4450 3365 4516 par-gans
3389 4441 3514 4512 imi.

1921 4531 2019 4587 tari
2053 4530 2189 4590 ﬁlios
2221 4545 2370 4598 suos,
2415 4545 2518 4588 nec
2546 4545 2778 4606 unquam
2810 4530 2981 4610 Deum
3008 4531 3227 4608 dixisse,
3265 4531 3510 4610 {tetidem

1918 4631 2134 4692 peccata
2161 4622 2391 4698 ﬁliorum
2419 4622 2480 4702 in.
2503 4631 2704 4694 patres.
2732 4621 2870 4680 Cum
2895 4639 3023 4698 ergo
3048 4623 3202 4694 dicit,
3229 4635 3435 4702 patrimi
3452 4627 3508 4682 in

1919 4719 2084 4787 ﬁlios;
2114 4734 2220 4773 non
2247 4714 2622 4787 imitationem,
2653 4718 2752 4792 sed
2772 4717 3506 4794 generationemredamttit:

1919 4825 2026 4866 non
2048 4808 2316 4882 quomodo
2334 4825 2400 4866 ex
2415 4809 2510 4866 illo
2527 4826 2656 4884 uno,
2677 4811 2729 4867 in
2741 4827 2848 4888 quo
2865 4813 2977 4888 ipsa
2986 4813 3047 4888 in
3063 4797 3507 4888 deterius'qatura

1915 4887 2119 4958 mutata
2143 4911 2244 4971 est,
2269 4909 2328 4958 ut
2352 4911 2569 4976 propter
2591 4903 2694 4960 hoc
2713 4887 3036 4974 etiammori
3051 4920 3282 4978 necesse
3315 4887 3386 4965 sit
3413 4905 3514 4976 bo-

1915 4998 2070 5066 mini,
2103 4995 2199 5054 sed
2222 5005 2400 5054 tamen
2416 4995 2594 5070 aliquo
2612 4996 2772 5060 modo
2791 4998 3042 5070 nonnulla
3057 5015 3392 5072 quorumque
3412 5015 3508 5071 pa-

1916 5100 2056 5148 trum
2073 5100 2287 5164 peccata
2308 5089 2602 5146 redduntur
2615 5089 2670 5146 in
2686 5089 2844 5166 ﬁlios,
2866 5105 2971 5150 non
2985 5090 3300 5166 imitatione,
3314 5091 3410 5162 sed
3423 5108 3512 5163 ge-

1916 5182 2194 5243 neratione
2218 5180 2438 5252 punita:
2461 5180 2583 5236 ideo
2607 5197 2712 5236 non
2741 5180 2889 5248 dicit,
2907 5181 2961 5246 in
2986 5182 3183 5258 tertiam
3201 5191 3248 5256 et
3273 5192 3510 5258 qurtmp

1915 5276 2288 5350 imitationem,
2323 5273 2422 5334 sed
2445 5274 2852 5348 generationem;
2879 5273 3032 5350 vobis
3055 5273 3274 5359 ζιιιῄιιρξιῃ
3311 5275 3510 5351 nolen-

1915 5370 2075 5440 tibus,
2097 5378 2463 5427 verumtamen
2479 5378 2533 5424 et
2551 5367 2722 5436 vobis,
2741 5366 2916 5423 velitis
2929 5366 3132 5436 nolitis,
3145 5365 3506 5422 audientibus.

1980 5575 1996 5606 ι
2026 5571 2313 5642 vignierius,
2339 5570 2714 5634 prosequentem.
2747 5572 2803 5618 At
2835 5564 2993 5618 codex
3037 5573 3169 5627 nam,
3211 5575 3504 5644 persequen-

1981 5670 2317 5759 rvignierius,
2341 5691 2548 5760 afﬁrmat
2580 5703 2675 5743 non
2705 5687 2872 5742 teneri.
2908 5689 3069 5755 Abest,
3106 5687 3332 5768 animat.
3361 5699 3392 5751 ὃ
3418 5695 3502 5741 ΒΒ·

1916 5767 2178 5812 Portarum.

1977 5821 2003 5888 ’ξ
2028 5821 2312 5888 \‘ignierius,
2338 5829 2428 5883 pro
2450 5812 2684 5888 catholica
2705 5810 2823 5888 (ide.

1985 5887 2004 5918 δ
2029 5873 2108 5936 Αιῖ
2129 5873 2398 5949 marginem
2419 5879 2606 5936 veteris
2852 5881 3118 5944 Portarum,
3139 5875 3267 5943 quod
3295 5885 3390 5930 non
3410 5873 3506 5935 ιιι.

1945 5987 2003 6001 Δ*-
