4062 6524
464 460 467 461 ν
564 412 703 478 l255

636 532 757 591 XX.
794 531 915 589 Jun.
952 531 1084 587 Acta
1108 528 1322 601 quidem
1338 540 1429 583 res
1454 532 1568 581 est:
1590 520 1687 579 sed
1715 529 1893 576 tamen
1921 525 1980 572 ut
2001 514 2070 571 ad
2091 514 2142 570 id

568 625 709 701 quod
733 624 898 681 aﬁ‘ero
917 623 987 681 sit
1015 622 1250 678 intentus
1269 620 1457 685 lector,
1488 615 1772 672 admoneo.
1800 612 1859 667 Si
1884 608 2145 682 quispiam

566 722 837 785 existeret,
877 715 967 787 qui
1011 715 1114 772 hoc
1154 713 1493 787 proﬁteretur
1541 709 1785 765 libertate
1838 703 2145 768 verborum,

566 810 707 882 quod
740 807 1162 880 argumentando
1192 805 1551 862 Traducianus
1590 799 1855 859 conﬁcere
1902 804 2146 863 conatur,

566 902 621 959 id
646 911 745 968 est,
778 909 835 957 ut
876 915 1104 971 pugnam
1133 898 1391 954 indiceret
1431 897 1534 967 legi
1575 894 1690 962 Dei,
1735 902 1790 948 et
1829 887 2148 948 sententiam

567 1008 725 1064 quam
750 992 1088 1063 protulimus,
1111 990 1227 1046 sine
1252 990 1430 1060 aliquo
1453 988 1641 1043 timore
1657 984 1974 1056 despiceret,
1998 994 2148 1036 asse-

568 1095 814 1155 reretque
836 1083 1028 1154 quibus
1069 1089 1249 1153 posset
1274 1081 1467 1148 modis,
1495 1078 1687 1135 falsum
1728 1077 1829 1132 hoc
1867 1086 2151 1143 utrumque

573 1188 695 1230 esse
722 1174 863 1245 quod
889 1174 1035 1229 Deus
1065 1172 1268 1229 servari
1297 1172 1486 1240 voluit,
1518 1179 1573 1227 et
1611 1167 1925 1226 sententiam
1956 1164 2023 1220 de
2048 1175 2150 1232 qua

568 1263 835 1336 loquimur
861 1281 925 1321 ex
954 1273 1196 1334 utraque,
1235 1271 1490 1333 quantum
1530 1262 1581 1317 in
1609 1276 1667 1316 se
1689 1267 1821 1325 erat,
1847 1265 1997 1326 parte
2021 1253 2151 1309 sub-

569 1366 772 1426 rueret,
807 1371 1025 1429 prorsus
1055 1364 1291 1427 putasset
1311 1364 1556 1426 parentes
1582 1361 1796 1423 propter
1823 1349 2072 1414 ﬁliorum,
2099 1354 2153 1401 et

569 1447 707 1506 filios
731 1459 948 1521 propter
974 1459 1252 1520 parentum
1283 1456 1500 1519 peccata
1537 1458 1643 1502 tam
1674 1445 1846 1499 solere
1872 1456 2031 1513 quam
2056 1439 2152 1495 de-

568 1539 698 1598 bere
722 1540 994 1596 damnari:
1017 1555 1115 1595 nec
1143 1539 1229 1595 hic
1246 1539 1263 1571 ί
1287 1547 1464 1594 tamen
1489 1536 1608 1591 talis
1637 1533 1838 1605 peccati
1860 1531 2148 1595 traducem,

569 1632 654 1687 vel
676 1630 1006 1688 secundum"
1033 1631 1310 1701 Opiniones
1339 1643 1482 1694 suas,
1515 1628 1691 1698 quiret
1719 1640 1981 1681 asserere.
2005 1620 2154 1677 Cur?

573 1721 832 1779 Videlicet
855 1722 977 1794 quia
1006 1721 1107 1778 etsi
1133 1729 1402 1776 constaret
1426 1719 1610 1773 falsam
1638 1718 1769 1788 legis
1794 1730 1913 1772 esse
1937 1723 2154 1769 senten-

571 1814 721 1882 tiam,
760 1829 879 1886 qure
916 1813 1286 1870 testiﬁcaretur
1327 1811 1587 1882 ejusmodi
1613 1807 2034 1864 necessitudines
2064 1820 2153 1861 re-

573 1905 750 1977 spergi
774 1904 972 1962 mutuis
992 1919 1097 1960 non
1125 1919 1283 1976 posse
1304 1901 1644 1966 criminibus;
1669 1908 1845 1955 tamen
1870 1899 2154 1953 inconcus-

572 1996 730 2052 sum8
756 1996 1025 2063 manebat,
1058 1995 1330 2051 traducem
1360 2010 1463 2063 npu
1494 2008 1614 2050 esse
1640 1991 1858 2062 peccati.
1884 1989 1997 2045 Iloc
2014 1989 2159 2045 enim

574 2088 711 2159 ipso,
743 2103 851 2159 quo
878 2097 932 2145 et
958 2097 1232 2159 parentum
1259 2096 1437 2143 reatus
1466 2087 1531 2142 ad
1564 2086 1721 2152 ﬁlios,
1755 2092 1807 2140 et
1833 2083 2059 2139 ﬁliorum
2090 2082 2157 2139 ad

572 2186 822 2250 parentes
851 2179 1088 2244 redibat;
1116 2179 1395 2236 constabat
1429 2195 1534 2235 non
1565 2178 1729 2234 fuisse
1769 2176 2154 2247 generationis,

569 2269 801 2343 quod‘ad
829 2272 966 2327 filios
1000 2272 1326 2343 gignentium
1354 2280 1568 2342 peccata
1598 2278 1980 2341 pervenerant;
2027 2282 2160 2339 quo-

570 2360 716 2419 niam
738 2370 796 2418 et
813 2377 844 2417 a
872 2361 995 2417 ﬁliis
1015 2363 1084 2418 ad
1104 2372 1375 2434 parentes,
1403 2363 1487 2417 ubi
1515 2362 1786 2433 generatio
1819 2377 1924 2416 non
1954 2369 2161 2431 poterat

570 2467 732 2511 causa
760 2468 900 2523 esse,
931 2464 1317 2512 remeaverant.
1365 2455 1503 2523 Quid
1530 2455 1689 2526 igitur
1712 2455 1799 2511 hic
1838 2453 2160 2511 confecerim

572 2556 848 2618 appareat,
874 2546 1233 2603 inviolabilem
1258 2546 1473 2618 quidem
1500 2561 1619 2602 esse
1639 2546 2009 2602 auctoritatem
2028 2544 2160 2614 legis

573 2636 788 2708 divinae,
820 2648 877 2697 et
902 2655 1060 2712 quam
1089 2639 1235 2695 nulla
1261 2647 1461 2710 queant
1487 2639 1813 2710 impietatum
1853 2647 2161 2708 argumenta

572 2746 861 2804 proruere:
885 2731 1003 2803 ejus
1018 2740 1193 2788 autem
1217 2732 1492 2788 sanctione
1518 2732 1871 2802 signatissime
1896 2739 2053 2801 atque
2068 2731 2161 2786 ab-

574 2797 899 2886 sautissime
928 2823 1092 2880 fuisse
1119 2825 1512 2895 praescriptum,
1554 2822 1749 2879 foedam
1788 2837 1908 2879 esse
1953 2797 2163 2892 opinio-

576 2929 702 2971 nem
728 2914 1235 2986 perversitatemque
1263 2914 1471 2986 judicii,
1514 2928 1673 2985 quam
1703 2911 2050 2968 mandaverat
2072 2926 2164 2968 ve-

577 3005 858 3065 hementer
885 3006 1196 3073 cavendam,
1240 3005 1287 3061 si
1327 3007 1403 3061 rei
1437 3005 1527 3060 ﬁlii
1556 3019 1652 3075 pro
1681 3012 1901 3075 peccato
1928 3018 2162 3074 pronun-

576 3097 839 3154 tiarentur
865 3105 1177 3169 parentum;
1202 3111 1310 3167 quo
1354 3095 1577 3151 fulmine
1621 3096 1855 3150 traducis
1896 3103 2165 3149 structura

576 3188 1243 3245 dissilivitwerumtamen
1288 3189 1449 3244 tantis
1490 3202 1610 3243 esse
1639 3188 1875 3243 veritatis
1892 3186 2163 3257 praesidiis

578 3278 857 3346 munitam,
884 3293 1044 3349 quam
1071 3287 1281 3334 tuemur
1310 3278 1489 3346 ﬁdem,
1517 3287 1697 3335 utnec
1734 3279 1801 3333 ab
1830 3293 1890 3334 ea
1930 3277 2167 3350 profani-

579 3374 712 3437 tate,
735 3383 855 3438 qua:
880 3377 1061 3440 potest
1089 3368 1186 3426 Dei
1211 3368 1382 3440 legem
1413 3382 1631 3440 negare,
1663 3370 1949 3439 quatiatur.

648 3458 998 3526 Auc.Qu:eris
1009 3459 1099 3515 ubi
1115 3459 1378 3530 spatieris,
1396 3461 1707 3531 vagabunda
1721 3461 2040 3532 loquacitate
2056 3477 2163 3520 non

577 3551 850 3623 copiosus,
869 3550 965 3609 sed
980 3551 1199 3609 odiosus
1218 3553 1297 3609 eis
1315 3552 1405 3624 qui
1425 3552 1587 3608 rebus
1606 3552 1948 3621 inhmrentcs,
1973 3569 2163 3624 super-

579 3641 687 3699 flua
709 3643 873 3701 verba
899 3651 1273 3700 contemnunt.
1317 3643 1559 3699 Vinceris
1588 3644 1783 3715 quippe
1811 3645 1878 3700 ab
1905 3644 2161 3700 adversa-

577 3735 674 3792 riis
700 3750 835 3807 quos
854 3735 1040 3804 habes,
1070 3745 1125 3792 et
1153 3734 1441 3791 vincendos
1468 3735 1721 3806 proponis
1770 3735 1863 3790 tibi
1902 3750 2036 3806 quos
2056 3750 2165 3791 non

578 3826 768 3886 habes.
811 3829 941 3898 Quis
969 3830 1112 3885 enim
1154 3828 1251 3884 tibi
1288 3828 1437 3894 dicit,
1466 3828 1655 3884 falsum
1682 3842 1802 3884 esse
1843 3827 1984 3898 quod
2023 3826 2164 3884 Deus

577 3937 797 3981 servare
820 3922 986 3979 voluit
1005 3921 1060 3977 in
1085 3921 1300 3993 judiciis
1330 3922 1596 3988 humanis,
1629 3934 1746 3977 cum
1781 3921 1891 3991 jam
1920 3928 2096 3991 patres
2112 3929 2165 3977 et

578 4014 675 4071 ﬁlii
711 4030 836 4073 suas
862 4017 1105 4088 proprias
1135 4030 1324 4072 causas
1370 4015 1569 4072 habent
1609 4014 1677 4070 ad
1726 4030 1877 4071 suam
1906 4011 2163 4086 cujusque

578 4108 763 4179 vitam,
793 4124 913 4181 quae
954 4110 1241 4180 separatim
1289 4108 1519 4176 ducitur,
1560 4107 1909 4178 pertinentes,
1960 4115 2019 4162 ut
2063 4108 2193 4162 nec‘

577 4200 675 4259 ﬁlii
700 4217 800 4274 pro
822 4203 1080 4275 patribus,
1106 4216 1206 4259 nec
1232 4211 1409 4274 patres
1435 4215 1530 4272 pro
1555 4200 1676 4256 ﬁliis
1700 4200 2020 4271 puniantur?
2052 4199 2161 4256 Ne-

580 4308 672 4350 mo
696 4293 780 4350 vel
801 4294 931 4366 legi,
960 4294 1043 4351 vel
1075 4293 1170 4348 tibi
1196 4293 1316 4348 haec
1344 4292 1541 4347 dicenti
1591 4291 1936 4346 adversatur:
1972 4300 2026 4346 tu
2053 4291 2163 4346 noli

581 4385 966 4442 obsurdescere
991 4384 1246 4441 adversus
1275 4384 1443 4439 Deum
1470 4383 1757 4449 dicentem,
1788 4382 2019 4437 Reddam
2043 4399 2163 4455 pec-

579 4464 695 4534 cata
720 4487 922 4549 patrum
947 4476 1003 4532 in
1024 4476 1267 4547 Mouet
1303 4489 1423 4531 cum
1462 4473 1814 4529 hocassidue
1851 4473 2012 4541 dicat,
2039 4488 2166 4529 nus-

580 4586 739 4643 quam
763 4570 1028 4628 dicentem
1056 4576 1276 4640 peccata
1304 4568 1530 4624 ﬁliorum
1553 4581 1612 4622 se
1635 4564 1858 4621 reddere
1882 4564 1936 4621 in
1964 4574 2160 4636 patres;

581 4673 642 4720 ut
662 4662 926 4735 intelligas
955 4678 1061 4718 non
1088 4661 1178 4733 qui
1198 4672 1381 4717 eorum
1398 4674 1531 4731 quos
1548 4657 1842 4726 imitentur,
1869 4656 1967 4713 sed
1987 4657 2077 4733 qui
2096 4672 2163 4713 ex

581 4755 776 4826 quibus
801 4766 1124 4827 generentur
1149 4752 1371 4810 attendi.

655 4846 799 4911 XXI.
839 4846 957 4903 Jun.
996 4845 1149 4902 Nunc
1198 4847 1357 4918 igitur
1407 4845 1474 4903 ad
1513 4860 1633 4907 eum
1681 4846 1893 4916 quicum
1935 4843 2159 4914 agimus,

582 4953 762 4999 sermo
796 4936 1067 5009 respiciat.
1094 4937 1403 5009 Acquiescis
1431 4937 1535 5007 legi
1564 4936 1655 4992 Dei
1697 4935 2050 5006 (professione
2076 4935 2163 4989 in-

583 5032 762 5099 terim,
791 5040 1047 5088 creterum
1071 5028 1200 5101 quid
1227 5028 1391 5087 facias
1424 5027 1843 5099 argumentando
1872 5025 2159 5096 novimus),

582 5139 651 5184 an
678 5123 919 5181 resistis?
937 5122 994 5181 Si
1019 5122 1335 5194 acquiescis,
1370 5121 1580 5177 sublata
1607 5119 1907 5185 contentio;
1940 5118 1985 5173 si
2024 5117 2161 5172 resi-

580 5221 698 5291 stis,
729 5218 936 5277 sublata
964 5215 1285 5276 consensio‘
1314 5226 1414 5272 est.
1448 5213 1505 5271 Si
1548 5213 1859 5284 acquiescis,
1900 5211 2161 5266 exstincta

579 5311 1065 5381 Traducianorum;
1104 5310 1152 5367 si
1196 5307 1425 5374 resistis,
1471 5303 1884 5363 Manichaeorum
1928 5302 2160 5359 revelata

643 5495 1340 5620 ἶῖῗέἓέἔῗιέἶῗὲειθτίίιινει
1355 5543 1619 5620 semidam
1645 5541 2161 5620 ἀφεθξὲξθτδξξμσαί-

579 5622 682 5679 ret,
705 5601 1408 5685 fE'cit'JWeretCCastigatur
1426 5608 1487 5659 ad
1508 5614 1613 5658 Mss.
1655 5611 1778 5657 Port.
1813 5611 1926 5656 star.
1958 5601 2081 5655 clar;

646 5682 667 5713 ι
688 5686 754 5713 Mc
796 5685 889 5713 Mar
952 5686 1294 5713 antemnarum-

646 5685 667 5713 ³
688 5686 769 5729 ais.
795 5685 927 5736 Man,
952 5686 1295 5728 incorwessum.

642 5741 667 5773 ι
695 5742 779 5791 Hic
802 5752 867 5789 ex
889 5745 997 5789 uss.
1023 5738 1227 5797 additur,
1251 5734 1294 5786 si
1315 5730 1513 5797 resistis,
1539 5729 1726 5797 monita
1752 5728 2025 5791 consensio;
2048 5741 2163 5797 sup-

602 5802 683 5863 ile,
727 5814 840 5852 eum
874 5801 975 5872 lege
1012 5790 1432 5872 {ianquanquam
1461 5790 1512 5872 in
1810 5790 2159 5872 alarLAetnclar.

579 5853 972 5983 mmsqtfio
987 5896 1003 5925 ,
1026 5853 1209 5936 legitur
1233 5853 1445 5934 iterum,
1469 5855 1714 5935 cantauit).
1739 5861 1792 5909 ω
1813 5853 1981 5909 codice
2014 5861 2161 5918 Fort,

1231 410 1480 472 OPERIS
1518 398 1938 466 IMPERFECTI
1974 386 2253 457 CONTRA
2291 395 2652 469 JULIANUM,
2693 399 2749 457 S.
2790 398 3156 459 AUGUSTINI

3719 400 3905 463 1256

2253 516 2475 588 perﬁdia
2495 527 2578 574 est
2599 537 2612 574 :
2634 518 2923 577 dummodo
2942 527 3173 588 constet,
3191 516 3429 590 Opinioni
3453 524 3668 574 vestra:
3684 527 3753 573 et
3770 518 3900 591 legi

2253 609 2347 664 Dei
2380 611 2687 683 neutiquam
2708 614 3013 669 convenire.

2325 703 2460 760 Auc.
2502 703 2615 776 Ego
2643 706 2922 776 acquiesco
2960 705 3063 777 legi
3093 705 3221 761 Dei:
3249 704 3344 760 sed
3373 715 3431 760 tu
3464 719 3580 760 non
3627 705 3895 774 acquie.

2254 794 2378 850 scis.
2409 795 2523 868 Ego
2548 813 2652 853 non
2684 814 2818 869 nego
2847 814 2946 854 nec
2974 798 3139 853 ﬁlium
3170 814 3266 868 pro
3291 808 3463 869 patre,
3501 812 3609 852 nec
3644 806 3895 867 patrem

2255 903 2352 960 pro
2377 889 2507 959 ﬁlio,
2535 891 2748 961 quando
2791 907 2915 946 suas
2943 902 3213 963 separatas
3256 907 3446 948 causas
3487 890 3732 955 habent,
3768 890 3893 946 de-

2255 983 2382 1039 bere
2404 983 2674 1040 damnari:
2700 985 2793 1041 sed
2823 994 2875 1040 tu
2901 985 3085 1041 audire
3106 1001 3212 1041 non
3237 984 3317 1040 vis
3343 984 3396 1039 in
3426 983 3713 1049 Levitico,
3740 982 3893 1037 Dis.

2257 1077 2488 1145 peribunt
2513 1086 2721 1149 propter
2745 1087 2950 1148 peccata
2975 1087 3178 1147 patrum
3216 1093 3424 1132 suorum
3457 1074 3656 1149 (Leuit.
3709 1084 3886 1139 XXVI,

2256 1165 2378 1241 59);
2409 1168 2537 1223 etin
2563 1169 2697 1224 libro
2721 1169 3097 1236 Numerorum,
3128 1168 3365 1224 Reddam
3395 1178 3605 1238 Peccata
3644 1177 3886 1238 patruus
3922 1238 3935 1245 κ

2255 1262 2310 1315 in
2334 1261 2468 1330 ﬁlios
2484 1278 2637 1333 usque
2657 1262 2709 1316 in
2724 1264 2921 1316 tertiam
2936 1271 2981 1315 et
3000 1269 3228 1332 quartam
3252 1263 3633 1331 generationem
3663 1259 3881 1331 (Nam.

2259 1369 2370 1420 xxv,
2400 1353 2522 1424 18);
2550 1364 2605 1409 et
2631 1353 2772 1424 apud
2800 1339 3110 1419 Jcremiam,
3142 1350 3379 1406 Reddam
3404 1360 3613 1421 peccata
3647 1361 3883 1420 patrm

2255 1447 2310 1501 in
2353 1448 2469 1502 sinu
2495 1447 2720 1517 ﬁliorum
2761 1462 2936 1501 eorum
2978 1456 3091 1517 post
3134 1462 3216 1499 eos
3267 1443 3481 1518 (Ierem.
3514 1459 3716 1507 χχιιι,
3750 1442 3881 1514 18).

2258 1541 2385 1597 llmc
2411 1550 2464 1597 et
2488 1543 2588 1596 alia
2618 1542 2813 1598 similia
2840 1551 2895 1596 tu
2920 1556 3026 1597 non
3056 1541 3239 1606 audis;
3286 1540 3370 1595 his
3399 1556 3464 1595 ac
3492 1538 3707 1595 talibus
3733 1537 3879 1606 legis

2259 1633 2577 1689 testimoniis
2606 1644 2662 1689 tu
2692 1650 2798 1689 non
2822 1633 3117 1704 acquiescis
3137 1650 3152 1686 :
3174 1641 3231 1689 et
3248 1640 3430 1687 tamen
3454 1631 3627 1702 loqui,
3658 1638 3728 1686 et
3751 1628 3877 1684 lla-

2258 1725 2492 1781 niclneos
2512 1724 2797 1782 Catholicis
2819 1726 3051 1795 objiccre
3077 1740 3186 1781 non
3206 1725 3457 1795 quiescis.

2329 1816 2498 1873 XXII.
2537 1817 2659 1873 Jun.
2698 1817 2811 1872 Nisi
2836 1817 2974 1872 forte
3000 1817 3167 1883 dicas,
3199 1817 3365 1872 Deum
3392 1815 3614 1887 quidem
3629 1813 3875 1870 hocima

2260 1924 2498 1979 parasse,
2531 1908 2625 1963 scd
2655 1925 2759 1963 non
2789 1908 2963 1964 facere
2987 1908 3129 1979 quod
3150 1907 3422 1979 praecepit,
3446 1907 3558 1962 imo
3579 1904 3871 1961 contraria

2259 2016 2418 2071 agere
2443 2001 2509 2057 iis
2535 2017 2654 2072 qua:
2673 2001 2873 2071 agenda
2905 1999 3258 2056 mandaverit.

2331 2097 2467 2149 Auc.
2509 2093 2575 2147 Et
2604 2092 2705 2147 hoc
2733 2108 2890 2164 quam
2917 2092 3233 2163 insipienter
3260 2092 3483 2163 cogites,
3505 2106 3608 2147 cur
3644 2105 3760 2146 non
3778 2097 3866 2145 at—

2261 2184 2472 2241 tcndis?
2500 2184 2651 2239 Facit
2674 2185 2816 2240 enim
2845 2184 2984 2239 Deus
3008 2183 3296 2255 aliquando
3323 2192 3512 2238 contra
3539 2197 3711 2252 quam
3734 2182 3749 2212 ¹
3780 2179 3863 2234 fa-

2260 2273 2448 2330 cienda
2491 2275 2780 2330 mandavit.
2825 2274 2934 2330 Nec
2976 2290 3112 2345 opus
3138 2283 3221 2330 est
3246 2284 3302 2329 ut
3328 2273 3493 2329 multa
3519 2285 3864 2329 commemo-

2261 2381 2395 2431 rem,
2426 2381 2495 2421 ne
2521 2367 2591 2420 sit
2633 2367 2879 2437 longum:
2909 2382 3034 2422 ecce
3079 2365 3222 2437 quod
3250 2375 3436 2421 notum
3461 2374 3549 2421 est
3571 2364 3854 2430 omnibus,

2261 2455 2402 2513 dico.
2430 2457 2699 2513 Mandavit
2727 2458 2926 2513 homini
2952 2458 3225 2529 Scriptura
3254 2457 3452 2522 divina,
3484 2456 3701 2523 dicens,
3736 2455 3858 2510 Non

2262 2558 2310 2605 te
2348 2548 2519 2604 laudet
2557 2566 2612 2604 os
2643 2558 2787 2604 tuum
2816 2548 2996 2622 (Prov.
3034 2565 3200 2617 xxvn,
3239 2546 3331 2621 2);
3362 2563 3461 2603 nec
3491 2557 3676 2602 tamen
3711 2546 3857 2601 Deus

2262 2643 2525 2699 dicendus
2547 2653 2630 2698 est
2654 2657 2907 2713 arrogans
2934 2652 3026 2698 aut
3050 2640 3332 2712 superbus,
3359 2654 3481 2696 cum
3504 2654 3565 2694 se
3591 2639 3851 2693 innume-

2263 2736 2502 2792 rabiliter
2542 2735 2761 2792 laudare
2802 2750 2909 2791 non
2959 2734 3172 2790 desinit.
3217 2733 3286 2788 Et
3332 2732 3473 2787 unde
3514 2731 3715 2801 agitur,
3743 2728 3853 2799 jam

2264 2831 2509 2900 superius
2531 2827 2912 2895 demonstravi,
2950 2824 3397 2898 quemadmodum
3424 2824 3568 2880 Deus
3596 2824 3715 2878 sine
3746 2821 3849 2877 ulla

2265 2923 2542 2995 iniquitate
2574 2937 2672 2994 pro
2694 2920 2925 2993 peccatis
2944 2928 3222 2992 parentum
3243 2917 3402 2974 simul
3425 2932 3551 2973 cum
3582 2915 3666 2972 eis
3688 2916 3854 2970 inter-

2265 3014 2712 3086 emeritparvulos
2731 3031 2744 3067 :
2767 3012 3008 3085 quamvis
3024 3011 3359 3066 mandaverit
3372 3008 3598 3076 homini,
3622 3024 3692 3063 ne
3712 3006 3852 3061 ﬁlios

2265 3125 2362 3181 pro
2407 3109 2639 3180 peccatis
2680 3116 2913 3178 patrum,
2957 3120 3079 3161 cum
3117 3104 3339 3176 judicat,
3367 3102 3606 3158 damnet.
3637 3100 3766 3156 Haec
3805 3098 3851 3154 si

2265 3202 2591 3270 adverteres,
2622 3199 2722 3256 ista
2761 3215 2869 3256 non
2917 3197 3155 3254 diceres:
3184 3206 3278 3253 aut
3319 3196 3367 3251 si
3409 3203 3467 3251 et
3513 3193 3630 3250 haec
3657 3193 3849 3248 adver-

2268 3298 2352 3364 tis,
2377 3304 2431 3353 et
2456 3304 2633 3351 tamen
2663 3294 2763 3350 ista
2801 3292 2963 3359 dicis;
2995 3290 3213 3347 adverte
3239 3291 3400 3347 etiam
3424 3303 3564 3345 vana
3590 3302 3709 3344 esse
3728 3301 3853 3358 quae

2267 3386 2421 3444 dicis.

2337 3481 2525 3538 XXIII.
2563 3480 2681 3538 ιω..
2722 3479 2874 3549 Quod
2911 3479 3034 3535 licet
3060 3483 3270 3549 quanta:
3293 3476 3362 3531 sit
3384 3472 3737 3547 profanitatis,
3761 3472 3850 3528 vix

2265 3574 2551 3631 indicatum
2565 3573 2678 3646 jam
2692 3572 3038 3629 vehementer
3050 3578 3320 3642 appareat,
3342 3577 3518 3624 tamen
3533 3580 3667 3638 pace
3685 3565 3850 3637 ipsius

2266 3667 2574 3734 divinitatis,
2605 3666 2758 3736 cujus
2781 3665 3084 3735 aequitatem
3110 3670 3341 3727 tuemur,
3365 3659 3524 3730 quale
3552 3658 3624 3712 sit
3647 3656 3749 3712 hoc
3763 3655 3846 3711 vel

2266 3761 2370 3817 levi
2394 3760 2724 3816 discussione
2744 3758 3040 3814 videamus.
3064 3755 3133 3812 Ut
3146 3757 3259 3826 ipse
3274 3755 3452 3824 itaque
3472 3754 3567 3806 ﬁat
3590 3751 3843 3821 legissure

2266 3852 2658 3923 praevaricator,
2710 3865 2889 3907 rerum
2936 3847 3256 3904 necessitate
3280 3860 3399 3917 qua:
3425 3858 3547 3900 eum
3573 3848 3837 3913 premunt,

2266 3958 2337 3999 an
2356 3959 2450 3999 sua
2476 3942 2834 4000 imbecillitate
2860 3939 3226 4010 compellitur?
3245 3940 3347 4004 Au,
3369 3937 3493 4007 quia
3508 3936 3701 3991 horum
3717 3949 3842 3989 neu-

2267 4044 2408 4091 trum
2434 4043 2537 4104 est,
2568 4033 2682 4089 sola
2705 4032 2926 4089 libidine
2951 4030 3295 4102 delinquendi
3312 4028 3370 4082 '?
3396 4031 3465 4083 At
3488 4027 3593 4084 hoc
3617 4042 3715 4083 nec
3734 4026 3839 4082 lla-

2267 4126 2504 4184 nichaaus
2547 4126 2728 4182 dicere
2766 4125 2957 4196 potuit,
2985 4132 3039 4179 et
3064 4122 3185 4179 ideo
3208 4130 3546 4178 commentus
3572 4128 3658 4176 est
3679 4119 3835 4176 Deum

2266 4229 2501 4275 vestrum
2522 4233 2684 4289 grave
2710 4216 2952 4288 prmlium
2974 4214 3280 4286 pertulisse.

2336 4314 2472 4368 Auc.
2513 4309 2690 4367 Verba
2713 4309 2903 4381 jactas,
2936 4324 3057 4364 cum
3101 4308 3263 4365 rebus
3299 4306 3560 4378 urgearis.
3606 4306 3721 4362 Non
3755 4312 3835 4362 est

2266 4405 2397 4476 legis
2434 4419 2543 4460 sua:
2570 4403 2966 4475 praevaricator,
3011 4400 3225 4473 quando
3263 4400 3407 4455 aliud
3449 4400 3575 4456 facit
3612 4400 3745 4455 Deus
3778 4407 3836 4455 ut

2267 4499 2428 4562 Deus.
2459 4496 2601 4552 aliud
2639 4497 2868 4567 imperat
2890 4495 3112 4561 homini,
3144 4503 3204 4550 ut
3226 4493 3452 4549 homini.

2337 4589 2527 4645 XXIV.
2567 4588 2684 4644 ιω..
2725 4587 2782 4644 Si
2802 4602 2928 4657 ergo
2943 4602 3042 4643 nec
3055 4586 3345 4651 calamitas,
3371 4600 3472 4640 nec
3487 4584 3826 4652 imbecillitas,

2267 4698 2368 4739 nec
2384 4683 2549 4743 libido
2561 4683 2612 4739 ei
2634 4680 3082 4753 praevaricationis
3094 4679 3377 4746 incumbit;
3399 4680 3487 4749 qui
3505 4679 3619 4735 ﬁeri
3646 4687 3822 4749 potest,

2267 4786 2326 4831 ut
2353 4792 2470 4832 eam
2494 4775 2712 4846 justitiae
2734 4773 2963 4829 formam
2990 4788 3148 4844 quam
3175 4770 3568 4828 commendavit
3584 4770 3821 4840 jubendo,

2266 4869 2505 4926 destruat
2528 4865 2849 4938 judicando?
2878 4866 2985 4921 imo
3022 4881 3128 4920 non
3170 4865 3225 4919 in
3252 4864 3408 4920 istam
3432 4862 3708 4934 justitiam,
3737 4860 3821 4916 sed

2268 4960 2320 5015 in
2348 4958 2696 5015 reverentiam
2736 4971 2887 5013 suam
2911 4955 3125 5011 saeviat?
3151 4954 3318 5009 Tanta
3347 4962 3429 5010 est
3452 4954 3646 5024 quippe
3673 4954 3821 5022 requi-

2267 5049 2389 5105 tatis
2421 5048 2670 5121 potentia,
2697 5057 2755 5105 ut
2782 5058 2837 5104 et
2857 5046 3127 5102 deviantes
3150 5054 3354 5116 arguat,
3384 5054 3437 5099 et
3462 5043 3605 5099 nulla
3635 5043 3821 5112 fugien-

2267 5146 2401 5199 tiuui
2443 5160 2473 5197 a
2513 5158 2573 5198 se
2612 5141 2925 5197 auctoritate
2970 5139 3256 5195 minuatur.
3296 5138 3596 5202 Postremo,
3634 5136 3674 5189 si
3718 5149 3822 5205 quae

2268 5243 2391 5291 sunt
2427 5236 2568 5305 justa
2595 5249 2627 5289 a
2656 5233 2808 5289 nobis
2851 5233 2967 5288 ﬁeri
3007 5231 3153 5299 velit,
3182 5240 3238 5286 et
3263 5230 3380 5301 ipse
3405 5227 3565 5283 faciat
3589 5226 3723 5297 quod
3748 5225 3822 5280 in-

2262 5328 2461 5400 justum
2491 5338 2604 5393 est;
2632 5327 2882 5398 justiores
2909 5341 3005 5381 nos
3021 5339 3178 5395 quam
3206 5323 3318 5393 ipse
3342 5333 3444 5388 est,
3472 5321 3618 5390 cupit
3643 5318 3822 5387 videri;

2266 5421 2375 5477 imo
2397 5436 2500 5475 non
2524 5419 2798 5490 jus-tiores,
2830 5416 2923 5471 sed
2954 5431 3051 5471 nos
3079 5431 3280 5485 aequos,
3304 5422 3359 5469 ct
3385 5428 3444 5468 se
3471 5411 3722 5482 iniquum.

2338 5516 2470 5570 Auc.
2510 5510 2645 5580 Quid
2665 5519 2747 5566 est
2766 5509 2905 5581 quod
2926 5509 3078 5573 dicis,
3098 5508 3258 5563 homo
3278 5505 3365 5577 qui
3382 5505 3603 5560 multum
3622 5498 3822 5571 desipis?

2268 5607 2476 5676 Quanto
2496 5602 2782 5672 excelsior,
2813 5609 2957 5658 tanto
2979 5598 3368 5657 inscrutabilior
3382 5596 3556 5653 divina
3573 5608 3721 5667 quam
3735 5591 3823 5646 huc

2334 5789 2351 5821 ¹
2376 5793 2457 5835 his.
2484 5793 2630 5842 Port.,
2655 5787 2820 5833 contra
2849 5792 2973 5845 qua}.

2332 5852 2354 5882 ι
2378 5833 2648 5911 ὶ-ἷεαίοιῆυὲ
2678 5833 2879 5914 versqu
2903 5841 3409 5914 nugo-ﬁrmem:
3434 5848 3506 5892 Λη
3673 5833 3826 5914 W

2270 5900 2492 5971 mum
2509 5914 2597 5977 θδι,
2619 5905 2721 5964 sola
2740 5903 2939 5971 tibidw
2960 5900 3287 5970 αειὶἡιτιιβηάί.
3541 5900 3569 5910 "
3793 5900 3840 5959 ’λ

3776 6002 3805 6013 ,Α
3814 6002 3817 6009 ι
