4062 6468
245 347 384 408 1257

238 482 395 523 mana
416 465 644 538 justitia,
673 472 930 536 tantoque
972 467 1039 521 ab
1085 464 1186 522 hac
1229 464 1317 520 illa
1365 461 1668 519 distantior.
1700 459 1830 526 Quis

237 561 382 614 enim
413 558 574 614 homo
597 559 774 635 justus
796 557 923 613 sinit
953 557 1246 629 perpetrari
1275 558 1474 625 scelus,
1505 555 1646 628 quod
1667 554 1854 624 habeg

235 651 294 705 in
324 659 586 720 potestate
615 665 720 704 non
745 650 1000 707 sinere“!
1028 651 1093 707 Et
1121 660 1299 708 tamen
1336 651 1465 707 sinit
1507 650 1619 705 haec
1665 649 1826 713 Deus,

235 741 731 812 incomparabiliter
748 742 908 813 justis
934 743 1187 798 omnibus
1218 743 1432 814 justior,
1463 750 1518 797 et
1553 740 1706 810 cujus
1732 753 1827 808 po-

237 844 402 890 testas
427 842 512 889 est
539 834 1024 907 incomparabiliter
1049 835 1295 891 omnibus
1335 833 1685 906 potestatibus
1707 848 1824 886 ma-

228 926 336 995 jor.
388 924 514 980 Haec
557 926 751 996 cogita,
806 934 862 983 et
907 928 1014 983 noli
1055 927 1291 999 judicem
1343 927 1510 982 Deum
1555 924 1826 996 judicibus

232 1016 543 1071 hominibus
558 1031 893 1086 comparare,
916 1033 1074 1088 quem
1091 1035 1199 1074 non
1224 1016 1569 1073 dubitandum
1597 1025 1680 1072 est
1705 1029 1827 1072 esse

227 1108 456 1177 justum,
491 1106 649 1161 etiam
680 1107 894 1176 quando
931 1108 1056 1163 facit
1082 1107 1225 1178 quod
1270 1106 1478 1162 videtur
1524 1105 1827 1162 hominibus

231 1197 511 1265 injustum,
544 1207 598 1254 et
625 1197 768 1268 quod
791 1197 950 1253 homo
977 1199 1021 1252 si
1052 1198 1269 1265 faceret,
1296 1205 1442 1253 esset
1468 1198 1694 1268 injustus
1709 1199 1753 1253 ¹.

307 1289 476 1344 XXV.
504 1289 620 1345 Jun.
653 1290 734 1343 An
765 1288 896 1344 illud
921 1289 1132 1359 quidem
1155 1289 1354 1358 justum
1385 1296 1504 1354 est,
1530 1287 1671 1359 quod
1702 1288 1818 1359 ipse

236 1381 385 1446 facit,
420 1381 472 1435 id
500 1389 599 1448 est,
627 1379 800 1436 aliena
826 1389 1041 1449 peccata
1067 1379 1186 1435 aliis
1221 1380 1561 1450 imputando;
1593 1387 1648 1434 et
1671 1378 1824 1434 nobis

237 1472 481 1542 praecipit
506 1471 647 1541 quod
670 1471 925 1542 injustam
945 1481 1046 1537 est,
1071 1482 1129 1526 ut
1158 1487 1586 1543 unumquemque
1614 1486 1710 1542 pro
1735 1485 1828 1526 vo-

229 1564 453 1618 luntatis
479 1579 590 1619 suae
618 1564 826 1619 delictis
853 1574 1004 1619 reum
1025 1563 1470 1633 pronuntiemus?

302 1662 440 1716 Auo.
486 1659 625 1730 Lege
664 1659 806 1730 quod
841 1659 933 1714 tibi
973 1659 1218 1731 superius
1261 1673 1574 1728 responsum
1612 1664 1696 1713 est
1725 1674 1740 1711 :
1771 1664 1828 1713 et

231 1754 383 1810 disce
406 1794 422 1818 ,
458 1753 505 1808 si
534 1761 684 1823 potes
703 1793 721 1820 ,
748 1752 1195 1823 quemadmodum
1225 1761 1440 1821 peccata
1469 1749 1744 1821 originalia
1770 1755 1826 1804 et

228 1847 405 1902 aliena
429 1846 790 1917 intelligantur
805 1856 858 1900 et
878 1855 1057 1900 nostra
1077 1861 1091 1911 ;
1115 1861 1220 1900 non
1243 1844 1428 1900 eadem
1449 1859 1605 1899 causa
1625 1842 1822 1910 aliena,

233 1955 342 2008 qua
387 1947 566 1994 nostra
601 1956 616 1994 :
647 1939 822 1993 aliena
849 1937 1027 2004 enim,
1068 1938 1190 2007 quia
1233 1953 1336 1993 non
1381 1953 1442 1992 ea
1487 1937 1540 1991 in
1583 1950 1675 1991 sua
1717 1935 1825 1990 vita

229 2032 460 2102 quisque
486 2030 786 2095 commisit;
815 2038 994 2086 nostra
1019 2045 1170 2096 vero,
1198 2030 1319 2100 quia
1349 2030 1442 2084 fuit
1466 2028 1659 2095 Adam,
1687 2035 1741 2084 et
1771 2027 1823 2082 in

231 2124 330 2178 illo
355 2123 549 2178 fuimus
573 2137 762 2178 omnes
787 2122 1063 2194 (Ambros.,
1095 2120 1181 2175 lib.
1209 2122 1241 2177 7
1264 2122 1318 2176 in
1345 2121 1470 2175 Luc.
1503 2124 1622 2191 xv).

307 2213 494 2268 XXVI.
529 2213 650 2269 Juc.
681 2215 747 2268 Et
775 2213 917 2269 unde
943 2213 991 2268 ei
1022 2220 1114 2267 aut
1143 2220 1285 2266 tanta
1317 2211 1531 2278 invidia,
1561 2219 1652 2265 aut
1679 2218 1825 2264 tanta

227 2308 533 2378 malignitas
557 2307 582 2361 ?
612 2305 810 2362 Invidia
833 2315 916 2362 est
941 2305 1106 2372 enim,
1137 2305 1182 2360 si
1212 2304 1280 2359 ad
1307 2305 1408 2360 hoc
1435 2303 1647 2374 decepit
1686 2318 1824 2372 pra:-

225 2396 478 2470 cipiendo
505 2406 802 2452 creaturam
832 2411 980 2452 suam
1003 2436 1019 2462 ,
1051 2411 1117 2450 ne
1147 2395 1366 2451 virtutes
1391 2395 1507 2465 ejus
1526 2436 1542 2460 ,
1574 2394 1626 2448 in
1651 2408 1822 2464 quan;

228 2501 345 2546 tum
385 2499 631 2562 poterat,
673 2476 965 2546 conaretur
998 2488 1192 2543 imitari
1222 2506 1235 2542 :
1266 2487 1568 2558 malignitas
1604 2495 1782 2542 autem
1804 2524 1822 2553 ,

229 2586 345 2640 imo
373 2582 660 2639 crudelitas
680 2624 694 2650 ,
724 2581 771 2637 si
810 2581 992 2652 puniat
1017 2589 1234 2651 propter
1263 2579 1458 2650 injusta
1485 2593 1648 2650 opera
1675 2593 1824 2634 mor-

230 2676 405 2740 tales,
435 2690 555 2745 quze
579 2689 696 2729 cum
728 2673 833 2744 legi
859 2673 976 2743 ejus
1005 2672 1262 2728 obediunt
1295 2680 1688 2742 perpetrarunt.

307 2771 446 2824 Aac.
488 2765 602 2822 Jam
642 2766 885 2836 superius
927 2763 1322 2831 demonstravi,
1364 2763 1607 2834 quiedam
1658 2763 1825 2818 Deum

224 2861 373 2932 juste
392 2858 590 2924 facere,
616 2874 736 2929 quae
763 2858 809 2912 si
840 2856 1001 2911 homo
1027 2857 1202 2922 faciat,
1226 2857 1420 2926 injuste
1447 2855 1589 2910 facit.
1615 2854 1747 2910 Nam
1772 2863 1828 2911 et

231 2951 459 3023 injurias
487 2966 614 3006 suas
643 2951 783 3006 Deus
813 2949 1088 3004 ulciscitur
1111 2950 1257 3019 juste
1283 2965 1296 3004 :
1323 2947 1627 3004 hominibus
1648 2957 1824 3003 autem

229 3044 429 3099 dicitur
445 3085 461 3112 ,
497 3041 620 3097 Non
645 3059 730 3096 vos
756 3042 892 3113 ipsos
913 3041 1242 3105 vindicantes,
1267 3039 1572 3104 charissimi,
1600 3039 1690 3093 sed
1701 3040 1828 3120 date

229 3137 402 3191 locum
430 3137 522 3191 itte
548 3150 566 3190 :
591 3136 835 3204 scriptum
859 3143 932 3190 est
957 3135 1112 3201 enim,
1137 3131 1270 3186 Mihi
1291 3132 1563 3186 vindictam
1579 3150 1600 3199 ,°
1629 3147 1720 3204 ego
1747 3147 1826 3187 re-

230 3227 472 3293 tribuam,
505 3227 628 3281 dicit
656 3224 905 3280 Dominus
935 3224 1110 3294 (Rom.
1145 3239 1248 3290 xu,
1284 3222 1397 3296 I9).

304 3319 521 3375 XXVII.
549 3319 671 3375 ιω..
701 3319 781 3374 An
809 3316 946 3372 forte
975 3331 1080 3372 non
1121 3316 1274 3387 punit
1304 3313 1466 3388 (quod
1497 3313 1709 3385 quidem
1744 3313 1826 3370 fa-

231 3412 310 3467 cit
336 3409 670 3483 prudenter),
700 3410 794 3466 sed
823 3409 982 3466 etiam
1014 3417 1385 3464 remuneratur
1416 3408 1660 3474 famulos,
1690 3423 1828 3478 prte-

234 3503 410 3574 eeptis
460 3504 571 3557 suis
617 3502 744 3557 licet
787 3500 1101 3571 injustitiam
1149 3499 1466 3555 docentibus
1506 3499 1829 3555 obsecutos?

238 3594 313 3650 Et
335 3593 462 3666 quid
494 3595 544 3650 ei
574 3593 764 3663 profuit
784 3591 1044 3659 invidere,
1071 3590 1118 3648 si
1146 3601 1200 3648 et
1226 3591 1449 3662 injustas
1477 3606 1567 3646 res
1585 3590 1829 3648 faciendo

236 3703 308 3744 eo
336 3696 697 3758 pervenerunt
736 3686 1024 3752 mortales,
1070 3700 1178 3755 quo
1215 3684 1374 3739 etiam
1413 3683 1673 3754 justitiam
1715 3698 1831 3738 ser-

234 3777 417 3833 vando
441 3777 750 3832 venissent?
779 3777 1021 3846 Cumque
1046 3774 1173 3842 illis,
1203 3788 1338 3845 quos
1361 3773 1730 3837 circumvenit,
1761 3772 1829 3829 de

231 3869 490 3926 felicitate
519 3868 646 3923 nihil
673 3879 876 3940 pereat,
901 3866 988 3922 hic
1013 3875 1190 3922 tamen
1220 3865 1561 3936 benignitatis
1590 3879 1651 3919 ac
1673 3863 1831 3934 justi-

234 3963 324 4018 tia:
349 3961 675 4019 conscientia
701 3960 859 4015 simul
887 3968 943 4015 et
966 3959 1170 4013 honore
1197 3957 1451 4028 privatur.
1479 3955 1688 4024 Quanto
1713 3963 1831 4011 erat

235 4053 569 4110 tolerabilius
607 4068 639 4108 a
676 4051 948 4123 religionis
973 4048 1306 4120 professione
1334 4047 1469 4102 colla
1500 4046 1826 4115 subducere,

233 4163 396 4218 quam
423 4163 528 4220 per.
557 4155 665 4202 tam
694 4153 959 4216 praerupta
979 4181 995 4211 ,
1025 4150 1134 4198 tam
1172 4139 1409 4198 exitialia
1449 4139 1650 4194 orbitas
1679 4138 1700 4170 ³
1726 4137 1827 4194 du-

235 4239 400 4294 cere?

313 4330 450 4384 Atto.
477 4325 728 4398 Sequeris
755 4334 806 4382 te
831 4368 845 4394 ,
873 4323 1005 4380 nihil
1031 4323 1233 4380 dicens.
1259 4323 1342 4378 Ab
1368 4320 1596 4378 humana
1623 4320 1828 4391 justitia

241 4420 491 4475 discerne
515 4418 781 4484 divinam;
809 4426 865 4473 et
889 4416 1094 4473 videbis
1114 4416 1257 4486 juste
1298 4414 1461 4470 Deum
1489 4424 1701 4485 peccata
1733 4430 1828 4484 pa-

242 4521 388 4566 trum
417 4508 646 4564 reddere
679 4507 733 4563 in
773 4508 947 4574 filios;
975 4507 1117 4578 quod
1146 4517 1324 4562 tamen
1355 4505 1409 4560 in
1433 4505 1635 4576 judicio
1658 4521 1756 4560 suo
1784 4505 1830 4561 si

241 4603 410 4659 homo
434 4602 536 4656 sibi
564 4609 799 4672 usurpet,
832 4601 1054 4672 injustus
1078 4609 1179 4656 est.
1212 4600 1287 4656 Ne
1321 4607 1374 4654 tu
1400 4599 1666 4654 exorbites
1689 4614 1720 4653 a
1746 4597 1838 4654 via‘

231 4700 402 4771 justa,
432 4707 492 4753 ut
521 4713 643 4753 cum
667 4696 819 4752 audis
847 4705 1054 4768 peccata
1077 4705 1287 4766 patrum
1309 4695 1362 4748 in
1384 4693 1522 4749 ﬁlios
1545 4693 1826 4759 vindicari,

236 4804 328 4848 aut
359 4792 528 4847 Deum
574 4789 715 4845 nolis
740 4787 763 4821 ⁵
791 4788 842 4845 id
870 4789 1042 4844 facere
1062 4831 1074 4854 ,
1116 4796 1208 4842 aut
1243 4786 1510 4841 hominem
1541 4785 1673 4840 velis
1698 4827 1714 4852 ,
1745 4785 1830 4841 vel

241 4883 560 4940 testimoniis
597 4883 682 4938 vel
709 4882 971 4938 mandatis
999 4879 1299 4956 resistendo
1328 4878 1546 4934 divinis.

311 4976 550 5032 XXVIII.
577 4975 696 5033 ιω..
728 4975 892 5047 Igitur
915 4974 1165 5046 quoniam
1194 4973 1279 5029 vel
1307 4989 1337 5028 a
1365 4971 1534 5028 servis
1562 4971 1672 5026 suis
1699 4971 1831 5028 nihil

245 5069 352 5123 tale
393 5068 650 5124 committi
682 5068 824 5123 Deus
851 5067 1015 5132 sinit,
1061 5065 1219 5138 quale
1266 5075 1320 5120 tu
1363 5063 1432 5118 ab
1475 5063 1594 5134 ipso
1635 5063 1832 5118 asseris

247 5159 579 5230 perpetrari;
610 5159 950 5216 manifestum
977 5168 1080 5225 est,
1113 5168 1166 5214 te
1195 5172 1301 5213 non
1329 5158 1505 5211 minus
1530 5156 1598 5211 ab
1628 5155 1832 5211 honore

244 5252 396 5320 ejus,
427 5265 586 5320 quam
611 5251 678 5306 ab
703 5250 935 5306 humana
973 5250 1184 5305 ratione
1219 5247 1437 5319 fugisse.
1465 5246 1542 5302 Ac
1570 5262 1664 5317 per
1693 5247 1794 5301 hoc
1813 5286 1829 5311 ,

242 5357 354 5397 non
395 5341 678 5412 Pelagiana
701 5384 715 5410 ,
753 5343 890 5398 sicut
933 5341 1067 5397 dicis
1090 5382 1108 5409 ,
1147 5354 1328 5396 errore
1362 5338 1660 5409 decipimur
1691 5356 1705 5393 :
1737 5337 1833 5394 sed

242 5431 363 5503 lege
389 5429 488 5486 Dei
514 5429 790 5503 dirigimur
811 5474 826 5500 ,
861 5440 918 5487 ut
943 5444 1248 5486 asseramus
1276 5428 1514 5500 iniquum
1555 5442 1676 5484 esse
1697 5469 1712 5497 ,
1741 5441 1834 5498 pa-

305 5633 326 5700 ξ
357 5631 432 5700 sic
463 5637 568 5680 Mss.
591 5632 886 5700 Vignterius,
924 5629 1052 5694 quod
1074 5628 1212 5680 habet
1247 5634 1520 5700 potestatem
1543 5625 1832 5700 nausinere.

192 5691 202 5710 ‘
304 5694 327 5726 ³
348 5693 424 5743 sic
443 5700 589 5743 vetus
609 5691 768 5742 codex
790 5700 915 5741 Port.
937 5691 996 5753 ’ᾼι
1022 5701 1130 5741 Mar.
1149 5691 1561 5753 cumvigu.,esset
1583 5691 1830 5752 injustam.

305 5755 327 5797 ἓ
349 5756 423 5804 sic
443 5761 548 5803 Mss.
576 5755 866 5813 Vignierius,
890 5751 1123 5803 orbitatis.
1175 5792 1187 5804 .

302 5817 328 5849 δ
347 5817 506 5867 Editio
526 5813 854 5878 Vigﬂeriana,
878 5813 1029 5865 nobis.
1056 5815 1342 5866 [intendatur
1367 5827 1429 5864 ex
1455 5818 1806 5878 manuscriptis.

449 5921 677 5983 Ssncr.
720 5925 998 5982 AUGUST.
1037 5921 1099 5980 Χ

1825 5980 1864 5992 ..ι

1602 337 1808 398 LIBER
1843 335 2164 400 TERTIUS.

1876 5974 1904 5989 ν
1941 5967 1996 5974 ,,..

3382 349 3532 417 I258

1942 469 2149 515 rentum
2178 461 2401 520 crimina
2431 465 2553 522 filiis
2578 467 2846 539 imputari.

2007 553 2142 607 AUC.
2182 551 2298 610 Non
2325 557 2526 622 semel,
2563 559 2656 614 sed
2693 561 2887 631 smpius
2911 561 3044 618 dixit
3091 565 3228 621 Deus
3253 605 3269 634 ,
3303 576 3518 637 peccata

1935 651 2143 710 patrum
2172 659 2232 700 se
2254 646 2482 704 reddere
2507 651 2560 704 in
2592 652 2749 709 filios.
2776 653 2874 710 Ubi
2903 656 3083 727 utique
3114 675 3219 713 nun
3258 657 3429 727 dixit,
3458 661 3514 717 in

1935 744 2112 804 patres
2137 753 2195 792 se
2217 739 2441 796 reddere
2469 753 2682 812 peccata
2710 746 2960 814 filiorum,
2991 758 3084 804 aut
3108 751 3160 806 iu
3186 750 3380 808 fratres
3405 753 3520 809 fra-

1936 837 2095 896 trum,
2136 841 2229 886 aut
2257 831 2310 886 in
2339 834 2541 889 amicos
2568 838 2881 906 amicorum,
2915 851 3005 897 aut
3032 843 3084 898 in
3112 843 3258 900 cives
3281 846 3515 912 civium,

1933 932 2025 976 aut
2047 922 2247 992 aliquid
2272 922 2534 992 ejusmodi
2558 943 2574 992 ;
2603 938 2660 983 ut
2679 930 2956 997 sciremus,
2989 935 3201 1004 quando
3227 935 3356 991 illud
3377 935 3518 991 dici-

1933 1021 2036 1079 tur,
2065 1015 2465 1083 generationem
2494 1019 2774 1090 redargui,
2810 1038 2914 1076 non
2945 1023 3297 1082 imitationem
3330 1045 3344 1081 :
3371 1027 3517 1098 quod

1925 1115 1986 1160 et
2011 1113 2068 1160 tu
2099 1120 2282 1174 posses
2311 1107 2362 1161 in
2395 1107 2588 1164 divinis
2614 1112 2838 1180 eloquiis
2863 1113 3180 1186 intelligere,
3209 1117 3254 1172 si
3280 1132 3390 1173 non
3409 1118 3518 1175 Pe-

1930 1195 2140 1267 lagiano
2167 1197 2502 1266 impedireris
2527 1217 2731 1256 errore.

2003 1287 2194 1343 XXIX.
2234 1288 2352 1345 σιω..
2395 1289 2547 1359 Quod
2585 1292 2774 1349 tradux
2813 1296 3056 1365 peccati,
3098 1296 3516 1358 Manichaeorum

1932 1376 2060 1442 lilia,
2089 1389 2266 1433 vestra
2303 1390 2506 1449 mater,
2548 1380 2647 1438 hac
2681 1393 2995 1456 tempestate
3025 1389 3386 1459 prodigialiter
3423 1407 3518 1462 pe-

1930 1471 2134 1540 perisse
2159 1471 2406 1527 defletur.

2004 1563 2141 1618 Auo.
2173 1563 2286 1618 Non
2311 1565 2669 1633 ratiocinaris,
2694 1569 2791 1625 sed
2813 1572 3132 1630 conviciaris
3151 1582 3209 1632 et
3225 1575 3516 1632 calumnia-

1927 1651 2024 1708 ris.
2053 1653 2249 1725 Relege
2269 1658 2515 1728 antiquos
2535 1658 2698 1713 divini
2720 1661 2914 1732 eloquii
2939 1671 3286 1732 tractatores;
3312 1676 3368 1722 et
3395 1667 3517 1724 vide

1928 1759 2036 1800 non
2079 1745 2180 1802 hac
2226 1757 2571 1819 tempestate,
2612 1751 2707 1807 sed
2743 1753 2902 1825 longe
2938 1763 3063 1810 ante
3103 1773 3204 1813 nos
3244 1757 3294 1812 in
3338 1759 3516 1816 verbis

1928 1837 2166 1906 Apostoli
2194 1839 2295 1894 hoc
2319 1841 2648 1898 intellectum
2670 1859 2810 1910 esse,
2832 1848 2973 1917 quod
3003 1849 3337 1919 apertissime
3356 1849 3514 1919 dixit,

1929 1926 1982 1984 id
2011 1937 2127 1995 est,
2169 1931 2311 2000 quod
2341 1948 2432 2002 per
2472 1950 2628 1988 unum
2654 1935 2906 1992 hominem
2932 1950 3189 2011 peccatum
3219 1943 3423 1997 intravit
3459 1944 3517 1998 in

1927 2021 2172 2075 mundum
2191 2062 2208 2088 ,
2237 2033 2285 2077 et
2311 2040 2402 2094 per
2426 2037 2685 2095 peccatum
2717 2045 2889 2095 mors;
2912 2040 2959 2084 et
2979 2032 3049 2085 ita
3077 2033 3130 2086 in
3151 2049 3322 2089 omnes
3346 2035 3515 2090 homi-

1926 2127 2014 2166 nes
2028 2115 2318 2184 pertransiit
2331 2114 2505 2188 (Rom.
2525 2133 2578 2185 v,
2594 2118 2704 2190 l2),
2725 2120 2791 2176 ad
2801 2125 3200 2193 generationem
3224 2127 3512 2196 pertinere,

1926 2220 2084 2274 quam
2114 2210 2450 2279 regeneratio
2487 2223 2668 2280 sanat;
2702 2229 2809 2269 non
2838 2215 2904 2270 ad
2946 2216 3326 2288 imitationem,
3351 2236 3515 2292 quam

1926 2315 2023 2356 vos
2051 2306 2228 2372 potius
2260 2303 2362 2359 hac
2386 2313 2706 2376 tempestate
2731 2311 3035 2380 peperistis.
3066 2312 3216 2369 Unde
3241 2330 3337 2370 vos
3373 2324 3514 2371 tem-

1927 2402 2108 2463 pestas
2138 2395 2322 2450 novitii
2351 2396 2616 2467 dogmatis
2644 2400 2807 2454 vestri
2843 2415 2873 2454 a
2916 2401 3048 2457 facie
3079 2403 3304 2473 projecit
3329 2403 3516 2461 catho-

1927 2484 2042 2540 licae
2078 2485 2333 2541 Ecclesiae
2352 2529 2368 2554 ,
2403 2497 2653 2560 tanquam
2673 2490 2949 2562 pulverem
2975 2507 3131 2562 quem
3159 2493 3369 2564 projicit
3393 2510 3518 2551 ven-

1930 2585 2014 2630 tus
2041 2591 2071 2629 a
2112 2576 2248 2632 facie
2275 2588 2452 2634 terrae.

2001 2666 2170 2722 XXX.
2229 2668 2350 2724 Jun.
2405 2670 2541 2726 Esse
2593 2671 2754 2743 igitur
2797 2672 2901 2730 hoc
2953 2689 2985 2729 a
3037 2675 3147 2731 Deo
3195 2676 3518 2748 imperatum

1928 2759 2070 2828 quod
2099 2762 2414 2830 asset-imus,
2446 2764 2658 2819 claruit.
2688 2765 2756 2821 Et
2774 2767 3018 2837 quamvis
3043 2771 3323 2827 sententia:
3347 2771 3517 2842 ipsius

1929 2861 2110 2920 aperta
2157 2861 2212 2908 et
2251 2854 2546 2911 intellectui
2594 2859 2831 2914 omnium
2875 2861 3154 2918 conciliata
3191 2865 3517 2934 germanitas

1929 2941 2128 2998 nullius
2173 2943 2226 2998 in
2253 2959 2312 2998 se
2351 2961 2561 3001 naevum
2591 2948 2934 3005 obscuritatis
2970 2951 3248 3009 admiserit
3284 2971 3300 3014 :
3340 2963 3518 3012 tamen

1929 3049 1999 3090 ne
2024 3043 2077 3089 tu
2103 3035 2168 3088 ad
2196 3035 2391 3106 ingenii
2430 3040 2596 3094 nostri
2625 3040 2903 3112 confugias
2931 3045 3265 3113 tarditatem,
3292 3057 3346 3103 et
3368 3048 3518 3105 dicas

1929 3142 2034 3182 non
2059 3142 2159 3182 nos
2187 3127 2486 3200 intelligere
2507 3128 2648 3201 quod
2673 3145 2999 3203 praeceptum
3026 3144 3108 3191 est
3131 3152 3146 3201 ;
3173 3136 3278 3192 alio
3306 3153 3522 3210 quoque

1932 3219 2238 3276 testimonio
2276 3237 2381 3276 non
2405 3222 2515 3293 jam
2547 3225 2799 3294 prmcepti
2823 3267 2838 3290 ,
2868 3226 2964 3283 sed
3000 3230 3179 3298 operis
3224 3231 3520 3288 secundum

1931 3323 2251 3384 praeceptum
2281 3315 2523 3379 exerciti,
2547 3317 2993 3386 quemadmodum
3028 3321 3098 3376 sit
3123 3321 3208 3378 lex
3247 3322 3520 3382 intellecta

1930 3403 2238 3462 doceamus.
2281 3405 2534 3476 Legimus
2570 3408 2624 3462 in
2671 3409 2809 3464 libro
2843 3420 3032 3480 quarto
3070 3412 3376 3485 Regnorum
3403 3457 3419 3484 ,
3447 3417 3518 3474 de

1931 3495 2174 3551 Amessia
2200 3495 2306 3550 lilio
2320 3495 2446 3552 Joas
2471 3498 2611 3567 regis
2628 3497 2762 3554 Juda
2781 3516 2795 3554 :
2811 3499 3030 3555 Factum
3053 3512 3146 3570 est,
3166 3503 3354 3573 inquit,
3371 3516 3519 3576 post-

1929 3605 2080 3660 quam
2114 3589 2388 3644 stabilitum
2427 3601 2499 3645 est
2542 3607 2756 3661 regnum
2795 3593 2850 3646 in
2878 3594 3110 3648 manibus
3165 3595 3308 3666 ejus,
3337 3597 3521 3652 occidit

1931 3695 2112 3752 pueros
2140 3696 2257 3734 suos
2281 3681 2366 3750 qui
2378 3680 2662 3736 occiderant
2680 3670 2875 3751 patrem
2896 3699 3045 3738 suun:
3057 3701 3078 3750 ;
3094 3685 3183 3739 sed
3198 3687 3332 3755 ﬁlios
3347 3698 3522 3742 eorum

1933 3786 2035 3825 non
2059 3770 2241 3825 occidit
2262 3812 2276 3836 ,
2301 3771 2577 3826 secundum
2618 3781 2963 3826 testamentum
3003 3774 3125 3845 legis
3161 3774 3393 3843 Domini,
3420 3795 3522 3849 quo

1935 3872 2240 3934 praceptum
2270 3873 2372 3931 est,
2401 3862 2524 3918 Non
2553 3864 2829 3919 morientur
2853 3875 3021 3936 patres
3042 3873 3135 3938 pro
3163 3868 3306 3938 ﬁliis,
3333 3886 3423 3926 nec
3449 3871 3521 3939 ﬁ-

1933 3956 1992 4010 lii
2019 3972 2112 4027 pro
2139 3956 2362 4027 patribus
2389 3955 2481 4030 (IV
2501 3955 2630 4026 Reg.
2664 3972 2772 4023 xtv,
2798 3956 2852 4023 5,
2880 3956 2958 4031 6).
2989 3956 3150 4014 Vides
3176 3961 3524 4031 quemadmo-

1934 4048 2061 4104 dum
2093 4047 2330 4104 historiae
2356 4048 2488 4104 fides
2509 4049 2768 4119 justitiam
2795 4049 2938 4119 regis
2957 4049 3248 4120 judicantis
3270 4053 3524 4110 ostende-

1933 4141 2006 4195 rit
2037 4159 2053 4196 :
2079 4141 2167 4211 qui
2218 4140 2461 4212 quamvis
2508 4139 2693 4196 fuisset
2738 4139 3004 4206 devotus;
3052 4151 3228 4198 tamen
3271 4145 3522 4214 quoniam

1933 4231 2259 4288 claudicasse
2295 4232 2476 4286 animo
2501 4231 2556 4285 in
2599 4230 2865 4286 nonnullis
2911 4232 3175 4298 refertur,
3221 4232 3288 4288 ad
3333 4234 3522 4304 judicii

1932 4324 2049 4395 ejus
2071 4323 2528 4381 conﬁrmationem
2547 4365 2564 4393 ,
2590 4333 3023 4381 commemoratae
3062 4325 3194 4396 legis
3222 4325 3313 4382 Dei
3339 4342 3522 4385 acces-

1933 4417 2005 4473 sit
2030 4417 2340 4472 auctoritas.
2385 4416 2465 4472 Ne
2500 4417 2642 4472 enim
2685 4432 2869 4488 parum
2911 4417 3130 4474 haberet
3159 4420 3410 4490 ponderis
3438 4420 3523 4476 fa-

1934 4519 2077 4566 ctum
2103 4511 2206 4565 hoe
2233 4509 2660 4566 consideratione
2699 4508 2975 4578 facientis,
3019 4512 3314 4568 secundum
3349 4513 3521 4585 legem

1934 4609 1989 4657 et
2019 4611 2392 4656 testamentum
2425 4601 2518 4656 Dei
2538 4601 2943 4657 commendatur
2965 4603 3263 4674 impletum.

2005 4693 2141 4748 Auo.
2176 4691 2287 4746 Hoc
2309 4691 2566 4761 judicium
2596 4692 2735 4747 Deus
2763 4691 3038 4748 hominum
3061 4695 3224 4749 voluit
3248 4710 3387 4764 esse,
3412 4712 3523 4754 non

1934 4799 2108 4850 suum,
2161 4783 2251 4854 qui
2297 4783 2450 4851 dixit,
2508 4782 2744 4838 Reddam
2787 4795 2992 4855 peccata
3035 4796 3237 4857 patrum
3286 4789 3339 4844 in
3384 4789 3522 4860 ﬁlios

1937 4878 2113 4950 (Deut.
2148 4894 2204 4943 v,
2230 4878 2306 4949 9).
2340 4877 2492 4945 Quod
2517 4879 2677 4933 etiam
2710 4894 2807 4949 per
2836 4878 3106 4936 hominem
3132 4881 3275 4949 fecit,
3307 4883 3522 4953 quando

1942 4987 2036 5043 per
2061 4972 2242 5028 Jesum
2282 4969 2447 5036 Nave,
2489 4987 2596 5026 non
2619 4971 2794 5026 solum
2821 4971 3025 5040 Achar,
3066 4973 3166 5029 sed
3191 4974 3351 5030 etiam
3382 4975 3523 5032 fllios

1937 5062 2050 5133 ejus
2075 5061 2268 5116 occidit
2296 5059 2474 5135 (Iosue
2497 5077 2589 5128 vu,
2617 5063 2709 5130 24,
2731 5061 2823 5136 25)
2858 5081 2870 5117 :
2902 5064 2983 5118 vel
3013 5080 3111 5136 per
3143 5066 3390 5122 eumdem
3420 5083 3522 5138 po-

1937 5153 2046 5224 puli
2069 5153 2151 5208 sui
2189 5152 2402 5218 ducem,
2444 5153 2582 5208 ﬁlios
2607 5152 3029 5209 Chananazorum
3052 5143 3211 5210 etiam
3247 5158 3520 5227 parvulos,

1938 5243 2170 5302 nondum
2195 5253 2408 5314 peccata
2430 5253 2708 5315 parentum
2729 5246 2839 5301 suis
2865 5246 3102 5302 moribus
3124 5247 3376 5314 imitatos,
3399 5263 3522 5303 cum

1939 5334 2139 5392 eisdem
2173 5346 2348 5390 tamen
2377 5336 2683 5404 parentibus
2712 5345 2770 5391 ut
2795 5338 3050 5407 perirent,
3074 5355 3178 5394 non
3207 5339 3401 5410 injusta
3426 5338 3524 5393 uti-

1938 5443 2045 5500 que
2079 5428 2362 5484 severitate
2402 5428 2674 5484 damnavit
2714 5431 2731 5462 ¹
2764 5429 2873 5498 (Id.
2901 5446 2989 5496 vt,
3015 5431 3118 5497 21;
3151 5449 3212 5498 x,
3244 5429 3358 5504 40).
3405 5430 3522 5488 Noli

1940 5535 2069 5591 ergo
2098 5521 2389 5590 loquaciter
2421 5531 2579 5591 atque
2605 5521 2834 5576 inaniter
2864 5523 3218 5592 multiplicare
3262 5531 3348 5576 tua
3383 5525 3522 5577 scri-

1941 5626 2066 5685 pta;
2097 5613 2190 5669 sed
2215 5614 2531 5684 scripturam
2564 5615 2656 5670 Dei
2683 5613 2966 5684 diligenter
2994 5614 3233 5680 attende,
3278 5629 3344 5670 ne
3372 5613 3517 5685 quod

2004 5815 2021 5844 ¹
2046 5811 2201 5862 Codex
2236 5817 2379 5873 Port.,
2403 5809 2660 5860 uumdavit.

2633 5912 3042 5994 (Quarante.j

2011 6006 2020 6012 .
2050 5993 2102 6015 ΑΡ
2152 6001 2162 6011 4
