4062 6490
505 383 644 454 1265

508 510 763 575 ostendit,
802 508 959 564 malis
991 515 1044 561 et
1086 506 1265 576 bonis,
1319 505 1556 578 profanis
1595 514 1648 561 et
1682 506 1870 574 sacris,
1911 505 2016 576 piis
2035 514 2090 562 et

508 607 708 678 impiis,
731 603 891 674 justis
923 609 980 656 et
1003 599 1217 670 iniquis,
1257 599 1460 654 nullum
1483 615 1603 655 esse
1627 599 1954 654 consortium
1977 615 1992 661 ;
2013 607 2095 654 at-

504 711 611 765 que
638 695 758 749 idco
781 694 919 748 inter
949 700 1210 762 pratcepta
1241 700 1296 746 et
1335 691 1538 761 judicia
1578 691 1669 746 Dei
1695 690 1829 746 nihil
1854 706 1975 746 esse
1995 706 2094 762 pu-

501 799 758 855 gnarum;
785 782 1112 838 contrarium
1135 789 1314 836 autem
1335 796 1476 850 esse,
1503 782 1676 836 aliena
1709 791 1922 852 peccata
1971 782 2091 837 aliis

508 877 788 948 imputare,
814 884 868 931 et
904 875 1095 931 eadem
1129 889 1198 930 ne
1223 874 1552 944 imputentur
1589 874 1798 945 jubere.
1824 873 2087 942 Quoniam

509 966 674 1029 dehis
689 966 893 1021 duobus
906 979 1125 1021 necesse
1151 972 1254 1031 est,
1276 979 1384 1020 uno
1405 978 1682 1028 concesso,
1705 964 1930 1019 alterum
1960 962 2089 1017 sub-

508 1059 723 1123 moveri,
753 1057 802 1111 id
819 1067 921 1124 est,
967 1071 1075 1112 uno
1114 1056 1282 1126 justo,
1335 1055 1559 1110 alterum
1596 1055 1835 1126 iniquum
1881 1052 2082 1109 doceri.

508 1145 700 1220 Inlege
723 1157 901 1202 autem
953 1148 1049 1203 Dei
1089 1147 1456 1218 praescriptum
1499 1161 1640 1211 esse,
1681 1163 1750 1202 ne
1801 1155 2088 1217 parentum

505 1251 718 1315 peccata
758 1241 880 1297 ﬁliis
925 1241 1252 1310 imputentur
1281 1239 1471 1310 (Deut.
1502 1255 1649 1307 xxiv,
1697 1239 1829 1309 16).
1856 1240 1934 1292 Ac
1993 1253 2090 1308 per

499 1333 621 1401 hoc,
647 1333 835 1389 eadem
862 1334 1176 1389 auctoritate
1213 1333 1539 1387 contrarium
1562 1332 1697 1402 ejus,
1731 1330 1786 1385 id
1833 1339 1936 1398 est,
1957 1331 2088 1400 opi-

500 1427 713 1483 nionem
737 1425 992 1493 traducis,
1015 1440 1138 1480 cum
1162 1423 1466 1480 Manichacis
1497 1423 1733 1479 funditus
1771 1424 2059 1478 corruisse.

567 1523 701 1576 Auc.
733 1517 914 1575 Toties
939 1518 1119 1574 dicere
1141 1532 1269 1573 vera
1291 1532 1379 1572 me
1394 1517 1554 1587 piget,
1580 1531 1701 1571 cum
1727 1515 1884 1571 toties
1925 1524 1978 1570 te
1997 1514 2084 1570 di-

496 1626 622 1667 cere
663 1625 797 1665 vana
836 1625 942 1665 non
995 1609 1211 1679 pudeat.
1270 1608 1498 1663 Peccata
1525 1617 1741 1678 patrum
1770 1621 1829 1662 se
1856 1606 2086 1662 reddere

415 1698 435 1772 ,ς
496 1701 554 1755 in
585 1701 724 1757 ﬁlios
775 1702 916 1757 Deus
970 1699 1138 1756 dicitz’
1166 1707 1381 1770 peccata
1427 1707 1636 1768 patrum
1686 1713 1757 1754 ne
1801 1697 1990 1753 reddat
2032 1698 2088 1752 in

498 1790 675 1858 ﬁlios,
731 1791 870 1847 Deus
913 1790 1132 1862 quidem
1156 1832 1172 1858 ,
1212 1789 1308 1845 sed
1356 1788 1557 1844 homini
1609 1788 2087 1859 dicitzutrumque

427 1878 452 1952 ῖ
494 1882 895 1952 approbandum
919 1889 1023 1948 est,
1050 1885 1172 1951 quia
1204 1889 1485 1950 utrumque
1509 1879 1647 1933 Deus
1677 1878 1824 1934 dicit.

563 1973 828 2030 XXXVII.
859 1973 982 2029 Jun.
1021 1972 1239 2029 Ostendi
1270 1981 1414 2027 certe
1437 1987 1547 2026 non
1577 1985 1674 2026 nos
1711 1970 1855 2026 aliud
1897 1969 2084 2027 defen-

493 2065 645 2131 dere,
678 2081 836 2135 quam
885 2064 1026 2135 quod
1080 2065 1254 2134 primo
1296 2063 1432 2118 ratio
1472 2063 1647 2133 signat
1697 2062 2082 2133 aequissimum,

495 2165 604 2212 tum
630 2157 790 2211 etiam
814 2156 952 2211 Deus
987 2169 1082 2210 sua
1110 2156 1225 2226 lege
1252 2153 1551 2220 conﬁrmat,
1584 2153 1742 2208 tertio
1771 2167 1879 2207 non
1930 2152 2087 2208 aliter

490 2267 649 2323 quam
689 2251 978 2306 asserimus
1015 2291 1028 2314 ,
1069 2249 1120 2303 id
1163 2247 1305 2319 quod
1360 2246 1532 2302 fuerat
1584 2254 1928 2317 praeceptum,
1965 2260 2087 2300 cum

491 2343 670 2412 operis
698 2341 856 2396 laude
881 2340 1224 2409 completum.
1249 2337 1575 2392 Inculcatum
1590 2344 1672 2390 est
1697 2351 1908 2406 quoque
1935 2335 2074 2390 hanc

492 2449 677 2490 veram
699 2447 820 2487 esse
860 2431 1140 2501 justitiam,
1163 2444 1322 2500 quam
1354 2429 1567 2498 placere
1597 2427 1698 2482 sibi
1746 2426 1886 2481 Deus
1924 2425 2084 2480 etiam

490 2522 851 2594 praecipiendo
877 2523 1213 2576 monstravit.
1256 2522 1336 2574 Ac
1381 2535 1475 2589 per
1525 2517 1651 2584 hoc,
1679 2517 1920 2572 constitit
1948 2517 2082 2572 nihil

489 2616 800 2672 adminiculi
824 2613 1168 2669 Mauichaeam
1202 2611 1476 2667 traducem
1510 2618 1603 2665 aut
1635 2609 1691 2665 in
1721 2609 1951 2678 ratione,
1990 2616 2086 2664 aut

490 2707 547 2760 in
573 2706 706 2776 legis
727 2704 1044 2759 testimoniis
1066 2703 1326 2758 invenire.

562 2792 996 2851 Auc.Manichaei
1025 2792 1210 2847 dicunt
1249 2799 1493 2846 naturam
1519 2790 1637 2845 sine
1681 2789 1832 2844 initio
1874 2803 2086 2859 semper

493 2887 732 2942 malam:
774 2885 914 2942 unde
961 2899 1122 2939 omne
1165 2884 1362 2938 malum
1418 2897 1538 2938 esse
1584 2881 1934 2937 contendunt.
1972 2881 2081 2937 Ca-

495 2979 678 3036 tholici
721 2987 924 3045 autem,
969 2977 1110 3047 quod
1141 2991 1262 3031 esse
1292 2975 1559 3039 noluistis,
1591 2975 1860 3028 conditam
1882 2974 2078 3029 bonam

494 3078 816 3140 peccatoque
851 3069 1113 3132 vitiatam,
1147 3065 1356 3121 medico
1384 3065 1600 3120 Christo
1639 3065 1878 3134 indigere
1903 3081 1932 3118 a
1957 3079 2084 3134 par-

491 3159 629 3214 vulis
656 3172 825 3227 usque
863 3157 931 3211 ad
979 3171 1176 3212 senes:
1202 3154 1461 3224 quoniam
1498 3168 1595 3222 pro
1647 3154 1895 3208 omnibus
1942 3169 2086 3209 mor-

493 3259 616 3305 tuus
668 3259 788 3304 est:
818 3262 944 3318 ergo
977 3259 1164 3300 omnes
1215 3243 1412 3298 mortui
1459 3251 1583 3297 sunt
1607 3242 1627 3313 (
1651 3241 1693 3295 11
1716 3241 1831 3296 Cor.
1864 3259 1918 3309 ν,
1946 3244 2015 3299 14
2037 3242 2081 3315 ).

496 3341 647 3399 Unde
686 3340 964 3396 Manichaai
1019 3338 1376 3410 separandum
1402 3352 1433 3391 a
1461 3337 1606 3393 bono
1639 3336 1840 3392 malum
1863 3337 1944 3392 sic
1969 3338 2084 3408 opi-

491 3443 704 3501 nantur,
731 3441 790 3488 ut
826 3441 977 3488 extra
1003 3431 1074 3488 sit
1101 3448 1115 3485 :
1149 3445 1249 3486 nos
1285 3445 1414 3485 vero
1437 3429 1679 3500 quamvis
1699 3430 1897 3484 malum
1919 3445 1950 3484 a
1977 3431 2080 3488 bo-

491 3544 561 3585 no
583 3526 930 3597 intelligentia
966 3539 1298 3595 separemus,
1341 3521 1544 3579 nec‘id
1569 3521 1712 3592 quod
1752 3522 1954 3578 malum
1991 3522 2075 3579 di-

488 3621 662 3688 citur,
707 3618 937 3689 aliquam
988 3617 1340 3673 substantiam
1368 3632 1490 3674 esse
1541 3616 1868 3686 credamus;
1903 3627 2079 3675 tamen

489 3713 559 3769 ab
593 3713 659 3768 iis
685 3711 777 3783 qui
817 3698 1134 3778 liberantur,
1192 3727 1298 3766 non
1353 3711 1424 3766 ita
1486 3711 1840 3780 separandum
1882 3712 2083 3768 malum

488 3815 759 3877 putamus,
789 3813 846 3860 ut
867 3811 1017 3860 extra
1068 3804 1175 3869 sit;
1206 3803 1304 3860 sed
1328 3804 1379 3859 in
1409 3803 1486 3859 eis
1516 3803 1810 3859 sanandum
1827 3819 1947 3860 esse
1973 3819 2080 3860 scr-

488 3913 629 3964 mus,
659 3904 717 3952 ut
742 3910 846 3950 non
871 3896 961 3950 sit.
983 3893 1060 3950 Illi
1092 3896 1235 3950 enim
1253 3895 1453 3950 malum
1498 3893 1849 3950 substantiam
1881 3895 2075 3950 malam

488 3991 672 4047 dicunt
686 3991 708 4022 ²
733 4006 748 4056 ;
773 4002 872 4043 nos
889 3988 1070 4042 vitium
1087 3987 1398 4043 substantia:
1425 3987 1602 4053 bonae,
1627 3988 1935 4058 nullamque
1951 3988 2082 4044 sub-

489 4082 760 4140 stantiam.
784 4081 1050 4148 Quantum
1085 4080 1526 4136 intersitattende
1558 4091 1656 4144 ;et
1677 4079 1861 4136 desine
1906 4079 2080 4135 medi-

487 4190 607 4229 cum
634 4171 902 4229 Christum
922 4171 1173 4228 sanandis
1210 4171 1441 4240 parvulis
1467 4169 1738 4236 invidere,
1774 4185 1841 4226 ne
1879 4169 1954 4224 ira
1984 4171 2080 4226 Dei

487 4274 702 4322 maneat
728 4280 888 4335 super
917 4278 1012 4320 eos
1041 4263 1282 4327 dicentis,
1313 4262 1544 4317 Reddam
1565 4271 1767 4332 peccata
1796 4271 1998 4331 patrum
2026 4262 2079 4316 in

489 4358 641 4424 ﬁlios.
673 4357 825 4415 Illum
851 4355 1028 4424 aspice
1057 4354 1147 4424 qui
1188 4353 1291 4408 hoc
1310 4353 1444 4408 dixit
1476 4371 1489 4406 :
1525 4353 1667 4408 Deus
1691 4361 1794 4420 est,
1827 4368 1933 4408 non
1963 4353 2077 4408 Ma-

487 4448 745 4504 nichacus.
784 4445 938 4500 Illum
959 4444 1140 4515 aspice
1167 4443 1257 4513 qui
1307 4442 1462 4510 dixit,
1497 4441 1600 4497 Per
1639 4442 1892 4497 hominem
1918 4459 2073 4510 mors,

459 4600 467 4610 ._
489 4550 537 4595 et
563 4557 651 4610 per
701 4539 954 4594 hominem
994 4535 1295 4592 resurrectio
1323 4544 1639 4589 mortuorum
1664 4551 1684 4589 :
1707 4535 1836 4589 sicut
1862 4535 1992 4589 enim
2016 4536 2069 4590 in

461 4608 654 4685 gAd-am
678 4646 848 4684 omnes
875 4629 1180 4691 moriuntur,
1229 4626 1302 4680 sic
1329 4634 1374 4680 et
1411 4626 1465 4681 in
1488 4624 1690 4682 Christo
1709 4642 1881 4680 omnes
1909 4627 2074 4696 viviﬁ-

486 4720 765 4792 cabuntur(
792 4720 812 4775 I
839 4718 955 4775 Cor.
991 4735 1082 4784 xv,
1123 4718 1215 4786 21,
1245 4717 1358 4787 22)
1392 4736 1406 4772 :
1439 4718 1729 4788 Apostolus
1753 4717 1948 4774 Christi
1974 4727 2073 4784 est,

488 4828 596 4868 non
645 4810 939 4880 discipulus
974 4808 1271 4864 Manichaei.
1324 4808 1478 4863 Illum
1535 4809 1717 4878 aspice
1770 4808 1864 4879 qui
1916 4808 2072 4876 dixit,

493 4923 514 4956 ι
550 4904 749 4958 Omnes
775 4899 1016 4956 homines
1034 4900 1133 4954 sub
1161 4909 1376 4968 peccato
1398 4900 1666 4955 nascimur
1688 4916 1709 4951 ι
1734 4899 2072 4970 (Ambrosius,

487 4997 551 5050 tte
574 4993 896 5061 Ptenitentia,
953 4991 1042 5046 lib.
1072 4993 1126 5059 1,
1173 5008 1288 5061 cap.
1319 4992 1356 5046 2
1385 4992 1462 5046 vel
1483 4991 1562 5064 5)
1598 5009 1612 5046 :
1661 4992 1943 5061 episcopus
1991 5001 2076 5047 est

486 5085 803 5149 catholicus,
855 5098 960 5138 non
986 5082 1332 5149 Manichacus,
1363 5091 1458 5138 aut
1485 5082 1750 5154 Pelagius,
1784 5091 1876 5136 aut
1913 5081 2072 5137 Pela-

482 5178 676 5249 gianus
692 5176 990 5232 haereticus.
1005 5175 1341 5245 Quapropter
1365 5175 1617 5243 quoniam
1650 5183 1924 5243 peccatum
1945 5189 2076 5245 ope-

481 5271 560 5326 ris
581 5271 730 5341 punit
775 5279 830 5326 et
867 5269 1047 5334 homo,
1079 5277 1355 5339 peccatum
1393 5275 1570 5322 autem
1615 5266 1834 5338 originis
1860 5267 2074 5322 nonnisi

481 5363 624 5418 Deus
655 5379 669 5417 :
702 5361 822 5419 ideo
845 5362 1144 5428 Deus,cum
1159 5376 1219 5416 se
1233 5359 1377 5415 dicat
1401 5366 1618 5429 peccata
1645 5367 1856 5428 patrum
1879 5357 2073 5414 redde-

479 5471 539 5512 re
555 5455 608 5510 in
647 5454 815 5520 ﬁlios,
857 5453 1094 5523 praecipit
1128 5460 1304 5506 tamen
1340 5449 1540 5506 homini
1588 5465 1656 5504 ne
1698 5463 1793 5519 pro
1839 5448 2071 5519 peccatis

477 5555 689 5614 patrum
715 5543 934 5599 damnet
961 5553 1014 5598 et
1053 5541 1212 5596 ﬁlios.
1275 5539 1530 5595 Discerne
1557 5539 1736 5594 divina
1765 5548 1818 5594 et
1839 5539 2069 5594 humana

479 5638 693 5709 judicia,
711 5647 768 5692 et
782 5636 1019 5692 invenies
1035 5637 1177 5691 inter
1193 5649 1252 5691 se
1264 5632 1372 5689 duo
1390 5633 1491 5689 ista
1516 5647 1620 5688 non
1638 5648 1758 5691 esse
1777 5633 2068 5689 contraria.

544 5753 562 5783 ³
586 5751 747 5800 Codex
772 5759 914 5811 Port.,
941 5763 1018 5801 ne.

539 5813 561 5842 '
592 5813 665 5876 sic
698 5819 806 5862 uss.
842 5809 1115 5876 viguierius
1133 5825 1146 5861 :
1167 5809 1246 5862 Illi
1274 5810 1402 5863 enim
1439 5810 1616 5862 nmium
1661 5809 1921 5863 substantia
1962 5823 2067 5860 ma-

479 5867 780 5928 unum

1173 388 1416 451 OPERIS
1453 387 1864 448 IMPERFECTI
1901 382 2175 450 CONTRA
2210 391 2570 466 JULIANUM,
2609 396 2668 454 S.
2708 395 3077 456 AUGUSTINI

3641 400 3788 459 1261»

2268 509 2555 566 XXXVIII.
2583 511 2702 567 Jun.
2725 511 2833 569 Sed
2856 529 2926 570 ne
2943 513 3081 570 forte
3097 513 3292 570 existat
3308 514 3428 586 quis
3449 529 3622 586 usque
3644 517 3786 573 adeo

2196 599 2456 672 obstipus,
2489 612 2546 658 ut
2573 604 2866 675 perspicuis
2890 604 2991 661 sibi
3015 604 3144 660 velit
3165 606 3443 661 sententiis
3467 606 3788 676 approbari,

2196 691 2366 746 Deum
2401 691 2652 750 videlicet
2691 710 2798 751 nou
2843 695 3000 750 aliter
3034 694 3306 766 judicare,
3351 712 3510 767 quam
3550 697 3790 766 judican

2193 784 2505 856 imperavit;
2552 787 2696 858 quod
2733 788 2948 859 quidem
2984 797 3069 844 est
3104 789 3464 844 contentionis
3492 790 3741 845 nefanda:
3771 809 3787 848 τ

2195 888 2376 938 tamen
2403 882 2657 951 quoniam
2681 880 2895 937 veritati
2919 895 3068 936 arma
3095 881 3440 952 suppeditant
3463 882 3533 937 ad
3563 897 3789 939 omnem

2193 968 2634 1027 documentorum
2678 973 3011 1039 satietatem,
3067 973 3121 1027 in
3171 971 3224 1027 id
3273 973 3446 1043 ipsum
3495 973 3791 1030 ostendere

2194 1069 2362 1118 testes
2387 1065 2680 1119 acerrimos
2703 1078 2810 1120 non
2837 1063 3058 1135 pigebit.
3085 1063 3340 1134 Impletus
3381 1063 3565 1135 itaque
3591 1075 3790 1120 sancto

2194 1152 2398 1222 Spiritu
2429 1154 2662 1225 loquitur
2688 1154 2938 1211 Ezechiel
2966 1153 3224 1226 propheta
3253 1173 3265 1209 :
3297 1154 3489 1209 Factus
3515 1165 3586 1210 est
3616 1173 3792 1210 sermo

2191 1245 2402 1302 Domini
2427 1248 2497 1302 ad
2523 1265 2623 1317 me,
2655 1249 2823 1303 dicens
2843 1264 2864 1304 :
2895 1247 3004 1302 Fili
3029 1248 3246 1302 hominis
3262 1289 3277 1313 ,
3310 1247 3434 1318 quid
3461 1250 3599 1303 vobis
3627 1266 3789 1318 para-

2194 1337 2363 1392 bolam
2385 1339 2538 1393 istam
2561 1341 2617 1394 in
2640 1349 2772 1394 terra
2800 1338 2987 1405 Israel,
3018 1339 3312 1407 dicentium,
3345 1337 3530 1394 Patres
3559 1340 3792 1393 mandu-

2191 1437 2428 1483 caverunt
2441 1446 2592 1484 uvam
2608 1430 2860 1495 acerbam,
2883 1439 2930 1484 et
2947 1429 3118 1484 dentes
3137 1430 3361 1499 ﬁliorum
3382 1429 3751 1501 obstupuerunt
3763 1432 3794 1484 .’

2201 1517 2326 1573 Vivo
2347 1537 2458 1591 ego,
2487 1521 2611 1574 dicit
2638 1520 2842 1576 Adonai
2865 1519 3136 1587 Dominus,
3164 1521 3211 1576 si
3230 1523 3450 1593 amplius
3473 1522 3674 1577 dicetur
3692 1540 3792 1592 pa-

2191 1611 2370 1666 rabola
2389 1615 2498 1667 haec
2517 1613 2570 1668 in
2591 1611 2758 1669 Israel
2782 1628 2803 1669 :
2831 1614 3070 1684 quoniam
3089 1629 3262 1669 omnes
3280 1614 3466 1669 anima:
3483 1630 3611 1669 mete
3628 1624 3793 1681 sunt;

2191 1704 2614 1774 quernadmodum
2641 1707 2815 1760 anima
2857 1707 3044 1777 patris,
3074 1707 3147 1761 ita
3177 1716 3224 1762 et
3251 1707 3423 1761 anima
3450 1708 3580 1777 ﬁlii,
3612 1724 3794 1762 omnes

2191 1795 2377 1849 aninue
2413 1811 2538 1850 mete
2573 1805 2710 1850 sunt.
2755 1796 2940 1850 Anima
2984 1813 3100 1867 quae
3127 1807 3333 1869 peccat,
3377 1799 3492 1868 ipsa
3518 1798 3788 1852 morietur.

2194 1883 2364 1940 Homo
2386 1895 2553 1940 autem
2576 1889 2662 1957 qui
2689 1886 2842 1957 fuerit
2856 1876 3048 1959 justus,
3075 1888 3161 1958 qui
3184 1890 3337 1961 faciet
3352 1889 3613 1959 judicium
3631 1898 3681 1944 et
3693 1891 3791 1962 ju—

2190 1979 2400 2047 stitiam,
2426 1980 2480 2034 in
2503 1979 2755 2034 montibus
2780 1996 2883 2034 non
2905 1981 3248 2048 manducabit,
3274 1991 3322 2036 et
3341 1981 3515 2037 oculos
3538 1998 3665 2038 suos
3685 1998 3788 2037 non

2192 2071 2400 2125 extollet
2433 2071 2502 2124 ad
2525 2071 2777 2125 desideria
2804 2072 2983 2126 domus
3011 2070 3210 2140 Israel,
3241 2081 3290 2127 et
3320 2088 3531 2128 uxorem
3561 2074 3788 2144 proximi

2191 2164 2271 2217 sui
2297 2180 2400 2218 non
2424 2163 2804 2230 contaminabit,
2831 2174 2882 2218 et
2909 2165 2977 2218 ad
3000 2165 3266 2220 mulierem
3289 2174 3656 2220 menstruatam
3683 2182 3786 2220 non

2190 2257 2416 2324 accedet,
2459 2265 2510 2310 et
2547 2256 2800 2311 hominem
2826 2273 2927 2311 non
2962 2257 3237 2327 deprimet,
3268 2267 3316 2311 et
3355 2258 3540 2329 pignus
3570 2257 3785 2313 debitori

2190 2348 2384 2415 reddet,
2415 2356 2462 2402 et
2484 2347 2722 2418 rapinam
2746 2364 2848 2401 non
2876 2348 3134 2418 rapuerit,
3166 2364 3350 2420 panem
3373 2365 3520 2404 suum
3545 2349 3784 2404 esurienti

2191 2440 2360 2508 dabit,
2389 2449 2438 2495 et
2463 2441 2654 2494 nudum
2681 2441 2868 2511 aperiet
2894 2441 3204 2505 vestimento,
3231 2451 3297 2498 .et
3327 2442 3598 2511 pecuniam
3635 2458 3785 2496 suam

2189 2534 2245 2588 in
2270 2549 2477 2587 usuram
2501 2547 2603 2586 non
2622 2530 2782 2598 dabit,
2811 2539 2857 2586 et
2876 2531 3392 2601 superabundantiam
3416 2548 3518 2586 non
3541 2532 3781 2603 accipiet,

2190 2636 2237 2681 et
2259 2626 2322 2680 ab
2341 2626 2592 2696 injustitia
2610 2635 2794 2679 avertet
2815 2641 3022 2679 manum
3037 2641 3202 2694 suam,
3220 2634 3266 2678 et
3275 2624 3531 2696 judicium
3541 2626 3746 2698 justum
3762 2627 3781 2658 ι

2190 2718 2341 2788 faciet
2364 2718 2492 2771 inter
2511 2717 2673 2770 virum
2692 2725 2738 2770 et
2761 2717 3045 2786 proximum
3065 2716 3206 2787 ejus;
3235 2727 3280 2771 et
3299 2717 3352 2771 in
3372 2718 3643 2787 praccptis
3661 2718 3781 2772 meis

2189 2807 2498 2874 ambulavit,
2529 2817 2577 2860 et
2590 2806 2983 2877 justiﬁcationes
3015 2823 3151 2878 meas
3179 2807 3479 2873 custodiuit,
3511 2815 3566 2861 ut
3593 2809 3780 2879 faceret

2189 2915 2274 2954 eas
2291 2914 2311 2954 :
2330 2900 2505 2971 justus
2529 2907 2601 2952 est
2626 2899 2717 2953 iste
2733 2937 2751 2966 ,
2793 2898 2896 2952 vita
2930 2899 3089 2964 vivet,
3131 2897 3251 2952 dicit
3274 2898 3477 2953 Δάοηαὶ
3505 2898 3778 2955 Dominus.

2189 2990 2259 3046 Et
2279 2992 2326 3046 si
2351 2992 2578 3063 genuerit
2613 2991 2779 3060 ﬁlium
2807 2991 3116 3062 pestilentem
3134 3032 3150 3059 ,
3192 2989 3534 3058 effundentem
3568 2994 3779 3064 sangui-

2188 3101 2304 3139 nem
2322 3126 2338 3151 ,
2369 3092 2416 3138 et
2445 3084 2709 3157 facientem
2733 3092 2968 3156 peccata,
3009 3084 3064 3138 in
3100 3084 3182 3138 via
3208 3085 3369 3155 patris
3394 3084 3474 3141 sui
3502 3085 3638 3154 justi
3677 3102 3780 3139 non

2187 3177 2491 3244 ambulavit,
2517 3176 2606 3233 sed
2629 3177 2717 3248 qui
2741 3177 2795 3231 in
2821 3178 3072 3233 montibus
3095 3177 3450 3246 manducavit,
3481 3187 3531 3232 et
3569 3195 3780 3233 uxorem

2189 3271 2408 3341 proximi
2437 3272 2517 3326 sui
2555 3272 2945 3339 contaminavit,
2995 3281 3044 3326 et
3084 3271 3370 3326 mendicum
3416 3282 3464 3327 et
3507 3289 3779 3344 pauperem

2188 3363 2465 3434 depressit,
2509 3373 2556 3417 et
2602 3366 2835 3434 rapinam
2880 3364 3082 3434 rapuit,
3131 3373 3179 3419 et
3227 3365 3410 3437 pignus
3459 3382 3564 3420 non
3607 3366 3776 3422 reddi-

2193 3454 2296 3521 dit,
2341 3465 2387 3509 et
2426 3455 2481 3509 in
2516 3455 2788 3510 simulacra
2824 3456 2991 3527 posuit
3023 3455 3196 3510 oculos
3239 3472 3396 3524 suos,
3440 3465 3486 3512 et
3533 3458 3779 3530 iniquius»

2188 3554 2285 3600 tem
2310 3547 2428 3618 fecit
2450 3587 2465 3613 ,
2493 3562 2606 3600 cum
2633 3563 2788 3602 usura
2811 3547 2984 3611 dedit,
3013 3556 3061 3602 et
3094 3548 3611 3619 superabundantiam
3635 3565 3780 3608 acce-

2187 3639 2261 3710 pit
2299 3655 2319 3694 :
2349 3639 2430 3693 hic
2463 3639 2565 3694 vita
2601 3655 2703 3693 non
2744 3639 2905 3705 vivet;
2930 3655 3102 3692 omnes
3141 3640 3264 3694 istas
3303 3640 3593 3710 iniquitates
3636 3643 3775 3710 fecit,

2186 3739 2349 3784 morte
2375 3730 2636 3796 morietur,
2667 3730 2873 3800 sanguis
2899 3730 3008 3800 ejus
3033 3745 3186 3801 super
3224 3731 3390 3800 ipsum
3429 3731 3543 3785 erit.
3580 3731 3647 3787 Si
3682 3750 3777 3786 au-

2187 3832 2285 3877 tem
2307 3824 2531 3894 genuerit
2557 3823 2750 3892 ﬁlium,
2789 3831 2838 3878 et
2863 3823 3040 3877 viderit
3078 3824 3250 3877 omnia
3279 3835 3484 3895 peccata
3511 3825 3675 3896 patris
3696 3827 3777 3881 sui

2185 3929 2298 3983 qua
2321 3913 2461 3986 fecit,
2491 3922 2538 3968 et
2563 3913 2813 3980 timuerit,
2845 3921 2894 3968 et
2919 3930 3023 3968 non
3051 3914 3222 3983 fecerit
3245 3915 3523 3969 secundum
3557 3917 3658 3971 ista
3676 3958 3693 3982 ,
3721 3917 3774 3971 in

2185 4003 2436 4059 montibus
2460 4020 2561 4058 non
2597 4003 2952 4070 manducavit,
2982 4014 3028 4059 et
3067 4005 3236 4060 oculos
3264 4021 3383 4060 suos
3419 4023 3519 4062 non
3544 4007 3722 4061 levavit
3749 4010 3772 4040 ⁸

2185 4096 2253 4149 ad
2281 4096 2532 4150 desideria
2555 4096 2737 4152 domus
2764 4095 2962 4165 Israel,
3001 4107 3050 4151 et
3077 4114 3286 4152 uxorem
3324 4100 3546 4169 proximi
3568 4101 3650 4154 sui
3674 4117 3772 4156 non

2185 4189 2568 4255 contaminavit,
2595 4198 2644 4242 et
2669 4189 2921 4242 hominem
2955 4204 3056 4242 non
3080 4189 3354 4259 depressit,
3386 4199 3434 4244 et
3460 4191 3646 4261 pignus
3671 4207 3772 4246 non

2185 4282 2492 4353 pigneravit,
2523 4289 2570 4335 et
2595 4281 2830 4354 rapinam
2873 4298 2974 4336 non
3000 4282 3200 4352 rapuit,
3247 4299 3428 4352 panem
3463 4300 3616 4337 suum
3654 4301 3770 4339 csu-

2182 4373 2332 4427 rienti
2357 4372 2527 4438 dedit,
2556 4381 2603 4426 et
2628 4372 2823 4426 nudum
2849 4372 3046 4443 operuit
3069 4374 3355 4428 vestimento
3376 4415 3392 4439 ,
3420 4384 3468 4427 et
3491 4373 3555 4427 ab
3581 4375 3768 4446 iniqui-

2183 4475 2283 4520 tate
2309 4466 2484 4520 avertit
2503 4452 2715 4520 rnanum
2741 4482 2888 4520 suam
2905 4507 2921 4532 ,
2953 4482 3158 4520 usuram
3183 4475 3231 4519 et
3253 4467 3769 4535 superabundantiam

2183 4573 2283 4611 non
2311 4557 2522 4626 accepit,
2543 4557 2799 4628 justitiam
2823 4557 2970 4628 fecit,
3001 4565 3049 4611 et
3070 4557 3124 4610 in
3158 4557 3420 4627 praeceptis
3446 4558 3570 4612 meis
3590 4559 3767 4612 ambu«

2181 4647 2300 4700 lavit
2325 4662 2343 4700 :
2367 4648 2461 4701 iste
2488 4664 2587 4701 non
2615 4648 2854 4702 morietur
2879 4649 2933 4702 in
2959 4649 3118 4719 patris
3145 4649 3225 4702 sui
3256 4649 3638 4720 iniquitatibus,
3669 4651 3767 4705 vita

2180 4737 2324 4792 vivet.
2367 4737 2522 4791 Pater
2543 4740 2717 4792 autem
2753 4731 2864 4808 ejus
2897 4739 3014 4808 quia
3049 4738 3370 4794 tribulatione
3397 4739 3688 4806 tribulavit,
3722 4749 3766 4794 et

2180 4829 2415 4900 rapinam
2434 4831 2630 4900 rapuit,
2662 4831 2916 4884 contraria
2940 4831 3058 4900 fecit
3072 4831 3126 4884 in
3151 4829 3316 4885 medio
3343 4831 3534 4902 populo
3560 4847 3690 4896 meo,
3718 4841 3764 4884 et

2183 4931 2408 4978 mortuus
2434 4932 2505 4977 est
2529 4924 2582 4977 in
2606 4939 2699 4977 sua
2717 4923 2999 4992 iniquitate.
3029 4921 3095 4977 Et
3115 4922 3315 4978 dixistis
3336 4938 3357 4976 :
3385 4922 3522 4990 Quid
3539 4931 3614 4977 est
3632 4922 3766 4992 quod

2181 5030 2282 5068 non
2308 5013 2501 5085 accepit
2529 5013 2839 5084 iniquitatem
2869 5014 3028 5084 patris
3053 5013 3134 5066 sui
3159 5013 3333 5081 ﬁlius?
3360 5013 3493 5078 Quia
3513 5013 3655 5082 ﬁlius
3672 5013 3760 5082 ju-

2179 5111 2367 5165 stitiam
2391 5119 2436 5165 et
2451 5111 2706 5182 judicium
2733 5119 2780 5164 et
2821 5109 3217 5164 misericordiam
3247 5109 3399 5180 fecit,
3439 5108 3612 5162 omnia
3642 5107 3763 5177 legi-

2180 5205 2304 5257 tima
2325 5220 2438 5257 mea
2461 5202 2784 5266 conservavit,
2818 5210 2863 5256 et
2892 5202 3009 5270 fecit
3037 5217 3127 5267 ea;
3157 5201 3259 5255 vita
3282 5201 3424 5256 vivet.
3459 5201 3645 5254 Anima
3671 5216 3763 5252 auo

2179 5305 2277 5350 tem
2301 5310 2412 5365 qua:
2449 5303 2646 5366 peccat,
2679 5293 2794 5363 ipsa
2821 5294 3078 5347 morietur.
3118 5291 3288 5348 Filius
3322 5308 3424 5347 non
3449 5293 3661 5363 accipiet
3686 5293 3763 5345 in-

2175 5388 2424 5458 justitiam
2448 5387 2606 5456 patris
2629 5385 2728 5451 sui,
2757 5400 2917 5455 uagae
2942 5393 3084 5455 pater
3101 5385 3311 5454 accipiet
3335 5384 3641 5455 injustitiam
3667 5382 3762 5452 ﬁlii

2176 5481 2256 5535 sui
2285 5480 2342 5534 ἐ
2373 5477 2572 5550 justitia
2588 5477 2717 5549 justi
2744 5493 2896 5547 super
2921 5476 3087 5547 ipsum
3109 5476 3236 5544 erit,
3269 5484 3314 5530 et
3340 5475 3580 5546 iniquitas
3603 5472 3764 5544 iniqui

2241 5681 2257 5712 ι
2283 5680 2356 5728 sic
2378 5687 2482 5727 Mss.
2504 5677 2643 5740 juxta
2663 5681 2790 5740 LXX.
2828 5681 2884 5724 Αι
2907 5674 3040 5734 editi,
3055 5671 3303 5736 judicium
3324 5685 3507 5725 verum.

2237 5745 2260 5776 ³
2281 5742 2442 5791 Codex
2466 5738 2611 5793 Port..
2635 5738 2805 5802 posuit.

2239 5807 2260 5838 ³
2292 5811 2389 5854 Huc
2435 5798 2717 5853 revocamus
2761 5799 3017 5848 lectionem
3063 5808 3286 5848 veterum
3335 5798 3585 5855 librorum,
3631 5805 3759 5848 ιιση.

2168 5893 2281 5940 Μαι»,
2312 5885 2430 5936 τηεν,
2468 5893 2558 5936 ιπο
2592 5878 2690 5930 qua
2715 5863 2981 5927 viguierius
3016 5877 3122 5914 eam
3146 5864 3193 5911 in
3225 5861 3428 5916 reliquis
3463 5860 3605 5912 dictis
3643 5866 3762 5912 Ele-
