4062 6506
318 341 456 399 i265

309 473 467 528 super
489 454 657 528 ipsum
690 451 802 506 erit.
831 448 902 504 Et
925 448 1126 520 iniquus
1151 447 1194 502 si
1221 455 1474 502 conuertat
1499 463 1554 502 se
1579 445 1642 500 ab
1667 445 1896 500 omnibus

309 547 662 622 iniquitatibus
685 546 791 600 suis
810 559 936 612 quas
956 542 1094 613 fecit,
1118 550 1166 596 et
1187 540 1436 596 custodiat
1464 539 1636 594 omnia
1657 536 1898 592 mandata

310 659 426 698 mea
444 683 459 708 ,
504 647 553 694 et
588 638 745 710 faciat
761 636 1014 709 judicium
1039 641 1085 688 et
1103 634 1355 705 justitiam
1392 642 1441 688 et
1467 628 1899 692 misericordiam;

310 736 416 791 vita
443 733 590 798 uiuet,
620 739 667 786 et
691 746 791 784 non
812 727 1091 783 morietur:
1119 726 1289 782 omnia
1308 725 1494 782 delicta
1515 726 1624 796 ejus
1651 737 1899 792 qutecum-

311 843 412 898 que
435 825 589 897 fecit,
629 840 733 878 nou
761 831 908 877 erunt
932 821 985 875 in
1023 821 1299 886 memoria;
1327 819 1382 873 in
1402 835 1498 872 sua
1520 815 1726 885 justitia
1748 830 1900 885 quam

312 920 453 992 fecit,
476 917 578 972 vita
599 917 746 971 uiuet.
776 913 1040 986 Numquid
1059 913 1311 968 voluntate
1329 911 1440 966 uolo
1460 919 1669 964 mortem
1688 907 1870 980 injusti
1883 948 1898 974 ,

312 1010 439 1064 dicit
473 1007 675 1063 Adonai
713 1004 964 1058 Dominus
983 1047 999 1072 ,
1039 1021 1191 1075 quam
1213 1007 1228 1037 ³
1260 1013 1317 1058 ut
1348 1009 1540 1056 auertat
1572 1016 1676 1054 sea
1699 1000 1778 1053 via
1807 1015 1902 1053 sua

314 1101 454 1157 mala
472 1144 488 1168 ,
515 1108 562 1156 et
598 1098 772 1152 uiuat?
796 1095 922 1151 Cum
959 1113 1013 1152 se
1049 1107 1216 1150 autem
1245 1093 1536 1150 convertth
1556 1093 1730 1165 justus
1755 1109 1786 1144 a
1808 1108 1902 1146 sua

308 1193 533 1266 iustitia,
557 1201 602 1245 et
629 1190 802 1262 fecerit
824 1188 1110 1259 iniquitates
1129 1187 1403 1242 secundum
1424 1203 1597 1242 omnes
1617 1187 1903 1257 iniquitates

311 1301 445 1349 quas
469 1283 583 1356 fecit
605 1281 832 1352 iniquus,
873 1281 918 1336 si
941 1279 1150 1353 fecerit,
1181 1295 1283 1334 non
1306 1279 1433 1334 uiuet
1454 1293 1474 1332 :
1504 1295 1675 1333 omnes
1687 1278 1904 1349 justitite

315 1377 430 1445 ejus
456 1391 579 1444 quas
617 1373 762 1445 fecit,
803 1387 906 1426 non
933 1381 1078 1426 erunt
1103 1371 1157 1425 in
1185 1371 1465 1435 memoria;
1492 1370 1546 1424 in
1585 1369 1764 1424 delicto
1794 1369 1904 1439 ejus

313 1484 418 1537 quo
444 1466 653 1529 accidit,
684 1474 732 1520 et
759 1464 1066 1536 ingpeccatis
1090 1465 1196 1518 suis
1219 1463 1398 1535 quibus
1424 1462 1674 1534 peccavit,
1702 1462 1754 1516 in
1779 1462 1904 1531 ipsis

314 1559 578 1613 morietur.
616 1556 687 1612 Et
723 1557 920 1612 dixistis
940 1572 961 1612 :
989 1555 1113 1610 Non
1141 1555 1312 1626 dirigit
1348 1556 1428 1610 uia
1456 1553 1681 1608 Domini.
1719 1553 1903 1608 Audite

313 1665 479 1715 nunc,
512 1648 696 1702 domus
737 1646 922 1703 Israel.
972 1647 1238 1718 Numquid
1274 1647 1356 1702 via
1395 1661 1506 1699 mea
1544 1661 1647 1700 nou
1690 1643 1905 1716 dirigit?

316 1739 478 1794 Nunc
503 1741 585 1794 ria
612 1750 776 1794 vestra
812 1755 915 1793 non
943 1746 1016 1793 est
1043 1753 1210 1808 aequa.
1241 1735 1368 1793 Cum
1401 1736 1637 1790 convertit
1661 1751 1714 1790 se
1734 1736 1904 1805 justus

314 1849 350 1888 α
377 1849 471 1888 sua
484 1833 721 1906 justitia,
749 1841 801 1887 et
826 1832 952 1902 facit
979 1831 1255 1895 delictum;
1284 1831 1528 1885 morietur
1550 1831 1604 1884 in
1635 1845 1692 1884 eo
1721 1829 1902 1883 delicto

315 1926 454 1995 quod
483 1924 619 1996 fecit,
638 1924 691 1978 in
715 1924 827 1993 ipso
855 1921 1117 1977 morietur.
1142 1921 1209 1976 Et
1235 1933 1350 1975 cum
1373 1921 1604 1976 averterit
1623 1937 1678 1975 se
1702 1920 1904 1990 iniquus

318 2018 383 2074 ab
410 2016 669 2087 iniquitate
687 2031 782 2070 sua
801 2031 953 2086 quam
979 2014 1116 2085 fecit,
1145 2021 1193 2068 et
1214 2014 1386 2084 fecerit
1399 2013 1657 2084 judicium
1682 2021 1729 2067 et
1747 2013 1904 2083 justi-

318 2111 443 2166 tiam
463 2127 482 2166 :
510 2111 593 2164 hic
615 2109 839 2163 animam
858 2124 1002 2163 suam
1027 2106 1312 2174 custodiuit,
1343 2115 1392 2160 et
1415 2106 1552 2172 ﬁuit,
1582 2114 1640 2159 ut
1665 2113 1904 2160 averteret

313 2220 374 2259 se
397 2203 461 2258 ab
485 2201 714 2257 omnibus
747 2199 1092 2272 iniquitatibus
1117 2200 1226 2255 suis
1244 2241 1261 2266 ,
1289 2215 1414 2269 quas
1445 2199 1590 2270 fecit,
1618 2197 1720 2251 vita
1744 2197 1899 2264 vivet,

312 2307 366 2354 et
405 2314 508 2352 non
531 2297 791 2350 morietur.
838 2293 906 2348 Et
935 2293 1058 2347 dicit
1091 2291 1274 2347 domus
1311 2290 1520 2346 Israel:
1552 2289 1673 2344 Non
1699 2290 1902 2361 corrigit

311 2390 398 2444 uia
443 2387 669 2443 Domini.
719 2384 981 2456 Numquid
1017 2384 1099 2438 uia
1136 2399 1250 2438 mea
1294 2399 1396 2437 non
1442 2383 1681 2453 corrigit,
1724 2381 1904 2436 domus

311 2477 526 2535 Israel?
569 2477 758 2534 Nonne
803 2477 965 2549 magis
1005 2477 1086 2530 via
1129 2485 1292 2530 vestra
1334 2491 1437 2530 non
1482 2474 1730 2546 corrigit?
1777 2473 1903 2528 Ideo

313 2585 714 2641 unumquemque
729 2577 943 2624 uestrum
953 2567 1232 2623 secundum
1250 2567 1357 2622 vias
1371 2566 1530 2638 ipsius
1533 2565 1776 2637 judicabo
1793 2581 1901 2635 vos,

316 2661 500 2717 domus
512 2660 693 2728 Israel,
716 2658 836 2713 dicit
857 2657 1057 2712 Adonai
1078 2656 1321 2712 Dominus
1337 2656 1550 2730 (Eucti.
1564 2672 1715 2720 xvm,
1736 2656 1878 2728 1.50)
1887 2696 1900 2711 .

390 2756 525 2811 Anc.
568 2753 692 2810 Haec
736 2767 833 2823 per
878 2751 1218 2807 Ezechielem
1261 2749 1575 2821 prophetam
1622 2749 1905 2820 promissio

314 2856 400 2904 est
425 2846 547 2902 novi
584 2845 908 2902 Testamenti
928 2884 944 2910 ,
986 2858 1146 2914 quam
1177 2857 1282 2897 non
1312 2841 1594 2912 intelligis,
1641 2839 1734 2895 ubi
1765 2840 1905 2896 Deus

314 2947 658 3010 regeneratos
685 2953 716 2992 a
736 2936 1034 3007 generatis,
1066 2935 1108 2990 si
1133 2933 1242 3005 jam
1267 2933 1322 2988 iu
1349 2931 1638 3002 majoribus
1662 2930 1904 2996 aetatibus

313 3041 466 3098 sunt,
509 3029 799 3086 secundum
833 3031 1045 3099 propria
1086 3027 1223 3083 facta
1270 3025 1544 3081 discernit.
1596 3025 1673 3080 De
1713 3025 1904 3095 quibus

312 3124 458 3179 enim
484 3123 696 3189 dicitur,
728 3121 912 3174 Anima
945 3119 1102 3190 patris
1125 3134 1237 3171 mea
1264 3126 1357 3184 est,
1386 3126 1434 3171 et
1464 3116 1635 3170 anima
1668 3115 1765 3184 ﬁlii
1794 3132 1904 3169 mea

314 3225 425 3283 est;
462 3214 750 3286 separatim
776 3212 958 3283 procul
1000 3211 1162 3267 dubio
1191 3224 1314 3266 suas
1341 3209 1481 3264 vitas
1504 3216 1685 3278 agunt.
1718 3208 1774 3264 Si
1803 3223 1902 3262 au-

315 3317 425 3364 tem
451 3306 591 3363 ﬁlius
615 3305 790 3360 adhuc
818 3311 961 3359 esset
988 3303 1041 3357 in
1069 3301 1261 3357 lumbis
1286 3301 1454 3372 patris
1476 3300 1580 3367 sui,
1606 3299 1745 3354 sicut
1768 3299 1904 3354 scri-

317 3410 471 3472 ptum
514 3407 597 3454 est
645 3397 713 3452 de
760 3395 920 3463 Levi,
967 3393 1108 3464 quod
1156 3393 1209 3448 in
1258 3391 1450 3448 lumbis
1498 3390 1596 3446 fuit
1641 3390 1903 3458 Abrahae,

323 3491 538 3564 quando
557 3488 950 3546 decimatus‘est
970 3502 1000 3541 a
1019 3483 1406 3542 Melchisedech
1427 3482 1698 3538 Abraham
1719 3481 1903 3554 (Hebr.

323 3599 422 3649 vtt,
450 3584 506 3650 9,
532 3582 651 3653 i0);
689 3596 794 3636 non
823 3588 1006 3651 posset
1032 3587 1161 3634 tunc
1196 3577 1338 3644 dici,
1379 3576 1566 3632 Anima
1601 3577 1760 3647 patris
1796 3591 1908 3630 mea

323 3683 435 3741 est,
466 3683 514 3729 et
537 3673 710 3728 anima
733 3673 829 3742 ﬁlii
852 3688 965 3726 mea
999 3679 1100 3737 est,
1142 3668 1356 3740 quando
1391 3685 1495 3724 una
1527 3669 1705 3739 utique
1733 3668 1908 3724 anima

217 3782 229 3792 '
322 3775 457 3824 erat.
486 3767 680 3822 Velans
707 3775 882 3822 autem
908 3763 1176 3835 Pr0pheta
1206 3762 1518 3835 mysterium
1545 3775 1645 3816 suo
1669 3769 1910 3832 tempore

320 3859 699 3925 revelandum,
747 3857 1208 3930 regenerationem
1262 3871 1370 3912 non
1425 3854 1759 3921 nominavit,
1815 3868 1911 3923 per

318 3970 479 4026 quam
503 3953 728 4024 quisque
754 3951 894 4005 illius
917 3949 1150 4004 hominis
1174 3963 1241 4004 ex
1270 3946 1438 4002 Adam
1462 3947 1653 4001 transit
1671 3945 1737 4000 ad
1758 3945 1912 4001 Chri-

317 4057 460 4104 stum
486 4065 500 4101 :
533 4045 631 4102 sed
661 4043 805 4115 quod
834 4058 942 4098 non
972 4041 1107 4098 dixit
1144 4041 1238 4097 illo
1267 4049 1540 4110 tempore,
1573 4039 1793 4110 intelligi
1819 4053 1916 4094 vo-

322 4140 424 4196 luit
449 4139 553 4194 isto
579 4146 842 4208 tempore,
876 4150 980 4206 quo
1006 4133 1176 4189 fuerat
1199 4132 1268 4188 ad
1288 4131 1559 4188 Christum
1589 4132 1912 4187 transeunti-

324 4230 427 4286 bus
452 4227 802 4285 auferendum
831 4228 1096 4282 velamen.
1125 4223 1256 4280 Nam
1287 4223 1538 4294 quoniam
1566 4223 1832 4294 proﬁteris
1861 4231 1914 4279 te

327 4336 451 4379 esse
478 4321 848 4387 christianum,
879 4317 1121 4389 quamvis
1144 4315 1396 4372 ostendas
1421 4314 1790 4370 antichristum
1811 4355 1827 4380 ,
1860 4314 1914 4370 id

331 4413 545 4470 efﬁcere
570 4413 794 4467 moliens
809 4421 867 4466 ut
885 4409 1128 4465 Christus
1151 4408 1317 4478 gratis
1336 4415 1580 4462 mortuus
1601 4405 1703 4471 sit;
1732 4420 1915 4476 quacro

329 4521 361 4562 a
386 4514 462 4573 te,
489 4514 669 4560 utrum
695 4505 739 4560 si
765 4504 924 4558 homo
953 4502 1112 4558 faciat
1136 4515 1297 4572 opera
1328 4501 1418 4556 illa
1446 4508 1636 4555 cuncta
1657 4499 1876 4569 justitiae
1896 4540 1912 4567 ,

328 4613 450 4670 qua:
471 4596 729 4668 propheta
750 4594 991 4650 Ezechiel
1013 4594 1168 4649 toties
1189 4591 1484 4662 repetendo
1504 4598 1912 4656 commemorat,

327 4693 492 4763 etiam
529 4704 638 4745 non
669 4696 1042 4758 regeneratus,
1087 4684 1193 4739 vita
1219 4685 1382 4738 vivat.
1415 4682 1470 4737 Si
1499 4682 1634 4736 dicis
1660 4696 1783 4736 eum
1809 4682 1916 4737 vita

325 4781 531 4844 vivere,
560 4777 878 4834 contradicit
901 4776 1145 4832 Christus
1171 4773 1506 4838 antichristo,
1539 4782 1593 4827 et
1620 4773 1764 4838 dicit,
1799 4771 1919 4828 Nisi

325 4872 757 4928 manducaveritis
798 4887 1001 4924 carnem
1038 4885 1230 4934 meam,
1269 4878 1318 4922 et
1356 4867 1576 4922 biberitis
1621 4867 1919 4938 sanguinem

327 4981 526 5032 meum,
559 4980 662 5019 non
697 4961 940 5016 [rubebitis
975 4961 1130 5015 vitant
1158 4961 1210 5014 in
1250 4959 1388 5013 vobis
1428 4957 1619 5029 (Joan.
1659 4973 1742 5022 Vt,
1774 4957 1918 5028 54):

333 5071 490 5125 quem
517 5054 694 5110 cibum
717 5061 975 5123 etpotum
1003 5051 1070 5106 ad
1097 5059 1443 5121 regeneratos
1471 5049 1756 5118 pertinere,
1788 5049 1920 5103 velis

337 5146 494 5211 nolis,
521 5143 728 5214 cogeris
752 5142 1018 5198 conﬁteri.
1051 5141 1107 5196 Si
1134 5150 1311 5195 autem
1344 5147 1490 5194 tanta
1517 5139 1659 5194 mole
1693 5140 1922 5194 auctori-

339 5236 464 5292 tatis
489 5236 715 5291 obtritus
739 5237 783 5302 ³,
815 5233 1159 5304 responderis
1181 5247 1304 5288 eum
1341 5230 1434 5302 qui
1459 5231 1637 5286 omnia
1667 5231 1754 5285 illa
1782 5230 1921 5286 bona

338 5327 560 5394 fecerit,
588 5326 636 5382 si
669 5342 775 5382 non
820 5326 979 5381 fuerit
1007 5332 1352 5396 regeneratus
1370 5364 1386 5389 ,
1425 5322 1530 5377 vita
1561 5336 1667 5377 non
1699 5322 1918 5378 vivere:

339 5418 605 5491 responde
626 5434 745 5490 quae
783 5432 946 5475 causa
969 5418 1075 5485 sit;
1105 5425 1161 5473 et
1183 5415 1308 5472 vide
1339 5414 1670 5486 generationi
1694 5428 1920 5483 regene—

336 5515 632 5583 rationem,
684 5529 794 5570 non
833 5510 1119 5570 imitationi
1163 5509 1550 5576 imitationem,
1591 5507 1648 5562 in
1686 5522 1754 5563 eo
1783 5508 1924 5579 quod

334 5669 510 5732 chielis
537 5670 878 5728 substituerat,
901 5681 1012 5732 quae
1037 5673 1113 5732 est
1137 5665 1396 5732 intiborum
1425 5664 1664 5732 versionis
1691 5663 1928 5728 vulgatae,

335 5731 542 5796 scilicet,
565 5738 609 5781 et
636 5738 774 5796 pater
795 5723 890 5780 non
913 5723 1121 5791 portabit
1141 5726 1438 5790 iniquitatem
1457 5723 1566 5790 filii,
1583 5734 1678 5776 etc.

405 5795 421 5826 ι
450 5801 598 5855 vetus
613 5793 772 5842 codex
796 5800 944 5851 Porl..,
975 5797 1220 5855 quantum.

404 5855 427 5888 ι
451 5854 728 5918 signiorius
751 5847 1062 5906 et
1079 5851 1224 5911 Clar.,
1245 5847 1512 5901 obstrictus.
1545 5854 1690 5912 Part,
1707 5849 1924 5904 obtritus.

1682 329 1884 389 LIBER
1922 327 2232 390 TERTIUS.

3447 344 3589 410 i266

2010 445 2300 514 Apostolus
2343 451 2512 509 Adam
2548 469 2615 511 ex
2656 464 2806 528 parte
2845 459 3081 531 peccati,
3122 467 3178 517 et
3217 459 3488 519 Christum
3523 480 3592 520 ex

2008 548 2158 609 parte
2177 539 2397 610 justitite
2418 551 2684 618 proponit,
2712 554 2927 623 opponi.
2961 553 3269 611 Evidentius
3291 567 3468 612 autem
3495 557 3590 617 tibi

2009 633 2282 690 ostendam
2309 638 2373 693 ad
2403 655 2598 697 novum
2628 644 3029 703 Testamentum
3069 649 3370 720 pertinere,
3401 650 3454 705 in
3485 663 3590 722 quo

2010 738 2444 816 regeneratorum
2475 734 2762 793 haereditas
2791 749 2870 794 est
2893 782 2906 805 ,
2936 741 3079 811 quod
3105 742 3438 799 Ezechielem
3464 757 3593 814 pro-

2008 818 2222 889 phetam
2251 822 2451 879 dixisse
2471 841 2860 885 commemoras
2884 850 2898 886 :
2932 847 3037 888 nou
3063 833 3278 903 quidem
3303 850 3466 902 nunc,
3495 833 3592 890 sed

2007 925 2130 966 cum
2165 911 2365 968 dixeris
2403 917 2610 984 omnia,
2643 935 2762 990 quae
2786 922 2852 977 de
2879 924 3009 994 ipsis
3037 925 3213 981 verbis
3241 925 3356 996 ejus
3382 936 3488 982 tuae
3511 926 3596 982 lo-

2007 1002 2286 1071 quacitatis
2311 1020 2461 1062 more
2489 1007 2724 1066 dicturus
2751 1026 2830 1067 es.

2079 1091 2322 1148 XXXIX.
2352 1094 2471 1151 Jun.
2515 1097 2806 1157 Videturne
2851 1111 3087 1159 assertor
3131 1104 3406 1176 locupules
3451 1107 3596 1177 judi-

2007 1182 2209 1238 ciorum
2237 1185 2256 1216 ί
2285 1199 2502 1241 suorum
2539 1189 2678 1244 Deus
2699 1231 2713 1255 ,
2747 1191 2836 1262 qui
2862 1201 2972 1248 tam
2998 1194 3180 1251 multis
3220 1198 3483 1267 capitibus
3523 1198 3594 1256 de

2010 1274 2110 1331 hac
2140 1278 2436 1347 quaestione
2464 1295 2572 1336 non
2602 1283 2772 1338 solum
2795 1285 3073 1355 judicavit,
3101 1289 3194 1343 sed
3219 1291 3379 1345 etiam
3406 1291 3593 1362 dispu-

2009 1368 2178 1423 tavit?
2205 1369 2368 1426 Plane
2394 1372 2482 1453 qui
2511 1381 2806 1444 temporum
2831 1389 3133 1433 nostrorum
3156 1381 3474 1451 praevideret
3507 1399 3596 1438 er—

2001 1465 2194 1528 rores,
2227 1471 2372 1517 tanta
2404 1463 2686 1520 verborum
2730 1482 2947 1524 suorum
2978 1470 3062 1524 vel
3100 1471 3252 1536 luce,
3291 1472 3375 1527 vel
3403 1473 3592 1542 copia,

2008 1547 2114 1604 duo
2142 1560 2223 1606 est
2247 1551 2390 1621 juste
2429 1563 2684 1624 operatus
2713 1545 2771 1612 et
2806 1559 3024 1628 provide
3052 1561 3111 1614 ἐ
3144 1577 3306 1618 unum
3328 1603 3345 1630 ,
3377 1562 3594 1633 nequis

2006 1641 2116 1696 ulla
2159 1645 2511 1714 quaestionum
2555 1648 2902 1719 ambiguitate
2947 1660 3287 1718 moveretur;
3328 1651 3495 1720 aliud,
3526 1667 3596 1708 ne

2007 1733 2145 1804 apud
2175 1750 2270 1790 eos
2308 1737 2400 1807 qui
2431 1752 2491 1793 se
2520 1739 2910 1796 immersissent
2936 1749 3130 1813 sponte
3157 1744 3474 1815 naufragiis,
3501 1759 3597 1800 ex-

2006 1827 2296 1883 cusationis
2321 1829 2496 1884 tabula
2518 1831 2624 1885 ulla
2645 1843 2970 1890 remaneret.
2995 1835 3254 1906 Loquitur
3273 1835 3339 1891 ad
3360 1836 3594 1904 Judaeos,

2007 1919 2094 1990 qui
2120 1922 2484 1990 captivitatem
2514 1925 2809 1981 sceleribus
2833 1928 3104 1998 exigentes
3123 1971 3139 1997 ,
3166 1929 3234 1984 ad
3256 1929 3597 1985 relevandam

2007 2012 2239 2082 prOpria:
2271 2013 2725 2084 prmvaricationis
2766 2017 3019 2073 invidiam
3044 2061 3060 2086 ,
3103 2021 3446 2090 parentibus,
3490 2037 3598 2077 non

2007 2103 2248 2158 moribus
2276 2105 2415 2172 suis,
2449 2105 2682 2162 debitam
2710 2123 2828 2164 eam
2860 2107 3028 2164 fuisse
3049 2111 3359 2180 jactabant:
3391 2119 3446 2167 et
3473 2127 3600 2167 con-

2007 2194 2155 2248 venit
2172 2209 2268 2250 eos
2287 2197 2602 2253 auctoritate
2623 2200 2815 2270 patria.
2843 2199 3036 2270 thuid
3055 2201 3214 2268 vobis,
3238 2203 3425 2274 inquit,
3454 2204 3600 2259 istam

2009 2285 2335 2357 parabolam,
2374 2296 2432 2342 ut
2476 2289 2658 2344 dicatis
2677 2332 2692 2357 ,
2743 2289 2990 2346 Parentes
3020 2293 3448 2348 manducaverunt
3481 2309 3602 2349 uvas

2009 2377 2230 2445 acerbas,
2255 2389 2301 2434 et
2323 2381 2550 2450 ﬁliorum
2578 2382 2753 2436 dentes
2781 2382 3191 2455 obstupuerunt?
3230 2385 3352 2440 Vivo
3377 2403 3490 2456 ego,
3518 2386 3603 2440 di-

2009 2469 2076 2525 cit
2096 2471 2297 2526 Adonai
2319 2472 2588 2540 Dominus,
2616 2475 2662 2529 si
2687 2475 2884 2530 dicetur
2911 2476 3132 2544 amplius
3157 2477 3402 2547 parabola
3423 2478 3529 2532 hcce
3548 2479 3604 2533 in

2008 2559 2178 2619 Israel
2200 2579 2220 2619 :
2242 2565 2480 2636 quoniam
2507 2583 2682 2622 omnes
2721 2567 2908 2622 animae
2933 2585 3058 2623 mete
3085 2580 3235 2634 sunt;
3273 2570 3603 2640 quemadmo-

2011 2655 2134 2710 dum
2158 2658 2330 2711 anima
2364 2659 2545 2728 patris,
2574 2663 2646 2713 ita
2674 2659 2847 2714 anima
2885 2661 3010 2730 filii,
3058 2678 3230 2716 omnes
3269 2664 3455 2717 anima:
3479 2679 3604 2720 mea!

2009 2757 2147 2804 sunt.
2178 2750 2361 2804 Anima
2388 2767 2504 2820 qua?
2532 2761 2726 2822 peccat,
2757 2751 2871 2822 ipsa
2898 2753 3159 2808 morietur.

2081 2839 2218 2896 Auc.
2248 2840 2382 2896 Cum
2407 2841 2502 2909 ait,
2547 2841 2611 2898 Si
2641 2841 2842 2897 dicetur
2877 2843 3099 2914 amplius
3136 2843 3380 2914 parabola
3419 2846 3527 2899 haec
3551 2845 3606 2900 in

2011 2929 2210 2996 Israel;
2254 2931 2488 2987 ostendit
2532 2933 2710 2989 solere
2755 2932 2859 2989 dici
2883 2976 2897 2999 ,
2951 2935 3135 2990 Patres
3177 2936 3606 2992 manducaverunt

2009 3037 2158 3075 uvam
2183 3021 2450 3090 acerbam,
2495 3033 2544 3078 et
2571 3024 2745 3078 dentes
2792 3026 3017 3094 filiorum
3063 3026 3449 3097 obstupuerunt.
3497 3029 3608 3084 Nec

2011 3114 2183 3183 arguit
2219 3113 2342 3183 quia
2379 3113 2676 3183 dicebatur,
2718 3115 2814 3170 sed
2851 3117 3116 3186 promittit
3152 3118 3286 3172 ubi”
3313 3134 3423 3173 non
3451 3119 3605 3174 dica-

2013 3213 2117 3259 tur.
2161 3203 2316 3260 Unde
2357 3215 2536 3261 autem
2577 3205 2680 3261 hoc
2719 3206 2987 3275 dicebant,
3036 3209 3136 3263 nisi
3184 3209 3341 3279 quia,
3373 3210 3608 3266 Reddam

2012 3304 2221 3367 peccata
2257 3290 2462 3364 patr'um
2502 3295 2558 3350 in
2599 3296 2733 3367 ﬁlios
2771 3295 2960 3369 (Deut.
2993 3312 3048 3365 v,
3086 3297 3175 3370 9),
3211 3299 3378 3354 Deum
3407 3299 3610 3357 dixisse

2011 3385 2290 3442 sciebant?

2083 3475 2198 3532 XL.
2231 3477 2347 3534 ιω..
2371 3477 2452 3533 Ad
2474 3478 2882 3549 exemplandam
2905 3489 2960 3535 et
2983 3479 3403 3536 continuandam
3423 3481 3610 3552 judicii

2013 3568 2097 3623 sui
2126 3568 2428 3639 aequitatem
2449 3568 2754 3640 juramento
2777 3563 2920 3624 Deus
2945 3571 3131 3639 utitur,
3157 3581 3212 3626 et
3237 3574 3609 3629 auctoritatem

2014 3661 2286 3716 constituti
2317 3661 2673 3716 obtestatione
2698 3663 2956 3719 cumulat.
2997 3661 3266 3719 lntellexit
3310 3663 3413 3719 hoc
3443 3679 3610 3735 genus

2017 3752 2268 3822 loquendi
2296 3753 2619 3824 Apostolus,
2660 3753 2752 3824 qui
2795 3752 2862 3808 ad
2908 3754 3164 3810 Hebraeos
3199 3756 3270 3810 ita
3307 3755 3561 3812 disseruit
3593 3775 3609 3814 :

2025 3843 2248 3912 Valens,
2300 3847 2502 3916 inquit,
2557 3845 2697 3900 Deus
2744 3847 3008 3902 ostendere
3056 3849 3404 3918 promissionis
3454 3851 3609 3904 luere-

2019 3935 2167 3990 dibus
2192 3936 2591 3992 immobilitatem
2633 3937 2832 3991 consilii
2869 3938 2983 4005 sui,
3015 3939 3311 4008 interposuit
3340 3941 3614 4012 jusjuran-

2019 4026 2170 4094 dum,
2209 4036 2267 4082 ut
2291 4045 2382 4098 per
2404 4029 2534 4083 duas
2553 4024 2635 4083 res
2662 4028 2942 4084 immobiles
2958 4071 2972 4094 ,
3001 4030 3181 4099 quibus
3204 4031 3516 4104 impossibile
3541 4042 3614 4088 est

2021 4119 2223 4173 mentiri
2251 4119 2415 4174 Deum
2436 4160 2452 4186 ,
2492 4121 2826 4193 fortissimum
2849 4121 3086 4176 solatium
3117 4120 3391 4178 habeamus
3427 4122 3611 4195 (Hebr.

2021 4227 2092 4279 vt,
2122 4212 2211 4277 17,
2241 4211 2356 4284 18).

2092 4306 2228 4360 Aac.
2261 4303 2331 4359 Et
2355 4304 2425 4360 ibi
2456 4319 2650 4360 novum
2680 4304 3084 4363 Testamentum
3110 4309 3539 4378 promittebatur.

2092 4393 2226 4450 XLI.
2252 4394 2370 4450 ιω..
2407 4395 2622 4451 Duobus
2645 4411 2772 4466 ergo
2797 4397 2882 4452 his
2903 4399 3113 4454 ostendi
3137 4399 3285 4467 dicit,
3316 4401 3482 4456 Deum
3509 4416 3617 4457 non

2025 4501 2183 4558 posse
2212 4487 2464 4554 mentiri,
2493 4487 2596 4543 hoc
2626 4488 2741 4558 ipso
2765 4489 2887 4560 quia
2915 4491 3190 4560 promisit,
3217 4503 3377 4562 atque
3403 4493 3453 4547 id
3475 4495 3618 4566 quod

2024 4579 2270 4650 promisit
2296 4580 2417 4650 quia
2443 4595 2502 4635 se
2526 4589 2750 4636 testatur
2771 4582 2990 4651 implere
3019 4600 3031 4635 :
3054 4599 3160 4638 non
3185 4584 3324 4655 quod
3346 4586 3486 4640 Deus
3503 4588 3620 4644 sine

2024 4675 2367 4730 attestatione
2402 4674 2496 4729 tali
2536 4675 2862 4730 imbecillum
2891 4683 3048 4746 atque
3073 4676 3290 4732 dubium
3320 4678 3491 4734 soleat
3518 4680 3619 4736 ha-

2024 4767 2153 4823 bere
2191 4781 2532 4832 sermonem;
2578 4767 2671 4822 sed
2714 4775 2774 4821 ut
2805 4767 3080 4822 veritatem
3109 4783 3259 4822 suam
3287 4769 3620 4828 documentis

2024 4859 2315 4932 grandibus
2340 4868 2606 4926 oneraret,
2633 4876 2699 4916 eo
2721 4876 2918 4931 genere
2946 4860 3228 4916 locutionis
3253 4860 3277 4893 ⁸
3300 4863 3496 4920 abusus
3516 4873 3620 4934 est,

2026 4951 2166 5024 quod
2194 4952 2498 5006 hominibus
2525 4951 2686 5008 etiam
2717 4951 2904 5009 fallere
2929 4953 3104 5009 solitis
3131 4955 3275 5010 credi
3307 4955 3485 5012 faciat.
3510 4957 3625 5014 Hoc

2029 5059 2156 5115 ergo
2184 5043 2423 5114 pondere
2442 5044 2496 5098 in
2522 5046 2770 5114 praesenti
2798 5061 3008 5117 quoque
3028 5061 3186 5102 causa
3208 5049 3463 5105 admonet
3483 5051 3626 5108 Deus

2028 5145 2190 5206 atque
2235 5136 2531 5206 praescribit
2555 5180 2568 5202 ,
2617 5146 2670 5192 et
2706 5147 2763 5192 ut
2791 5137 2966 5195 nullus
3006 5139 3109 5196 hoc
3138 5143 3280 5211 quod
3305 5143 3623 5201 Traduciani

2029 5238 2310 5294 asserunt,
2352 5227 2421 5284 de
2464 5230 2658 5300 popqu
2686 5231 3021 5301 suspicetur,
3053 5240 3108 5288 et
3135 5233 3302 5290 Deum
3329 5251 3435 5290 non
3465 5251 3626 5307 posse

2031 5334 2096 5376 eo
2133 5336 2290 5391 quem
2327 5321 2622 5378 detestatur
2653 5324 2815 5378 modo
2835 5323 3108 5394 judicare,
3137 5338 3421 5398 cognoscat
3450 5346 3463 5382 :
3501 5328 3626 5387 Vivo

2033 5427 2154 5484 ego,
2185 5412 2306 5467 dicit
2330 5413 2531 5468 Adonai
2553 5413 2833 5485 Dominus,
2854 5416 2899 5470 si
2923 5418 3143 5488 amplius
3167 5418 3361 5474 dicetur
3382 5421 3627 5492 parabola

2035 5505 2144 5559 lucc
2167 5504 2222 5558 in
2246 5502 2434 5559 Israel.

2099 5667 2118 5729 ξ
2143 5668 2339 5729 Deerat,
2360 5661 2665 5729 judictorum
2692 5673 2710 5711 :
2732 5664 3008 5729 restituiutr
3030 5675 3096 5714 ex
3114 5667 3470 5729 manuscriptis.

2099 5727 2122 5758 ²
2138 5726 2212 5788 Sic
2225 5730 2333 5788 Mss.
2361 5721 2490 5775 'Editi
2514 5733 2698 5788 autem,
2728 5721 2948 5788 providit.

2099 5789 2124 5821 ³
2142 5787 2282 5846 Editi,
2297 5792 2363 5836 ut.
2388 5793 2517 5846 Mss,
2538 5785 2634 5837 ubi.

2102 5849 2127 5882 ⁸
2158 5855 2208 5898 ιιι
2231 5855 2363 5909 ω,
2380 5848 2668 5903 elocutionis.
