4062 6546
522 339 654 396 gem
1215 331 1455 388 OPERlS
1495 329 1901 386 IMPERFECTI
1933 289 2212 385 comas
2251 303 2611 399 JULIANUM,
2654 331 2711 387 s.
2745 297 3110 390 sueusrmt
3653 339 3825 395 ηπ

515 450 751 508 dendum
778 457 860 505 est
890 449 1017 504 nihil
1049 448 1185 502 hanc
1214 460 1528 516 promovere
1557 443 1818 500 fraudem.
1849 445 2103 512 Quamvis
2215 455 2330 500 sunt
2359 444 2539 516 (Joan.
2570 447 2742 520 1,13).
2771 445 2907 513 Quid
2941 449 3136 519 quaris
3165 464 3557 522 rerumgenera
3574 455 3825 508 multum

517 543 663 598 enim
689 541 930 596 absolute
957 539 1341 607 prascripserit
1368 537 1507 591 Deus
1532 552 1547 602 ;
1574 535 1824 606 quoniam
1858 537 2106 606 iniquitas
2210 535 2418 590 diversa
2440 536 2801 606 conjungere?
2821 538 3071 594 Homines
3090 539 3362 595 hominum
3383 557 3549 597 carne
3569 558 3825 598 nascun—

515 641 797 702 pareutum
844 645 946 684 non
987 628 1197 683 addicat
1241 628 1379 682 ﬁlios
1422 627 1770 692 innocentes,
1799 627 1894 681 sed
1933 641 2102 682 unus—
2210 635 2335 694 tur,
2365 627 2457 682 Dei
2489 625 2687 696 Spiritu
2717 637 3090 684 renascuntur.
3127 629 3266 699 Quid
3314 645 3443 702 ergo
3489 631 3692 686 mirum
3722 676 3737 691 .
3774 637 3822 688 si

515 723 739 792 quisque
778 720 1002 790 propriis
1032 720 1396 790 iniquitatibus
1434 728 1721 790 arguatur;
1757 733 1856 774 nec
1886 718 2008 774 hinc
2039 718 2102 772 fi-
2207 716 2652 786 quemadmodum
2683 718 2751 774 de
2778 718 2976 789 Spiritu
3001 719 3222 790 justitia
3250 722 3411 776 sumit
3443 721 3612 775 homo
3638 722 3821 789 justi-

514 814 650 868 delis
672 813 880 867 animus
902 813 1069 882 possit
1092 813 1365 882 ambigere
1389 830 1403 866 :
1430 821 1604 868 tamen
1632 821 1689 866 ut
1710 812 1975 882 opinionis
1996 818 2100 866 tua
2208 808 2357 874 tiam,
2391 808 2460 862 ita
2486 809 2552 865 de
2580 825 2741 866 carne
2769 812 2971 881 peccati
3000 812 3159 867 trahit
3182 813 3442 884 originale
3474 817 3820 884 peccatum?

510 903 817 960 confossum
847 911 925 958 tot
962 903 1268 960 fulminibus
1309 904 1442 974 legis
1469 912 1823 959 retractemus
1849 904 2096 969 cadaver,

511 1004 788 1066 quatenus~
817 994 1181 1064 accipiendam
1232 994 1371 1050 hanc
1422 995 1513 1049 Dei
1553 994 1964 1064 disputationem
1994 1009 2095 1064 pu-

509 1084 650 1140 tabis
671 1126 688 1151 ,
716 1084 964 1141 videlicet
1005 1095 1063 1140 ut
1107 1095 1385 1154 parentum
1410 1127 1424 1153 ,
1471 1085 1608 1140 sicut
1638 1100 1736 1141 nec
1765 1086 1958 1140 adultis
1980 1127 1996 1152 ,
2025 1086 2095 1140 ita
2132 1080 2135 1082 ’

508 1188 614 1230 nec
648 1176 988 1230 nascentibus
1021 1176 1141 1231 ﬁliis
1178 1177 1354 1232 obsint
1382 1177 1620 1232 delicta?
1663 1179 1744 1232 An
1776 1187 1832 1232 ut
1868 1187 2098 1232 tantum-

507 1266 671 1321 modo
690 1266 799 1336 jam
828 1268 1126 1336 grandioris
1154 1268 1325 1322 aetatis
1361 1277 1417 1324 et
1453 1269 1711 1338 justitiam
1752 1270 2096 1337 operantibus

506 1372 617 1413 non
645 1358 886 1414 sinantur
908 1375 1136 1426 nocere;
1171 1361 1414 1430 parvulos
1440 1369 1620 1416 autem
1640 1403 1655 1427 ,
1683 1368 1967 1431 antequam
2000 1378 2095 1434 per

506 1451 780 1522 propriam
802 1451 1060 1522 justitiam
1092 1451 1330 1508 naturale
1355 1450 1499 1508 virus
1541 1453 1858 1509 exhauriant
1885 1455 1926 1517 ί.
1971 1467 2093 1508 sce-

506 1542 624 1599 lere
650 1545 1017 1614 generantium
1043 1543 1291 1616 gravari,
1325 1545 1505 1615 sicque
1534 1543 1625 1599 ﬁat
1664 1544 1806 1616 quod
1836 1559 1932 1616 per
1957 1543 2092 1599 Pro-

503 1633 723 1705 phetam
750 1636 888 1691 Deus
920 1635 1150 1690 futurum
1181 1635 1438 1707 negavit?

581 1731 715 1784 Anc.
758 1728 870 1783 lmo
899 1729 977 1784 sic
997 1729 1056 1782 ﬁt
1081 1728 1220 1798 quod
1243 1728 1348 1783 alio
1373 1728 1491 1784 loco
1514 1728 1642 1784 dicit
1667 1728 1829 1795 Deus,
1859 1727 2090 1785 Reddam

508 1828 718 1890 peccata
735 1828 932 1888 patrum
948 1820 1000 1873 in
1016 1818 1151 1890 ﬁlios
1172 1821 1191 1889 (
1207 1818 1360 1874 Deut.
1391 1835 1448 1886 γ,
1469 1819 1554 1890 9).
1575 1817 1706 1874 Cum
1723 1820 1863 1875 enim
1887 1827 2093 1874 utrum-

503 1923 612 1980 que
633 1909 746 1980 ipse
764 1909 923 1974 dicat,
949 1908 1000 1964 id
1020 1917 1124 1978 est,
1145 1921 1198 1964 et
1219 1918 1425 1980 patrum
1449 1909 1516 1964 ad
1540 1909 1677 1964 ﬁlios
1698 1923 1801 1964 non
1821 1911 2090 1979 pertinere

502 2011 720 2073 peccata
742 2043 757 2066 ,
782 2011 835 2057 et
862 2001 1084 2057 reddere
1111 2017 1173 2058 se
1208 2002 1258 2056 in
1301 2001 1438 2056 ﬁlios
1462 2009 1668 2072 patrum
1704 2009 1916 2071 peccata
1935 2042 1950 2066 ,
1983 2015 2088 2056 non

501 2077 880 2164 potest'utique
901 2094 1001 2148 sibi
1032 2108 1151 2148 esse
1176 2097 1492 2148 contrarius.
1524 2093 1590 2147 Et
1615 2093 1734 2148 ideo
1753 2101 1920 2159 recte,
1943 2106 2089 2162 qua-

497 2185 741 2240 rentibus
765 2183 1034 2255 quomodo
1059 2193 1342 2256 utrumque
1370 2185 1440 2239 sit
1467 2199 1672 2246 verum,
1703 2199 1866 2238 unum
1894 2183 2086 2237 horum

499 2277 828 2346 generationi
852 2318 868 2344 ,
901 2276 1128 2332 alterum
1159 2277 1546 2346 regenerationi
1597 2276 1904 2345 intelligitur
1958 2289 2089 2328 con-

497 2368 703 2424 venire.
735 2367 813 2422 Tu
840 2368 928 2438 qui
977 2369 1234 2438 pervertis
1275 2382 1369 2423 cor
1397 2375 1543 2421 tuum
1575 2368 1627 2434 ⁸,
1655 2380 1784 2421 cave
1814 2365 1998 2431 illum;
2029 2373 2086 2421 et

508 2459 649 2530 quod
676 2474 856 2514 verum
883 2459 1032 2515 audis
1054 2501 1071 2525 ,
1100 2475 1204 2516 non
1232 2459 1446 2514 vocabis
1471 2459 1738 2514 cavillum.
1906 2527 1908 2531 λ

574 2547 657 2606 Ll.
698 2549 815 2605 Ιυι..
856 2550 958 2606 Sed
989 2549 1057 2606 ad
1096 2551 1198 2606 hoc
1225 2565 1324 2606 nos
1365 2550 1663 2605 referimus.
1697 2549 1764 2604 Et
1803 2547 1931 2604 illud
1957 2563 2086 2619 ergo

497 2643 639 2700 aliud
661 2685 674 2706 ,
704 2643 844 2715 quod
871 2643 1086 2713 paribus
1114 2645 1400 2699 momentis
1427 2642 1765 2714 appenditur,
1810 2640 1923 2696 ﬁeri
1955 2655 2084 2710 pro-

495 2734 653 2791 fitere
674 2775 692 2801 ,
721 2734 772 2790 id
794 2742 877 2790 est
895 2776 908 2799 ,
935 2743 993 2789 ut
1014 2734 1236 2804 justitia
1273 2744 1551 2806 parentum
1576 2735 1696 2788 ﬁliis
1721 2734 1832 2788 suis
1857 2734 2082 2804 prosint,

495 2841 698 2898 eosque
727 2827 1060 2882 sanctiﬁcent
1082 2867 1096 2887 .
1128 2835 1286 2898 atque
1326 2827 1431 2882 illis
1470 2825 1838 2881 tantummodo
1864 2839 1968 2880 non
1998 2824 2084 2879 di-
2150 2847 2179 2878 μ

493 2927 689 2973 cantur
713 2919 998 2986 prodesse,
1030 2917 1122 2988 qui
1148 2917 1448 2988 grandioris
1478 2917 1589 2987 jam
1614 2917 1734 2981 avi,
1766 2917 1971 2972 natales
1989 2915 2083 2986 ju-

492 3009 666 3065 stitias
681 3010 913 3079 propriis
933 3010 1185 3064 attrivere
1203 3010 1514 3064 criminibus
1539 3028 1554 3065 :
1576 3017 1635 3064 ut
1653 3009 1775 3080 quia
1800 3017 2084 3078 utrumque

492 3116 526 3155 a
554 3102 664 3156 Deo
693 3110 940 3171 negatum
961 3141 976 3165 ,
1007 3111 1062 3157 et
1091 3101 1315 3155 alterum
1344 3099 1563 3155 alterius
1601 3100 1849 3169 exemplo
1878 3098 2082 3154 disser-

491 3199 609 3247 tum
634 3191 658 3224 ³
681 3201 842 3263 atque
870 3193 1192 3248 inculcatum
1220 3201 1322 3256 est,
1351 3205 1510 3259 quam
1539 3199 1595 3244 tu
1626 3190 1960 3260 negationem
1990 3205 2082 3245 ra-

489 3282 727 3338 tionibus
779 3283 883 3338 tuis
927 3281 1115 3337 videns
1163 3296 1283 3338 esse
1333 3281 1653 3336 contrariam
1678 3320 1696 3346 ,
1741 3281 1794 3335 in
1847 3281 2082 3350 parvulis

488 3373 771 3434 mentitam
795 3391 914 3431 esse
936 3374 1215 3430 contendis
1238 3415 1253 3441 ,
1284 3373 1466 3429 ambas
1493 3373 1607 3442 ejus
1634 3381 1814 3442 partes
1853 3385 2082 3428 nascen-

489 3474 608 3523 tum
656 3465 961 3521 conditione
1002 3463 1264 3519 confutes.
1311 3462 1464 3531 Quod
1516 3474 1639 3517 cum
1695 3460 1922 3528 feceris,
1974 3461 2080 3518 duo

487 3557 632 3615 mala
673 3556 875 3626 pariter
929 3555 1297 3626 perpetrabis,
1353 3569 1518 3608 unum
1569 3551 1710 3623 quod
1759 3562 2029 3624 oppugnat
2057 3551 2081 3585 ⁸

485 3649 809 3704 sententiam
832 3646 948 3711 Dei,
980 3646 1124 3702 aliud
1153 3645 1404 3715 quoniam
1435 3644 1581 3698 nasci
1605 3642 1835 3712 dejusto
1849 3645 2076 3713 justum,

484 3741 637 3799 etde
659 3742 950 3796 criminose
978 3739 1176 3795 asseris
1211 3737 1580 3793 criminosum.

479 3889 484 3894 .
559 3835 696 3892 Auc.
736 3833 1082 3904 Negationem
1129 3831 1414 3902 Propheta
1459 3845 1564 3886 non
1609 3829 1730 3886 dico
1757 3829 2032 3885 mentitam
2057 3870 2074 3895 ,

484 3925 586 3984 sed
614 3941 644 3981 a
676 3933 728 3980 te
757 3940 863 3979 non
895 3924 1238 3979 intellectam.
1271 3922 1364 3977 llle
1392 3921 1592 3992 quippe
1614 3920 2073 3990 regenerationem

482 4016 842 4090 prophetavit,
872 4033 990 4086 qua
1013 4031 1044 4070 a
1073 4015 1306 4086 peccatis
1329 4022 1614 4085 parentum
1643 4013 1710 4067 ad
1736 4013 1850 4078 Dei,
1874 4028 1981 4068 non
2007 4011 2075 4069 ad

484 4107 764 4165 hominum
785 4106 1043 4177 judicium
1070 4106 1477 4177 pertinentibus,
1503 4104 1615 4158 sola
1642 4105 1780 4158 filios
1798 4120 1917 4160 esse
1938 4119 2077 4174 pra-

482 4207 593 4257 stat
606 4198 842 4255 alienos:
869 4208 922 4253 tu
943 4206 1120 4253 autem
1141 4197 1268 4252 dum
1287 4211 1450 4266 negas
1466 4195 1863 4265 generationem
1885 4203 2073 4250 conta-

479 4291 630 4362 gium
651 4291 839 4345 mortis
863 4291 1094 4359 antiqua
1117 4288 1186 4342 de
1205 4287 1442 4358 patribus
1463 4284 1678 4340 trahere
1691 4325 1707 4349 ,
1730 4285 1899 4355 ipsam
1917 4299 2074 4354 rege-

482 4379 778 4436 nerationis
801 4393 1015 4434 causam
1040 4377 1253 4433 conaris
1275 4375 1633 4446 exstinguere.
1655 4373 1906 4444 Quamvis
1927 4377 2070 4430 enim

480 4470 755 4527 lavacrum
783 4467 1206 4541 regenerationis
1225 4508 1241 4533 ,
1271 4465 1526 4537 quidquid
1555 4474 1892 4535 peccatorum
1921 4466 2071 4520 inve-

479 4563 640 4630 nerit,
665 4562 860 4629 diluat;
888 4570 1064 4617 tamen
1088 4560 1193 4615 alia
1214 4568 1429 4630 peccata
1451 4567 1670 4630 possent
1685 4567 1739 4615 et
1763 4560 2070 4628 paenitendo

478 4655 686 4720 sanari;
718 4654 855 4710 sicut
871 4662 1091 4724 possunt
1115 4653 1168 4708 in
1196 4652 1296 4718 eis,
1323 4666 1458 4722 quos
1490 4651 1684 4707 iterum
1711 4653 2068 4724 regenerare'

484 4747 564 4802 fas
573 4762 678 4802 non
691 4754 791 4801 est.
809 4745 941 4800 Illud
957 4761 1087 4801 vero
1098 4744 1240 4816 quod
1254 4745 1598 4816 generatione
1606 4759 1706 4800 con
1715 4746 2068 4809 trahitur,nisi

479 4837 888 4908 regeneratione
903 4853 1008 4892 non
1026 4837 1267 4892 solvitur.
1285 4835 1470 4892 Justus
1486 4851 1617 4907 ergo
1635 4851 1700 4891 ex
1719 4836 1849 4901 Deo,
1875 4852 1979 4891 non
2000 4851 2068 4893 ex

479 4931 704 4987 homine.
723 4929 991 4995 nascitur;
1015 4930 1262 5000 quoniam
1296 4928 1648 4996 renascendo,
1669 4944 1776 4984 non
1798 4929 2067 4984 nascendo

475 5025 539 5079 fit
561 5023 736 5092 justus
765 5040 779 5076 :
811 5022 950 5080 unde
975 5023 1134 5078 etiam
1163 5022 1296 5079 tales
1323 5022 1417 5078 ﬁlii
1446 5023 1539 5079 Dei
1568 5023 1590 5055 ⁸
1619 5032 1892 5077 vocantur.
1925 5022 2066 5092 Lege

477 5113 826 5184 Evangelium
863 5130 878 5168 :
911 5112 1036 5169 Non
1059 5130 1124 5169 ea:
1149 5115 1479 5186 sanguinibus
1498 5155 1514 5179 ,
1538 5130 1699 5185 neque
1725 5129 1790 5167 ea:
1810 5113 2067 5169 uoluntate

471 5205 643 5262 contis
663 5246 680 5274 ,
730 5220 890 5275 neque
938 5220 1005 5261 ea:
1056 5205 1314 5261 voluntate
1367 5204 1463 5260 viri
1483 5246 1500 5274 ,
1549 5204 1640 5260 sed
1688 5217 1754 5258 ea:
1800 5202 1910 5259 Deo
1956 5205 2064 5258 nati

537 5407 559 5479 ξ
603 5406 1056 5479 Εὐξείμηωξῳφιφπ
1095 5417 1346 5479 propriam
1379 5401 1625 5468 justitiam
1676 5399 1896 5456 neutrale
1927 5401 2066 5458 vim

769 5468 1070 5532 castigantur
1093 5468 1158 5518 ex
1181 5468 1287 5518 ηδε.

535 5531 557 5564 ³
588 5530 748 5582 Codex
770 5527 936 5593 Portf;
979 5539 1045 5580 Tu
1067 5543 1179 5593 vero
1198 5527 1429 5593 pervertis
1449 5539 1534 5579 cor
1554 5529 1706 5578 tuum.

533 5599 556 5632 ³
589 5595 666 5644 Sic
687 5598 793 5642 ηδε.
811 5591 930 5642 aliti
955 5604 1091 5652 vero,
1103 5591 1380 5643 dissectum.

533 5657 557 5719 ξ
590 5661 749 5719 FW”,
769 5666 1037 5719 θΡΡυθηαδο

529 5717 558 5750 ³
589 5712 1003 5780 mliti.'gétieritre.
1029 5717 1201 5766 verius
1221 5716 1447 5779 antiquus
1482 5712 1640 5764 codex
1686 5719 1817 5778 Man,
1861 5725 2060 5780 regene-

453 5789 675 5892 ‘w‘w'ttte
695 5838 928 5901 minus,
953 5847 1077 5896 Det;
1107 5840 1222 5896 cuia
1244 5838 1427 5896 lenitur
1443 5839 1618 5892 inlu-

2204 901 2390 972 Neque
2415 903 2559 958 enim
2580 908 2813 959 venisset
2838 904 3000 960 homo
3023 921 3161 961 unus
3185 906 3250 960 ad
3280 907 3590 962 liberandos
3620 924 3726 964 nos
3756 909 3816 964 in

2204 991 2550 1048 similitudine
2595 994 2772 1049 carnis
2819 996 3056 1064 peccati,
3107 997 3207 1051 nisi
3256 997 3497 1052 omnium
3548 1008 3813 1054 nostrum

2203 1090 2348 1137 esset
2371 1098 2498 1138 caro
2526 1085 2749 1154 peccati.
2777 1084 2910 1139 Cum
2938 1085 3098 1154 igitur
3119 1085 3241 1140 huic
3267 1087 3452 1157 gratia
3483 1088 3814 1143 christiana

2203 1175 2274 1228 sit
2301 1175 2510 1230 inimica
2541 1174 2764 1232 haresis
2791 1185 2965 1232 vestra
2989 1221 3002 1240 .
3033 1177 3209 1233 adhuc
3232 1178 3414 1234 mirari
3453 1189 3509 1234 et
3533 1182 3809 1249 conqueri
3847 1171 3852 1180 ’

2201 1265 2409 1322 audetis
2427 1309 2442 1334 ,
2471 1267 2610 1336 quod
2639 1282 2733 1322 vos
2759 1267 2956 1323 Christi
2981 1269 3277 1325 detestetur
3305 1271 3585 1326 Ecclesia?

2273 1356 2380 1412 Lll.
2421 1358 2541 1413 JUL.
2583 1357 2638 1414 Si
2664 1369 2840 1414 autem
2863 1374 2970 1414 non
2991 1362 3262 1416 sustinens
3286 1363 3641 1418 reclamantis
3667 1371 3809 1419 stre-

2200 1449 2368 1518 pitum
2410 1449 2651 1504 veritatis
2679 1451 2729 1517 ¹,
2761 1450 2866 1504 alio
2912 1453 3134 1506 tentaris
3184 1453 3418 1523 eﬁ’ugere
3443 1496 3458 1518 ,
3510 1455 3562 1508 in
3617 1455 3808 1524 plagas

2199 1541 2406 1598 incides
2455 1543 2720 1597 fortiores.
2773 1541 2905 1597 Nam
2954 1544 2998 1598 si
3051 1543 3234 1610 dicas,
3271 1545 3405 1600 Vera
3447 1545 3672 1616 quidem
3715 1556 3807 1600 est

2109 1638 2112 1642 ’
2199 1632 2480 1704 Propheta
2506 1633 2766 1688 sententia
2789 1677 2802 1700 ,
2837 1635 2930 1690 sed
2973 1636 3026 1690 in
3057 1638 3078 1668 ²
3105 1637 3349 1706 personis
3377 1639 3766 1708 grandioribus
3785 1680 3800 1703 ,

2197 1741 2317 1797 qua
2340 1726 2468 1781 dicit
2496 1726 2915 1782 necessitudines
2951 1727 3124 1798 culpis
3165 1729 3362 1783 mutuis
3392 1745 3497 1784 non
3538 1730 3799 1800 gravari;

2197 1818 2252 1873 in
2283 1817 2516 1888 parvulis
2559 1826 2734 1872 autem
2777 1817 2846 1872 ab
2889 1833 2993 1872 una
3040 1818 3120 1873 sui
3164 1829 3315 1889 parte
3357 1819 3660 1887 mentitur,
3690 1835 3798 1890 qua

2196 1908 2326 1964 dicit
2354 1923 2448 1964 eos
2475 1923 2597 1964 reos
2625 1925 2731 1964 non
2770 1924 2891 1966 esse
2927 1910 2998 1966 ob
3042 1911 3243 1967 scelera
3291 1913 3707 1984 generantium;
3739 1913 3795 1966 in

2195 2000 2299 2054 alia
2327 2009 2502 2056 autem
2553 2017 2657 2056 non
2700 2003 2956 2063 mentitur
2980 2003 3022 2070 ³,
3054 2004 3106 2059 in
3136 2019 3238 2074 qua
3267 2007 3460 2061 asserit
3485 2021 3586 2062 eos
3628 2006 3796 2061 nullis

2195 2099 2476 2160 parentum
2505 2091 2788 2148 virtutibus
2828 2093 3098 2148 sublevari
3131 2112 3146 2150 :
3177 2102 3303 2150 tunc
3351 2095 3510 2166 plane
3549 2093 3794 2151 fadissr-

2194 2197 2337 2237 mam
2358 2197 2466 2237 non
2487 2183 2810 2254 disputandi,
2834 2185 2927 2240 sed
2949 2185 3316 2256 contingendi;
3345 2201 3452 2242 non
3474 2186 3788 2258 eloquendi,

2194 2271 2288 2328 sed
2317 2271 2598 2343 loquendi;
2627 2289 2731 2328 non
2759 2282 3033 2344 postremo
3057 2275 3172 2330 sani
3209 2274 3442 2331 hominis
3462 2318 3480 2342 ,
3509 2277 3607 2331 sed
3638 2272 3789 2332 exei-

2194 2362 2371 2419 dentis
2395 2379 2557 2420 sensu
2587 2363 2610 2396 ⁸
2638 2364 2916 2420 Manichai
2940 2365 3214 2422 libidinem
3240 2367 3536 2438 publicabis
3569 2383 3585 2422 :
3619 2367 3667 2422 si
3696 2367 3785 2422 tibi

2191 2465 2346 2526 putes
2369 2465 2554 2512 contra
2589 2457 2926 2528 perspicuam
2964 2457 3232 2514 rationem
3252 2500 3268 2524 ,
3294 2467 3482 2514 contra
3521 2458 3784 2514 honorem

2193 2547 2310 2612 Dei,
2332 2557 2517 2604 contra
2539 2549 2806 2618 exempla,
2829 2557 3015 2605 contra
3040 2551 3343 2607 testimonia
3366 2561 3782 2623 praceptorum,

2191 2650 2379 2697 contra
2403 2642 2788 2712 expositionem
2813 2642 3138 2712 judiciorum
3159 2684 3175 2710 ,
3203 2643 3344 2715 quod
3373 2644 3592 2700 libuerit
3621 2644 3784 2701 licere

2193 2746 2471 2803 respuere,
2501 2742 2556 2788 et
2579 2733 2720 2804 quod
2749 2733 3029 2790 delectarit
3053 2748 3347 2792 assumere.

2262 2843 2400 2900 Auc.
2440 2841 2712 2900 Sententia
2743 2844 3024 2916 Propheta
3051 2860 3117 2900 ex
3137 2853 3288 2916 parte
3311 2845 3452 2900 nulla
3484 2846 3777 2902 mentitur:

2191 2933 2286 2990 sed
2318 2943 2375 2989 tu
2403 2949 2509 2990 non
2553 2935 2856 3006 intelligens
2899 2935 3041 3007 quod
3083 2951 3179 3006 per
3214 2937 3357 2991 illam
3390 2936 3777 3008 prophetatur,

2191 3035 2249 3080 ut
2275 3040 2380 3080 non
2422 3025 2599 3080 dicam
2624 3027 2868 3082 mentiris
2891 3068 2908 3092 ,
2935 3036 3081 3083 certe
3109 3027 3128 3096 (
3139 3019 3280 3098 quod
3326 3029 3444 3084 sine
3470 3029 3663 3100 injuria
3693 3039 3776 3084 tua

2189 3117 2452 3188 dixerim)
2484 3118 2661 3172 nescis
2681 3117 2806 3188 quid
2838 3118 3091 3189 loquaris.
3123 3119 3256 3174 Nam
3282 3119 3463 3175 ethoc
3481 3121 3624 3190 quod
3645 3120 3776 3175 dicis

2187 3225 2430 3267 asserere
2451 3209 2795 3282 Prophetam.
2823 3229 2844 3262 ι
2872 3210 3030 3265 nullis
3048 3219 3322 3280 parentum
3340 3211 3626 3267 virtutibus
3642 3211 3775 3267 ﬁlios

2187 3300 2492 3367 sublevari;
2531 3319 2550 3354 ι
2583 3301 2851 3370 quomodo
2887 3310 2943 3357 et
2969 3310 3234 3372 quatenus
3269 3302 3578 3373 accipiatur,
3606 3303 3774 3358 inter-

2188 3402 2273 3448 est
2303 3393 2608 3463 plurimum.
2642 3393 2908 3464 Numquid
2947 3394 3088 3448 enim
3119 3408 3216 3448 vos
3259 3396 3502 3466 negatis,
3536 3391 3638 3450 ﬁde
3673 3412 3773 3466 pa-

2186 3491 2399 3539 rentum
2425 3485 2823 3554 regenerandos
2852 3483 3031 3540 oﬁ'erri
3062 3483 3200 3540 ﬁlios
3227 3485 3482 3541 Ecclesia
3513 3486 3691 3549 matri,
3719 3496 3773 3541 et

2184 3573 2530 3644 baptizandos
2561 3574 2816 3630 ministris
2846 3574 2980 3630 Dei?
3017 3575 3294 3642 Quomodo
3321 3590 3452 3646 ergo
3477 3575 3641 3631 nullis
3679 3590 3771 3646 pa-

2184 3677 2398 3724 rentum
2423 3668 2709 3723 virtutibus
2751 3667 2842 3722 ﬁlii
2889 3667 3275 3723 sublevantur?
3317 3667 3396 3722 An
3424 3668 3769 3723 christianam

2184 3758 2344 3814 ﬁdem
2373 3759 2553 3815 dicere
2590 3758 2811 3814 audebis
2858 3757 3056 3815 nullam
3100 3773 3221 3814 esse
3256 3758 3549 3814 virtutem?
3577 3761 3766 3814 Annon

2184 3849 2562 3918 sublevantur,
2596 3865 2716 3904 cum
2766 3850 2818 3904 in
2865 3849 2961 3906 Dei
3005 3866 3226 3922 regnum
3275 3865 3382 3906 non
3430 3852 3588 3907 aliter
3612 3869 3767 3923 quam

2183 3941 2374 3997 eadem
2401 3942 2801 4012 regeneratione
2842 3942 3156 3997 mittuntur?
3185 3942 3240 3998 In
3281 3944 3411 4014 ipsis
3433 3959 3649 4015 quoque
3675 3945 3766 4001 be-

2183 4031 2389 4088 neﬁciis
2427 4032 2809 4104 temporalibus
2836 4048 3001 4103 quare
3029 4033 3225 4089 dicitur
3259 4033 3327 4089 ad
3349 4033 3517 4102 Isaac,
3556 4035 3766 4091 Faciant

2181 4123 2272 4178 tibi
2297 4133 2504 4196 propter
2543 4125 2800 4179 Abraham
2844 4135 3038 4196 patrem
3065 4135 3207 4180 tuum
3231 4127 3251 4196 (
3273 4125 3401 4180 Gen.
3446 4143 3595 4195 xxvt,
3624 4128 3766 4201 24)?

2180 4215 2358 4282 Quare
2387 4215 2544 4270 etiam
2583 4215 2718 4270 Loth
2771 4217 2910 4271 ﬁlius
2961 4215 3142 4273 fratris
3175 4217 3406 4274 Ahraba
3429 4262 3445 4286 ,
3479 4222 3657 4292 palmi
3686 4223 3763 4278 sui

2179 4307 2390 4363 meritis
2413 4306 2696 4377 adjuvatur
2717 4306 2738 4381 (
2756 4307 2842 4362 Id.
2873 4324 2966 4364 xiv
2991 4317 3037 4363 et
3066 4325 3154 4363 xIx
3171 4309 3211 4381 ),
3236 4311 3279 4365 si
3303 4311 3463 4366 nullis
3485 4324 3759 4383 parentum

2177 4390 2461 4452 virtutibus
2488 4396 2582 4451 ﬁlii
2627 4397 3007 4454 sublevantur?
3036 4398 3212 4466 Quare
3254 4409 3528 4472 postremo
3557 4411 3615 4458 et
3639 4419 3757 4474 pro-

2177 4497 2297 4559 pter
2323 4496 2535 4558 peccata
2576 4488 2878 4545 Salomonis
2919 4490 3028 4545 ﬁlio
3072 4491 3188 4562 ejus
3217 4507 3439 4562 regnum
3468 4496 3754 4561 minuitur,

2176 4589 2232 4634 et
2259 4587 2477 4651 propter
2506 4579 2643 4635 bona
2675 4581 2862 4636 merita
2895 4581 3056 4637 David
3089 4597 3193 4637 non
3223 4591 3391 4639 totum
3425 4585 3634 4641 tollitur
3660 4590 3680 4658 (
3697 4587 3754 4643 lll

2176 4669 2304 4743 Reg.
2335 4687 2409 4737 xi,
2434 4672 2662 4743 11-15),
2690 4674 2732 4728 si
2759 4674 2919 4729 nullis
2944 4676 3175 4744 peccatis
3203 4686 3486 4747 parentum
3518 4678 3612 4734 ﬁlii
3639 4695 3755 4751 gra-

2175 4772 2398 4829 vantur,
2431 4773 2521 4818 aut
2547 4765 2708 4820 nullis
2727 4765 3009 4821 virtutibus
3037 4767 3430 4825 sublevantur?
3454 4769 3628 4826 Homo
3655 4773 3747 4826 lin-

2172 4862 2352 4924 guate,
2381 4869 2487 4910 non
2515 4855 2752 4921 cordate,
2778 4857 2876 4912 ista
2908 4857 3156 4914 discerne
3186 4879 3199 4914 :
3231 4859 3319 4916 hic
3348 4863 3490 4929 vide,
3514 4865 3558 4918 si
3586 4875 3751 4934 potes,

2171 4945 2298 5016 quid
2321 4961 2414 5016 per
2432 4945 2767 5004 Ezechielem
2788 4947 2947 5005 fuerit
2976 4951 3368 5021 prophetatum.
3397 4954 3452 5010 In
3474 4966 3662 5027 aperto
3678 4968 3753 5013 est

2171 5045 2314 5100 enim
2338 5087 2353 5113 ,
2381 5060 2482 5101 nec
2509 5055 2712 5116 patrem
2743 5063 2848 5101 non
2892 5059 3266 5118 regeneratum
3311 5051 3504 5108 obesse
3532 5053 3641 5107 ﬁlio
3666 5069 3747 5109 re-

2171 5145 2458 5206 generato,
2488 5137 2555 5193 ad
2584 5138 2965 5208 capessendam
3010 5139 3173 5195 vitam
3221 5151 3476 5197 aternatn
3497 5184 3512 5210 ,
3546 5143 3616 5199 de
3653 5159 3749 5216 qua

2173 5229 2373 5284 dictum
2400 5237 2503 5293 est,
2533 5228 2635 5283 vita
2657 5229 2819 5296 vivet;
2846 5244 2943 5286 nec
2971 5238 3172 5300 patrem
3199 5219 3570 5299 regeneratum
3599 5236 3750 5305 prod-

2170 5333 2292 5376 esse
2313 5319 2378 5375 ad
2403 5318 2507 5375 hoc
2531 5320 2705 5390 ipsum
2733 5320 2842 5376 ﬁlio
2872 5337 2976 5377 non
3016 5333 3362 5393 regenerato;
3391 5341 3490 5382 nec
3518 5328 3745 5384 vicissim

2169 5410 2335 5468 ﬁlium
2356 5411 2491 5482 patri
2509 5421 2600 5466 aut
2621 5411 2876 5482 prodesse
2893 5423 3266 5484 regeneratum
3289 5431 3393 5472 non
3411 5428 3744 5490 regenerato,

2230 5589 2249 5653 ξ
2284 5589 2359 5640 sic
2378 5595 2490 5653 iis.
2512 5594 2568 5639 At
2589 5587 2707 5653 editi
2725 5623 2741 5650 ,
2765 5587 3106 5653 reclamant
3121 5591 3346 5653 spiritum
3363 5591 3596 5648 mm.

2229 5651 2251 5713 ξ
2285 5651 2575 5713 vignierius,
2609 5650 2732 5711 loco,
2756 5651 2842 5702 sed
2865 5652 2932 5713 in.
2957 5650 3292 5712 substituent.
3338 5653 3448 5707 nisi.

2230 5712 2253 5745 ³
2275 5712 2453 5761 Versus
2473 5712 2615 5782 isthic
2628 5713 2726 5782 duo
2740 5715 3061 5782 restituuntur
3077 5729 3140 5765 ex
3175 5723 3300 5779 Mss,
3325 5729 3504 5781 nempe
3525 5729 3557 5768 ι
3575 5717 3743 5782 veho,

2168 5787 2281 5841 qua,
2301 5787 2458 5841 usque
2474 5775 2532 5824 ad
2557 5778 2776 5841 verbum,
2797 5776 3038 5841 mentitur.

2234 5837 2257 5870 δ
2270 5827 2431 5889 'codex
2461 5844 2611 5895 P0t't..
2632 5839 2718 5891 sed
2737 5827 3014 5893 excedentis
3033 5853 3238 5894 sensum.
