4062 6498
260 317 408 376 1275

1605 300 1809 357 LIBER
1846 297 2159 356 TERTIUS.

259 442 356 487 aut
384 430 577 485 obesse
604 441 707 481 non
736 402 1102 496 regeneratum
1146 428 1462 491 regenerato
1484 459 1500 483 ,
1534 425 1592 472 ut
1620 416 1710 472 ille
1738 414 1845 469 vita

3402 317 3534 372 £274

1957 423 2388 484 argumentorum
2434 429 2642 477 tuorum
2688 422 2923 496 prodigia
2954 422 3250 494 incutiunt,
3294 431 3533 500 quamvis

256 526 427 591 vivat,
450 523 532 577 vel
556 522 655 575 iste
676 527 848 573 morte
866 516 1141 571 moriatur.
1172 514 1229 571 Si
1248 522 1424 568 autem
1447 511 1547 568 ista
1568 525 1673 567 non
1695 517 1845 578 potes
1952 516 2146 562 moesto
2171 509 2370 577 animo,
2398 513 2736 569 cachinnum.

258 617 447 671 videre
470 656 485 679 ,
514 628 610 667 cur
633 626 731 666 nec
759 610 975 664 tacere?

329 707 462 765 Llll.
501 705 618 761 JUL.
660 703 790 771 Quis
818 712 871 757 tu
896 716 976 768 es,
1006 702 1094 771 qui
1116 708 1283 755 uestro
1307 696 1587 753 Marcionis
1607 691 1843 749 concita-

255 812 347 857 tus
372 801 390 831 ¹
422 800 474 852 in
503 795 768 852 excidium
810 794 1075 864 aequitatis
1119 789 1421 860 irrumpas?
1458 787 1547 858 qui
1573 785 1671 840 sub
1712 798 1843 838 cen-

256 907 441 949 suram
494 890 687 958 linguze
738 896 839 939 tua:
886 885 1155 956 mysteriis
1206 882 1381 937 adhuc
1424 877 1839 935 Manichaeorum

253 984 474 1040 lubrica:
497 1024 513 1047 ,
548 980 637 1034 Dei
668 988 774 1032 tam
805 976 1008 1031 Judicia
1037 990 1192 1046 quam
1222 980 1486 1044 praecepta
1513 966 1842 1036 compellas?

250 1075 425 1134 Nemo
450 1074 551 1129 hoc
576 1086 808 1139 unquam
842 1068 1047 1134 facere,
1080 1060 1179 1121 nisi
1211 1066 1299 1135 qui
1327 1063 1471 1133 prius
1500 1076 1561 1116 ea
1591 1058 1837 1130 negavit,

250 1180 537 1239 aggressus
547 1162 732 1219 est.Tu
752 1166 1124 1216 testamentum
1144 1153 1405 1225 Dei,quod
1422 1154 1578 1218 ratio,
1599 1150 1837 1221 aequitas,

252 1258 450 1329 pietas,
472 1255 685 1320 veritas,
714 1251 817 1306 ﬁde
842 1248 1197 1305 scribentibus
1221 1244 1521 1314 Prophetis,
1543 1242 1694 1313 quasi
1723 1240 1841 1311 qui-

256 1349 383 1405 dam
400 1361 666 1403 sacrorum
686 1345 897 1399 testium
915 1341 1046 1397 ordo
1064 1337 1533 1411 signavit,audebis
1548 1333 1840 1390 Manichaeo

257 1448 479 1494 auctore
508 1450 847 1507 perrumpere
876 1434 919 1486 '.
945 1432 1081 1488 Olim
1109 1440 1163 1485 et
1188 1427 1551 1498 intelligentia:
1580 1426 1838 1491 sanctita-

253 1540 390 1597 tent,
416 1538 470 1585 et
494 1528 763 1600 religionis
784 1526 1012 1596 speciem
1042 1522 1338 1594 perdidisti,
1362 1522 1405 1576 si
1421 1515 1529 1575 hac
1552 1517 1834 1581 sententia,

249 1638 376 1693 quae
416 1622 555 1693 apud
595 1619 927 1675 Ezechielem
966 1628 1085 1681 est,
1127 1614 1359 1671 traducis
1403 1622 1506 1667 tuae
1553 1618 1707 1683 putes
1747 1618 1837 1665 aut

257 1715 511 1771 auxilium
541 1712 785 1783 reperiri,
815 1720 906 1764 aut
934 1709 1155 1764 exitium
1185 1722 1291 1760 non
1323 1704 1513 1760 teneri.

327 1809 462 1862 Anc.
488 1805 756 1875 Spatiatur
774 1800 1066 1873 loquacitas
1090 1799 1281 1869 inopiae
1307 1799 1521 1867 copiosa
1549 1797 1594 1864 ³,
1622 1795 1711 1851 ubi
1726 1808 1834 1850 non

255 1900 512 1963 cernitur,
535 1897 621 1952 vel
646 1897 805 1951 etiam
836 1895 880 1950 si
906 1893 1161 1959 cernitur,
1194 1891 1465 1961 spernitur
1493 1890 1722 1953 veritas;
1747 1886 1836 1943 ubi

254 2002 342 2050 est
367 2008 471 2047 non
500 1986 1099 2045 verborumvanissima
1123 2026 1137 2049 ,
1188 1983 1280 2039 sed
1331 1997 1512 2038 rerum
1538 1980 1836 2037 certissima

255 2086 431 2156 copia.
462 2080 621 2137 Aliud
663 2088 746 2137 est
791 2080 1026 2134 directus
1069 2076 1368 2140 veridicus,
1414 2073 1558 2129 aliud
1605 2073 1836 2128 disertus

251 2174 547 2234 maledicus
570 2171 616 2226 δ.
648 2170 914 2241 Propheta
945 2169 1068 2223 ﬁliis
1090 2178 1145 2223 et
1174 2167 1412 2238 patribus
1441 2181 1564 2222 suas
1588 2165 1725 2219 vitas
1745 2179 1835 2220 se-

247 2266 475 2339 paratim
502 2263 821 2319 ducentibus
839 2276 965 2316 vera
988 2260 1117 2315 dicit
1148 2276 1161 2313 :
1202 2267 1255 2313 tu
1288 2257 1698 2312 Manichaeorum
1733 2270 1833 2310 no-

247 2361 394 2417 mine
418 2356 711 2414 Catltolicis
740 2356 1061 2425 Prophetam
1090 2361 1240 2409 recte
1270 2349 1686 2421 intelligentibus
1728 2347 1834 2403 Pe-

246 2453 455 2524 lagiana
482 2450 631 2506 rabie
659 2448 951 2505 maledicis.

320 2541 455 2599 LIV.
483 2540 601 2597 JUL.
633 2540 885 2611 Iniquitas
910 2539 1089 2609 iniqui,
1121 2538 1309 2608 inquit,
1340 2552 1493 2606 super
1507 2544 1661 2606 caput
1682 2536 1793 2605 ejus
1813 2550 1834 2589 :

248 2650 651 2707 unumquemque
699 2642 919 2688 vestrum
962 2632 1238 2687 secundum
1269 2631 1375 2684 uias
1414 2645 1533 2683 suas
1565 2627 1829 2699 judicabo.

248 2728 381 2785 Non
408 2728 681 2782 morientur
706 2733 874 2796 patres
907 2739 999 2795 pro
1027 2722 1150 2791 filiis
1172 2762 1188 2787 ,
1225 2737 1385 2790 neque
1410 2719 1504 2789 ﬁlii
1530 2735 1623 2791 pro
1648 2734 1834 2789 paren-

246 2820 382 2876 tibus
409 2834 429 2875 :
448 2819 637 2885 anima,
670 2816 859 2888 inquit,
881 2831 995 2887 qua
1018 2825 1223 2885 peccat,
1249 2813 1363 2884 ipsa
1386 2812 1629 2867 morietur
1660 2827 1679 2865 :
1706 2826 1834 2880 quo-

247 2912 389 2967 niam
417 2926 586 2964 omnes
615 2909 798 2962 anima
839 2922 963 2961 mea
994 2914 1109 2961 sunt
1134 2946 1150 2973 ,
1177 2919 1578 2973 unumquemque
1604 2918 1697 2974 pro
1726 2902 1833 2958 suis

245 3001 593 3073 iniquitatibus
612 2998 874 3069 judicabo.

320 3096 457 3150 Auc.
489 3093 629 3147 Deus
671 3090 760 3161 qui
791 3090 907 3143 haec
943 3087 1092 3152 dicit,
1124 3087 1240 3158 ipse
1268 3095 1351 3141 est
1383 3085 1522 3142 Deus
1544 3087 1635 3156 qui
1661 3085 1829 3152 dicit,

248 3184 481 3242 Reddam
505 3191 711 3255 peccata
739 3190 939 3250 patrum
957 3180 1011 3233 in
1037 3178 1190 3248 ﬁlios.
1216 3177 1328 3232 Nisi
1356 3177 1683 3232 intellexeris
1702 3191 1834 3247 quo-
1861 3168 1865 3171 “

246 3273 408 3331 modo
432 3278 717 3343 utrumque
758 3274 828 3325 sit
863 3284 1071 3335 verum,
1117 3267 1264 3323 nullo
1294 3266 1451 3322 modo
1480 3268 1668 3322 credas
1698 3267 1830 3322 Pro—

247 3364 462 3436 phetam
484 3373 537 3420 te
552 3361 880 3420 intellexisse
896 3360 1204 3425 veridicum,
1225 3358 1554 3429 quantalibet
1584 3366 1633 3413 te
1659 3358 1831 3429 patiar

249 3455 570 3526 loquacitate
599 3452 938 3508 maledicum.

326 3546 438 3604 LV.
469 3545 586 3602 Jun.
616 3546 695 3600 En
723 3544 807 3599 cui
846 3543 985 3609 luci,
1026 3540 1114 3597 cui
1162 3540 1360 3612 populo
1402 3539 1784 3594 sententiarum
1811 3580 1831 3607 ,

254 3639 344 3696 eui
374 3636 615 3708 dignitati
654 3634 973 3705 judiciorum
999 3630 1190 3687 tradux
1219 3638 1308 3685 tua
1337 3639 1393 3685 et
1422 3630 1723 3684 convicium
1753 3629 1832 3683 fa-

253 3746 382 3789 cere
407 3744 513 3785 non
542 3729 721 3792 timet,
754 3735 808 3783 et
831 3734 1057 3781 conatur
1080 3724 1277 3779 inferre
1305 3721 1695 3792 praeiudicium.
1735 3720 1833 3776 Hic

256 3825 476 3882 dubium
530 3836 635 3877 non
683 3830 800 3887 est,
845 3819 968 3890 quia
998 3833 1104 3872 non
1142 3825 1196 3871 te
1221 3814 1417 3885 pudeat
1445 3813 1577 3868 illud
1607 3812 1786 3868 dicere
1812 3853 1828 3878 ,

249 3915 394 3988 quod
424 3913 630 3968 videtur
658 3911 921 3980 reliquum
939 3950 954 3975 ,
991 3907 1044 3962 id
1070 3915 1171 3972 est,
1199 3914 1259 3960 ut
1288 3903 1613 3974 respondeas
1652 3917 1835 3959 veram

248 4006 569 4079 Propheta},
611 4003 721 4057 imo
760 4000 854 4056 Dei
887 4014 984 4071 per
1025 3997 1341 4067 Prophetam
1382 3996 1437 4061 ⁵,
1467 4009 1589 4049 esse
1616 4001 1833 4049 senten-

246 4103 375 4158 tiam
400 4142 417 4168 ,
472 4094 888 4167 insuperabilem
927 4091 1246 4163 prudentum
1285 4089 1576 4151 rationem,
1603 4101 1707 4157 qua
1735 4086 1835 4141 do-

248 4204 402 4251 cetur
429 4190 842 4263 iniquissimum,
875 4195 937 4241 ut
964 4192 1177 4257 peccata
1207 4190 1486 4254 parentum
1516 4179 1640 4236 ﬁliis
1665 4181 1839 4250 impu-

256 4294 459 4340 tentur.

328 4376 463 4432 Anc.
494 4373 785 4436 Erubesce,
815 4378 872 4425 tu
901 4382 961 4424 es
986 4365 1381 4437 iniquissimus:
1405 4378 1527 4418 nam
1558 4362 1649 4433 qui
1674 4360 1831 4429 dixit,

256 4469 492 4527 Reddam
520 4475 725 4539 peccata
754 4471 953 4535 patrum
980 4462 1035 4515 in
1064 4460 1215 4530 ﬁlios,
1250 4473 1356 4513 non
1384 4464 1468 4511 est
1496 4456 1727 4525 iniquus.

327 4560 466 4618 LVI.
495 4559 613 4615 Jun.
640 4557 748 4612 Nec
772 4566 826 4612 te
855 4556 957 4611 hoc
988 4562 1196 4624 putare,
1222 4551 1345 4621 quia
1371 4558 1522 4605 reatu
1547 4546 1838 4603 voluntatis

251 4654 460 4713 semina
519 4650 757 4707 omnium
797 4647 1069 4702 hominum
1122 4644 1426 4715 polluantur
1476 4659 1489 4696 :
1528 4639 1623 4696 sed
1661 4647 1837 4694 tamen

250 4750 389 4806 hanc
414 4745 677 4818 justitiam
726 4743 778 4797 in
821 4740 951 4797 Adae
995 4739 1160 4795 solius
1206 4734 1430 4791 crimine
1479 4748 1584 4787 non
1620 4732 1836 4796 valere;

250 4842 417 4914 ipsius
447 4853 614 4894 unum
644 4849 765 4892 esse
793 4839 1067 4905 peccatum
1095 4871 1109 4897 ,
1137 4826 1281 4899 quod
1320 4824 1570 4880 omnibus
1608 4823 1836 4894 impute-

253 4944 358 4991 tur.
392 4932 469 4988 Ad
496 4929 640 5003 quod
666 4943 787 4999 ego,
812 4925 940 4997 quid
971 4923 1117 4995 prius
1145 4920 1323 4976 facere
1350 4916 1575 4973 debeam
1615 4914 1835 4971 nescio:

252 5027 549 5089 rideamne,
571 5019 714 5093 quod
744 5018 958 5088 ineptiae
982 5015 1200 5085 exigunt
1220 5007 1554 5081 singulares?
1579 5006 1672 5063 sed
1699 5006 1840 5062 mul-

256 5128 433 5172 torum
462 5114 691 5188 perditio
716 5125 855 5185 quos
890 5108 1134 5179 decipitis
1159 5148 1175 5172 ,
1227 5102 1621 5160 miserationem
1651 5115 1843 5171 exspe-

258 5219 372 5267 ctat
400 5219 454 5265 et
480 5209 760 5281 lacrymas.
787 5205 939 5264 Serio
958 5216 1087 5275 ergo
1111 5213 1344 5256 mturare
1372 5195 1625 5252 conﬁciar
1644 5193 1666 5226 ⁸
1696 5193 1720 5248 l
1746 5192 1841 5250 sed

324 5346 343 5377 ³
377 5343 498 5393 Editi
538 5349 590 5393 et
633 5341 728 5392 duo
765 5348 892 5399 uss,
927 5335 1071 5390 vestri
1120 5330 1377 5399 Marcionis
1403 5336 1525 5399 testu
1552 5328 1840 5399 concitatus.

256 5411 409 5457 vetus
432 5404 591 5454 codex
614 5411 755 5464 Port.,
783 5393 938 5460 caret,
961 5406 1099 5458 testu,
1112 5406 1165 5449 et
1184 5398 1307 5458 loco,
1326 5393 1658 5455 aestimabat,
1680 5398 1841 5444 ποετ-ο.

323 5471 345 5501 ³
371 5469 444 5518 sic
466 5474 571 5531 Mss.
598 5468 835 5531 At_V’ign.,
857 5473 1192 5527 prorumpere.

319 5532 342 5565 ³
374 5538 520 5591 ροηη
542 5526 701 5593 inopia
1048 5583 1062 5593 _
1211 5582 1226 5593 _
1420 5581 1451 5593 η

316 5593 355 5657 ιΔ
544 5576 769 5657 optauit;
782 5576 860 5639 ’sic
891 5587 1017 5657 forte
1048 5582 1314 5657 legendum
1336 5596 1350 5633 :
1376 5581 1509 5634 Alius
1534 5585 1606 5633 est
1638 5576 1846 5633 disarm

316 5604 356 5666 ⁵.
376 5604 512 5655 Vtgn.
538 5604 767 5704 ﬁrmatur
789 5604 860 5639 διο
891 5604 1017 5638 torte
1048 5604 1314 5657 regem

252 5653 516 5718 mdia»:
586 5666 665 5721 ws
688 5652 898 5721 disertus
1266 5652 1321 5721 ii:

315 5705 437 5775 (sic
596 5715 892 5775 Vignierim,
922 5709 1023 5763 imo
1062 5709 1151 5762 Dei
1194 5705 1500 5773 Prophetas.

315 5789 338 5822 ο
362 5792 513 5851 θοι-ιη
544 5788 785 5848 conamur.

2021 620 2156 675 Auc.
2185 622 2278 677 Dic
2303 625 2445 694 quod
2475 627 2712 683 dicturus
2731 644 2811 697 es,
2843 632 3052 702 egregie
3080 640 3382 699 corrector;
3428 649 3532 703 quo

1949 721 2168 769 auctore
2197 715 2450 787 deceptor
2478 730 2560 774 est
2588 722 2884 777 credendus
2928 724 3235 780 Ambrosius
3260 768 3276 793 ,
3321 726 3387 781 de
3427 743 3532 797 quo

1949 805 2022 859 ait
2049 806 2294 877 Pelagius
2318 812 2571 879 magister
2597 823 2737 879 tuus,
2770 815 2910 885 quod
2939 816 3053 886 ejus
3084 817 3265 886 ﬁdem,
3284 829 3336 873 et
3356 819 3529 889 puris-

1948 898 2141 953 simum
2196 900 2248 953 in
2304 900 2593 973 Scripturis
2643 921 2857 960 sensum
2911 924 2979 963 ne
3021 908 3267 965 inimicus
3314 911 3528 980 quidem

1948 1002 2111 1043 ausus
2139 998 2221 1044 est
2261 991 2660 1061 reprehendere
2704 994 2803 1067 (ιι).
2848 997 2927 1052 Tu
2978 1013 3099 1053 eum
3149 999 3479 1069 reprehende
3511 1042 3527 1059 .

1948 1076 2139 1135 fortior
2188 1081 2328 1135 enim
2386 1097 2445 1137 es
2497 1093 2656 1155 atque
2712 1090 2981 1156 potentior
3042 1089 3287 1146 inimicus
3356 1093 3529 1146 crucis

1946 1168 2141 1225 Christi
2166 1213 2181 1238 ,
2214 1188 2374 1243 quam
2402 1175 2447 1228 si
2475 1189 2622 1230 esses
2658 1176 2907 1233 inimicus
2938 1180 3204 1235 Ambrosii
3229 1198 3244 1247 ;
3271 1182 3527 1237 audacius

1947 1261 2153 1317 invides
2179 1264 2362 1333 gratia:
2389 1265 2505 1331 Dei,
2537 1282 2694 1336 quam
2721 1270 2765 1322 si
2788 1270 3051 1325 invideres
3078 1272 3150 1326 illi
3178 1273 3378 1328 homini
3404 1274 3520 1329 Dei.

1945 1352 2302 1423 Reprehende
2320 1397 2336 1423 ,
2368 1357 2583 1427 inquam
2601 1400 2616 1425 ,
2647 1360 2807 1415 irride
2835 1362 2850 1392 ¹
2880 1362 3193 1433 exagitando
3216 1404 3231 1429 ,
3259 1363 3397 1418 deﬁe
3423 1364 3525 1419 do-

1943 1443 2104 1501 lendo
2132 1464 2145 1500 :
2170 1456 2319 1516 potes
2357 1449 2500 1503 enim
2526 1450 2577 1504 vi
2608 1466 2796 1521 magna
2826 1453 3143 1523 eloquentiae
3170 1456 3222 1507 in
3254 1455 3525 1509 urbanita-

1944 1544 2051 1592 tem
2100 1538 2295 1594 ducere
2343 1541 2631 1597 vanitatem
2686 1551 2867 1607 tuam,
2900 1552 2955 1599 et
3001 1546 3054 1599 in
3105 1546 3526 1601 misericordiam

1943 1628 2324 1700 transﬁgurare
2349 1634 2673 1688 vecordiam.
2694 1635 2788 1690 Dic
2808 1651 2936 1706 ergo
2957 1638 3103 1691 illum
3121 1638 3294 1692 virum
3322 1653 3528 1694 errasse

1942 1720 2285 1790 deformiter,
2317 1724 2614 1795 desipuisse
2645 1725 2950 1795 infeliciter,
2977 1727 3293 1783 afﬁrmando
3320 1729 3526 1784 discor-

1942 1811 2084 1867 diam
2116 1815 2562 1885 concupiscentia:
2588 1818 2767 1874 carnis
2790 1828 2845 1874 et
2873 1819 3089 1889 spiritus
3115 1818 3169 1874 in
3199 1827 3441 1874 naturam
3459 1834 3523 1873 ex

1941 1902 2101 1974 primi
2133 1903 2365 1960 hominis
2392 1908 2829 1979 praevaricatione
2850 1910 3074 1965 vertisse
3099 1909 3239 1980 (Lib.
3265 1911 3295 1963 7
3324 1910 3377 1963 in
3397 1909 3524 1963 Luc.

1941 2010 2038 2059 xu,
2072 1996 2185 2068 52).
2217 1998 2345 2065 Quis
2375 1999 2518 2054 enim
2552 2001 2668 2056 sine
2710 2001 2799 2056 illa
2830 2005 3086 2069 nascitur",
3119 2019 3183 2059 ex
3215 2019 3320 2074 quo
3345 2017 3527 2073 cmpe-

1942 2098 2071 2144 runt
2112 2090 2353 2146 homines
2396 2093 2542 2147 nasci
2570 2134 2586 2160 ,
2632 2095 2899 2150 nascendo
2928 2096 3109 2165 utique
3135 2096 3186 2150 in
3213 2110 3374 2150 carne
3400 2110 3524 2164 pec-

1942 2179 2087 2234 cati?
2112 2178 2217 2235 Sed
2246 2190 2304 2236 tu
2337 2182 2499 2238 homo
2527 2184 2889 2252 acutissimus,
2920 2201 3025 2240 non
3056 2186 3283 2241 credens
3319 2186 3422 2240 tale
3462 2200 3526 2239 ac

1945 2278 2149 2325 tantum
2172 2272 2299 2326 illud
2322 2271 2488 2328 fuisse
2509 2283 2806 2343 peccatum,
2824 2285 2880 2330 ut
2907 2285 3088 2345 posset
3115 2276 3169 2330 in
3198 2280 3298 2330 hoc
3327 2276 3523 2331 malum

1944 2370 2069 2417 tunc
2089 2363 2257 2433 ipsam
2284 2374 2490 2420 mutare
2514 2376 2790 2435 naturam,
2827 2382 3055 2438 eamque
3087 2365 3370 2421 ineﬂabilis
3395 2381 3528 2435 apo~

1940 2455 2118 2510 etesiae
2160 2457 2352 2511 merito
2394 2458 2570 2512 facere
2612 2472 2733 2512 cum
2773 2458 2937 2528 stirpe
2989 2457 3373 2523 damnandam;
3426 2458 3527 2513 hoc

1941 2547 2083 2618 quod
2110 2562 2297 2603 omnes
2325 2549 2491 2604 sobrii
2522 2550 2720 2604 malum
2751 2550 3010 2617 sentiunt,
3039 2549 3236 2605 malum
3266 2548 3523 2619 iudicant,

1938 2637 2119 2693 ebrius
2172 2639 2456 2710 Pelagiano
2501 2639 2750 2711 dogmate
2794 2640 2991 2695 asseris
3034 2640 3253 2695 bonum.
3300 2640 3525 2695 Mirabili

1939 2730 2082 2784 enim
2111 2729 2353 2785 facundia
2384 2740 2535 2801 potes
2554 2772 2571 2799 ,
2599 2746 2717 2786 eam
2746 2746 2905 2802 quam
2943 2731 3113 2786 sancti
3151 2739 3403 2786 accusant
3429 2746 3525 2800 ge-

1938 2820 2176 2888 mitibus,
2205 2830 2259 2876 tu
2286 2821 2529 2877 laudibus
2558 2837 2751 2878 ornare
2774 2821 3067 2887 libidinem,
3101 2830 3154 2877 et
3181 2822 3340 2877 talem
3369 2837 3525 2893 pror-

1938 2928 2051 2981 sus,
2082 2914 2254 2985 qualis
2290 2923 2345 2970 et
2384 2930 2524 2970 nunc
2562 2924 2679 2983 est,
2723 2930 2783 2971 se
2811 2915 3014 2971 scilicet
3041 2914 3345 2970 nolentibus
3373 2914 3525 2985 inge-

1937 3013 2170 3071 rentem,
2191 3014 2246 3061 et
2263 3004 2330 3060 ad
2355 3016 2623 3061 certamen
2650 3015 3026 3076 provocantem
3054 3006 3214 3061 corda
3235 3014 3524 3071 castorum,

1937 3108 2188 3170 tanquam
2214 3098 2507 3154 formosum
2532 3108 2585 3154 et
2604 3096 2874 3154 amomum
2898 3098 3119 3168 lignum,
3136 3099 3343 3152 etiamsi
3369 3112 3527 3152 nemo

1939 3192 2011 3248 ibi
2044 3200 2335 3263 peccasset,
2366 3191 2506 3246 inter
2532 3190 2765 3262 peradisi
2812 3205 3031 3245 nemora
3074 3190 3355 3245 collocare.
3384 3189 3522 3243 Eru-

1937 3283 2098 3339 besce
2120 3325 2135 3349 ,
2187 3282 2458 3339 beatitudo
2503 3282 2933 3354 Pelagianorum;
2962 3291 3017 3338 et
3044 3281 3168 3337 vide
3192 3297 3297 3353 quo
3321 3281 3525 3353 fugias,

1938 3377 2061 3447 quia
2092 3376 2224 3430 casti
2252 3384 2305 3430 te
2334 3373 2562 3445 fugiunt.

2010 3486 2167 3543 LVll.
2199 3487 2320 3543 lca.
2348 3487 2481 3556 Quis
2508 3487 2651 3543 enim
2679 3487 2805 3551 hoc,
2837 3488 2881 3543 si
2907 3486 3034 3558 quid
3058 3487 3254 3543 smculo
3283 3487 3406 3543 huic
3434 3504 3528 3544 su-

1939 3576 2197 3650 perfuerit
2226 3578 2420 3647 anatis,
2452 3578 2815 3632 monumentis
2852 3578 3049 3647 poterit
3071 3577 3293 3634 credere
3320 3579 3527 3635 littera-

1940 3685 2081 3736 rum,
2113 3669 2386 3725 exstitisse
2406 3668 2654 3724 videlicet
2681 3669 2972 3736 hominem,
2996 3670 3085 3739 qui
3105 3670 3352 3727 crederet
3370 3680 3425 3727 et
3444 3673 3529 3742 ju~

1941 3771 2106 3827 raret,
2137 3777 2245 3817 non
2275 3776 2396 3817 esse
2434 3761 2706 3826 naturale,
2736 3760 2877 3831 quod
2919 3770 3064 3816 esset
3104 3764 3372 3829 naturale;
3420 3779 3527 3819 non

1942 3868 2064 3909 esse
2092 3851 2480 3924 generationis,
2509 3851 2648 3920 quod
2679 3860 2823 3906 esset
2850 3848 3241 3921 generationis;
3271 3868 3376 3908 non
3406 3869 3530 3923 per-

1944 3945 2114 4000 tinere
2153 3943 2219 3998 ad
2264 3942 2624 3999 conditionem
2672 3952 2982 4013 parentum,
3032 3942 3173 4014 quod
3211 3944 3277 3998 ad
3325 3946 3531 4015 aliquos

1945 4051 2052 4091 non
2081 4036 2150 4091 ob
2178 4034 2324 4091 aliud
2353 4034 2666 4106 pertineret,
2710 4033 2811 4089 nisi
2841 4035 2962 4104 quia
2990 4033 3215 4090 fuissent
3241 4045 3487 4106 parentes
3506 4037 3532 4091 γ

1945 4128 2081 4185 Puto
2108 4127 2249 4199 quod
2274 4125 2498 4182 conﬁcta
2527 4126 2663 4192 haec,
2694 4126 2864 4196 magis
2891 4141 3047 4197 quam
3076 4127 3144 4181 ab
3169 4128 3289 4182 uilis
3313 4127 3530 4183 defensa

1947 4220 2263 4276 mortalibus
2281 4261 2298 4288 ,
2327 4219 2615 4275 arbitretur
2650 4228 2897 4274 secutura
2925 4220 3219 4289 generatio.
3253 4220 3360 4277 Hos
3386 4222 3528 4277 enim

1948 4322 2179 4376 natatus.
2224 4322 2278 4367 et
2320 4312 2415 4367 has
2457 4325 2702 4376 nauseas,
2736 4318 2894 4380 atque
2933 4310 3032 4365 hos
3064 4312 3314 4379 vomitus,
3356 4320 3531 4366 vestra

1948 4407 2093 4462 natio
2135 4406 2373 4476 fidesque
2418 4405 2730 4476 perpetitur,
2777 4403 2866 4474 qui
2913 4403 3119 4472 dicitis,
3165 4403 3284 4460 Non
3313 4412 3535 4476 possunt

1949 4509 2227 4571 parentum
2266 4509 2483 4570 peccata
2512 4497 2577 4553 ad
2610 4497 2747 4552 ﬁlios
2785 4497 3067 4552 decurrere
3109 4513 3206 4569 per
3246 4508 3489 4553 naturam
3516 4538 3533 4564 ,

1948 4595 2071 4666 quia
2097 4609 2183 4647 res
2208 4592 2409 4646 arbitrii
2442 4590 2734 4645 seminibus
2758 4606 2862 4645 non
2892 4591 3115 4660 ligatur;
3143 4589 3237 4645 sed
3260 4599 3533 4661 peccatum

1949 4685 2099 4750 Adae,
2129 4683 2268 4754 quod
2308 4682 2374 4737 de
2411 4682 2681 4737 voluntate
2719 4690 3036 4751 conceptum
3080 4690 3198 4747 est,
3249 4682 3437 4737 transit
3484 4683 3535 4738 in

1950 4793 2139 4834 omnes
2169 4777 2413 4831 homines
2441 4790 2537 4845 per
2562 4770 2826 4840 naturam,
2865 4775 2985 4845 quia
3032 4790 3119 4830 res
3142 4774 3346 4830 arbitrii
3373 4775 3535 4829 semi-

1952 4871 2108 4926 nibus
2139 4870 2336 4941 illigata
2366 4877 2449 4924 est
2479 4887 2492 4923 :
2524 4883 2630 4923 non
2656 4867 2871 4922 damnat
2897 4868 3057 4923 etiam
3099 4868 3239 4922 Deus
3274 4858 3535 4937 filios'pro

1952 4963 2184 5035 peccatis
2210 4970 2487 5032 parentum
2508 5000 2522 5025 ,
2563 4959 2684 5030 quia
2717 4974 2943 5014 summa:
2979 4958 3270 5028 iniquitatis
3310 4969 3412 5024 est,
3444 4960 3536 5013 sed

1950 5054 2169 5111 damnat
2197 5051 2325 5108 Adae
2352 5061 2598 5123 posteros
2642 5059 2858 5121 propter
2897 5058 3173 5121 peccatum
3215 5059 3491 5121 parentum
3520 5092 3534 5113 ,

1950 5149 2092 5223 quod
2118 5148 2261 5205 nulla
2288 5146 2681 5219 potestjustitia
2713 5145 2971 5199 vindicari
3004 5162 3018 5198 :
3048 5160 3154 5200 non
3189 5145 3413 5215 pertinet
3446 5159 3539 5214 po-

1952 5253 2154 5300 stremo
2203 5240 2269 5297 ad
2319 5238 2680 5296 conditionem
2725 5237 3105 5309 generationis,
3157 5237 3278 5307 quia
3338 5235 3392 5289 hi
3447 5235 3536 5305 qui

1953 5336 2206 5407 conjuges
2251 5342 2412 5397 sunt,
2463 5331 2597 5386 ﬁunt
2637 5339 2915 5401 parentes;
2963 5329 3104 5400 quod
3144 5328 3358 5401 nongob
3395 5324 3537 5380 aliud

1954 5428 2209 5500 pertinuit
2232 5425 2296 5481 ad
2326 5425 2518 5491 Adam,
2547 5423 2652 5480 nisi
2672 5426 2793 5495 quia
2822 5421 3051 5493 coniugii
3090 5421 3206 5492 lege
3245 5420 3537 5490 generavit.

1954 5523 2187 5581 Hoccine
2230 5535 2443 5577 cursum
2482 5517 2783 5592 gubernare
2821 5525 2925 5584 est,
2956 5530 3025 5571 an
3064 5515 3288 5571 natare?
3317 5512 3541 5570 hoccine

2020 5707 2039 5740 ⁸
2076 5705 2152 5755 sic
2171 5710 2278 5752 Mss.
2305 5706 2361 5751 At
2379 5695 2713 5759 Vign.,trade.

1902 5817 1932 5844 ν,
2020 5752 2247 5833 (ai—Vide
2267 5752 2539 5827 supraflin
2563 5761 2629 5811 de
2650 5759 2805 5810 Gratia
2820 5753 3009 5822 Christi,
3033 5768 3117 5808 nn.
3142 5753 3224 5818 ω,
3240 5752 3323 5809 Π.
