4062 6550
579 396 722 452 ιετθ

579 509 813 583 antiquis
837 505 1148 564 criminibus
1183 500 1525 572 impleantur.
1997 551 2011 583 γ,

651 581 789 658 Anc.
838 595 1117 666 Quomodo
1163 593 1460 648 diceremus
1515 585 1686 657 gratia
1728 582 2008 654 justiﬁcari
2035 621 2051 646 ,
2111 581 2166 636 id

583 703 702 762 est,
742 695 916 763 justos
958 687 1112 754 ﬁeri,
1143 685 1189 740 si
1231 696 1454 754 capaces
1481 677 1692 735 virtutis
1730 676 1976 732 homines
2000 689 2163 745 nega-

581 798 762 840 remus
780 783 804 836 ?

648 873 838 930 LXXI.
869 872 987 928 Jun.
1019 870 1257 937 Quorum
1280 874 1458 922 tamen
1484 863 1747 920 scelerum
1773 861 1881 916 vim
1905 901 1922 928 ,
1954 874 2060 914 non
2085 872 2167 913 so-

585 968 695 1022 lum
715 963 1070 1034 expultricem
1093 957 1411 1015 innocentiae
1431 954 1715 1020 naturalis,
1744 949 2124 1009 commentaris
2148 965 2163 1012 ;

586 1072 766 1112 verum
793 1055 954 1111 etiam
985 1053 1238 1121 deinceps
1267 1064 1364 1120 per
1401 1055 1570 1103 totam
1605 1045 1769 1100 vitam
1797 1044 1849 1099 in
1879 1044 2005 1098 vitia
2048 1041 2170 1098 uni-

581 1161 733 1201 versa
761 1145 1099 1200 coactricem.

650 1238 786 1294 Anc.
811 1237 914 1292 Per
940 1236 1034 1291 Dei
1054 1234 1276 1307 gratiam
1315 1232 1592 1299 minuitur,
1616 1245 1714 1301 per
1737 1228 1832 1284 Dei
1851 1227 2074 1299 gratiam
2102 1225 2166 1281 ﬁ-

582 1329 726 1384 nitur
771 1330 1063 1385 necessitas
1103 1335 1286 1382 nostra
1319 1343 1333 1381 :
1362 1340 1468 1381 non
1499 1324 1517 1356 ³
1545 1324 1632 1378 hic
1670 1320 1829 1377 habet
1866 1320 2009 1392 quod
2049 1327 2169 1390 agat

581 1421 874 1493 loquacitas
898 1430 1098 1477 vestra.

656 1513 865 1570 LXXII.
913 1513 1030 1568 Jun.
1061 1511 1231 1580 Quam
1258 1509 1448 1580 j-legem
1487 1507 1648 1562 etiam
1690 1505 1896 1576 peccati
1940 1504 1994 1559 in
2038 1503 2170 1558 Pro-

587 1606 764 1676 phetis
807 1612 864 1660 et
907 1602 1177 1674 Apostolis
1214 1601 1324 1671 jam
1359 1614 1551 1670 magno
1579 1611 1787 1652 morum
1819 1604 1873 1651 et
1895 1595 2167 1666 signorum

585 1698 790 1770 fulgore
833 1695 1134 1766 conspicuis
1161 1697 1206 1761 ',
1240 1702 1294 1750 et
1319 1701 1441 1763 post
1469 1692 1611 1746 illam
1637 1691 1860 1762 gratiam
1887 1690 2167 1761 mysterio-

585 1804 706 1844 rum
763 1786 996 1850 Christi,
1043 1799 1200 1856 quam
1252 1792 1309 1838 tu
1351 1782 1436 1838 his
1488 1781 1737 1838 omnibus
1779 1779 2044 1850 dogmatis
2093 1779 2168 1834 tui

583 1878 795 1950 flagitiis
831 1875 1080 1948 opitulari
1120 1882 1312 1945 putas,
1361 1872 1625 1927 mansisse
1655 1877 1710 1926 et
1749 1870 1981 1941 viguisse
2021 1867 2169 1940 deju-

582 1983 672 2024 ras
701 1969 742 2022 ³.

656 2059 793 2115 Avo.
820 2058 1136 2129 Susceptam
1166 2065 1308 2112 tuam
1347 2054 1644 2121 libidinem,
1676 2052 1780 2110 hoc
1807 2060 1890 2108 est
1916 2051 2170 2122 concupi-

581 2150 842 2206 scentiam
882 2149 1059 2205 carnis
1106 2146 1555 2217 concupiscentiae
1597 2145 1816 2216 spiritus
1861 2157 2169 2214 repugnan-

580 2248 689 2296 tem
712 2281 728 2306 ,
766 2239 1048 2310 Prophetas
1091 2247 1147 2294 et
1185 2238 1429 2309 Apostoli
1483 2235 1712 2293 ﬁdeliter
1751 2233 2165 2306 expugnabant,

579 2332 703 2403 quia
730 2346 834 2387 non
862 2331 1166 2386 laudabant.

653 2421 890 2478 LXXIII.
933 2423 1052 2478 Jun.
1085 2422 1346 2490 Quoniam
1391 2428 1616 2476 conatus
1657 2417 1977 2474 omnimodae
2004 2417 2173 2475 hone-

581 2519 737 2570 statis
800 2515 1128 2587 exstinguit;
1176 2514 1429 2586 quoniam
1489 2528 1697 2568 morum
1746 2511 2167 2578 obscenitatem,

579 2621 803 2679 operum
844 2607 978 2673 Dei,
1027 2605 1081 2662 id
1121 2613 1204 2661 est
1244 2612 1448 2660 natura:
1475 2603 1761 2670 humanm,
1788 2603 2093 2658 consolatur
2116 2609 2172 2656 et

580 2709 740 2772 auget
766 2699 1012 2765 infamia;
1042 2699 1296 2770 quoniam
1323 2698 1500 2753 omnia
1539 2696 1790 2751 mandata
1816 2695 1966 2766 legis,
1999 2695 2168 2751 reatui

580 2791 1042 2862 impossibilitatis,
1075 2789 1126 2844 id
1147 2798 1248 2855 est,
1278 2789 1570 2858 iniquitatis
1597 2788 1814 2844 addicit.

653 2885 791 2940 Anc.
823 2883 924 2952 Qui
949 2883 1097 2948 dicit,
1134 2881 1257 2937 Non
1284 2881 1420 2952 quod
1455 2881 1590 2946 volo,
1627 2895 1764 2950 ago;
1792 2879 1880 2933 sed
1897 2877 2033 2948 quod
2059 2877 2166 2948 odi,

580 2978 714 3034 illud
742 2978 876 3052 facio
902 2977 1082 3048 (Rom.
1109 2993 1204 3042 vn,
1236 2974 1347 3047 15),
1397 2973 1800 3045 possibilitatem
1830 2972 2170 3042 perfectionis

585 3084 694 3125 suae
733 3070 786 3125 in
817 3069 912 3124 Dei
937 3069 1102 3139 gratia
1129 3068 1314 3138 ponit,
1341 3075 1526 3123 contra
1551 3080 1682 3131 vos;
1715 3080 1817 3120 non
1846 3065 1900 3119 in
1929 3078 2023 3118 sua
2057 3063 2170 3118 vir-

583 3171 695 3220 tute
722 3162 960 3229 conﬁdit,
991 3178 1059 3218 ne
1089 3163 1156 3216 sit
1179 3175 1349 3216 vanus
1377 3170 1436 3214 ut
1463 3174 1579 3214 vos.

653 3253 889 3310 LXXIV.
923 3253 1043 3308 Jun.
1081 3252 1342 3319 Quoniam
1380 3265 1486 3305 non
1531 3249 1707 3305 minus
1744 3246 1903 3303 habet
1943 3247 2170 3318 turpitu-

582 3345 724 3402 dinis
768 3360 926 3416 quam
970 3343 1346 3415 profanitatis,
1391 3357 1512 3398 cum
1569 3355 1666 3412 pro
1717 3341 1938 3396 summis
1987 3355 2168 3396 asser-

579 3437 739 3493 tionis
777 3450 888 3492 sua:
933 3435 1256 3492 testimoniis
1298 3433 1612 3507 genitalium
1656 3431 1915 3503 pudorem
1957 3432 2168 3504 ample-

576 3535 735 3599 xatur
756 3545 772 3583 :

651 3621 786 3676 Anc.
828 3618 947 3675 Non
987 3618 1354 3691 amplexamur
1387 3615 1696 3687 genitalium
1739 3614 2037 3686 pudorem:
2073 3613 2167 3671 sed

579 3711 756 3784 potius
783 3709 956 3781 pudor
975 3708 1076 3766 iste
1097 3707 1240 3763 unde
1266 3707 1358 3775 sit,
1385 3706 1527 3778 quod
1547 3719 1642 3761 vos
1669 3720 1776 3760 non
1805 3705 1983 3771 vultis,
2007 3719 2170 3776 agno-

579 3802 799 3859 scimus.
842 3800 1106 3856 Audimus
1153 3801 1296 3856 enim
1349 3798 1634 3868 Scriptum
1676 3795 2166 3852 manifestissimum

577 3892 986 3950 testimonium:
1019 3901 1206 3948 contra
1255 3891 1399 3962 quod
1439 3905 1535 3945 vos
1580 3889 1998 3957 obsurdescitis,
2044 3905 2165 3945 cum

574 3984 948 4042 obmutescere
974 3981 1260 4039 deberetis.
1303 3981 1434 4050 Quis
1459 3981 1600 4037 enim
1645 3980 1865 4035 audiens
1908 3979 2049 4051 quod
2093 3980 2167 4035 illi

573 4076 732 4148 primi
759 4075 1000 4130 homines
1024 4073 1150 4129 nudi
1185 4081 1372 4139 erant,
1402 4081 1457 4128 et
1482 4087 1590 4127 non
1618 4071 1849 4141 pudebat
1871 4085 1964 4125 eos
1989 4069 2009 4141 (
2035 4068 2162 4126 Gen.

573 4180 630 4229 ιι,
663 4166 792 4238 25),
814 4179 921 4219 non
949 4163 1127 4219 videat
1155 4163 1297 4219 unde
1318 4163 1389 4218 sit
1412 4162 1631 4227 factum,
1663 4170 1719 4216 ut
1744 4169 1864 4232 post
1889 4169 2163 4232 peccatum

575 4257 804 4330 puderet
829 4270 924 4312 eos
966 4254 1140 4312 nudos
1178 4269 1316 4320 esse,
1348 4263 1404 4311 et
1430 4269 1493 4309 ea
1535 4253 1774 4309 membra
1803 4267 2029 4324 quorum
2067 4268 2166 4322 pu-

575 4349 748 4414 deret,
777 4347 1088 4402 festinarent
1112 4345 1476 4401 succinctoriis
1495 4343 1965 4415 qualibuscumque
1991 4342 2164 4399 velare

573 4437 698 4512 (Id.
725 4453 813 4502 III,
844 4435 950 4510 7)?
975 4436 1080 4493 Sed
1136 4438 1380 4492 inventus
1415 4443 1498 4490 est
1533 4435 1716 4501 homo,
1742 4434 1833 4504 qui
1871 4433 2030 4488 etiam
2083 4441 2164 4489 ta-

577 4532 683 4589 lem
715 4530 984 4587 libidinem
1007 4568 1024 4595 ,
1052 4528 1137 4583 cui
1183 4526 1580 4598 repugnandum
1611 4536 1696 4583 est
1722 4541 1791 4581 ne
1811 4531 2081 4598 peccetur,
2109 4533 2164 4580 et

574 4623 728 4693 cujus
752 4622 912 4678 etiam
945 4619 1278 4690 impudentes
1305 4617 1489 4690 pudet,
1521 4618 1574 4673 in
1605 4617 1851 4687 paradiso
1875 4617 2163 4672 constitue-

571 4725 677 4782 ret,
707 4713 916 4770 etiamsi
946 4713 1018 4768 ibi
1054 4726 1214 4768 nemo
1243 4719 1548 4780 peccasset;
1581 4724 1680 4765 nec
1705 4725 1826 4765 eum
1857 4709 1952 4764 ista
1983 4708 2162 4764 dicen-

574 4815 680 4861 tem
706 4814 864 4860 tantm
880 4813 1066 4859 actam
1087 4803 1358 4873 sacrilega:
1379 4801 1728 4857 deformitatis
1749 4801 1989 4871 puderet.
2011 4799 2162 4871 Rogo

573 4904 625 4950 te
651 4937 665 4961 ,
691 4895 737 4950 si
766 4893 932 4950 libido
961 4894 1084 4958 ista,
1112 4903 1170 4948 ut
1193 4893 1482 4957 credimus,
1505 4893 1674 4948 solam
1701 4892 1794 4948 tibi
1826 4891 2018 4963 ingerit
2044 4905 2164 4947 mo-

575 4985 785 5040 lestiam
812 4983 1127 5050 resistendi,
1168 4984 1366 5038 nullam
1396 4997 1525 5037 vero
1551 4983 1767 5038 exhibet
1792 4982 2116 5037 voluntatem
2141 4998 2156 5048 ;

573 5096 670 5136 cur
691 5081 762 5148 ei,
790 5078 1033 5152 quamvis
1060 5078 1226 5142 falsae,
1250 5088 1356 5134 tam
1385 5091 1632 5148 magnam
1663 5075 1834 5132 laudis
1855 5076 2189 5158 persolvenﬁ

569 5171 694 5228 dam
714 5178 868 5244 putas
896 5185 1018 5227 esse
1049 5168 1389 5227 mercedem?

640 5261 852 5319 LXXV.
891 5261 1010 5318 Jun.
1055 5261 1120 5318 Et
1149 5275 1244 5331 pro
1270 5258 1677 5317 auctoritatibus
1704 5256 1892 5322 sacris,
1924 5255 2022 5313 Dei
2043 5256 2160 5316 cri-

571 5357 948 5414 minationibus
974 5354 1338 5412 intumescit‘.

641 5450 778 5506 Anc.
818 5447 966 5504 Itane
1002 5463 1134 5503 vero
1171 5461 1320 5503 sacra
1367 5445 1655 5502 auctoritas
1687 5460 1792 5501 non
1829 5452 1932 5508 est,
1960 5442 2158 5517 Corpus

567 5552 826 5601 mortuum
849 5551 923 5598 est
951 5550 1156 5615 propter
1182 5540 1479 5612 peccatum?
1502 5547 1558 5596 et
1583 5539 1679 5596 Dei
1703 5524 2027 5607 criminatio,
2050 5553 2156 5595 non

633 5683 652 5716 ¹
676 5681 835 5733 Codex
857 5686 1004 5733 Port..
1027 5690 1134 5730 nec.

631 5745 655 5806 ξ
1150 5738 1475 5806 mendanmr
1497 5749 1561 5788 ex
1583 5744 1693 5790 Ilss.

634 5801 1031 5872 suam.
1058 5811 1115 5854 λι
1299 5801 1518 5872 acim:
1641 5860 1653 5872 .
1693 5865 1702 5872 .
1874 5859 1885 5870 .

633 5865 660 5901 δ
678 5867 970 5930 Vignlerius,
991 5864 1281 5919 intumis.
1301 5864 1468 5929 Aptius
1481 5869 1611 5926 Ilss.,

1266 381 1510 440 OPERIS
1546 372 1960 435 IMPERFECTI
1996 371 2271 430 CONTRA
2310 370 2673 434 JULIANUM.
2707 373 2764 430 S.
2806 373 3170 432 AUGUSTINI

3733 376 3900 434 (ΒΟ

2273 488 2508 546 laudatio
2528 498 2628 555 est,
2655 489 2936 561 Viviﬁcabit
2949 502 2995 548 et
3010 494 3244 548 mortalia
3265 508 3484 566 corpm
3503 500 3674 548 uestra
3689 491 3892 564 (Rau.

2273 583 2386 647 vin,
2413 581 2500 647 10,
2531 582 2652 655 Il)?
2674 584 2807 638 Puto
2831 585 2969 655 quod
3000 600 3104 640 non
3135 586 3465 653 criminator,
3487 585 3590 641 sed
3619 586 3741 656 ipso
3761 586 3890 638 Deo

2275 674 2465 743 plenus
2489 674 2583 730 Dei
2619 675 2933 744 praedicator
2961 676 3075 732 hac
3109 677 3260 733 dixit.
3288 677 3388 734 Ubi
3423 677 3672 733 ostendit
3701 678 3891 732 Adam

2275 778 2382 819 non
2424 763 2503 819 sic
2541 779 2664 820 esse
2704 766 2925 830 factum,
2959 766 3403 838 quemadmodum
3435 768 3644 833 dicitis,
3673 777 3738 823 ut
3764 769 3891 823 sive

2273 865 2538 927 peccaret,
2566 858 2678 914 sive
2704 874 2809 913 non
2840 856 3102 929 peccaret,
3125 861 3414 915 moriturus
3439 869 3612 916 esset.

2345 945 2578 1003 LXXVI.
2619 949 2738 1005 Jun.
2780 949 2837 1004 In
2865 950 3018 1022 cujus
3048 951 3330 1022 praeceptis
3357 951 3888 1007 immoderationem

2273 1040 2603 1111 tyrannicam
2629 1058 2643 1095 :
3073 1113 3088 1117 ὁ

2343 1132 2482 1188 Avo.
2523 1132 2855 1202 Praeceptum
2893 1133 2987 1188 Dei
3031 1135 3369 1206 tyrannicum
3398 1151 3506 1191 non
3534 1143 3659 1200 est;
3693 1134 3793 1189 sed
3824 1144 3885 1188 ut

2273 1224 2574 1295 impleatur,
2619 1224 2731 1293 ipse
2773 1224 3040 1295 rogandus
3085 1236 3210 1281 est:
3243 1227 3342 1282 hoc
3381 1243 3477 1284 vos
3520 1242 3637 1283 non
3686 1227 3880 1290 vultis,

2272 1315 2394 1386 quia
2424 1315 2478 1370 in
2502 1315 2694 1370 virtute
2719 1327 2896 1371 vestra
2923 1317 3213 1373 conﬁditis.
3693 1306 3700 1312 ’

2343 1408 2600 1464 LXXVII.
2641 1408 2760 1464 Jun.
2803 1408 2859 1464 In
2884 1409 3100 1478 judiciis
3143 1411 3475 1482 iniquitatem
3527 1411 3874 1467 barbaram:

2344 1502 2480 1557 Acs.
2520 1503 2778 1571 Quoniam
2829 1503 2923 1558 Dei
2980 1519 3084 1560 non
3137 1515 3222 1559 est
3269 1505 3508 1576 iniquum
3556 1505 3874 1575 judicium,

2273 1592 2393 1648 ideo
2438 1593 2491 1648 in
2539 1594 2752 1650 miseria
2791 1595 3002 1666 generis
3046 1595 3285 1664 humani,
3331 1613 3449 1668 qua:
3494 1599 3692 1667 incipit
3721 1614 3754 1652 a
3783 1598 3876 1653 ﬂe-

2273 1684 2414 1740 tibus
2443 1686 2818 1755 parvulorum,
2865 1687 3260 1759 agnoscendum
3301 1696 3385 1744 est
3430 1689 3704 1760 originale
3744 1705 3874 1760 pec-

2272 1787 2468 1832 catum.

2343 1866 2624 1922 LXXVIII.
2663 1867 2782 1925 Jun.
2822 1868 2880 1925 In
2918 1868 3238 1942 juramentis
3279 1868 3572 1926 falsitatem
3617 1871 3872 1942 puniant

2271 1956 2448 2014 inesse
2474 1959 2772 2015 conﬁrmat.

2253 2048 2258 2054 ’
2344 2052 2481 2109 Anc.
2522 2053 2787 2125 Numquid
2816 2055 3027 2125 quando
3051 2054 3193 2110 Deus
3217 2053 3366 2124 dicit,
3393 2055 3637 2111 Reddam
3667 2068 3871 2127 peccata

2273 2152 2475 2214 patrum
2501 2144 2556 2197 in
2581 2145 2737 2213 ﬁlios,
2766 2144 2955 2216 punice
2980 2145 3253 2217 loquitur?

2342 2234 2580 2292 LXXIX.
2621 2237 2740 2293 Jun.
2780 2237 3042 2306 Quoniam
3073 2252 3170 2309 pro
3205 2237 3664 2309 disputationibus
3695 2249 3749 2294 et
3779 2255 3870 2310 pro

2273 2331 2520 2386 omnibus
2567 2331 2912 2417 syllogismis,
2949 2329 3227 2386 Manicbmi
3265 2332 3510 2387 innititur
3549 2333 3788 2388 somniis
3823 2342 3868 2389 et

2272 2417 2460 2477 furori.

2344 2514 2478 2569 Auo.
2519 2513 2630 2570 Nec
2655 2514 2977 2570 Manichazus
3003 2522 3138 2580 erat,
3175 2529 3276 2570 nec
3300 2515 3627 2581 somniabat,
3659 2531 3765 2572 nec
3795 2519 3868 2571 fu-

2273 2604 2445 2673 rebat,
2482 2605 2594 2660 sive
2635 2605 2725 2678 qui
2769 2605 2922 2673 dixit,
2957 2603 3171 2660 Fuimus
3205 2614 3254 2660 et
3288 2622 3382 2660 nos
3409 2616 3598 2660 natura
3627 2608 3734 2676 ﬁlii
3761 2609 3866 2672 ire,

2273 2696 2404 2750 sicut
2432 2706 2478 2751 et
2503 2699 2668 2752 casteri
2697 2695 2930 2772 (Epltes.
2956 2713 3015 2762 ιι,
3039 2697 3112 2768 5)
3137 2713 3150 2750 :
3175 2697 3287 2752 sive
3314 2698 3404 2768 qui
3430 2697 3590 2764 dixit,
3621 2717 3642 2750 α
3674 2697 3867 2756 Omnes

2274 2788 2522 2845 homines
2545 2790 2644 2846 sub
2672 2800 2888 2861 peccato
2915 2789 3202 2854 nascimur,
3231 2805 3458 2860 quorum
3491 2790 3610 2860 ipse
3638 2802 3794 2846 ortus
3821 2793 3868 2848 in

2272 2879 2404 2936 vitio
2431 2888 2514 2936 est
2544 2898 2565 2934 ι
2597 2881 2957 2954 (Ambrosius,
3006 2881 3096 2938 lib.
3136 2881 3164 2937 1
3195 2881 3258 2936 de
3295 2879 3640 2952 Paeailentia,
3689 2900 3809 2955 cap.
3836 2884 3870 2938 Ξ

2271 2971 2352 3027 sel
2375 2973 2408 3028 5
2431 2971 2472 3041 ).

2344 3063 2559 3120 LXXX.
2599 3063 2718 3120 ιω..
2758 3063 2878 3120 Ista:
2925 3077 3049 3122 sunt
3090 3081 3218 3139 ergo
3259 3081 3458 3134 causa,
3502 3083 3626 3139 quae
3671 3083 3777 3124 nos
3817 3069 3866 3125 ir.

2272 3153 2725 3225 impugnationem
2765 3159 2889 3212 mali
2928 3159 3182 3217 naturalis
3216 3158 3537 3225 accendunt,
3567 3175 3693 3229 qua:
3719 3159 3866 3215 dedi-

2270 3247 2424 3317 gnari
2447 3255 2501 3302 et
2524 3246 2802 3317 despicere
2825 3247 3023 3304 faciunt
3046 3251 3311 3306 consortia
3335 3250 3698 3321 perditorum.

2343 3341 2477 3398 Auc.
2541 3340 2644 3396 Tot
2699 3348 3073 3412 tantorumque
3128 3342 3406 3398 doctorum
3470 3344 3865 3400 catholicorum

2271 3431 2417 3503 pium
2447 3447 2768 3489 consensum
2813 3432 2960 3488 nullo
2991 3433 3172 3500 modo,
3211 3435 3312 3491 nisi
3351 3436 3620 3506 perditus,
3647 3436 3864 3493 diceres

2270 3526 2594 3581 consortium
2621 3525 2970 3598 perditorum.

2349 3617 2583 3675 LXXXI.
2623 3619 2744 3676 JUL.
2785 3618 2914 3686 Qum
2941 3627 3197 3691 praestant
3236 3620 3403 3675 nihilo
3433 3622 3605 3692 magis
3641 3639 3744 3678 nos
3783 3633 3861 3680 to-

2227 3788 2230 3790 ,
2270 3711 2376 3766 tius
2405 3711 2585 3766 mundi
2625 3710 2832 3781 fragore
2859 3711 3066 3779 terreri,
3105 3726 3261 3782 quam
3300 3712 3346 3766 si
3376 3713 3394 3744 ⁸
3425 3712 3739 3770 videremus
3771 3717 3861 3771 tri-

2269 3805 2369 3860 stis
2414 3804 2578 3876 lupini
2624 3805 2810 3860 silvam
2859 3814 3139 3862 sonantem
3170 3807 3191 3839 ³
3222 3805 3303 3860 vel
3335 3804 3630 3862 immundis
3658 3808 3859 3874 suibus,

2271 3898 2352 3954 vel
2382 3899 2553 3953 ventis
2581 3897 2906 3954 irruentibus
2941 3899 3284 3954 commoveri.

2339 3990 2476 4046 Auo.
2505 3989 2702 4044 Dill'usa
2728 3997 2840 4046 toto
2861 3990 2991 4045 orbe
3015 3990 3276 4046 catholica
3303 3989 3568 4058 Ecclesia,
3592 4007 3716 4062 quae
3739 4009 3866 4064 pro-

2268 4081 2458 4138 denter
2485 4082 2762 4140 exhorruit
2790 4098 2881 4138 ora
2911 4094 3108 4149 vestra,
3136 4099 3242 4139 non
3271 4092 3354 4140 est
3383 4085 3550 4157 lupini
3578 4086 3737 4153 silva,
3770 4088 3862 4144 sed

2268 4189 2388 4233 esse
2411 4175 2579 4231 voluit
2600 4189 2630 4229 a
2658 4175 2852 4245 lupinis
2873 4177 3140 4233 morsibus
3165 4186 3296 4233 tuta.

2338 4265 2599 4322 LXXXII.
2638 4266 2758 4322 Jun.
2799 4268 2939 4338 Ergo
2968 4269 3136 4324 Deum
3163 4279 3218 4326 et
3239 4270 3441 4339 justum
3475 4280 3531 4328 et
3569 4274 3718 4344 pium
3747 4289 3858 4331 uc-

2268 4355 2442 4412 dimus
2469 4367 2520 4414 et
2544 4372 2808 4424 veracem,
2836 4373 2900 4414 ac
2926 4373 3022 4429 per
3049 4358 3152 4415 hoc
3181 4359 3312 4414 nihil
3343 4362 3678 4431 impossibile
3705 4380 3856 4419 man-

2267 4449 2424 4505 dasse
2468 4449 2637 4521 legem
2683 4449 2798 4520 ejus
2842 4458 3104 4517 tenemus,
3134 4451 3263 4506 nihil
3306 4451 3497 4508 falsum
3536 4455 3858 4512 confirmare

2267 4540 2604 4607 testimonia,
2644 4540 2776 4596 nihil
2828 4541 3066 4612 iniquum
3106 4545 3450 4612 pronuntiare
3492 4546 3734 4614 judicia:
3762 4548 3855 4603 sed

2266 4631 2438 4700 ipsum
2460 4646 2579 4687 esse
2603 4631 2874 4688 hominum
2898 4635 3250 4700 conditorem,
3281 4650 3415 4706 quos
3441 4637 3575 4691 nulli
3601 4637 3622 4669 ³
3647 4639 3854 4694 crimini

2265 4723 2527 4778 obnoxios
2555 4733 2720 4792 creat,
2744 4741 2928 4781 verum
2960 4726 3147 4796 plenos
3175 4728 3388 4799 quidem
3425 4729 3731 4787 innocentia
3759 4749 3855 4787 na-

2266 4816 2446 4883 turali,
2473 4817 2886 4872 voluntariarum
2912 4826 3088 4874 autem
3115 4820 3370 4876 virtutum
3393 4836 3639 4892 capaces.

2337 4910 2472 4965 Avo.
2513 4905 2667 4964 Unde
2694 4923 2822 4980 ergo
2847 4923 2951 4964 non
2981 4910 3337 4979 exsufflatam,
3361 4928 3467 4967 non
3497 4915 3851 4970 exorcizatam

2267 5001 2546 5071 imaginem
2577 5015 2728 5056 suam
2757 5015 2863 5056 nou
2889 5001 3120 5058 admittit
3145 5002 3212 5058 ad
3242 5003 3403 5059 vitam
3428 5020 3582 5061 suam
3602 5007 3627 5060 ?
3645 5008 3852 5063 Siccine

2265 5109 2472 5150 merces
2511 5093 2827 5150 innocentiae
2871 5094 3150 5150 redditur?
3173 5096 3255 5151 An
3296 5097 3474 5169 potius
3510 5101 3854 5168 generatione

2264 5195 2444 5244 reatus
2487 5185 2510 5218 ⁸
2550 5194 2846 5252 attractus,
2894 5203 3066 5257 neque
3115 5192 3518 5260 regeneratione
3567 5193 3850 5259 dimissus,

2259 5280 2404 5353 juste
2431 5289 2620 5352 negata
2640 5281 2768 5350 vita,
2792 5290 2963 5338 morte
2987 5292 3346 5355 consequente
3366 5286 3624 5357 punitur?
3643 5287 3847 5343 Aliena-

2329 5439 2420 5488 'Vi

2327 5503 2349 5532 ⁸
2371 5500 2508 5559 Editi,
2534 5505 2789 5550 tonantem.
2818 5501 2988 5551 Verius
3009 5507 3136 5559 Mss,
3156 5507 3418 5552 sonantem.
3442 5500 3620 5554 alludit
3641 5501 3850 5553 Julianm

2262 5563 2321 5613 ad
2342 5561 2522 5626 Virgilii
2544 5569 2716 5626 Georg.
2741 5561 2826 5612 lib.
2864 5562 2908 5621 1,
2933 5574 3046 5613 vers
3075 5564 3154 5623 75,
3176 5563 3240 5612 76
3264 5577 3276 5612 :

2418 5653 2508 5697 aut
2528 5652 2715 5710 tenues
2727 5646 2858 5710 fetus
2879 5646 3032 5710 viciae,
3058 5647 3307 5710 tristisque
3328 5645 3479 5710 lupini

2415 5707 2674 5782 Sustuleris
2694 5707 2892 5772 fragiles
2907 5707 3115 5758 calamos
3133 5707 3401 5773 silvamque
3423 5716 3697 5765 sonantem.

2329 5795 2351 5829 ³
2374 5793 2529 5855 vign.,
2554 5789 2700 5842 nullo.
2726 5798 2854 5853 Mss.,
2882 5790 3020 5843 nulli.

2328 5855 2352 5889 ι
2385 5854 2482 5906 Hec
2507 5854 2631 5916 loco,
2650 5861 2828 5908 reatus.
2850 5856 3122 5909 restituitur
3137 5866 3201 5906 ex
3218 5861 3326 5906 Iss.

2495 5473 2528 5498 .,
2548 5435 2704 5498 quasi.
2729 5443 2856 5497 Mss,
2880 5447 3024 5500 quam
3038 5435 3096 5488 si.
