4062 6502
203 365 340 424 1281

202 485 288 533 tos
315 476 512 546 quippe
538 490 572 530 a
599 473 707 530 vita
729 473 822 530 Dei
847 473 1140 530 detestatus
1159 472 1446 544 Apostolus
1471 488 1578 530 non
1609 473 1802 529 fuisset

202 565 424 640 (Ephes.
450 581 527 631 IV,
554 565 664 635 18),
689 566 734 620 si
760 580 918 636 poma
948 565 1090 621 nulla
1119 577 1284 622 esset.

277 658 562 717 LXXXIII.
602 657 723 714 ιω..
764 659 969 728 Quibus
1009 658 1248 716 collectis
1286 660 1511 717 alterum
1557 667 1802 715 teneatur

198 768 428 810 necesse
457 761 538 808 est
565 769 630 808 ex
664 751 872 807 duobus
902 771 916 808 :
947 752 1225 821 videlicet,
1255 763 1313 810 ut
1341 764 1431 810 aut
1459 755 1580 808 talis
1618 751 1808 808 creda-

200 856 292 901 tur
331 846 486 910 Deus,
521 843 732 915 qualem
763 844 1018 916 conﬁngit
1051 846 1414 903 Traducianus
1443 845 1802 912 Manichteus;

199 949 298 992 aut
326 937 449 992 talis
476 937 789 1008 iutelligaris
811 951 932 992 cum
956 939 1202 994 omnibus
1223 940 1312 1010 qui
1338 939 1392 994 in
1415 938 1646 994 traducis
1673 938 1806 1007 scita

200 1029 537 1095 concedunt,
571 1028 779 1098 qualem
810 1028 1153 1099 depraeliatur
1182 1031 1469 1085 honoratus
1497 1030 1656 1085 Deus.
1686 1028 1804 1084 Non

200 1131 385 1176 autem
409 1128 582 1192 potest
602 1135 721 1175 esse
745 1119 884 1176 Deus
929 1121 1070 1188 talis,
1114 1122 1326 1192 qualem
1354 1120 1673 1176 Manichacus
1713 1134 1803 1175 so-

202 1215 412 1280 mniat;
443 1212 538 1269 sed
584 1221 668 1267 est
710 1212 849 1281 pius,
891 1211 1087 1282 justus,
1117 1221 1171 1267 et
1217 1227 1374 1268 verus
1405 1213 1568 1278 Deus,
1592 1213 1802 1282 qualem

204 1307 392 1360 omnis
415 1315 596 1361 sancta
624 1304 918 1374 Scriptura,
942 1303 1117 1359 omnis
1145 1303 1234 1360 lex
1259 1314 1313 1360 et
1343 1304 1473 1360 ﬁdes
1495 1313 1676 1361 nostra
1706 1319 1802 1361 ve-

207 1406 452 1452 neratur.
481 1398 557 1451 Ac
585 1411 680 1467 per
708 1396 830 1462 hoc,
862 1395 962 1450 hoc
997 1403 1082 1450 est
1110 1405 1258 1451 tuum
1298 1395 1491 1467 dogma
1513 1396 1550 1462 ¹,
1576 1394 1718 1465 quod
1747 1403 1806 1450 ut

204 1503 334 1542 cum
390 1487 483 1542 Dei
541 1487 730 1558 injuria
778 1487 1100 1558 suscipitur,
1146 1488 1220 1544 ita
1265 1504 1388 1544 cum
1433 1488 1550 1562 ejus
1600 1488 1804 1545 honore

202 1581 524 1637 destruitur.

281 1675 418 1729 Anc.
458 1673 514 1728 Si
563 1673 704 1743 pium
744 1672 912 1728 Deum
958 1672 1196 1741 sentitis,
1243 1688 1409 1744 quare
1447 1674 1800 1740 Salvatorem,

204 1764 315 1820 hoc
345 1774 446 1831 est,
480 1765 663 1821 .lesum
693 1783 724 1820 ει
755 1766 990 1836 parvulis
1030 1767 1190 1836 impie
1234 1766 1564 1837 prohibetis?
1609 1766 1665 1823 Si
1710 1768 1802 1837 ju-

204 1869 375 1925 stum,
407 1875 573 1930 quare
613 1875 772 1930 grave
809 1873 972 1930 super
1009 1859 1257 1930 parvulos
1289 1859 1473 1930 jugum
1502 1861 1618 1915 sine
1647 1859 1804 1916 ullius

206 1950 416 2021 peccati
469 1949 676 2005 meritis
721 1949 977 2006 creditis?
1017 1949 1074 2006 Si
1121 1966 1328 2016 verum,
1359 1965 1524 2022 quare
1566 1950 1800 2019 dicenti,

205 2041 446 2096 Reddam
474 2042 526 2095 in
552 2041 688 2111 ﬁlios
717 2051 920 2111 patrum
949 2052 1173 2112 peccata,
1195 2057 1305 2098 non
1335 2041 1590 2097 creditis?

284 2133 570 2188 LXXXIV.
599 2133 719 2189 Jun.
746 2133 979 2204 Tempus
1006 2142 1088 2190 est
1117 2144 1174 2189 ut
1199 2133 1266 2188 ad
1295 2133 1397 2187 alia
1429 2143 1799 2189 transeamus:

207 2227 308 2284 sed
333 2226 567 2298 reposcit
589 2242 618 2280 a
640 2226 794 2281 nobis
822 2240 997 2282 causae
1030 2225 1281 2296 dignitas,
1306 2233 1363 2280 ut
1397 2226 1556 2281 etiam
1591 2239 1653 2278 ea
1683 2239 1803 2294 qua:

205 2318 472 2388 superiori
493 2317 630 2372 libro
650 2324 898 2388 putamus
918 2316 1300 2387 praetermissa,
1325 2315 1626 2370 reddamus.
1647 2313 1802 2380 Quod

205 2411 429 2483 quidem
457 2410 693 2482 prudens
730 2411 899 2465 lector
926 2423 1379 2480 supervacaneum
1411 2408 1628 2467 forsitan
1655 2407 1801 2476 judi-

204 2503 355 2560 cabit
379 2520 393 2556 :
422 2511 596 2558 tamen
624 2501 875 2572 quoniam
901 2508 1232 2571 compertum
1259 2509 1362 2566 est,
1390 2514 1569 2554 rerum
1591 2498 1802 2568 pericu-

205 2593 279 2647 lis
302 2593 596 2662 depositam
625 2606 840 2647 causam
875 2591 1037 2646 etiam
1072 2590 1276 2645 levibus
1313 2589 1611 2656 inhmrere;
1639 2603 1801 2659 opera

205 2692 318 2751 est,
349 2683 541 2754 quibus
567 2682 808 2753 praesidia
836 2683 1138 2746 sustuleris,
1161 2680 1372 2736 auferre
1396 2681 1605 2736 solatia.

281 2777 419 2831 Auc.
459 2774 716 2842 Quoniam
759 2774 811 2828 in
853 2773 956 2828 alia
998 2773 1225 2827 transire
1267 2770 1498 2840 ccepisti,
1523 2771 1631 2840 jam
1658 2769 1803 2841 quod

205 2865 461 2934 superius
481 2865 842 2933 promisimus,
861 2863 1119 2918 debemus
1139 2863 1442 2928 ostendere,
1467 2861 1800 2931 praphetiam

204 2959 417 3014 scilicet
448 2956 766 3022 Ezechielis,
794 2971 896 3027 qua
933 2955 1126 3010 dicitur
1164 2963 1373 3024 patrum
1415 2955 1470 3008 in
1508 2954 1646 3008 ﬁlios
1673 2969 1800 3024 pec-

204 3059 326 3104 cata
355 3064 465 3104 non
502 3047 675 3115 reddi,
704 3047 841 3102 sicut
869 3046 1099 3102 ﬁliorum
1136 3060 1244 3100 non
1280 3043 1577 3101 redduntur
1611 3045 1665 3098 in
1710 3059 1801 3114 pa-

210 3151 344 3208 tres,
367 3140 434 3196 ad
457 3139 952 3211 prmnuntiationem
973 3137 1242 3208 pertinere
1263 3135 1598 3192 revelationis
1614 3134 1802 3190 Testa-

208 3233 378 3288 menti
425 3233 568 3288 novi.
601 3231 739 3286 Dicit
777 3231 920 3286 enim
969 3230 1074 3285 tale
1113 3229 1310 3300 aliquid
1352 3229 1510 3284 etiam
1541 3227 1802 3298 propheta

206 3323 489 3389 Jeremias,
522 3333 577 3379 et
603 3323 677 3378 ibi
703 3323 846 3378 unde
871 3322 972 3378 hoc
1001 3321 1204 3377 dicatur
1231 3321 1478 3376 illustrat.
1499 3321 1632 3376 Nam
1660 3323 1801 3378 inter

207 3428 406 3472 caetera
429 3435 443 3470 :
467 3414 796 3481 Convertere,
843 3415 1034 3484 inquit,
1077 3414 1216 3486 virgo
1255 3412 1438 3478 Israel,
1469 3424 1713 3468 revertere
1743 3414 1802 3469 in

207 3510 438 3563 ciuitates
477 3517 588 3561 tuas
625 3509 799 3578 lugens
823 3522 844 3560 :
861 3521 1027 3576 usque
1053 3521 1152 3576 quo
1179 3504 1415 3559 averteris
1443 3505 1553 3574 ﬁlia
1578 3504 1800 3559 inhono-

210 3601 372 3654 rata?
400 3599 648 3667 Quoniam
690 3599 872 3652 creavit
899 3597 1147 3652 Dominus
1189 3597 1404 3651 salutem
1439 3598 1493 3650 in
1527 3597 1802 3668 plantatio-

211 3709 331 3748 nem
356 3707 557 3756 novam,
578 3692 630 3744 in
658 3707 756 3758 qua
779 3691 942 3746 salute
966 3690 1246 3744 circuibunt
1273 3690 1520 3745 homines.
1551 3690 1642 3745 Sic
1669 3691 1802 3745 dixit

210 3782 469 3838 Dominus
489 3798 508 3837 :
529 3782 709 3836 Adhuc
736 3782 903 3837 dicent
930 3781 1132 3836 verbum
1160 3781 1255 3836 hoc
1297 3783 1352 3836 in
1392 3791 1525 3836 terra
1560 3781 1722 3847 Juda,
1753 3791 1803 3837 et

210 3875 267 3929 in
294 3876 405 3946 ejus
430 3875 728 3940 civitatibus,
758 3891 872 3928 cum
901 3874 1142 3928 reuocabo
1167 3873 1508 3945 captivitatem
1535 3875 1664 3945 ejus,
1695 3873 1798 3928 Be-

210 3967 440 4022 nedictus
460 3965 710 4021 Dominus
737 3983 891 4037 super
909 3967 1106 4037 justum
1130 3973 1346 4019 montem
1373 3974 1601 4019 sanctum
1629 3980 1797 4019 suum.

209 4057 280 4113 Et
305 4059 392 4128 qui
417 4058 702 4113 inhabitant
727 4058 782 4112 in
801 4056 988 4112 Judaa
1015 4066 1062 4112 et
1091 4058 1146 4112 in
1183 4058 1320 4111 omni
1343 4056 1556 4111 ciuitate
1591 4058 1702 4128 ejus
1726 4057 1801 4111 si—

208 4149 317 4203 mul
343 4165 459 4203 cum
493 4147 743 4219 agricola,
782 4157 829 4202 et
876 4147 1079 4202 tolletur
1120 4147 1174 4201 in
1213 4162 1398 4218 grege;
1431 4147 1668 4216 quoniam
1695 4147 1804 4202 ine-

210 4239 373 4294 briavi
414 4255 610 4293 omnem
653 4239 878 4292 animam
925 4238 1197 4306 sitientem,
1243 4247 1288 4291 et
1336 4253 1535 4292 omnem
1579 4237 1804 4291 animum

213 4330 512 4386 esurientem
547 4329 746 4384 satiavi.
789 4328 1010 4398 Propter
1053 4329 1148 4382 hoc
1195 4327 1474 4395 exsurrexi,
1509 4336 1557 4381 et
1602 4327 1722 4393 vidi,
1756 4339 1804 4382 et

213 4437 425 4477 somnus
451 4436 589 4474 meus
614 4419 776 4474 dulcis
801 4419 925 4473 mihi
954 4419 1117 4489 factus
1143 4427 1235 4473 est.
1261 4416 1545 4488 Propterea
1567 4434 1678 4472 ecce
1695 4418 1802 4472 dies

214 4512 444 4576 veniunt,
468 4510 587 4564 dicit
615 4509 882 4576 Dominus,
911 4520 956 4564 et
984 4509 1238 4564 seminabo
1266 4507 1432 4563 Israel
1457 4516 1505 4562 et
1529 4508 1562 4562 .l
1570 4510 1693 4574 uda,
1719 4525 1803 4563 se-

215 4619 333 4658 men
367 4603 587 4656 Itonainis
626 4611 676 4656 et
716 4619 883 4656 semen
921 4603 1134 4672 pecoris.
1160 4599 1230 4654 Et
1258 4601 1353 4663 erit
1379 4604 1509 4654 sicut
1535 4601 1802 4671 vigilabant

209 4711 368 4766 super
409 4709 494 4748 eos
534 4693 785 4764 deponere
823 4702 870 4746 et
899 4694 1133 4764 aﬂligere,
1166 4692 1237 4744 ita
1270 4690 1486 4762 vigilabo
1527 4707 1678 4762 super
1720 4708 1804 4748 eos

209 4785 470 4854 atdiﬁcare
503 4794 552 4840 et
586 4787 952 4856 complantare,
977 4785 1096 4838 dicit
1121 4783 1389 4838 Dominus.
1413 4782 1481 4838 In
1503 4783 1676 4838 diebus
1700 4783 1804 4839 illis

212 4894 316 4931 non
342 4875 537 4943 dicent,
569 4875 753 4931 Patres
796 4877 1222 4931 manducauerunt
1265 4891 1414 4929 uvam
1457 4877 1718 4943 acerbam,
1759 4885 1806 4929 et

214 4970 386 5024 dentes
415 4970 639 5039 ﬁliorum
674 4971 1083 5039 obstupuerunt:
1104 4969 1192 5024 sed
1233 4969 1572 5040 unusquisque
1617 4970 1670 5023 in
1711 4985 1804 5023 suo

218 5071 422 5132 peccato
451 5063 712 5129 morietur,
736 5071 783 5116 et
803 5063 824 5094 ³
847 5062 957 5132 ejus
981 5062 1065 5129 qui
1087 5061 1462 5115 manducauerit
1487 5077 1635 5114 uvam
1661 5077 1805 5114 acer-

218 5153 359 5217 bam,
379 5151 705 5222 obstupebunt
732 5152 908 5208 dentes
931 5153 1110 5224 ipsius.
1134 5151 1335 5222 Nempe
1363 5150 1700 5206 manifestum
1717 5160 1807 5206 est

221 5243 328 5299 hoc
371 5245 440 5298 ad
482 5244 596 5301 dies
638 5247 908 5316 pertinere
937 5245 1275 5317 plantationis
1303 5260 1475 5310 novae,
1503 5243 1571 5300 de
1596 5260 1719 5315 qua,
1748 5253 1808 5300 ut

217 5334 327 5390 hoc
368 5334 591 5402 diceret,
625 5336 980 5408 loquebatur:
1007 5335 1097 5392 ubi
1123 5346 1176 5392 et
1202 5336 1331 5391 illud
1359 5351 1540 5397 semen
1575 5336 1806 5392 hominis

216 5437 272 5484 et
315 5443 501 5484 semen
550 5430 756 5500 pecoris
801 5430 944 5502 quod
986 5446 1046 5486 se
1081 5431 1220 5486 Deus
1256 5431 1640 5485 seminaturum
1686 5444 1806 5485 esse

216 5521 481 5592 promisit,
507 5523 853 5594 spiritualiter
878 5523 1232 5590 intellectum,
1257 5537 1350 5578 eos
1373 5523 1462 5593 qui
1493 5530 1730 5593 praesunt
1752 5531 1807 5578 et

279 5659 296 5690 ί
324 5659 614 5724 vignierius:
639 5670 704 5709 Ac
730 5673 818 5722 per
834 5659 940 5721 hoc,
964 5665 1036 5710 est
1057 5665 1192 5709 tuum
1213 5657 1416 5724 dogma;
1437 5659 1614 5709 omisso
1629 5655 1803 5719 altero,

214 5718 609 5783 lautam—todth
631 5724 680 5771 in
704 5718 812 5772 htss.
927 5718 934 5721 ’
1275 5718 1297 5724 ⁷

280 5755 480 5832 i’v‘é‘ﬁ’)‘;
702 5755 848 5833 aliis
867 5784 1060 5841 omissa,
1087 5795 1406 5848 unusquisque
1423 5782 1476 5834 in
1505 5794 1592 5834 suo
1613 5787 1808 5846 peccato

217 5851 466 5910 monetur,
488 5853 554 5910 et,
570 5847 893 5897 restituuntur
917 5858 984 5897 ex
1008 5853 1111 5896 Mss.

1555 355 1759 416 LIBER
1794 352 2113 415 TERTIUS.

3354 372 3376 426 l
3386 367 3494 428 282

1913 485 2006 526 eos
2035 470 2124 541 qui
2151 481 2424 543 reguntur,
2451 475 2578 533 facit
2599 479 2836 549 agnosci.
2859 479 2964 537 Sed
2993 482 3114 553 quia
3143 482 3498 542 inveteratum

1911 571 2027 616 erat
2075 563 2128 617 in
2177 564 2424 622 cordibus
2469 571 2687 640 populi,
2731 572 2990 642 scriptum
3041 589 3162 631 esse
3210 576 3266 631 in
3313 586 3498 634 vetere

1910 655 2254 714 Testamento
2277 701 2294 728 ,
2339 661 2569 717 Reddam
2612 676 2819 736 peccata
2869 677 3072 738 patrum
3120 669 3175 724 in
3225 669 3360 739 ﬁlios
3384 685 3403 724 :
3431 685 3500 726 ne

1910 749 2187 819 quisquam
2211 749 2541 821 Scripturam
2562 756 2656 811 Dei
2682 773 2979 829 repugnare
3003 759 3104 834 sibi
3123 760 3495 830 arbitraretur,

1912 851 1970 896 ut
2010 841 2250 910 apertius
2291 844 2618 913 ostenderet,
2666 848 2794 904 illud
2839 850 3024 917 veteri,
3055 851 3159 907 hoc
3187 869 3324 909 novo
3364 870 3497 910 con-

1909 947 2100 1006 gruere
2124 935 2485 1002 Testamento,
2508 941 2764 997 continuo
2791 943 3065 1013 subjunxit
3088 961 3101 998 :
3128 943 3260 999 Ecce
3283 947 3390 1000 dies
3415 961 3498 1001 ve-

1910 1026 2085 1092 niunt,
2129 1027 2250 1080 dicit
2283 1027 2550 1096 Dominus,
2581 1040 2628 1085 et
2656 1033 3012 1088 consummabo
3047 1033 3218 1087 domui
3252 1034 3417 1091 Israel
3452 1046 3500 1091 et

1911 1118 2084 1172 domui
2099 1117 2132 1172 J
2141 1120 2244 1173 uda
2273 1119 2642 1176 Testamentum
2671 1139 2876 1191 novum,
2900 1141 3002 1178 non
3022 1125 3298 1180 secundum
3324 1125 3500 1182 Testa-

1909 1220 2127 1266 mentum
2151 1212 2286 1281 quod
2305 1212 2534 1283 disposui
2555 1215 2780 1283 patribus
2808 1232 2999 1282 eorum,
3020 1217 3075 1270 in
3094 1217 3176 1270 die
3193 1234 3293 1288 qua
3314 1235 3498 1289 appre-

1909 1303 2061 1358 hendi
2092 1320 2298 1358 manum
2316 1320 2511 1370 eorum,
2527 1313 2583 1358 ut
2611 1305 2871 1362 educerem
2896 1323 2980 1362 eos
3000 1307 3062 1361 de
3089 1317 3222 1362 terra
3251 1308 3493 1380 ﬂgyptt.

1910 1404 2015 1450 etc.
2043 1393 2255 1469 (Jerem.
2282 1411 2436 1463 χχχι,
2461 1395 2666 1464 21-52,
2695 1413 2794 1451 sec.
2819 1396 2983 1464 LXX,
3006 1415 3122 1469 cap.
3145 1395 3394 1470 xxxvul).
3417 1399 3498 1454 Ad

1909 1486 2037 1542 illud
2076 1488 2233 1559 igitur
2259 1488 2659 1544 Testamentum
2698 1490 2972 1560 generatio
3015 1491 3272 1560 pertinet,
3299 1489 3367 1545 ad
3397 1491 3500 1546 hoc

1907 1587 2084 1634 autem
2111 1580 2448 1650 regeneratio
2476 1598 2489 1634 :
2519 1579 2660 1636 unde
2684 1581 2757 1636 ibi
2787 1589 3000 1650 peccata
3027 1590 3236 1652 patrum
3264 1581 3499 1636 reddun-

1909 1677 1996 1723 tur
2023 1669 2075 1723 in
2106 1669 2264 1734 ﬁlios,
2294 1671 2381 1726 hic
2409 1687 2540 1726 vero
2576 1671 2938 1742 generationis
2977 1671 3189 1727 vinculo
3218 1688 3314 1743 per
3340 1687 3496 1742 rege-

1909 1764 2240 1820 nerationem
2268 1765 2285 1796 ⁸
2312 1765 2512 1834 soluto,
2551 1781 2656 1821 non
2695 1765 2909 1833 dicitur,
2937 1763 3120 1820 Patres
3158 1765 3498 1820 manducaue-

1907 1864 2026 1910 runt
2051 1871 2197 1910 uuam
2226 1856 2487 1924 acerbam,
2529 1866 2576 1911 et
2619 1859 2790 1912 dentes
2835 1857 3063 1927 ﬁliorum
3101 1857 3500 1929 obstupuerunt;

1908 1948 1998 2002 sed
2022 1949 2130 2020 ejus
2165 1949 2252 2019 qui
2291 1949 2667 2008 manducauerit
2696 1966 2845 2003 uvam
2877 1949 3130 2017 acerbam,
3167 1948 3499 2020 obstupebunt

1909 2039 2268 2110 dentes:quia
2316 2056 2426 2096 non
2469 2042 2524 2096 in
2571 2041 2758 2112 patris,
2789 2040 2884 2097 sed
2934 2041 2988 2095 in
3035 2057 3134 2096 suo
3179 2052 3420 2111 peccato,
3451 2041 3498 2096 si

1909 2132 2256 2198 commiserit,
2301 2133 2527 2202 quisque
2573 2133 2850 2187 morietur.
2881 2131 2960 2187 Tu
2988 2141 3165 2187 autem
3203 2147 3325 2188 cum
3370 2147 3496 2203 pro-

1911 2221 2086 2290 phetia
2117 2223 2206 2276 ubi
2233 2223 2448 2288 dicitur,
2478 2221 2602 2278 Non
2621 2223 2844 2294 accipiet
2879 2223 3019 2292 ﬁlius
3053 2233 3310 2294 peccatum
3337 2225 3497 2294 patris

1907 2315 1988 2366 sui
2014 2311 2395 2381 (Ezecthm,
2419 2313 2536 2385 20),
2573 2328 2683 2368 non
2725 2312 3004 2369 ostendisti
3049 2312 3496 2384 quemadmodum

1906 2402 2179 2474 Scriptura
2214 2405 2502 2461 concordet
2538 2405 2626 2461 ubi
2662 2404 2878 2470 dicitur,
2905 2404 3137 2459 Reddam
3168 2414 3374 2470 peccata
3399 2421 3497 2474 pa-

1907 2503 2040 2549 trum
2063 2496 2118 2549 in
2146 2497 2282 2566 ﬁlios
2315 2495 2490 2569 (Deut.
2515 2512 2572 2564 v,
2595 2496 2671 2568 9).
2700 2497 2826 2553 ﬂare
2851 2497 3046 2568 quippe
3083 2497 3225 2552 inter
3263 2510 3324 2552 se
3361 2511 3497 2552 con-

1908 2589 2069 2643 traria
2111 2590 2484 2657 remanebunt,
2521 2591 2623 2646 nisi
2661 2589 2852 2646 horum
2897 2591 3122 2646 duorum
3169 2591 3398 2662 singula,
3429 2589 3498 2648 ad
3605 2650 3615 2658 ,

1906 2677 2247 2735 Testamenta
2293 2680 2502 2752 singula
2551 2679 2873 2746 referantur,
2918 2679 3061 2751 quod
3100 2679 3499 2738 evidentissima

1906 2769 2168 2825 Jeremias
2195 2771 2450 2841 pr0pheta
2483 2773 2820 2828 monstravit.

1976 2860 2241 2917 LXXXV.
2283 2863 2400 2918 Jun.
2442 2862 2608 2935 Igitur
2633 2879 2754 2920 cum
2780 2864 3110 2921 venissemus
3136 2863 3273 2940 (Lib.
3293 2865 3350 2934 2,
3377 2883 3496 2940 cap.

1906 2951 1977 3008 56
2004 2953 2110 3024 sq.)
2138 2953 2206 3008 ad
2235 2954 2464 3026 apostoli
2495 2955 2640 3010 Pauli
2683 2957 3024 3024 sententiam,
3060 2972 3218 3028 quam
3252 2957 3496 3029 Scriptu-

1905 3061 2088 3101 rarum
2116 3047 2426 3116 expertibus
2448 3046 2820 3103 Traducianus
2846 3050 3123 3104 venditare
3148 3049 3338 3104 solitus
3355 3059 3494 3118 erat,

1907 3136 1960 3191 id
1989 3145 2088 3203 est,
2113 3135 2220 3192 Per
2242 3153 2399 3191 unum
2428 3138 2681 3192 hominem
2709 3149 2971 3208 peccatum
3013 3139 3218 3192 intrauit
3255 3140 3310 3194 in
3345 3150 3521 3194 παπ-’τ

1906 3229 2028 3283 dum
2054 3229 2228 3303 (Rom.
2249 3227 2446 3300 v,12),
2473 3228 2686 3284 ostendi
2727 3229 3194 3300 primitus'ipsius
3232 3231 3496 3287 sermonis

1908 3322 2234 3388 testimonio,
2283 3336 2314 3376 a
2366 3320 2468 3375 loci
2516 3320 2659 3376 illius
2708 3320 2882 3392 adytis
2925 3320 3287 3377 Traducianos
3331 3321 3498 3378 fuisse

1905 3413 2202 3478 submotos,
2238 3412 2452 3483 quando
2479 3412 2729 3468 Gentium
2755 3413 3004 3483 Magister
3030 3414 3234 3484 peccati
3259 3415 3494 3485 antiqui-

1908 3511 2072 3558 tatem
2116 3503 2417 3567 revolvens,
2460 3502 2526 3557 ad
2577 3503 2937 3573 generationis
2985 3503 3302 3571 custodiam,
3343 3505 3497 3574 quasi

1905 3593 2251 3649 fortissimum
2282 3593 2590 3662 stipatorem
2616 3593 2823 3646 ﬁnitum
2851 3608 3132 3649 numerum
3155 3594 3494 3664 collocasset,

1905 3694 1966 3740 ut
1994 3685 2179 3740 dicens
2217 3699 2312 3755 per
2349 3698 2513 3738 unum
2556 3681 2827 3738 hominem
2855 3693 3131 3752 peccatum
3174 3684 3404 3740 intrasse
3440 3685 3494 3740 iu

1905 3777 2184 3843 mundum,
2214 3775 2588 3846 praescriberet
2627 3775 2760 3830 nihil
2797 3790 2855 3831 se
2887 3775 2956 3830 de
2992 3778 3338 3847 generatione
3371 3793 3495 3834 senv

1905 3872 2060 3935 sisse,
2087 3883 2206 3938 quae
2235 3868 2337 3922 nisi
2368 3881 2464 3938 per
2502 3866 2636 3922 duos
2674 3881 2782 3922 non
2822 3875 3008 3937 posset
3045 3869 3296 3924 existere.
3321 3869 3497 3940 Atque

1906 3960 2170 4030 assignavi
2199 3958 2505 4014 distinctum
2531 3972 2652 4013 esse
2675 3957 2815 4012 inter
2832 3957 3266 4014 commixtionem
3289 3967 3344 4014 et
3372 3973 3498 4029 pec-

1906 4061 2084 4106 catum
2127 4060 2430 4120 parentum,
2470 4063 2593 4104 cum
2639 4048 2909 4104 diceretur
2947 4048 3178 4104 intrasse
3218 4060 3498 4121 peccatum

1907 4144 2121 4214 quidem
2150 4143 2203 4197 in
2230 4141 2510 4208 mundum,
2533 4140 2630 4197 sed
2656 4157 2752 4212 per
2780 4157 2902 4197 eum
2927 4157 3213 4198 numerum
3249 4143 3338 4214 qui
3377 4142 3499 4198 feti-

1908 4237 2008 4291 bus
2037 4249 2140 4290 non
2170 4243 2380 4305 poterat
2406 4233 2714 4289 convenire.
2741 4235 3038 4304 Actumque
3063 4242 3148 4289 est
3169 4233 3499 4290 sufﬁcienter

1908 4342 2004 4398 per
2030 4337 2198 4383 totum
2226 4328 2484 4391 libellum,
2522 4327 2726 4398 peccati
2755 4326 2826 4382 ibi
2866 4343 2972 4381 non
3011 4336 3254 4382 naturam
3291 4327 3497 4383 indica-

1908 4431 2016 4476 tam
2047 4435 2188 4488 esse,
2217 4421 2311 4476 sed
2349 4420 2601 4484 formam,
2625 4418 2768 4489 quod
2793 4433 2824 4473 a
2855 4419 3350 4488 praevaricatoribus
3377 4427 3500 4488 post

1908 4515 2124 4580 secutis,
2162 4511 2458 4567 imitatione
2483 4519 2772 4574 constaret,
2803 4525 2906 4564 non
2934 4511 3278 4580 generatione
3316 4524 3499 4566 susce-

1909 4615 2078 4677 ptum.
2109 4603 2300 4660 Verum
2332 4603 2455 4674 quia
2498 4602 2755 4672 scriptum
2801 4601 3026 4671 legimus
3069 4601 3122 4654 in
3166 4600 3402 4671 Epistola
3429 4600 3498 4657 ad

1911 4698 2166 4755 Hebraeos
2194 4698 2261 4752 de
2284 4696 2503 4762 ludatis,
2526 4692 2612 4750 Ex
2637 4710 2738 4748 uno
2759 4693 2854 4749 orti
2881 4702 3022 4761 sunt,
3049 4702 3098 4747 et
3125 4693 3221 4747 hoc
3247 4705 3495 4761 emortuo,

1908 4794 1961 4850 id
1991 4803 2095 4859 est,
2131 4792 2200 4848 de
2226 4789 2532 4856 Abraham;
2560 4787 2805 4858 superius
2833 4800 3046 4857 quoque
3070 4785 3127 4841 in
3152 4784 3338 4842 eadem
3373 4785 3501 4856 Epi-

1907 4889 2042 4946 stola
2073 4888 2264 4959 legitur
2287 4885 2356 4941 de
2384 4884 2619 4947 Christo,
2648 4881 2748 4948 Qui
2773 4880 3076 4950 sanctiﬁcat,
3098 4888 3146 4934 et
3168 4879 3492 4949 sanctiﬁcan-

1910 4991 2012 5048 tur,
2052 4995 2115 5034 ex
2148 4995 2251 5032 uno
2291 4993 2464 5032 omnes
2493 4974 2678 5048 (Hebr.
2706 4989 2766 5042 ιι,
2797 4972 2884 5044 Η)
2918 4991 2932 5028 :
2963 4987 3029 5027 ue
3059 4971 3250 5026 horum
3275 4973 3496 5042 aliquid,

1907 5073 1993 5129 vel
2011 5071 2290 5138 similium,
2315 5069 2362 5125 si
2386 5068 2612 5125 inveniri
2641 5067 2852 5138 poterit,
2874 5065 3238 5121 Traducianus
3257 5065 3495 5135 arripiat,

1908 5173 2066 5236 atque
2099 5172 2502 5235 argumentetur
2532 5161 2818 5232 quidquam
2847 5159 2917 5215 de
2941 5161 3290 5230 responsione
3319 5171 3496 5214 nostra

1909 5259 2162 5330 ponderis
2188 5257 2351 5312 fuisse
2380 5256 2701 5322 discussum,
2727 5269 2828 5324 qua
2855 5252 3237 5308 afﬁrmavimus
3262 5252 3384 5308 ideo
3413 5252 3497 5305 di—

1909 5361 2052 5408 ctum
2091 5366 2211 5407 esse
2241 5365 2426 5416 unum,
2464 5363 2563 5420 per
2600 5362 2758 5416 quem
2795 5346 3066 5401 transierit
3105 5351 3402 5416 peccatum,
3431 5358 3500 5397 ne

1909 5444 2182 5516 generatio
2231 5441 2497 5498 sineretur
2544 5438 2808 5508 intelligi;
2843 5453 2963 5492 cum
3007 5438 3278 5492 inventum
3326 5435 3396 5490 sit
3445 5440 3497 5489 in

1911 5538 2012 5592 hac
2031 5535 2268 5607 Epistola
2296 5534 2512 5589 nomine
2541 5532 2700 5588 unius
2728 5531 3126 5602 generationem
3166 5527 3452 5583 indicatam
3480 5545 3497 5582 δ

1976 5716 1992 5747 ί
2015 5715 2149 5786 uniti,
2174 5727 2262 5776 per
2283 5711 2654 5778 generationem.
2691 5710 2862 5759 verius
2897 5706 3052 5758 codex
3087 5713 3220 5769 Man,
3250 5718 3338 5770 per
3358 5709 3494 5770 rege-

1974 5842 1997 5874 i
2029 5845 2097 5890 tta
2118 5839 2272 5889 culex
2300 5843 2425 5887 Fort.
2449 5836 2537 5886 Alii
2561 5844 2666 5887 Mss.
2691 5848 2802 5886 cum
2825 5833 2995 5895 editis,
3013 5833 3178 5896 prim.
