4062 6560
511 443 649 504 1287

509 573 679 635 quens
715 551 926 628 propria
947 592 964 618 ,
1000 547 1233 605 abusivis
1257 544 1433 600 verbis
1461 540 1695 597 condere
1721 536 2090 608 ambiguisque

509 627 728 710 conetur
755 667 769 703 :
802 657 911 702 tum
942 642 1082 698 istud
1123 639 1326 695 infinite
1363 635 1656 692 deformius
1689 644 1800 696 est,
1831 627 1975 701 quod
2004 641 2093 682 res

509 743 769 800 obscenas
792 746 846 793 et
874 735 968 790 Dei
1004 731 1262 803 justitiam
1297 727 1642 784 criminantes
1662 766 1678 792 ,
1709 734 1815 778 tam
1844 716 2094 789 ancipiti-

507 834 606 889 bus
633 829 957 900 Augustinus
984 824 1170 880 nititur
1196 820 1514 877 confirmare
1553 813 1865 880 sententiis,
1907 819 1966 866 ut
2001 823 2095 900 eas

505 931 689 980 contra
722 897 783 973 se
816 915 1033 989 proprie
1052 953 1066 978 ,
1093 927 1192 983 pro
1217 926 1277 968 se
1305 918 1483 966 autem
1511 907 1752 978 precario
1780 917 1975 959 sonare
2007 897 2093 955 fa-

509 1021 696 1070 teatur.
726 1009 1085 1079 Quisquamne
1114 1003 1442 1060 eruditorum
1481 999 1556 1055 illi
1597 1004 1908 1069 argumento
1943 994 2092 1062 fidat,

507 1105 646 1176 quod
680 1117 801 1159 cum
833 1102 886 1156 in
907 1100 996 1170 jus
1022 1097 1265 1162 venerit,
1293 1095 1362 1150 ab
1389 1092 1610 1148 inimico
1647 1090 1765 1160 ejus
1793 1087 1943 1159 quasi
1969 1101 2094 1141 ver-

508 1196 784 1258 naculum,
815 1193 884 1249 ab
921 1193 1014 1248 illo
1047 1204 1179 1247 vero
1216 1187 1368 1260 quasi
1397 1185 1674 1258 fugitivum
1703 1181 2096 1253 plagiatumque

508 1296 758 1360 pensetur
771 1286 798 1341 I

579 1381 712 1438 Ave.
741 1379 819 1434 De
845 1375 1022 1435 verbis
1052 1373 1286 1431 abusivis
1313 1381 1366 1426 et
1395 1369 1624 1440 pr0priis
1649 1382 1711 1422 ea
1737 1364 1972 1435 loqueris
1992 1404 2008 1431 ,
2038 1371 2097 1418 ut

508 1473 782 1528 hominum
824 1468 1091 1541 paucitate
1128 1471 1433 1533 contempta
1471 1461 1560 1531 qui
1605 1467 1659 1515 te
1703 1455 2003 1527 intelligunt
2042 1461 2098 1510 et

508 1565 781 1621 inveniunt
804 1561 1142 1623 delirantem,
1169 1554 1335 1626 eligas
1361 1552 1541 1608 multis
1565 1550 1655 1622 qui
1689 1558 1742 1604 te
1766 1562 1870 1603 non
1898 1544 2097 1601 intelli-

505 1663 671 1729 gunt,
701 1654 865 1710 videri
903 1651 1080 1708 dicere
1107 1646 1342 1718 aliquid,
1369 1659 1491 1700 cum
1525 1642 1672 1698 dicas
1708 1640 1860 1696 nihil.
1907 1637 2096 1694 Melius

507 1764 634 1820 ergo
655 1747 836 1820 paucis
862 1744 1034 1800 doctis
1058 1735 1113 1798 te
1140 1741 1404 1810 relinquo,
1432 1737 1522 1808 qui
1551 1745 1607 1791 et
1631 1750 1718 1790 me
1745 1749 1851 1789 non
1876 1731 2098 1788 demon-

507 1849 734 1908 strante,
765 1836 1016 1894 facillime
1050 1833 1351 1903 intelligunt
1377 1839 1430 1885 te
1459 1827 1590 1883 nihil
1619 1826 1829 1892 dicere,
1859 1837 2016 1908 quam
2045 1831 2098 1878 te

510 1903 836 1997 refellendo,
870 1926 1112 2000 quamvis
1148 1939 1274 1980 vera
1298 1921 1517 1986 dicam,
1548 1934 1609 1974 ea
1643 1933 1765 1989 quae
1803 1903 1958 1971 multi
1986 1928 2097 1970 non

509 2024 809 2094 intelligunt
852 2021 993 2076 dico.
1041 2016 1416 2072 Verumtamen
1460 2010 1552 2067 ubi
1599 2009 1801 2064 dictum
1843 2015 1961 2072 est,
1992 2003 2100 2061 Per

509 2132 668 2171 unum
694 2113 946 2168 hominem
975 2117 1234 2182 peccatum
1258 2105 1462 2160 intrarit
1490 2102 1544 2156 in
1571 2101 1814 2155 mundum
1833 2139 1852 2163 ,
1880 2105 2100 2168 propter

508 2203 864 2280 generationis
892 2207 1196 2264 auctorem,
1230 2196 1351 2252 ideo
1392 2195 1619 2249 formam
1654 2189 1848 2256 futuri,
1877 2196 2098 2259 propter

510 2277 928 2371 regenerationis
946 2301 1255 2356 auctorem;
1283 2302 1389 2343 non
1410 2284 1572 2341 verba
1596 2291 1720 2340 sunt
1739 2281 1978 2348 abusiva,
2001 2277 2098 2335 sed

510 2390 746 2464 propria.

579 2478 764 2536 XCIII.
792 2477 912 2533 ἔοι..
927 2474 1091 2544 Quod
1116 2473 1274 2546 igitur
1291 2470 1358 2527 ad
1380 2469 1633 2526 Hebraeos
1653 2467 1882 2538 positum
1908 2472 2010 2529 est,
2037 2478 2101 2518 ea:

1161 430 1404 490 OPERIS
1445 422 1851 484 IMPERFECTI
1887 414 2166 478 CONTRA
2199 411 2566 494 ‘JULIANUM,
2606 413 2665 472 S.
2708 409 3077 472 AUGUSTINI

3641 398 3825 461 1288

2202 531 2330 596 tuis,
2364 529 2628 600 viviﬁcabit
2667 537 2713 583 et
2750 527 2987 582 mortalia
3019 539 3231 596 corpora
3257 530 3422 578 vestra
3462 517 3647 594 (Rom.
3679 528 3834 581 νηί,

2204 623 2290 691 10,
2325 621 2413 696 II)
2445 640 2458 677 :
2489 621 2811 678 Manichacus
2834 631 3010 676 autem
3037 618 3198 683 dicat,
3226 617 3401 672 carnis
3429 628 3667 685 corpora
3696 623 3836 666 non

2201 714 2468 786 pertinere
2496 713 2563 769 ad
2591 713 2716 768 boni
2743 713 2837 768 Dei
2863 719 3192 776 creaturam,
3233 707 3328 764 sed
3367 707 3435 762 ad
3475 705 3608 761 mali
3638 713 3836 759 natu-

2202 821 2347 873 ram;
2373 820 2470 862 nec
2489 803 2757 860 Christum
2778 820 2808 859 a
2829 802 3050 859 mortuis
3073 801 3402 868 suscitatum,
3427 797 3525 854 sed
3549 812 3661 851 non
3683 807 3840 850 esse

2201 897 2509 954 mortuum?
2539 896 2643 954 Vos
2669 911 2795 968 ergo
2823 895 2911 968 qui
2938 894 3214 950 Manichzei
3241 908 3348 948 non
3375 891 3542 957 estis,
3582 888 3686 946 sed
3727 885 3836 942 di-

2203 1006 2359 1047 versa
2387 999 2534 1061 peste
2561 1005 2658 1046 nec
2685 1003 2778 1044 vos
2801 988 2915 1044 sani
2940 987 3088 1052 estis,
3115 985 3273 1042 dicite
3292 982 3566 1055 quomodo
3587 982 3662 1037 sit
3686 995 3840 1036 coro

2203 1097 2303 1153 pus
2324 1091 2590 1137 mortuum
2617 1091 2834 1152 propter
2858 1087 3166 1150 peccatum;
3191 1077 3282 1148 qui
3299 1074 3547 1146 corporis
3568 1081 3836 1129 mortem

2203 1189 2310 1228 non
2341 1189 2434 1244 per
2461 1181 2735 1244 peccatum
2765 1171 2905 1227 illius
2930 1169 3183 1239 hominis,
3214 1168 3310 1226 sed
3334 1169 3452 1240 lege
3479 1177 3700 1224 natura
3730 1164 3838 1222 in—

2204 1276 2375 1323 trasse
2401 1267 2716 1323 asseveratis
2746 1265 2800 1320 in
2829 1263 3108 1320 mundum.

2272 1356 2432 1413 XCV.
2471 1357 2590 1414 Jun.
2630 1358 2711 1413 Ac
2739 1372 2834 1426 per
2869 1356 3005 1422 hoc,
3045 1355 3358 1411 inconcussa
3393 1362 3581 1410 manet
3618 1360 3832 1410 nostra

2202 1451 2511 1522 responsio,
2553 1467 2671 1522 quae
2712 1449 2945 1507 ostendit
2988 1465 3083 1521 per
3125 1465 3290 1505 unum
3335 1449 3612 1505 hominem
3634 1490 3651 1515 ,
3699 1464 3829 1503 non

2202 1545 2544 1616 generatione
2587 1544 2820 1599 vitiatam
2865 1550 3024 1614 atque
3066 1540 3406 1612 corruptam,
3449 1541 3548 1598 sed
3598 1542 3828 1612 integra

2204 1645 2548 1708 permanente
2575 1645 2763 1692 natura
2785 1678 2800 1703 ,
2827 1635 3070 1691 vitiosam
3101 1632 3438 1690 solummodo
3475 1633 3703 1704 allegari
3744 1632 3827 1687 ab

2203 1728 2462 1799 Apostolo
2491 1728 2822 1798 peccantium
2853 1726 3200 1782 voluntatem.

2276 1823 2414 1878 Auc.
2448 1819 2713 1891 Numquid
2743 1834 2910 1890 usque
2937 1818 3073 1874 adeo
3097 1818 3226 1874 caeci
3251 1817 3412 1884 estis,
3437 1823 3536 1872 aut
3557 1815 3822 1872 homines

2203 1913 2485 1970 excaecatis
2504 1913 2806 1986 caliginosis
2825 1911 3271 1983 disputationibus
3290 1911 3504 1978 vestris,
3528 1919 3590 1964 ut
3609 1923 3822 1981 negare

2205 2006 2445 2064 audeatis
2466 2006 2612 2062 nasci
2639 2019 2865 2076 corpora
2884 2004 3113 2060 vitiosa?
3141 2003 3406 2075 Numquid
3432 2002 3501 2058 ad
3524 2001 3821 2057 hominum

2206 2108 2449 2154 naturam
2479 2112 2584 2154 non
2615 2100 2885 2170 pertinent
2913 2095 3178 2167 corpora?
3207 2105 3318 2160 aut,
3347 2093 3494 2166 quod
3527 2092 3820 2148 Manichzi

2205 2192 2390 2248 dicunt
2435 2192 2690 2264 (quorum
2730 2191 3054 2247 dementiam
3097 2191 3398 2246 nescientes
3426 2187 3648 2260 quidem
3669 2229 3686 2253 ,
3715 2187 3822 2243 sed

2206 2291 2460 2352 quantum
2489 2282 2754 2352 adjuvetis
2772 2325 2787 2351 ,
2816 2282 3094 2338 advertere
3119 2291 3173 2338 et
3195 2282 3431 2351 cogitare
3456 2296 3566 2336 non
3596 2279 3816 2349 vultis),

2206 2375 2379 2445 gentis
2430 2374 2766 2430 tenebrarum
2812 2374 3128 2446 corporibus
3174 2375 3350 2430 anima
3379 2374 3520 2431 bona
3551 2382 3772 2430 tenetur
3798 2375 3818 2406 ⁸

2207 2464 2482 2521 admixta?
2503 2465 2671 2521 Dicite
2692 2481 2820 2538 ergo
2841 2465 3154 2522 vitiosorum
3175 2480 3460 2536 corporum
3480 2465 3699 2533 merita,
3722 2465 3819 2538 qui

509 2587 611 2626 uno
636 2585 827 2633 omnes,
862 2567 1026 2638 exigit
1051 2544 1168 2621 laus
1198 2565 1216 2597 ¹
1240 2563 1357 2629 Dei,
1388 2569 1509 2633 post
1535 2557 2100 2616 commemorationem
2147 2544 2412 2630 Onegatis
2439 2558 2692 2628 parvulos
2721 2573 2787 2612 ex
2822 2557 3130 2628 parentibus
3169 2557 3382 2614 trahere
3418 2557 3529 2613 ulla
3567 2569 3815 2630 peccata.

511 2671 688 2717 tamen
715 2667 994 2732 parentum
1025 2675 1040 2712 :
1067 2655 1209 2728 quod
1235 2665 1412 2710 autem
1437 2652 1630 2708 dicitur
1654 2650 1722 2706 de
1741 2648 1976 2715 Christo,
2001 2645 2102 2712 Qui

509 2754 826 2824 sanctiﬁcat,
853 2763 900 2808 et
929 2749 1340 2819 sanctiﬁcantur,
1369 2761 1432 2800 ea:
1458 2753 1767 2799 uno'omnea
1786 2783 1802 2809 ,
1834 2739 1900 2796 ad
1928 2739 2100 2795 Deum

511 2845 735 2902 relatum
767 2853 870 2900 est.

583 2937 719 2992 Aac.
737 2934 902 3006 Magis
922 2941 1044 3005 post
1061 2928 1626 2988 commemorationem
1649 2933 1929 2996 parentum
1949 2920 2106 2992 (prae-

511 3027 698 3083 sertim
727 3027 849 3098 quia
873 3025 986 3096 jam
1026 3022 1307 3080 transierat
1332 3036 1362 3075 a
1394 3028 1572 3090 patre,
1614 3025 1669 3072 et
1705 3016 1773 3072 de
1813 3023 1984 3070 matre
2023 3012 2105 3068 lo-

513 3116 796 3188 quebatur)
816 3158 832 3184 ,
860 3113 1123 3187 praeteriri
1151 3126 1256 3167 non
1284 3110 1467 3166 debuit
1499 3109 1613 3178 ipsa
1644 3115 1849 3171 mater;
1878 3103 1975 3159 sed
2000 3101 2105 3157 dici

513 3207 718 3272 debuit,
746 3205 827 3259 Ex
853 3204 1064 3259 duobus
1089 3200 1194 3257 orti
1221 3209 1378 3263 sunt;
1407 3198 1498 3269 qui
1528 3212 1634 3252 non
1662 3211 1732 3251 ex
1760 3209 1890 3259 uno,
1918 3191 2012 3246 sed
2039 3206 2106 3246 ex

515 3295 724 3350 duobus
749 3294 852 3349 orti
879 3301 1068 3359 erant;
1098 3299 1157 3346 ut
1183 3291 1298 3345 laus
1320 3289 1416 3344 Dei
1441 3297 1584 3342 esset
1608 3300 1733 3341 vera
1750 3326 1765 3352 ,
1789 3299 1895 3338 non
1931 3282 2062 3338 falsa
2089 3299 2105 3339 :

516 3389 620 3444 nisi
658 3387 780 3458 quia
823 3396 879 3442 et
921 3386 1022 3440 hoc
1059 3399 1245 3441 verum
1274 3390 1390 3448 est,
1419 3379 1560 3451 quod
1590 3395 1656 3436 ex
1681 3392 1788 3433 uno
1810 3375 1918 3432 orti
1946 3383 2105 3442 sunt;

516 3495 617 3537 nec
654 3479 875 3535 abusive
913 3477 1114 3533 dictum
1153 3484 1270 3542 est,
1304 3473 1400 3530 sed
1432 3472 1643 3544 proprie
1672 3480 1889 3541 propter
1915 3477 2106 3524 aucto-

516 3587 632 3628 rem
671 3568 894 3626 seminis
919 3579 1124 3639 patrem
1143 3607 1160 3634 ,
1189 3581 1295 3622 non
1325 3573 1542 3635 propter
1565 3561 1860 3633 augendam
1889 3558 2110 3616 menda-

517 3664 630 3730 cio,
661 3663 800 3719 sicut
838 3669 894 3716 tu
933 3660 1236 3726 existimas,
1269 3657 1363 3712 Dei
1393 3654 1623 3712 laudem.
1663 3654 1850 3710 Dicere
1889 3653 2105 3724 quippe,

518 3755 690 3810 Ilomo
718 3752 878 3820 fecit,
918 3750 1064 3823 quod
1113 3749 1354 3805 homines
1392 3747 1500 3803 duo
1546 3746 1794 3817 pluresve
1835 3744 2106 3809 iecerunt;

519 3854 696 3918 potest
721 3845 926 3914 tr0pica
952 3857 1072 3899 esse
1101 3841 1298 3896 locutio
1323 3855 1339 3893 :
1365 3840 1410 3895 si
1435 3838 1556 3910 quis
1580 3845 1758 3894 autem
1787 3837 1916 3893 dicit
1943 3849 2108 3890 unum

521 3937 794 3992 hominem
816 3934 1026 3999 fecisse,
1051 3933 1193 4004 quod
1221 3932 1328 3988 duo
1352 3929 1613 3996 fecerunt,
1641 3929 1742 3984 nisi
1766 3943 1951 3984 eorum
1976 3926 2112 3982 duo-

494 4045 639 4084 trum
669 4038 859 4084 auctor
887 4026 1012 4082 facti
1041 4027 1110 4080 sit
1136 4039 1306 4089 unus;
1333 4030 1426 4078 aut
1450 4021 1725 4087 mentitur,
1753 4029 1845 4074 aut
1872 4017 2106 4074 fallitur:

521 4123 662 4179 sicut
686 4119 755 4177 de
779 4121 982 4176 locusta
1009 4127 1065 4174 et
1089 4133 1216 4173 rana
1245 4116 1404 4187 paulo
1433 4124 1557 4171 ante
1579 4115 1690 4185 jam
1715 4113 1965 4170 diximus.

595 4210 775 4268 XCIV.
800 4211 918 4267 Jun.
945 4211 1034 4266 Sic
1057 4209 1200 4264 enim
1223 4206 1507 4277 Apostolus
1530 4205 1596 4260 ad
1616 4204 1942 4272 Corinthios,
1972 4202 2113 4258 Nam

523 4309 654 4361 sicut
679 4305 894 4369 mulier,
923 4303 1120 4374 inquit,
1152 4318 1214 4356 ea;
1238 4301 1380 4368 uiro,
1409 4301 1484 4355 ita
1511 4308 1559 4354 et
1583 4300 1658 4354 vir
1692 4316 1782 4371 per
1814 4300 2112 4364 mulierem;

526 4396 698 4452 omnia
724 4405 892 4450 autem
919 4410 981 4448 ea:
1003 4392 1110 4448 Deo
1137 4393 1179 4463 (l
1203 4391 1323 4448 Cor.
1343 4407 1419 4458 χι,
1444 4391 1556 4463 η).
1577 4391 1758 4447 Tertio
1782 4405 1910 4446 vero
1933 4402 2114 4447 osten-

527 4490 605 4546 dit
631 4488 785 4555 ratio,
811 4487 1062 4558 quoniam
1080 4487 1183 4541 etsi
1203 4495 1450 4540 neutrum
1473 4485 1659 4540 horum
1684 4483 1825 4555 quod
1848 4482 2000 4538 nobis
2018 4483 2115 4538 ad-

527 4584 885 4648 miniculatur,
917 4581 1134 4644 fuisset;
1163 4587 1338 4634 tamen
1367 4578 1509 4632 illam
1532 4577 1868 4645 sententiam,
1892 4593 1995 4648 qua
2019 4589 2114 4647 per

528 4691 693 4731 unum
722 4673 989 4728 hominem
1021 4671 1248 4726 intrasse
1286 4678 1561 4740 peceatum
1598 4669 1651 4723 in
1692 4668 1833 4722 hunc
1859 4667 2114 4722 mundum

529 4767 722 4824 Paulus
735 4763 991 4833 disputat,
1009 4763 1212 4816 nullum
1229 4776 1351 4818 cum
1369 4759 1672 4815 Manichteis
1688 4759 1870 4815 iniisse
1890 4757 2112 4815 foedus”.

598 4859 735 4913 Aus.
766 4855 845 4911 Tu
872 4855 1050 4926 potius
1074 4853 1172 4908 ista
1201 4852 1426 4909 dicendo
1448 4851 1744 4907 ostenderis
1767 4850 1960 4907 foedus.
1983 4850 2113 4905 Nam

526 4949 670 5021 quod
699 4947 874 5004 ftedus
903 4953 986 5003 est
1014 4945 1269 5016 Apostolo
1301 4959 1423 5000 cum
1451 4943 1744 5000 Manichan
1777 4962 1790 4998 :
1821 4959 1938 4999 cum
1969 4944 2115 5014 Apo-

529 5040 701 5094 stolus
725 5037 900 5105 dicat,
930 5034 1126 5109 Corpus
1158 5036 1361 5108 quidem
1388 5045 1643 5090 mortuum
1671 5045 1744 5090 est
1771 5045 1974 5107 propter
2002 5051 2116 5106 pec-

528 5145 736 5198 catum;
779 5132 922 5204 quod
967 5133 1156 5189 evertit
1201 5133 1446 5188 haeresim
1490 5138 1720 5188 vestram
1750 5149 1764 5185 :
1797 5131 2118 5189 Manichacus

531 5234 710 5281 autem
738 5225 914 5294 dicat,
944 5225 1152 5297 Corpus
1179 5224 1578 5281 immutabiliter
1602 5225 1798 5280 malum
1823 5234 1907 5280 est
1925 5225 1966 5292 ⁸,
1997 5240 2118 5296 pro-

535 5330 651 5391 pter
682 5329 1000 5378 coaaternam
1039 5320 1181 5376 bono
1218 5320 1343 5375 mali
1380 5320 1663 5376 naturam?
1702 5318 1938 5390 Itemque
1974 5322 2026 5376 in
2052 5337 2119 5378 eo

535 5418 653 5471 loco
679 5412 768 5469 ubi
792 5411 992 5469 dictum
1019 5420 1122 5480 est,
1152 5410 1349 5483 Corpus
1373 5421 1623 5467 mortuum
1657 5421 1733 5468 eat
1770 5423 1974 5485 propter
2000 5432 2117 5486 pec-

536 5516 740 5574 catum;
766 5507 1054 5579 Apostolus
1071 5506 1232 5576 dicat,
1259 5505 1360 5573 Qui
1377 5505 1638 5561 suscitavit
1655 5504 1913 5564 Christum
1935 5525 1967 5564 a
1988 5525 2120 5564 mor-

601 5682 616 5712 '
644 5681 724 5732 Ms.
743 5681 1088 5744 Port.,laudcs.

543 5744 716 5864 regis
776 5742 884 5796 ttss.‘
949 5752 1008 5796 At
1061 5745 1198 5809 vign.
1218 5779 1234 5806 ,
1287 5742 1474 5797 suum
1515 5757 1628 5796 cm
1669 5747 1932 5803 Marticlueo
1973 5750 2120 5815 fidae

605 5867 629 5902 ³
647 5873 747 5931 lite,
770 5867 951 5921 malum
969 5875 1058 5933 est,
1077 5883 1142 5921 ex
1166 5877 1410 5924 Portarum
1429 5871 1598 5926 codice
1618 5873 1900 5937 adiecimus.

2175 2689 2177 2691 ι
2209 2650 2350 2707 Ecce
2376 2650 2651 2706 Manichaei
2681 2650 2900 2706 dicunt:
2925 2649 3106 2722 Usque
3129 2651 3264 2708 adeo
3287 2667 3414 2708 caro
3441 2652 3544 2707 ista
3567 2653 3818 2708 mortalis

2210 2757 2317 2798 non
2346 2741 2413 2797 ad
2443 2743 2712 2812 opificium
2740 2741 2854 2811 Dei,
2882 2743 2978 2799 sed
3004 2743 3070 2798 ad
3096 2744 3271 2814 gentis
3298 2744 3532 2816 pertinet
3559 2744 3819 2801 tenebra—

2209 2852 2328 2892 rum
2349 2876 2365 2903 ,
2401 2845 2460 2891 ut
2484 2837 2644 2892 etiam
2675 2836 2952 2893 hominum
2977 2852 3200 2908 corpora
3220 2879 3236 2905 ,
3265 2854 3401 2909 quos
3426 2839 3496 2895 ad
3521 2839 3818 2911 imaginem
3852 2825 3868 2842 ⁸

2211 2927 2308 2982 Dei
2335 2925 2507 2982 factos
2534 2942 2656 2984 esse
2679 2927 2998 2998 perhibetis,
3027 2944 3137 2984 non
3163 2929 3335 2985 solum
3364 2931 3735 3002 corruptibilia
3759 2939 3818 2988 et

2211 3017 2500 3073 conditioni
2531 3017 2720 3074 mortis
2748 3017 2974 3074 obnoxia
2994 3061 3010 3087 ,
3037 3034 3222 3074 verum
3252 3021 3414 3076 etiam
3444 3021 3641 3078 vitiosa
3667 3037 3817 3092 saepe

2212 3119 2520 3165 nascantur.
2548 3109 2688 3180 Quid
2718 3111 2796 3167 eis
2829 3112 3174 3182 respondebit
3202 3113 3423 3172 haeresis
3449 3124 3631 3172 vestra
3649 3157 3666 3185 ,
3710 3117 3816 3174 nisi

2212 3201 2522 3271 humanam,
2549 3204 2792 3274 quamvis
2815 3204 2916 3260 sub
2945 3204 3055 3260 Deo
3078 3215 3322 3263 creatore
3345 3217 3401 3264 et
3423 3209 3649 3276 artifice,
3673 3208 3815 3266 hanc

2215 3305 2391 3352 tamen
2416 3311 2536 3353 esse
2559 3308 2824 3364 naturam,
2852 3306 2913 3353 ut
2929 3298 3031 3355 etsi
3058 3314 3218 3357 nemo
3243 3311 3541 3372 peccasset,
3566 3304 3730 3359 etiam
3757 3305 3815 3361 in

2213 3387 2461 3458 paradiso
2499 3388 2626 3445 talia
2664 3389 2941 3446 hominum
2969 3376 3197 3463 corpora
3221 3395 3609 3451 nascerentur?
3633 3393 3678 3451 0
3707 3396 3835 3463 ah-__

2212 3479 2555 3536 ominabilem
2597 3491 2651 3536 et
2688 3480 3046 3539 damnabilem
3069 3461 3297 3540 vocem!
3327 3484 3437 3541 Nos
3464 3495 3646 3542 autem
3675 3461 3834 3558 quo-v

2213 3569 2358 3625 niam
2402 3569 2680 3625 hominum
2723 3586 2946 3642 corpora
2990 3588 3096 3628 non
3143 3574 3314 3630 solum
3357 3577 3724 3646 corruptibilia
3759 3585 3816 3633 et

2214 3661 2524 3718 necessitati
2551 3663 2739 3718 mortis
2762 3663 3038 3730 obstricta,
3059 3680 3245 3721 verum
3264 3655 3430 3722 etiam
3455 3668 3624 3723 multa
3655 3669 3714 3724 in
3737 3670 3817 3726 eis

2215 3753 2589 3810 innumerabili
2628 3754 2918 3812 vitiositate
2945 3756 3218 3828 languida,
3245 3757 3489 3826 distorta,
3523 3760 3812 3830 deformia,

2215 3847 2363 3903 nullo
2390 3857 2668 3918 parentum
2705 3847 3043 3921 praecedente
3079 3859 3325 3921 peccato,
3358 3851 3411 3906 in
3437 3853 3690 3922 paradiso
3713 3869 3813 3908 ex-

2215 3946 2397 3993 ortura
2426 3936 2592 3994 fuisse
2618 3953 2724 3995 non
2749 3938 2996 4007 dicimus,
3024 3947 3082 3996 et
3107 3955 3202 3997 eos
3224 3941 3317 4013 qui
3345 3942 3532 3999 dicunt
3557 3944 3814 4016 dignissi-

2217 4043 2335 4084 mos
2360 4028 2697 4085 anathemate
2719 4029 3056 4101 iudicamus;
3085 4048 3191 4089 non
3219 4033 3288 4090 ab
3317 4035 3470 4092 initio
3496 4035 3579 4092 sic
3602 4015 3836 4094 ’ίὶιιςςιὶ-Ξ

2217 4130 2344 4176 tutae
2369 4129 2592 4186 naturae,
2619 4121 2713 4177 sed
2739 4122 3030 4194 iniquitatis
3058 4125 3248 4181 merito
3275 4137 3456 4197 postea
3483 4129 3687 4186 vitiata:
3713 4130 3814 4186 ista

2218 4215 2518 4284 tribuimus,
2547 4222 2682 4271 utet
2707 4230 2801 4271 vos
2826 4226 2880 4272 et
2901 4216 3220 4274 Manichaeos
3247 4219 3562 4280 inconcussa
3591 4233 3647 4282 et
3673 4225 3815 4283 anti-

2215 4320 2318 4376 qua
2349 4305 2475 4360 fidei
2500 4304 2775 4360 catholicae
2800 4305 3088 4362 stabilitate
3115 4307 3474 4369 destruamus.
3827 4297 3835 4374 ξ

2287 4394 2469 4452 XCVI.
2496 4395 2616 4452 JUL.
2645 4395 2751 4453 Sed
2777 4406 3116 4454 revertamur
3139 4401 3204 4456 ad
3233 4400 3425 4459 librum
3450 4404 3622 4475 illum,
3650 4383 3833 4479 quem‘

2217 4489 2285 4546 ad
2314 4487 2586 4545 Valerium
2623 4489 2939 4559 destinavit,
2981 4491 3035 4547 in
3074 4509 3180 4565 quo
3215 4495 3550 4569 discerptas'
3580 4499 3649 4556 de
3677 4501 3814 4557 libro

2218 4595 2341 4636 meo
2368 4597 2474 4636 uno
2511 4580 2767 4636 duntaxat
2801 4583 3097 4640 sententias
3133 4584 3233 4641 sibi
3261 4586 3622 4647 discutiendas
3648 4592 3813 4648 refel-

2220 4673 2507 4743 lendasque
2534 4673 2832 4745 proposuit.
2860 4673 2927 4730 Et
2953 4675 3167 4746 quidem
3195 4679 3248 4733 in
3275 4681 3444 4750 primo
3473 4685 3651 4753 operis
3677 4701 3814 4756 pra:-

2220 4764 2386 4819 sentis
2411 4763 2587 4819 libello
2606 4779 2775 4835 usque
2798 4765 2866 4820 ad
2889 4781 2953 4822 ea
2972 4767 3250 4839 Augustini
3277 4770 3414 4826 dicta
3441 4788 3808 4843 perveneram,

2218 4856 2412 4927 quibus
2436 4865 2634 4912 retecta
2663 4856 3012 4927 impudentia,
3043 4874 3148 4929 qua
3176 4860 3443 4930 opinionis
3471 4863 3613 4921 illius
3641 4866 3810 4937 fugie-

2219 4946 2311 5002 bat
2344 4945 2593 5002 invidiam
2613 4989 2630 5015 ,
2671 4963 2740 5003 ne
2765 4947 3033 5004 diabolum
3063 4950 3332 5007 videretur
3369 4968 3610 5011 asserere
3637 4955 3812 5010 homi-

2220 5053 2347 5094 num
2385 5037 2752 5106 conditorem,
2795 5039 3158 5110 pronuntiavit
3192 5041 3359 5098 Deum
3394 5059 3512 5100 esse
3537 5056 3810 5101 auctorem

2220 5131 2516 5198 malorum,
2546 5139 2706 5202 atque
2747 5130 2921 5202 ipsum
2965 5132 3086 5188 talis
3125 5135 3300 5190 meriti
3336 5151 3521 5192 creare
3561 5137 3811 5192 substan-

2222 5223 2372 5290 tiam,
2402 5238 2522 5294 qua:
2545 5231 2775 5288 reatum,
2801 5231 3086 5295 antequam
3121 5239 3275 5280 usum
3301 5227 3542 5295 rationis,
3568 5227 3808 5298 accipiat,

2222 5324 2277 5371 et
2299 5330 2417 5386 quae
2445 5315 2500 5371 in
2525 5330 2690 5387 regno
2711 5315 2932 5384 diaboli,
2965 5316 3268 5375 Conditoris
3304 5319 3388 5374 sui
3415 5320 3662 5376 manibus
3697 5320 3810 5375 eol-

2223 5409 2447 5466 locetur.

2295 5504 2430 5559 Auc.
2461 5500 2561 5571 Qui
2590 5509 2834 5557 naturam
2860 5501 3115 5560 discernit
3141 5520 3173 5561 a
3201 5505 3352 5574 vitio,
3386 5522 3490 5563 non
3517 5505 3643 5563 dicit
3671 5503 3811 5578 quod

2225 5595 2356 5652 dicis
2386 5614 2398 5652 :
2430 5594 2520 5667 qui
2551 5593 2906 5666 intelligenter
2933 5595 3058 5668 legit
3083 5598 3224 5670 quod
3247 5599 3390 5668 dico,
3421 5615 3529 5657 non
3551 5616 3643 5657 me
3667 5607 3813 5673 putat

2291 5755 2308 5785 ι
2333 5755 2404 5802 Sic
2425 5759 2530 5802 Mss.
2555 5751 2676 5802 Editi
2698 5763 2833 5812 vero,
2855 5751 3116 5804 tenebatur.

2290 5816 2312 5848 ²
2334 5814 2582 5874 Particula,
2601 5812 2689 5874 sic,
2709 5813 2984 5864 restituitur
3006 5828 3070 5866 ex
3094 5826 3198 5869 Mss.

2295 5853 2973 5940 {caesacaesa}?
3007 5853 3070 5866 νη
3095 5853 3198 5869 ἠπ-
3785 5853 3830 5900 ’σε
