4062 6498
237 375 388 432 1289

234 489 422 546 dicere
450 488 590 560 quod
620 503 726 545 non
752 489 891 545 dico.

310 602 517 660 XCVII.
547 603 668 659 Jun.
699 605 940 676 Eumque
975 619 1098 663 esse
1136 606 1354 681 ﬁgulum
1379 609 1473 668 ira:
1497 620 1551 668 et
1575 610 1830 682 perditio-

237 695 326 752 nis
349 711 474 750 vasa
504 695 813 766 ﬁngentem.

307 788 444 844 Anc.
477 787 881 856 Quantumlibet
920 806 1029 847 non
1067 793 1364 865 intelligas,
1397 795 1662 866 quomodo
1693 796 1828 852 Deus

232 878 391 935 faciat
419 895 486 936 ex
515 879 703 936 eadem
734 897 909 937 massa
940 884 1081 940 aliud
1121 902 1215 942 vas
1257 888 1308 942 in
1351 888 1636 956 honorem,
1681 888 1826 944 aliud

232 973 285 1028 in
308 973 686 1030 contumeliam
714 974 890 1050 (Rom.
917 995 989 1043 ix,
1013 979 1105 1050 21)
1131 998 1145 1036 :
1167 982 1239 1036 ita
1263 982 1389 1036 facit
1416 990 1616 1051 tamen,
1641 992 1698 1038 ut
1719 999 1824 1039 non

226 1062 391 1119 faciat
419 1066 627 1120 tertium
653 1081 822 1136 genus
850 1084 1118 1137 vasorum,
1143 1087 1242 1128 nec
1267 1073 1321 1127 in
1348 1073 1626 1140 honorem,
1650 1090 1751 1131 nec
1771 1077 1825 1132 in

227 1159 638 1228 contumeliam,
665 1161 850 1231 quales
883 1177 978 1218 vos
1017 1179 1136 1220 esse
1176 1165 1431 1234 parvulos
1469 1167 1659 1236 vultis;
1691 1170 1823 1226 etin

228 1263 457 1320 regnum
499 1251 590 1306 Dei
627 1265 732 1307 non
772 1253 969 1310 intrare
1004 1257 1286 1328 imaginem
1316 1259 1444 1327 Dei,
1476 1261 1672 1316 nullam
1703 1277 1824 1319 esse

227 1345 607 1402 contumeliam
634 1344 919 1417 deputatis.
949 1348 1126 1418 Ipsum
1153 1351 1296 1408 enim
1326 1367 1547 1423 regnum
1573 1358 1651 1410 sic
1677 1371 1823 1410 ama-

227 1435 299 1490 tis
319 1478 336 1502 ,
367 1445 424 1491 ut
449 1453 555 1492 non
594 1437 666 1492 ibi
703 1454 852 1507 esse,
882 1456 986 1495 non
1017 1443 1204 1499 saltem
1234 1445 1409 1502 levem
1449 1461 1663 1518 pinnam
1698 1464 1818 1506 cre-

221 1524 368 1582 datis
395 1525 628 1585 hominis
656 1545 798 1596 csse,
835 1533 929 1588 sed
955 1534 1176 1591 nullam.

295 1617 527 1674 XCVIII.
563 1620 683 1676 Jun.
723 1621 826 1678 Sed
868 1639 986 1695 quae
1031 1627 1082 1681 in
1128 1628 1516 1698 perditionem,
1553 1648 1659 1690 non
1691 1651 1815 1706 pro—

219 1726 379 1767 cessu
411 1714 591 1771 liberte
620 1708 938 1788 voluntatis,
985 1736 1170 1777 verum
1213 1723 1576 1785 informatoris
1605 1730 1686 1791 sui
1718 1746 1816 1801 po-

220 1813 418 1862 testate
443 1817 718 1879 cogantur.

294 1901 413 1955 Auc
467 1900 624 1956 Potes
647 1902 843 1970 dicere,
869 1920 972 1960 non
999 1907 1267 1978 quoslibet
1292 1909 1558 1980 homines,
1589 1913 1680 1970 sed
1705 1913 1813 1984 jam

219 2001 564 2061 regeneratos
600 1993 740 2050 ﬁlios
773 2011 899 2052 suos
925 1997 1090 2054 Deum
1129 1999 1184 2054 in
1215 2001 1568 2070 perditionem
1597 2021 1809 2076 cogere,

221 2082 466 2140 faciendo
490 2101 583 2142 eos
610 2087 806 2152 vivere,
836 2105 969 2160 quos
995 2105 1029 2146 a
1056 2091 1160 2148 ﬁde
1198 2095 1452 2163 praevidet
1480 2111 1810 2167 recessuros,

217 2188 344 2229 cum
373 2187 552 2246 posset
575 2192 671 2234 eos
695 2179 820 2235 hinc
845 2196 1062 2252 rapere,
1089 2191 1376 2256 antequam
1408 2187 1608 2244 malitia
1635 2198 1814 2244 muta-

217 2277 426 2323 rentur.

295 2360 484 2417 XCIX.
519 2362 639 2418 Jun.
687 2364 1023 2439 Tantumque
1070 2368 1174 2425 hoc
1215 2371 1523 2444 prodigialis
1549 2374 1814 2446 dogmatis

217 2455 373 2511 nefas
401 2458 626 2527 apostoli
668 2459 816 2516 Pauli
853 2465 1070 2518 molitus
1095 2475 1176 2522 est
1218 2468 1474 2525 roborare
1502 2471 1808 2539 sententiis,

217 2563 358 2618 quas
397 2561 648 2607 contextu
699 2553 860 2610 totius
907 2557 1151 2631 lectionis
1197 2562 1455 2632 exposui,
1505 2573 1560 2618 et
1601 2565 1811 2620 ostendi

217 2643 542 2712 prophetam
569 2644 780 2714 Isaiam,
809 2647 879 2704 de
894 2663 1002 2720 quo
1028 2649 1167 2706 hanc
1189 2655 1644 2724 comparationem
1669 2655 1813 2726 ﬁguli

216 2735 501 2790 constabat
551 2747 876 2809 assumptam
902 2781 918 2808 ,
979 2740 1202 2812 iustitia:
1255 2745 1448 2800 divinae
1504 2746 1812 2817 plenissime

215 2831 436 2874 causam
462 2831 620 2876 tueri.

289 2912 430 2968 Anc.
457 2913 594 2980 Quid
613 2915 893 2972 ostendisti
919 2917 1219 2990 legentibus
1249 2922 1267 2954 ³
1292 2931 1347 2978 et
1371 2923 1809 2995 intelligentibus,

216 3001 324 3058 nisi
355 3013 408 3059 te
435 3006 594 3062 verba
632 3009 924 3078 apostolica
960 3010 1125 3068 nimia
1171 3012 1491 3084 loquacitate
1532 3027 1808 3086 conatum,

214 3111 327 3152 non
350 3105 524 3155 tamen
556 3101 792 3170 potuisse
834 3107 1180 3173 pervertere?

289 3189 347 3246 C.
375 3191 493 3248 Jun.
528 3193 832 3252 Secundum
859 3207 1037 3254 autem
1074 3199 1266 3256 librum
1302 3203 1632 3274 expositione
1666 3205 1810 3277 Apo-

215 3283 340 3342 stoli
387 3287 714 3357 argumentis
753 3290 1033 3361 Augustini
1077 3307 1142 3348 ex
1179 3293 1404 3350 adverso
1441 3297 1664 3367 positis,
1714 3313 1811 3366 pro

215 3391 282 3433 ea
330 3394 494 3449 quam,
533 3383 890 3454 suppeditavit
932 3387 1162 3455 veritas,
1213 3386 1463 3446 facultate
1503 3393 1808 3463 complevi:

214 3479 380 3541 atque
402 3471 519 3527 ideo
539 3489 681 3530 nunc
706 3476 774 3532 ad
802 3477 920 3532 libri
949 3478 1064 3548 ejus
1088 3480 1330 3536 ordinem
1357 3491 1709 3539 revertamur.

293 3563 431 3621 Anc.
469 3564 770 3622 Secundum
810 3569 1000 3625 librum
1044 3588 1150 3626 non
1189 3573 1520 3644 expositione
1546 3576 1805 3646 Apostoli,

217 3658 316 3714 sed
341 3659 443 3714 sub
471 3662 811 3730 expositionis
835 3662 1197 3734 professione,
1244 3667 1388 3721 inani
1417 3669 1810 3740 oppugnatione

215 3753 532 3822 complesti,
573 3755 800 3812 vanitate
843 3757 972 3825 tibi,
1011 3773 1118 3813 non
1148 3760 1370 3816 veritate
1393 3801 1408 3828 ,
1440 3762 1809 3833 suppeditante

212 3858 334 3912 qua:
353 3843 577 3900 diceres.

284 3934 369 3991 Cl.
391 3935 513 3993 Jun.
545 3937 707 4008 Igitur
747 3951 1026 4013 postquam
1065 3942 1166 3998 sibi
1208 3961 1370 4000 unum
1397 3945 1467 4002 de
1495 3949 1806 4018 praefation-

211 4028 327 4083 cula
349 4031 546 4100 prioris
570 4033 753 4102 Operis
772 4034 876 4088 mei
906 4044 1066 4105 caput
1086 4078 1102 4104 ,
1131 4036 1272 4106 quod
1293 4039 1440 4109 quasi
1473 4040 1809 4111 impugnaret

211 4119 410 4187 objecit
435 4163 449 4186 ,
496 4123 734 4194 illudque
773 4126 840 4182 de
866 4129 1025 4197 tigqu
1052 4137 1390 4198 peccatorum
1421 4132 1530 4188 Deo
1554 4149 1651 4188 suo
1677 4135 1805 4192 sub-

211 4212 386 4280 didit;
436 4231 522 4271 me
565 4217 772 4288 arguit,
814 4235 973 4289 quam
1021 4236 1150 4276 sane
1195 4233 1502 4280 constanter
1541 4237 1594 4282 et
1642 4244 1802 4298 pure,

211 4305 384 4374 ipsius
407 4308 630 4378 eloquiis
656 4310 973 4380 publicetur.
1011 4331 1030 4365 σ
1063 4313 1177 4369 Νοη
1204 4316 1401 4386 itaque,
1434 4337 1453 4370 ι
1483 4319 1621 4374 sicut
1649 4330 1701 4376 te
1724 4315 1807 4377 at-

212 4412 320 4467 que
346 4399 478 4454 alios
507 4399 690 4457 fallens
721 4404 956 4475 loqueris
978 4449 993 4474 ,
1027 4408 1072 4462 si
1101 4409 1221 4478 quis
1254 4418 1348 4464 aut
1373 4411 1594 4467 liberum
1624 4413 1676 4468 in
1703 4415 1803 4470 ho-

212 4489 447 4544 minibus
477 4491 750 4548 arbitrium
770 4537 785 4562 ,
830 4505 921 4551 aut
965 4497 1132 4553 Deum
1158 4514 1278 4554 esse
1305 4503 1636 4558 nascentium
1670 4521 1802 4560 con-

210 4582 444 4638 ditorem
468 4585 663 4641 dixerit
690 4631 703 4653 ,
745 4590 1099 4648 leestianus
1123 4602 1177 4648 et
1205 4595 1518 4666 Pelagianus
1541 4608 1799 4654 vocatur:

208 4674 314 4729 ista
353 4679 551 4747 quippe
590 4688 644 4734 et
684 4681 938 4738 catholica
981 4683 1114 4740 ﬁdes
1148 4685 1294 4740 dicit.
1342 4687 1446 4742 Sed
1488 4689 1534 4744 si
1568 4690 1687 4760 quis
1734 4690 1804 4746 ad

207 4768 496 4824 colendum
525 4782 672 4828 recte
695 4775 878 4844 Deum,
906 4778 1020 4834 sine
1050 4779 1215 4849 ipsius
1237 4780 1501 4850 adjutorio
1529 4782 1656 4837 dicit
1683 4799 1803 4840 esse

208 4860 264 4914 in
296 4860 600 4920 hominibus
625 4865 850 4923 liberum
879 4869 1188 4936 arbitrium;
1229 4881 1284 4927 et
1305 4874 1546 4944 quisquis
1570 4875 1640 4930 ita
1675 4875 1801 4932 dicit

210 4952 381 5010 Deum
422 4962 756 5016 nascentium
784 4963 1114 5020 conditorem
1136 5008 1152 5033 ,
1196 4975 1254 5020 ut
1279 4969 1617 5036 parvulorum
1645 4979 1802 5040 neget

208 5061 242 5101 a
281 5060 540 5118 potestate
581 5054 780 5111 diaboli
825 5057 1248 5129 redemptorem,
1293 5061 1406 5129 ipse
1447 5062 1800 5117 leestianus

209 5149 267 5196 et
295 5141 604 5214 Pelagianus
629 5159 863 5205 vocatur.
890 5151 1136 5207 Liberum
1169 5154 1342 5223 itaque
1371 5153 1647 5210 arbitrium
1679 5171 1799 5211 esse

208 5232 270 5287 in
300 5232 631 5306 hominibus,
673 5252 724 5296 et
751 5243 916 5298 Deum
942 5260 1061 5300 esse
1085 5247 1413 5302 nascentium
1445 5247 1792 5312 conditorem,

205 5328 423 5399 utrique
457 5331 715 5401 dicimus;
762 5353 866 5392 non
907 5338 1028 5394 hinc
1056 5341 1181 5394 estis
1219 5340 1521 5396 Coelestiani
1559 5349 1614 5395 et
1641 5341 1794 5395 Pela-

200 5417 373 5489 giani.
427 5421 672 5481 Liberum
715 5439 892 5485 antem
932 5445 1051 5487 esse
1091 5447 1411 5503 quemquam
1439 5433 1502 5487 ad
1533 5433 1794 5504 agendum

201 5511 407 5568 bonum
429 5517 544 5573 sine
567 5520 836 5590 adjutorio
867 5523 981 5589 Dei,
1010 5532 1065 5578 et
1090 5527 1332 5578 non‘erui
1362 5527 1610 5594 parvulos
1639 5542 1666 5580 a
1698 5542 1793 5598 p0-

197 5612 396 5664 testate
433 5613 771 5670 tenebrarum
797 5659 814 5682 ,
865 5626 919 5672 et
956 5619 1035 5673 sic
1061 5618 1330 5674 transferri
1361 5619 1410 5673 in
1448 5636 1666 5690 regnum
1701 5620 1790 5675 Dei

197 5696 421 5772 (Colon.
453 5720 492 5771 I,
526 5707 618 5778 I5)
648 5724 662 5760 :
695 5707 798 5764 hoc
821 5723 918 5763 vos
944 5707 1120 5765 dicitis
1151 5728 1164 5765 :
1194 5709 1316 5764 hinc
1343 5712 1470 5766 estis
1490 5711 1792 5768 Ccelestiani

263 5855 282 5891 ³
315 5857 455 5920 ΕΔΜ,
476 5856 600 5920 Quid
623 5859 832 5912 ostendit
863 5829 1183 5927 diligentibus.
1209 5866 1508 5927 Castigantur
1533 5876 1597 5914 ex
1619 5870 1725 5916 Mss.

441 5942 670 6008 SANCT.
722 5947 1004 6008 Aususr.
1048 5947 1132 6008 X.

1627 381 1830 436 LIBER
1869 379 2178 442 TERTIUS.

3387 417 3410 470 1
3420 417 3528 474 290

1944 510 1998 555 et
2028 502 2292 601 Delagiatii
2325 525 2344 560 ι
2378 509 2480 579 (De
2505 511 2718 584 Nuptiis
2764 528 2814 574 et
2858 519 3306 597 Coucupiscentia,
3352 533 3439 586 lib.
3468 534 3524 601 2,

1939 607 1992 684 n.
2044 592 2124 663 8).
2178 595 2372 656 Natare
2403 611 2454 657 te
2481 606 2695 676 quidem
2719 610 2772 666 in
2801 592 3089 684 impietatis
3111 625 3213 674 tute
3255 592 3309 676 et
3335 592 3525 680 formi;

1937 683 2078 739 dinis
2107 687 2298 756 palude
2322 693 2627 766 frequenter
2652 683 2894 772 ostendi,
2931 723 3030 763 nec
3059 725 3222 781 super
3246 711 3348 770 hoc
3372 715 3524 772 dubio

1939 783 2170 834 taturum
2204 783 2513 849 prudentcin
2539 802 2748 848 constat
2775 811 2896 852 esse
2926 798 3200 858 lectorem.

2007 871 2142 928 Anc.
2169 873 2283 931 Nec
2305 887 2489 934 natare
2510 889 2561 936 te
2591 899 2766 954 posse,
2795 889 2888 944 sed
2916 895 3106 963 mergi,
3131 896 3220 950 alii
3239 911 3522 968 noverunt,

1933 963 2025 1033 qui
2072 965 2379 1024 hrereticum
2427 981 2476 1028 te
2515 989 2634 1031 esse
2674 992 3000 1050 cognoscunt
3030 1003 3042 1039 :
3075 1002 3195 1042 nam
3238 997 3295 1044 tu
3333 991 3522 1048 eadem

1936 1058 2305 1118 submersione
2333 1080 2547 1122 sensum
2578 1071 2740 1126 etiam
2765 1075 3064 1142 perdidisti.

2004 1149 2109 1205 CII.
2140 1150 2256 1209 Jun.
2306 1156 2480 1227 Atque
2519 1159 2639 1216 ideo
2664 1161 2717 1216 in
2753 1165 2926 1234 primo
2951 1168 3088 1224 libro
3113 1186 3212 1226 nec
3237 1189 3324 1231 me
3355 1174 3521 1233 fuisse

1930 1245 2212 1300 mentitum
2235 1287 2252 1315 ,
2279 1249 2405 1319 quid
2435 1253 2777 1324 scripseram,
2809 1273 2996 1316 omnes
3022 1263 3111 1333 qui
3140 1263 3517 1335 fugissentno-
3559 1279 3562 1300 τ

1928 1344 2052 1391 strae
2081 1339 2350 1396 societatis
2388 1343 2674 1415 invidiam,
2716 1347 2771 1404 in
2811 1350 3223 1410 Manichaeorum
3252 1369 3519 1429 praerupta

1926 1442 2207 1499 corruere,
2240 1433 2462 1491 liberum
2507 1439 2784 1496 arbitrium
2819 1443 3190 1516 denegantium
3213 1490 3229 1518 ,
3274 1459 3327 1506 ct
3349 1452 3520 1510 Deum

1925 1518 2201 1579 hominum
2230 1528 2596 1598 conditorem;
2641 1540 2798 1605 teque
2834 1537 2884 1590 id
2920 1541 3062 1608 quod
3091 1541 3269 1598 fueras
3295 1545 3518 1616 propul-

1925 1628 2045 1670 sare
2065 1627 2318 1687 conatus,
2349 1623 2528 1677 statim
2555 1625 2811 1683 absolutis
2848 1632 3140 1701 arripuisse
3157 1637 3515 1709 sermonibus,

1921 1707 2082 1763 etiam
2113 1709 2324 1766 illorum
2351 1713 2669 1784 scriptorum
2691 1760 2704 1782 ,
2743 1735 2862 1790 quae
2894 1722 2960 1777 ad
2991 1723 3320 1782 Bonifacium
3350 1707 3517 1786 nise;-

1921 1813 2047 1865 ras,
2097 1802 2389 1860 insertione
2441 1807 2666 1876 patefeci
2719 1809 2954 1882 (Supra,
3001 1814 3088 1868 lib.
3137 1817 3190 1883 I,
3233 1835 3352 1889 cap.
3399 1820 3514 1892 14).

1927 1889 2307 1950 Verumtamen
2336 1897 2437 1952 hoc
2460 1939 2475 1965 ,
2518 1900 2676 1954 etiam
2708 1900 2824 1956 haec
2849 1920 3008 1973 quam
3039 1922 3178 1962 nunc
3203 1909 3392 1979 posui,
3425 1919 3516 1966 tua

1920 1986 2200 2053 responsio
2239 1989 2544 2045 conﬁtetur.
2589 1991 2778 2046 Dixisti
2804 1996 2946 2049 enim
2968 2039 2981 2063 ,
3014 1998 3170 2054 ﬁdem
3200 2002 3518 2067 catholicam

1919 2091 2039 2132 esse
2061 2120 2073 2144 ,
2105 2095 2224 2149 qua:
2255 2087 2312 2136 et
2335 2082 2563 2136 liberum
2592 2085 2762 2140 credit
2787 2088 3061 2144 arbitrium
3084 2085 3102 2158 ,'
3133 2102 3187 2147 et
3217 2094 3384 2150 Deum
3421 2111 3516 2152 na-

1921 2171 2184 2224 scentium
2228 2173 2581 2230 conditorem.
2615 2177 2783 2244 Quod
2813 2189 3096 2253 utrumque
3133 2186 3368 2242 omnium
3399 2174 3514 2244 hae-1

1918 2264 2205 2320 reticorum
2228 2307 2242 2332 ,
2286 2267 2607 2325 Manichazos
2633 2283 2838 2328 certum
2879 2286 2960 2330 est
2993 2257 3266 2334 vobiscum
3295 2297 3510 2353 negare.

1989 2357 2125 2412 Auc.
2175 2357 2448 2414 Manichaei
2499 2361 2662 2434 (quod
2704 2364 2888 2420 videre
2935 2383 3037 2422 non
3082 2370 3264 2438 vultis)
3305 2388 3335 2428 a
3361 2375 3514 2432 vobis

1917 2449 2094 2520 potius
2119 2450 2454 2520 adjuvantur,
2485 2455 2575 2524 qui
2605 2463 2685 2510 tot
2711 2465 2765 2512 et
2785 2466 2927 2512 tanta
2950 2462 3084 2515 mala
3116 2479 3236 2533 quae
3261 2466 3368 2536 pati
3391 2482 3514 2536 par-

1918 2542 2073 2599 vulos
2100 2545 2395 2613 cernimus,
2426 2563 2530 2602 non
2562 2550 2768 2606 meritis
2802 2563 3139 2622 peccatorum
3164 2598 3179 2623 ,
3231 2557 3324 2612 sed
3361 2560 3511 2630 genti

1917 2633 2155 2691 tribuunt
2187 2639 2546 2694 tenebrarum.
2591 2640 2706 2696 Non
2736 2644 2879 2698 enim
2911 2645 3116 2702 habetis
3146 2664 3252 2719 quo
3272 2648 3510 2723 fugiatis,

1917 2727 2129 2796 quando
2170 2745 2198 2783 a
2236 2731 2386 2786 vobis
2437 2734 2575 2788 mala
2611 2733 2711 2789 ista
2749 2737 2890 2793 unde
2927 2740 3035 2794 sint
3079 2753 3509 2811 percunctantur.

1915 2819 2021 2876 Sed
2047 2823 2203 2880 nobis
2225 2825 2292 2881 ad
2321 2826 2548 2882 liberum
2570 2829 2847 2886 arbitrium
2886 2831 3116 2891 hominis
3139 2878 3154 2903 ,
3191 2853 3296 2908 quo
3323 2850 3514 2896 natura

1916 2913 2148 2971 humana
2169 2959 2183 2983 ,
2232 2933 2352 2972 cum
2382 2919 2522 2975 bona
2563 2922 2718 2977 fuerit
2758 2923 2998 2980 instituta
3017 2969 3032 2992 ,
3062 2928 3245 2984 vitiata
3272 2932 3374 2998 est,
3398 2930 3513 2988 haec

1915 3007 2093 3062 omnia
2123 3005 2479 3067 referentibus
2497 3054 2513 3080 ,
2543 3013 2808 3070 catholica
2839 3017 3113 3074 vobiscum
3138 3021 3363 3080 veritate
3388 3025 3510 3079 vin-

1915 3106 2125 3154 cuntur.

1987 3189 2116 3246 Clllt
2149 3191 2178 3248 J
2185 3209 2269 3248 UL.
2295 3193 2494 3251 Verum
2523 3197 2646 3268 quia
2667 3198 2792 3256 ﬁdei
2818 3201 3096 3259 catholica:
3125 3247 3144 3274 ,
3169 3205 3322 3276 cujus
3340 3208 3510 3267 solido

1915 3283 2145 3340 nudatus
2169 3301 2228 3342 es
2251 3329 2266 3354 ,
2294 3289 2444 3358 quasi
2474 3291 2760 3348 amiculum
2794 3303 2974 3363 tenue,
3003 3298 3177 3354 solum
3199 3315 3395 3358 nomen
3417 3319 3508 3358 as-

1915 3377 2082 3432 sumis
2105 3419 2120 3445 ,
2155 3379 2236 3433 vis
2263 3394 2361 3434 nos
2399 3382 2651 3450 credere,
2694 3386 2853 3441 etiam
2893 3403 2923 3442 a
2955 3397 3008 3444 te
3035 3390 3135 3445 hoc
3170 3393 3340 3448 teneri
3364 3395 3507 3465 quod

1914 3468 2163 3524 catholici
2201 3471 2561 3542 conﬁtentur,
2608 3475 2660 3530 id
2706 3486 2821 3544 est,
2869 3489 2922 3534 et
2965 3481 3190 3538 liberum
3230 3486 3506 3542 arbitrium

1915 3575 2036 3618 esse
2062 3563 2114 3616 in
2137 3562 2440 3620 hominibus
2466 3607 2480 3633 ,
2521 3574 2576 3621 et
2604 3568 2766 3622 Deum
2796 3575 3125 3628 nascentium
3149 3576 3502 3636 conditorem.

1915 3653 2021 3710 Sed
2046 3655 2092 3709 si
2122 3656 2224 3711 hoc
2247 3673 2278 3712 a
2309 3665 2358 3711 te
2388 3659 2701 3728 simpliciter
2732 3661 3062 3734 fideliterque
3105 3668 3366 3736 prolattun
3401 3678 3503 3737 est,

1913 3748 2074 3802 ﬁnem
2109 3750 2387 3804 certamini
2414 3751 2630 3821 impone
2648 3753 2862 3809 silentio
2887 3773 2901 3821 ;
2929 3755 3066 3812 fama
3097 3759 3164 3813 ad
3201 3777 3297 3816 nos
3320 3763 3504 3818 crimi-

1913 3842 2154 3896 nantium
2184 3854 2459 3910 recurrat,
2486 3845 2578 3916 qui
2617 3847 2669 3901 id
2698 3848 3055 3918 objecerimus
3090 3852 3179 3908 tibi
3200 3896 3214 3921 ,
3247 3857 3389 3926 quod
3415 3873 3504 3914 se-

1911 3947 2038 3989 cura
2081 3936 2100 3966 ί
2137 3937 2420 4006 negatione
2471 3937 2755 3996 deleveris.
2808 3941 2921 3997 Hoc
2965 3943 3138 3998 solum
3193 3946 3316 4002 huic
3365 3947 3505 4006 adde

1911 4028 2188 4084 sententia:
2208 4069 2222 4094 ,
2270 4029 2318 4084 si
2341 4044 2444 4100 qua
2479 4030 2690 4086 inventa
2719 4032 2878 4088 fuerit
2902 4045 3045 4089 secta
3071 4078 3085 4104 ,
3115 4038 3156 4090 si
3183 4054 3284 4109 qua
3313 4039 3500 4111 dispu-

1913 4121 2064 4189 latio,
2089 4138 2210 4192 quae
2239 4121 2375 4177 hanc
2403 4122 2668 4194 duplicem
2700 4125 3114 4196 confessionem,
3143 4146 3298 4200 quam
3327 4133 3503 4187 catho-

1911 4215 2067 4271 licam
2097 4231 2218 4272 esse
2258 4216 2532 4287 professus
2561 4232 2621 4273 es
2643 4259 2656 4284 ,
2702 4219 2876 4290 aliqua
2909 4233 3132 4277 conetur
3155 4237 3498 4295 argumenta-

1913 4308 2056 4365 tione
2089 4311 2426 4378 convellere,
2471 4324 2563 4366 aut
2592 4323 2736 4367 tuam
2772 4330 2876 4368 non
2905 4329 3023 4370 esse
3046 4357 3060 4380 ,
3097 4325 3190 4370 aut
3224 4334 3252 4370 a
3283 4328 3334 4374 te
3367 4321 3501 4376 ulte-

1911 4402 2022 4457 rius
2050 4417 2156 4457 non
2198 4403 2434 4460 defendi.
2479 4404 2534 4460 Si
2564 4415 2743 4460 autem
2781 4406 2965 4474 juvat,
2997 4423 3060 4463 ea
3101 4426 3221 4479 quae
3262 4411 3538 4486 dicturus,

1909 4508 1968 4548 es
2005 4509 2263 4565 negasse,
2305 4495 2554 4565 locupleti
2578 4497 2738 4550 etiam
2776 4497 3134 4567 diSputatione
3179 4501 3495 4571 defendere;

1909 4585 2116 4654 explica
2160 4585 2495 4642 deﬁnitiones
2540 4588 2694 4642 liberi
2719 4589 2958 4658 arbitrii,
2990 4599 3044 4645 et
3069 4590 3205 4647 ﬁnes
3242 4594 3357 4663 ejus
3384 4595 3500 4651 dis-

1914 4677 2260 4734 tinctionibus
2311 4679 2572 4734 absolutis
2625 4680 2773 4750 quasi
2831 4681 3146 4750 quibusdam
3200 4684 3354 4756 cinge
3427 4675 3537 4741 li--'

1908 4769 2144 4825 mitibus.

1978 4864 2114 4920 Anc.
2172 4862 2374 4919 Inimici
2429 4873 2483 4920 et
2533 4863 2884 4933 defensores,
2937 4865 3162 4922 liberum
3217 4869 3494 4925 arbitrium

1907 4957 2238 5013 defendendo
2283 4958 2555 5028 premitis,
2603 4958 2744 5028 quod
2775 4957 2842 5014 ad
2882 4974 3008 5014 suos
3033 4959 3230 5016 limites
3257 4965 3496 5019 revocari

1905 5051 2286 5120 omnipotentis
2314 5061 2368 5107 et
2409 5051 2522 5106 veri
2551 5051 2851 5108 defensoris
2888 5053 3126 5111 bonitate
3163 5058 3486 5114 nomvultis.

1974 5141 2109 5198 CIV.
2155 5143 2273 5200 Jun.
2322 5144 2488 5199 Deum
2536 5159 2748 5215 quoque
2788 5145 2969 5201 talium
3009 5147 3281 5204 hominum
3311 5165 3494 5207 assere

1905 5237 2272 5307 conditorem,
2319 5239 2501 5309 quales
2549 5239 2795 5294 manibus
2831 5240 2947 5311 ejus
2991 5242 3316 5314 justitiaeque
3359 5260 3492 5300 con-

1905 5333 2145 5387 veniunt.

1976 5408 2109 5481 Auc.
2159 5425 2206 5480 Ο
2231 5424 2376 5479 stulti
2423 5424 2656 5480 haeretici
2699 5425 2858 5480 novil
2905 5425 2950 5478 si
2990 5425 3232 5482 manibus
3256 5427 3349 5481 Dei
3381 5441 3488 5481 non

1904 5518 2230 5573 conveniunt
2257 5534 2420 5587 opera
2452 5518 2663 5584 vitiosa,
2698 5517 2951 5586 numquid
2980 5517 3224 5572 manibus
3245 5518 3336 5572 Dei
3357 5519 3485 5572 sub-

1901 5610 2116 5666 trahere
2137 5610 2245 5664 ulla
2273 5609 2547 5665 hominum
2579 5625 2802 5680 corpora
2826 5609 3087 5664 audebitis
3107 5651 3122 5677 ,
3148 5625 3268 5680 quae
3292 5610 3486 5666 videtis

1901 5720 2043 5777 saepe
2069 5704 2216 5761 nasci
2257 5705 2510 5760 nonnulla
2544 5704 2774 5759 vitiosa?
2803 5701 2910 5758 Cur
2935 5717 3042 5758 non
3083 5719 3210 5775 ergo
3241 5714 3485 5761 naturam

3531 4547 3544 4590 ξ

1964 5859 1984 5896 ⁸
2017 5861 2090 5913 sic
2107 5866 2216 5913 Mss.
2240 5860 2357 5917 Editi
2377 5874 2512 5923 vero,
2533 5868 2709 5912 secum.

2634 5943 3015 6025 (Quarante-
3022 5945 3198 6022 une.)
3482 6000 3540 6024 Α
