4062 6560
519 425 658 482 1295

524 546 646 602 Scio
673 543 793 613 quia
817 555 916 594 non
945 534 1137 588 habitat
1160 533 1213 584 in
1236 545 1312 584 me
1333 570 1347 591 ,
1375 529 1468 580 hoc
1497 533 1566 580 est
1593 525 1648 578 in
1673 538 1824 576 carne
1851 535 1979 580 mea,
2013 515 2104 569 bo—

524 655 646 694 num
671 654 689 690 :
719 633 843 688 velte
869 629 1000 685 enim
1027 626 1227 696 adjacet
1255 620 1412 684 mihi;
1442 619 1680 690 perﬁcere
1705 625 1873 670 autem
1905 613 2110 673 bonum,

524 746 624 784 non
652 724 885 787 invenio;
918 727 1004 784 et,
1045 715 1200 770 Video
1229 711 1386 767 aliam
1423 710 1582 780 legem
1615 707 1672 762 in
1711 704 1943 759 membris
1989 701 2115 754 meis

523 828 884 891 repugnantem
911 813 1009 884 legi
1036 810 1215 864 mentis
1242 821 1367 861 mea:
1395 803 1566 876 (Rom.
1599 817 1674 856 vn
1692 840 1708 867 ,
1740 799 1806 854 15
1831 839 1844 862 ,
1879 796 1966 865 I8,
1998 795 2113 864 25).

525 913 637 968 lloc
665 910 861 965 malum
893 907 946 960 in
971 907 1162 968 Adam,
1189 899 1402 971 quando
1430 907 1608 953 rectus
1632 901 1841 949 creatus
1873 900 1971 957 est,
2010 905 2115 942 non

525 1013 678 1070 erat;
711 1002 831 1072 quia
875 1007 1064 1054 natura
1099 995 1328 1050 humana
1372 991 1658 1062 depravata
1696 985 1931 1040 nondum
1977 991 2112 1038 erat.

525 1097 809 1151 Rectorem
836 1090 1083 1156 habebat,
1109 1101 1266 1158 quem
1291 1085 1462 1140 libero
1485 1079 1702 1150 reliquit
1725 1076 1981 1132 arbitrio:
2010 1089 2116 1128 non

524 1187 866 1242 liberatorem
892 1179 1198 1252 quaerebat,
1231 1191 1325 1246 per
1350 1188 1509 1246 quem
1541 1171 1693 1226 ﬁeret
1717 1168 1856 1222 liber
1892 1182 1923 1221 a
1966 1165 2114 1220 vitio.

526 1280 660 1335 Nam
691 1287 747 1334 et
784 1278 828 1333 si
851 1275 1014 1330 verba
1047 1273 1132 1326 illa
1157 1312 1173 1336 ,
1208 1269 1328 1323 Non
1353 1267 1488 1339 quod
1513 1265 1656 1332 volo,
1687 1280 1812 1334 ago,
1840 1270 1897 1316 et
1923 1266 2119 1314 (uetera

525 1374 685 1440 talia,
718 1368 948 1426 hominis
984 1373 1139 1430 snnt,
1179 1373 1239 1417 ut
1267 1361 1476 1424 dicitis,
1507 1357 1740 1412 nondum
1773 1354 1872 1408 sub
1923 1350 2120 1407 Christi

481 1463 488 1470 ’
526 1465 696 1538 gratia
724 1459 1028 1523 constituti;
1060 1471 1186 1526 ergo
1215 1453 1374 1509 etiam
1401 1450 1526 1505 hinc
1549 1443 1948 1511 convincimiui,
1978 1440 2120 1511 quod

469 1579 479 1605 ῖ·
531 1536 889 1614 tam'iniirmae
918 1548 1206 1606 voluntatis
1246 1545 1312 1600 ad
1339 1542 1604 1614 agendum
1646 1540 1842 1595 bonum
1877 1536 2120 1591 homines

530 1649 776 1704 Christus
814 1642 1014 1700 invenit
1039 1684 1054 1708 ,
1087 1648 1143 1696 et
1171 1637 1310 1709 quod
1341 1632 1545 1690 arbitrii
1573 1630 1726 1686 liberi
1757 1628 2120 1684 inﬁrmitatem

533 1741 600 1798 ad
620 1737 880 1810 agendum
903 1735 1102 1790 bonum
1123 1728 1336 1785 nonnisi
1361 1742 1454 1797 per
1473 1723 1672 1780 Christi
1694 1723 1918 1794 gratiam
1947 1726 2124 1789 potest

530 1835 760 1890 humana
787 1841 1034 1900 reparare
1063 1833 1269 1880 natura.
1297 1825 1372 1876 Ac
1401 1833 1498 1889 per
1525 1819 1628 1873 hoc
1654 1831 1842 1872 verum
1870 1821 1953 1870 est
1981 1812 2122 1883 quod

531 1925 678 1990 dixi,
706 1921 982 1979 Neminem
1015 1931 1134 1973 esse
1157 1915 1382 1970 liberum
1407 1911 1472 1965 ad
1494 1907 1759 1980 agendum
1783 1907 1983 1962 bonum
2005 1905 2122 1960 sine

533 2014 798 2086 adjutorio
819 2011 931 2067 Dei.
959 2009 1026 2063 Et
1047 2013 1325 2078 propterea
1347 2011 1402 2056 tu
1427 1998 1754 2064 subtraxisti,
1787 2016 1807 2050 ι
1834 1997 1949 2052 sine
1975 1995 2124 2065 adju-

533 2109 670 2164 torio
694 2107 810 2170 Dei,
839 2123 859 2156 ι
891 2113 946 2158 ιιι
971 2103 1064 2156 tibi
1086 2114 1306 2169 campus
1327 2097 1644 2166 aperiretur,
1668 2093 1757 2148 ubi
1779 2101 1831 2148 te
1851 2091 2124 2161 loquacius

531 2213 687 2269 quam
715 2193 1051 2266 eloquentius
1076 2207 1170 2262 per
1199 2189 1362 2244 multa
1389 2187 1640 2258 jactares,
1670 2185 1862 2255 quibus
1891 2198 1997 2237 non
2029 2182 2124 2237 de-

531 2290 754 2345 lectares
783 2287 1070 2356 legentem,
1099 2281 1194 2337 sed
1221 2279 1519 2349 intelligere
1543 2277 1833 2340 volentem,
1866 2283 2124 2344 quantum

531 2396 740 2452 posses,
773 2379 946 2450 potius
973 2375 1280 2446 impedires.
1311 2369 1612 2427 Subdimini
1644 2369 1771 2435 Deo,
1806 2375 1864 2421 ut
1889 2367 2126 2436 corriga-

527 2476 681 2530 mini.
723 2473 893 2529 Nemo
921 2480 1004 2526 est
1031 2469 1166 2524 liber
1205 2467 1270 2521 ad
1299 2463 1559 2535 agendum
1591 2462 1788 2517 bonum
1825 2461 1942 2515 sine
1968 2459 2124 2529 adju-

533 2572 674 2628 torio
697 2571 811 2626 Dei.
841 2567 977 2637 Quid
1003 2609 1018 2635 ,
1043 2575 1101 2620 ut
1131 2561 1506 2635 praecipitetis,
1538 2559 1826 2613 humanam
1870 2554 2127 2612 extollitis

529 2663 898 2723 voluntatem?
923 2661 1084 2716 Orate
1113 2659 1308 2729 potius,
1339 2670 1406 2709 ne
1435 2653 1645 2708 intretis
1670 2653 1722 2718 in
1752 2650 2125 2705 tentationcm.

603 2759 739 2816 CXI.
781 2757 898 2813 Jun.
943 2755 1230 2823 Pr0pterea
1257 2759 1433 2803 autem
1463 2747 1514 2800 in
1545 2743 1906 2814 superioribus
1933 2741 2118 2797 volun-

535 2863 696 2910 tatem
729 2849 1018 2922 perfectam
1061 2846 1228 2918 magis
1253 2859 1412 2914 quam
1451 2857 1631 2896 rerum
1663 2839 1884 2895 effectus
1915 2837 2126 2904 locavi,

535 2947 783 3018 quoniam
827 2952 880 3000 et
917 2939 1281 3014 parricidium,
1333 2944 1388 2992 et
1425 2934 1781 3004 sacrilegium,
1827 2941 1881 2988 et
1925 2931 2128 2986 adulte-

533 3041 674 3095 rium
699 3081 714 3106 ,
747 3037 832 3092 vel
879 3035 1068 3089 horum
1098 3031 1321 3094 similia,
1355 3027 1562 3082 facilius
1608 3033 1692 3080 est
1734 3039 1926 3080 cavere
1969 3037 2128 3093 quam

537 3133 736 3186 facere.
782 3128 962 3197 Neque
995 3125 1136 3181 enim
1177 3136 1390 3190 semper
1435 3118 1696 3200 voluntati
1741 3117 1894 3171 mala:
1940 3130 2132 3186 perpe-

540 3223 717 3278 trandi
739 3220 880 3291 quod
905 3219 1015 3272 vult
1037 3217 1187 3272 adest
1213 3215 1434 3269 facultas
1461 3213 1500 3266 ‘.
1532 3213 1601 3266 At
1624 3227 1654 3267 e
1672 3210 1914 3280 regione,
1939 3209 2132 3266 horum

540 3313 859 3372 abstinentia
887 3313 938 3366 in
979 3323 1186 3364 summa
1213 3308 1390 3378 quiete
1420 3305 1683 3362 consistit.
1725 3303 1837 3360 Nisi
1868 3304 2003 3360 forte
2032 3303 2134 3359 hoc

539 3409 715 3480 ipsum
739 3422 770 3461 a
789 3405 939 3461 vobis
963 3403 1115 3458 labor
1135 3400 1361 3464 dicatur,
1391 3399 1635 3454 laborare
1659 3397 1821 3452 nolle.
1849 3395 2050 3451 Omitto
2069 3409 2132 3452 ea

542 3516 661 3572 quae
706 3509 812 3554 tam
855 3496 1144 3565 Scripturae
1191 3501 1427 3560 sanctae,
1473 3506 1604 3560 quas
1644 3489 1960 3560 Prophetas,
2002 3503 2135 3560 quas

543 3590 921 3662 Evangelistae,
955 3602 1086 3658 quas
1111 3584 1349 3654 Apostoli
1381 3581 1736 3653 protulerunt,
1766 3597 1926 3652 quam
1954 3579 2137 3649 dispu-

546 3696 743 3742 tatores
769 3682 1026 3739 catholica
1049 3681 1276 3734 sanitate
1297 3676 1582 3748 fulgentes,
1606 3675 1860 3738 Joannes,
1886 3674 2133 3741 Basilius,

493 3760 497 3764 ’
544 3779 877 3844 Theodorus,
903 3785 957 3832 et
978 3778 1166 3830 horum
1191 3771 1391 3827 similes
1412 3770 1943 3836 commendaverunt,
1971 3769 2138 3824 multo

545 3889 667 3930 esse
713 3869 967 3943 majorem
1015 3868 1252 3923 laborem
1289 3865 1624 3920 committere
1665 3864 1926 3929 crimina,
1978 3877 2136 3934 quam

545 3981 757 4024 cavere.

622 4061 755 4115 Anc.
783 4054 998 4112 Utinam
1030 4054 1216 4108 horum
1251 4051 1408 4106 ﬁdem
1439 4058 1655 4104 teneres
1683 4066 1696 4102 :
1728 4057 2002 4120 peccatum
2028 4046 2138 4102 ori-

550 4149 728 4224 ginale
753 4148 806 4203 in
832 4146 1065 4218 parvulis
1089 4161 1195 4200 non
1229 4156 1472 4212 negares.

621 4241 782 4298 CXII.
814 4240 934 4296 Jun.
967 4239 1181 4293 Interim
1210 4235 1350 4305 quod
1378 4235 1442 4288 ad
1471 4249 1707 4304 praesens
1731 4233 2000 4303 negotium
2023 4248 2145 4302 spe-

551 4342 694 4400 ctat,
727 4331 936 4387 inculco
966 4330 1190 4384 liberum
1221 4327 1496 4382 arbitrium
1545 4339 1644 4400 nec
1682 4325 1749 4380 ob
1787 4324 1928 4378 aliud
1959 4325 2140 4378 datum

557 4397 698 4493 esse,
731 4437 830 4478 nec
856 4420 1074 4490 intelligi
1107 4419 1157 4471 in
1189 4417 1294 4472 alio
1325 4431 1512 4486 posse,
1547 4397 1704 4485 quam
1735 4423 1793 4469 ut
1823 4429 1921 4470 nec
1947 4415 2014 4469 ad
2049 4415 2139 4486 ju-

561 4521 779 4582 stitiam,
809 4529 907 4568 nec
935 4511 1000 4566 ad
1033 4511 1387 4580 iniquitatem,
1417 4507 1622 4577 captiva
1649 4506 1840 4578 aliquis
1866 4507 2140 4562 voluntate

555 4612 813 4681 rapiatur.

631 4703 764 4755 Anc.
807 4697 906 4764 Qui
949 4711 1045 4765 per
1069 4695 1236 4763 legem
1260 4735 1274 4758 ,
1305 4707 1463 4762 quam
1496 4691 1639 4747 videt
1669 4691 1719 4746 in
1748 4693 2003 4749 membris
2031 4693 2144 4747 suis

556 4797 938 4860 repugnantem
978 4785 1079 4856 legi
1119 4785 1311 4838 mentis
1341 4799 1452 4838 suae
1481 4795 1534 4838 et
1573 4785 1928 4854 captivantem
1959 4801 2016 4839 se
2047 4785 2148 4840 sub

559 4883 675 4952 lege
702 4879 926 4950 peccati,
955 4878 1168 4940 clamat,
1195 4873 1317 4930 Non
1346 4875 1479 4947 quod
1501 4874 1634 4940 volo,
1658 4877 1790 4948 facio
1819 4875 2035 4940 bonum;
2058 4877 2146 4932 sed

561 4974 695 5045 quod
723 4973 838 5026 odio
863 4969 1076 5032 malum,
1111 4969 1205 5022 hoc
1234 4984 1362 5040 ago;
1387 4967 1554 5024 debes
1579 4969 1762 5039 utique
1791 4969 1990 5030 dicere,
2013 4985 2148 5040 quo-

562 5064 724 5118 modo
769 5079 880 5140 non
919 5061 1154 5130 rapiatur
1178 5062 1244 5114 ad
1285 5061 1480 5114 malum
1509 5062 1781 5116 voluntate
1819 5063 2045 5130 captiva.
2079 5061 2149 5118 Ut

562 5157 704 5212 enim
733 5153 1024 5210 secundum
1054 5167 1147 5206 vos
1187 5153 1394 5206 interim
1432 5153 1636 5222 loquar,
1667 5152 1712 5204 si
1753 5152 1852 5206 sub
1877 5153 2014 5206 mala
2047 5155 2148 5210 iste

562 5248 945 5306 consuetudine
965 5246 1147 5318 gemit,
1173 5245 1430 5312 nondum,
1453 5245 1592 5299 sicut
1609 5245 1808 5312 dicitis,
1833 5245 1932 5300 sub
1951 5245 2150 5302 Christi

513 5379 522 5386 -
559 5344 734 5414 gratia
764 5341 1119 5406 constitutus,
1150 5338 1310 5393 habet
1334 5337 1470 5405 iste,
1498 5353 1566 5392 an
1590 5353 1694 5392 non
1725 5337 1884 5392 habet
1925 5339 2148 5394 liberum

563 5434 850 5490 voluntatis
869 5430 1185 5488 arbitrium?
1205 5429 1263 5486 Si
1279 5429 1471 5496 habet;
1490 5445 1654 5500 quare
1671 5445 1778 5486 non
1797 5429 1922 5486 facit
1947 5431 2146 5488 bonum

627 5595 648 5627 ι
681 5599 812 5643 Hanc
840 5588 1137 5651 sententiam
1154 5622 1168 5648 ,
1194 5593 1355 5651 Neque
1371 5583 1503 5651 enim
1541 5597 1727 5650 semper
1759 5585 1988 5641 voluntati
2011 5592 2154 5647 multa

559 5648 1028 5724 W'MW“
1045 5647 1144 5724 υπξιε
1175 5647 1312 5724 ααεέι
1349 5647 1587 5724 facultas:
1615 5647 1680 5724 ει
1703 5657 1949 5724 l10mm...
1986 5657 2152 5708 codice

559 5711 844 5784 idtécimus-
867 5711 959 5784 .Sed
983 5719 1226 5784 praeterea
1246 5711 1427 5784 9899??
1460 5711 1668 5784 Vident,
1697 5721 1879 5784 ηρντηη
1906 5729 2023 5784 ergo
2045 5731 2153 5784 per:

565 5771 773 5846 pe'tratiq
789 5777 842 5830 in
865 5771 1028 5846 labore
1058 5781 1148 5846 est,
1188 5771 1272 5846 vel
1303 5772 1418 5836 quid
1456 5773 1747 5846 similegcui
1773 5789 1838 5824 ex
1871 5771 2081 5846 adv/"crsu
2103 5781 2152 5831 id

561 5833 877 5912 respondeat,
899 5844 957 5889 At
971 5852 1000 5891 e
1017 5833 1210 5901 regione
1223 5833 1398 5886 horum
1417 5833 1700 5888 abstinentia
1720 5836 1771 5887 in
1791 5851 1976 5890 sianum
1997 5841 2150 5903 quiete

1192 409 1434 466 OPERIS
1473 401 1884 460 rursusne“
1921 361 2194 454 CONTRA
2234 387 2593 455 JULIANUM,
2635 385 2692 442 s.
2738 383 3108 443 AUGUSTINI

3683 381 3828 437 1296

2229 529 2372 602 quod
2401 528 2531 596 vult,
2561 527 2658 584 sed
2683 528 2882 582 malum
2911 525 3054 596 quod
3080 523 3192 578 odit
3219 522 3362 593 agit?
3391 520 3452 577 Si
3479 528 3672 575 autem
3699 535 3834 589 pro—

2223 634 2408 696 pterea
2436 638 2542 678 non
2567 621 2746 686 habet,
2771 621 2890 692 quia
2914 619 3013 676 sub
3031 618 3200 690 gratia
3219 616 3418 672 Christi
3440 614 3690 670 nondum
3709 621 3828 678 est;

2227 731 2354 772 ecce
2383 714 2524 787 quod
2545 715 2655 786 jam
2685 713 2816 778 dixi,
2842 714 3034 768 iterum
3059 710 3202 778 dico,
3229 719 3284 765 et
3307 709 3466 765 vobis
3491 706 3658 762 video
3685 721 3838 776 saepe

2224 807 2508 862 dicendum
2543 823 2558 862 :
2586 805 2754 860 Nemo
2782 803 2886 859 nisi
2915 818 3013 874 per
3039 811 3264 874 gratiam
3292 799 3496 856 Christi
3525 797 3598 853 ad
3627 798 3838 852 bonum

2223 899 2366 970 quod
2390 899 2502 953 vult
2520 896 2806 969 agendum,
2833 905 2888 952 et
2909 894 2976 950 ad
3003 893 3200 948 malum
3225 893 3366 964 quod
3389 893 3506 946 odit
3527 905 3644 946 non
3667 905 3840 960 agen-

2225 991 2380 1058 dum,
2428 999 2603 1062 potest
2651 988 2847 1044 habere
2893 986 3120 1042 liberum
3163 985 3456 1040 voluntatis
3499 982 3838 1040 trbitrium-

2227 1100 2334 1140 non
2361 1093 2420 1139 ut
2447 1085 2690 1140 voluntas
2719 1083 2835 1152 ejus
2874 1081 2940 1136 ad
2971 1081 3170 1154 bonum
3207 1080 3348 1135 sicut
3383 1079 3452 1134 ad
3491 1079 3710 1133 malum
3741 1092 3830 1132 ca-

2227 1180 2370 1250 ptiva
2393 1179 2662 1250 rapiatur;
2685 1177 2780 1234 sed
2805 1186 2918 1232 uta
2939 1176 3244 1248 captivitate
3269 1174 3490 1230 liberata
3521 1176 3572 1243 ‘,
3601 1175 3672 1229 ad
3705 1174 3842 1228 lihe-

2228 1280 2463 1326 ratorem
2506 1287 2657 1326 suum
2701 1269 2908 1324 liberali
2949 1268 3212 1324 suavitate
3235 1268 3472 1336 amoris,
3505 1284 3622 1324 non
3651 1269 3842 1324 servili

2231 1363 2588 1424 amaritudine
2619 1362 2827 1418 timoris
2855 1361 3174 1416 attrahatur.

2295 1457 2480 1516 CXIII.
2529 1458 2646 1514 ιω..
2689 1457 2825 1514 Sunt
2869 1455 3087 1527 quidem
3131 1455 3306 1511 dulcia
3349 1455 3714 1512 incitamenta
3755 1456 3840 1510 vi—

2227 1552 2424 1607 tiorum
2449 1592 2463 1618 ,
2499 1565 2680 1604 amara
2712 1549 2875 1606 etiam
2901 1547 3208 1620 frequenter
3233 1563 3353 1619 qua:
3391 1563 3422 1602 a
3466 1549 3838 1618 persecutori-

2227 1645 2329 1701 bus
2354 1643 2652 1700 excitantur
2693 1649 2957 1698 tormcnta
3003 1655 3280 1711 pmnarum
3307 1639 3438 1696 :sed
3479 1647 3538 1695 et
3579 1639 3674 1694 illa
3713 1654 3842 1694 cen-

2230 1753 2354 1792 sura
2375 1733 2672 1792 honestatis
2691 1735 2993 1801 everberat,
3023 1743 3078 1789 et
3095 1733 3198 1789 ista
3219 1733 3492 1790 consumit
3517 1731 3840 1803 magnitudo

2227 1829 2519 1900 patientiae.

2301 1923 2438 1977 Anc.
2468 1921 2612 1976 Inter
2637 1919 2758 1975 illos
2779 1918 3072 1983 declamas,
3101 1917 3194 1988 qui
3225 1917 3506 1973 conﬁdunt
3541 1917 3598 1973 in
3635 1917 3835 1975 virtute

2229 2027 2324 2070 sua
2352 2012 2525 2082 (Ptol.
2558 2028 2716 2066 xnvm
2735 2053 2751 2078 ,
2781 2011 2836 2081 7)
2861 2029 2875 2066 :
2898 2009 3114 2066 attende
3137 2009 3270 2077 tibi,
3301 2025 3370 2066 ne
3399 2010 3548 2065 inter
3571 2009 3702 2065 illos
3719 2011 3836 2066 cla-

2229 2120 2366 2170 mes,
2389 2105 2480 2175 qui
2505 2103 2896 2175 torquebantur
2915 2103 2982 2158 de
3001 2102 3250 2173 superbia
3275 2117 3391 2157 sua.

2300 2194 2485 2252 CXIV.
2503 2195 2624 2251 Jun.
2641 2195 3025 2250 Verumtamen
3038 2209 3137 2250 nec
3149 2194 3406 2250 virtutum
3423 2203 3508 2250 est
3529 2207 3838 2250 aerumnosa

2229 2290 2522 2361 possessio,
2542 2305 2662 2360 quae
2683 2297 2832 2345 extra
2853 2304 3076 2359 regnum
3093 2288 3362 2359 quoddam
3383 2289 3545 2344 bona:
3563 2289 3842 2344 conscien-

2232 2381 2318 2436 tiae
2347 2380 2608 2451 promissa
2631 2390 2849 2438 aeterna:
2885 2380 3230 2436 beatitudinis
3255 2381 3590 2436 sublimitate
3619 2380 3838 2436 fruitur.

2231 2473 2440 2529 Adsunt
2467 2481 2646 2529 tamen
2676 2472 2940 2544 adjutoria
2966 2474 3152 2544 gratiae
3175 2474 3290 2538 Dei,
3317 2489 3441 2544 qua:
3468 2475 3524 2528 in
3555 2483 3714 2545 parte
3734 2475 3840 2530 vir-

2232 2567 2362 2622 tutis
2388 2582 2658 2638 nunquam
2685 2565 2983 2621 destituunt
3012 2565 3341 2622 voluntatem
3369 2584 3382 2620 :
3413 2568 3575 2638 cujus
3605 2569 3686 2640 (a)
3715 2569 3836 2624 licet

2233 2661 2528 2716 innumerae
2549 2660 2778 2730 species,
2803 2659 2894 2714 tali
2917 2667 3098 2714 tamen
3119 2675 3334 2730 semper
3355 2659 3738 2716 moderatione
3755 2660 3842 2715 ad-

2233 2754 2505 2820 hibentur,
2531 2763 2590 2808 ut
2617 2767 2890 2824 nunquam
2913 2753 3136 2808 liberum
3157 2753 3439 2808 arbitrium
3463 2753 3704 2824 locopell
3723 2763 3836 2822 ant,

2233 2847 2328 2902 sed
2353 2847 2629 2916 praebeant
2649 2845 2993 2913 adminicula,
3015 2845 3268 2916 quamdiu
3295 2847 3373 2900 eis
3393 2847 3631 2901 voluerit
3650 2845 3838 2911 inniti;

2234 2955 2356 2994 cum
2380 2947 2556 2994 tamen
2583 2953 2688 2994 non
2711 2939 3018 3009 opprimant
3041 2938 3391 2994 reluctantem
3419 2937 3684 2995 animum.
3710 2937 3842 2995 Inde

2235 3033 2430 3104 quippe
2455 3040 2558 3098 est,
2579 3032 2725 3102 quod
2747 3043 2804 3086 ut
2823 3032 2916 3086 alii
2941 3031 3008 3087 ad
3034 3033 3262 3088 virtutes
3285 3047 3318 3086 a
3341 3031 3490 3088 vitiis
3511 3032 3838 3101 ascendunt,

2235 3124 2308 3178 ita
2332 3123 2492 3178 etiam
2521 3122 2610 3177 alii
2633 3123 2700 3178 ad
2725 3123 2849 3178 vitia
2877 3138 2907 3176 a
2931 3122 3218 3179 virtutibus
3247 3123 3591 3179 relabuntur.

2309 3217 2446 3272 Anc.
2470 3213 2628 3272 Unde
2657 3215 2775 3271 ﬁeri
2804 3223 3011 3287 potest,
3039 3224 3098 3271 ut
3123 3216 3387 3286 adjutoria
3417 3217 3606 3288 gratiae
3635 3217 3736 3274 Dei
3769 3217 3838 3273 li-

2237 3309 2426 3364 herum
2451 3307 2728 3364 arbitrium
2755 3308 2878 3364 loco
2901 3308 3136 3379 pellant;
3166 3309 3308 3379 quod
3336 3309 3520 3381 potius
3545 3311 3686 3366 vitiis
3713 3311 3838 3380 pul—

2239 3416 2356 3457 sum
2379 3410 2432 3454 et
2461 3399 2713 3470 nequitiae
2741 3400 3080 3471 subjugatum
3101 3443 3116 3468 ,
3149 3409 3208 3458 ut
3237 3401 3290 3456 in
3319 3401 3500 3457 locum
3527 3417 3680 3458 suum
3705 3404 3838 3459 red-

2239 3501 2348 3560 eat,
2368 3491 2630 3547 liberant‘l
2657 3491 2762 3548 Sed
2792 3508 2912 3547 cum
2933 3494 3191 3564 quaeritur
3211 3509 3241 3548 a
3269 3493 3444 3562 vobis,
3468 3510 3592 3566 qua:
3609 3497 3720 3550 sint
3741 3497 3836 3550 ista

2241 3583 2506 3654 adjutoria
2531 3585 2715 3654 gratiae
2739 3584 2850 3650 Dei,
2882 3585 3092 3640 edicitis
3117 3601 3236 3656 quae
3261 3601 3420 3656 supra
3442 3601 3836 3643 commemora-

2243 3679 2333 3746 sti,
2369 3697 2387 3730 ι
2417 3679 2584 3734 Deum
2609 3677 2866 3748 adjuvare
2893 3679 3270 3749 praecipiendo,
3293 3679 3688 3746 benedicendo,
3715 3697 3834 3737 san-

2244 3769 2529 3826 ctitlcando
2549 3811 2564 3836 ,
2606 3769 2906 3826 coercendo
2927 3813 2941 3836 ,
2981 3771 3320 3840 provocando
3340 3813 3355 3838 ,
3387 3773 3748 3827 illuminanda
3773 3791 3786 3826 :
3815 3793 3832 3826 ι

2243 3879 2362 3934 quae
2389 3863 2567 3918 omnia
2597 3861 2757 3917 etiam
2791 3877 2886 3932 per
2910 3862 3158 3918 homines
3179 3863 3330 3930 Ilum,
3361 3866 3664 3920 secundum
3693 3866 3836 3920 Scri-

2178 4001 2190 4010 .
2247 3965 2447 4026 pturas.
2485 3956 2616 4011 Nam
2645 3964 2701 4012 et
2727 3957 3042 4027 praecipiunt
3071 3957 3316 4012 homines
3339 4000 3353 4023 ,
3377 3967 3435 4014 et
3475 3959 3804 4015 bcnedieurl
3823 4003 3838 4026 ,

2245 4058 2301 4106 et
2329 4065 2426 4118 per
2451 4048 2628 4104 divina
2657 4047 3002 4104 Sacramenta
3031 4051 3384 4117 sanctificant,
3417 4060 3471 4106 et
3495 4053 3842 4123 corripiendo

2245 4152 2498 4199 coercent
2517 4183 2531 4208 ,
2560 4152 2614 4198 et
2651 4143 2986 4198 exhortando
3009 4153 3336 4212 provocant,
3365 4152 3418 4198 et
3437 4143 3688 4199 docendo
3718 4145 3842 4199 illu-

2247 4235 2489 4288 minant:
2517 4249 2622 4288 non
2653 4243 2830 4289 tamen
2855 4235 2952 4304 qui
2972 4233 3176 4304 plantat
3195 4243 3278 4290 est
3297 4235 3520 4306 aliquid,
3551 4251 3729 4307 neque
3755 4237 3842 4307 qui

2249 4326 2415 4396 rigat,
2446 4325 2540 4380 sed
2577 4326 2668 4396 qui
2707 4326 3218 4382 incrementum'dat
3239 4327 3387 4383 Dens
3415 4327 3468 4400 (l
3495 4327 3614 4382 Cor.
3647 4345 3734 4393 ut,
3765 4327 3840 4402 7).

2249 4417 2362 4473 Hoc
2390 4426 2474 4472 est
2499 4426 2678 4474 autem
2710 4419 3121 4486 incrementum,
3151 4429 3206 4475 ut
3237 4421 3602 4491 unusquisque
3630 4420 3842 4475 obediat

2249 4515 2532 4584 praeceptis
2560 4515 2694 4570 Dei:
2722 4516 2864 4586 quod
2909 4531 3018 4570 non
3059 4514 3151 4580 ﬁt,
3180 4515 3391 4586 quando
3430 4531 3560 4571 vere
3603 4515 3701 4583 fit,
3743 4516 3842 4569 nisi

2251 4606 2532 4663 charitate.
2563 4606 2716 4664 Unde
2747 4607 2986 4663 Ecclesia
3012 4609 3402 4663 incrementum
3429 4608 3674 4678 corporis
3697 4605 3842 4674 facit,

2253 4698 2306 4752 in
2351 4697 2754 4754 aediﬁcationem
2797 4701 2915 4767 sui,
2959 4699 3014 4754 in
3061 4700 3323 4756 charitate
3363 4699 3585 4770 (Ephes.
3617 4700 3842 4774 ιν,16).

2255 4791 2410 4846 Istam
2437 4792 2750 4848 charitatem
2773 4809 2880 4848 non
2903 4792 2998 4848 dat
3017 4794 3118 4848 nisi
3147 4793 3288 4850 Deus
3315 4811 3328 4849 :
3351 4793 3589 4849 charitas
3611 4795 3754 4850 enim
3779 4810 3846 4848 ex

2255 4883 2367 4939 Deo
2391 4893 2473 4940 est
2493 4883 2546 4956 (I
2569 4883 2728 4939 Joan.
2751 4901 2824 4951 tv,
2853 4885 2933 4957 7).
2965 4884 3116 4940 Hanc
3142 4899 3239 4941 vos
3265 4885 3406 4941 inter
3429 4886 3697 4956 adjutoria
3724 4903 3842 4956 gra-

2257 4975 2341 5028 tiae
2365 4991 2484 5045 qua:
2507 4977 2966 5042 commemoratis,
2997 4977 3278 5033 nominare
3307 4993 3411 5033 non
3435 4979 3618 5046 vultis,
3654 4993 3722 5031 ne
3747 4979 3844 5031 hoc

2259 5064 2431 5134 ipsum
2455 5067 2597 5136 quod
2623 5066 2903 5122 obedimus
2929 5067 3060 5136 Deo,
3087 5069 3204 5140 ejus
3233 5083 3354 5125 esse
3377 5071 3564 5138 gratim
3585 5069 3846 5125 conceda-

2257 5158 2345 5212 tis.
2391 5159 2594 5214 Putatis
2620 5161 2816 5232 quippe
2843 5161 2947 5216 isto
2975 5163 3135 5217 modo
3161 5162 3357 5218 auferri
3381 5163 3674 5218 voluntatis
3702 5162 3844 5216 arbi-

2259 5250 2416 5304 trium
2443 5267 2455 5302 :
2479 5265 2600 5304 cum
2647 5249 2750 5306 hoc
2785 5252 3066 5322 quisquam
3095 5253 3274 5308 facere
3303 5253 3402 5307 nisi
3434 5254 3712 5309 voluntate
3740 5269 3842 5308 non

2258 5341 2453 5411 possit;
2485 5341 2579 5398 sed
2609 5343 2749 5412 quod
2775 5358 2872 5399 vos
2896 5359 3004 5400 non
3033 5346 3214 5411 vultis,
3250 5343 3585 5418 Prwparatur
3614 5345 3847 5402 voluntas

2258 5448 2290 5486 a
2309 5429 2530 5487 Domino
2551 5429 2853 5504 (Promvm,
2865 5451 2966 5490 uc.
2984 5434 3181 5506 LXX);
3205 5452 3312 5492 non
3335 5437 3629 5494 forinsecus
3653 5453 3844 5494 sonan-

2260 5523 2399 5579 tibus
2441 5523 2652 5590 verbis,
2701 5526 2794 5581 sed
2843 5527 2984 5584 sicut
3026 5540 3214 5586 orante
3267 5531 3618 5602 exauditaque
3667 5533 3843 5601 regina

2259 5615 2522 5670 convertit
2571 5615 2714 5671 Deus
2757 5626 2811 5673 et
2849 5620 3124 5677 transtulit
3157 5623 3576 5694 indignationem
3613 5625 3759 5695 regis
3793 5625 3844 5678 in

2257 5705 2530 5762 lenitatem
2580 5705 2790 5778 (Esther
2809 5727 2898 5779 xv,
2931 5712 3040 5782 11).
3075 5712 3222 5768 Sicut
3257 5715 3398 5768 enim
3439 5715 3544 5771 hoc
3569 5714 3756 5770 divino
3793 5721 3846 5770 et

2323 5847 2348 5915 ιζ
2375 5843 2509 5915 editi,
2541 5842 2942 5915 liberaatametsi
2980 5861 3150 5898 omnes
3179 5854 3308 5912 Mss,
3333 5847 3550 5902 liberata.

2332 5906 2395 5965 (ι)
2425 5906 2631 5958 Subaudi
2672 5906 2746 5958 rei
