4062 6514
275 368 422 426 1297

275 489 492 548 occulto
521 485 684 544 modo
711 483 821 556 egit
845 482 898 538 in
926 478 1157 536 hominis
1185 474 1381 542 corde;
1409 476 1488 532 sic
1522 479 1774 546 operatur
1812 470 1865 526 in

275 585 438 641 nobis
459 590 512 639 et
537 580 678 635 velle
697 587 752 634 et
772 570 1001 647 operari,
1027 588 1124 644 pro
1145 571 1282 627 bona
1309 568 1581 626 voluntate
1605 563 1862 640 (Philipp.

276 695 348 745 ιι,
373 675 486 745 15).

350 768 510 826 CXV.
557 766 676 824 Jun.
717 763 799 821 Tu
842 777 971 834 ergo
1006 758 1276 833 quomodo
1315 758 1542 814 liberum
1583 751 1864 808 arbitrium

277 862 576 924 conﬁteris,
600 859 684 913 cui
710 871 872 912 unum
904 851 1274 909 tantummodo
1293 849 1430 906 dicis
1450 861 1566 904 esse
1589 843 1866 916 possibile,

274 955 330 1010 id
354 965 458 1018 est,
487 953 660 1007 facere
681 949 879 1005 malum
902 989 916 1013 ,
945 961 1052 1001 non
1079 954 1258 999 autem
1285 956 1406 998 esse
1435 935 1687 1009 possibile
1705 933 1872 990 deﬂe-

274 1061 424 1106 ctere
453 1065 481 1102 a
515 1046 654 1102 malo
677 1055 729 1100 et
757 1044 932 1098 facere
957 1044 1158 1097 bonum
1191 1038 1362 1111 (Psal.
1391 1049 1593 1096 χχχιιι,
1621 1031 1731 1104 l5).

352 1145 486 1197 Ave.
525 1139 653 1193 Dico
692 1151 811 1191 esse
855 1132 1108 1204 possibile
1139 1129 1396 1185 voluntati
1441 1126 1674 1180 hominis
1707 1123 1872 1179 deﬂe-

275 1243 427 1290 ctere
454 1249 483 1286 a
511 1230 647 1285 man
672 1238 726 1282 et
756 1228 930 1281 facere
961 1225 1191 1288 bonum;
1221 1220 1315 1276 sed
1342 1219 1391 1275 ei
1417 1216 1681 1274 voluntati
1712 1229 1869 1286 quam

278 1330 430 1384 Deus
472 1326 680 1396 adjuvat
719 1321 914 1393 gratis,
962 1334 1069 1373 non
1109 1331 1268 1388 quam
1310 1313 1556 1370 Julianus
1592 1311 1740 1367 inﬂat
1780 1309 1870 1364 in-

278 1434 484 1494 gratus.

354 1510 538 1568 CXVI.
561 1509 679 1564 Jun.
700 1505 878 1562 Taceo
899 1504 1113 1560 interim
1134 1517 1239 1574 qua
1261 1500 1411 1556 rabie
1430 1499 1484 1553 in
1507 1504 1671 1552 totam
1699 1495 1872 1567 legem

278 1605 515 1666 fremas,
549 1615 708 1672 quam
734 1597 909 1654 credis
935 1612 996 1653 ea
1025 1597 1320 1666 imperasse
1345 1590 1662 1648 mortalibus
1682 1629 1700 1658 ,
1734 1602 1873 1660 quo-

278 1714 400 1752 rum
427 1695 566 1767 apud
596 1709 689 1750 eos
717 1693 914 1747 nullam
943 1691 1243 1746 facultatem
1273 1689 1500 1744 videret.

354 1793 493 1847 Ave.
517 1788 633 1844 Non
657 1798 740 1843 est
763 1803 944 1842 verum
970 1786 1111 1857 quod
1134 1785 1287 1840 dicis.
1312 1784 1441 1838 Hrec
1462 1783 1687 1852 imperat
1707 1782 1871 1849 Deus,

281 1899 404 1954 quae
446 1881 556 1936 ﬁeri
601 1888 860 1950 possunt:
885 1878 978 1934 sed
1008 1879 1122 1948 ipse
1151 1865 1299 1932 dedit
1335 1885 1391 1930 ut
1419 1876 1642 1940 faciant,
1676 1876 1756 1931 eis
1783 1875 1874 1946 qui

281 1976 459 2031 facere
482 1983 704 2043 possunt
724 1981 778 2025 et
803 1971 1036 2037 faciunt;
1059 1979 1112 2025 et
1137 1985 1230 2025 eos
1250 1969 1339 2040 qui
1369 1985 1473 2024 non
1507 1978 1744 2038 possunt,
1773 1967 1876 2022 im-

280 2067 520 2139 perando
558 2066 813 2121 admouet
851 2081 881 2120 a
919 2079 977 2119 se
1021 2078 1242 2134 poscere
1286 2072 1344 2118 ut
1382 2061 1610 2134 possint.
1638 2061 1708 2116 Et
1732 2061 1874 2132 quod

281 2177 392 2218 non
419 2161 594 2217 omnia
620 2161 687 2215 ab
712 2173 1032 2230 unoquoque
1053 2167 1358 2213 sanctorum
1382 2156 1534 2221 ﬁunt,
1555 2156 1703 2210 novit
1731 2155 1874 2210 Deus

281 2251 734 2326 quemadmodum
771 2252 851 2307 eis
885 2250 952 2304 ad
982 2249 1335 2305 humilitatem
1364 2247 1643 2314 consulat,
1680 2245 1876 2315 quibus

281 2344 519 2418 quoﬁdie
537 2343 862 2407 dicentibus,
889 2342 1097 2396 Dimitte
1117 2340 1262 2395 nobis
1282 2338 1449 2394 debita
1473 2347 1646 2392 nostra
1661 2336 1872 2408 (Matth.

283 2453 362 2505 vi,
391 2437 459 2492 l2
477 2439 517 2507 ),
547 2437 624 2492 sic
650 2435 942 2506 opitulatur
965 2431 1030 2488 ad
1058 2431 1355 2488 habendam
1385 2429 1744 2487 obedientiam
1768 2471 1783 2496 ,
1815 2437 1878 2483 ut

281 2531 353 2587 sit
380 2529 520 2585 unde
540 2530 700 2585 etiam
726 2528 939 2584 veniam
965 2527 1237 2598 largiatur.

339 2622 564 2689 ,CXVlI.
597 2621 714 2676 JUL.
739 2619 843 2676 Sed
875 2634 1061 2690 quaero
1084 2633 1204 2674 cum
1230 2617 1422 2688 quibus
1445 2615 1618 2686 poetis
1639 2614 1691 2669 in
1715 2612 1876 2669 talem

286 2717 579 2772 incurreris
614 2715 1004 2785 Hippocrenem
1022 2753 1036 2776 ,
1062 2722 1119 2766 ut
1143 2710 1494 2766 bimembrem
1523 2707 1750 2764 bestiam
1778 2706 1876 2761 ﬁn-

284 2823 461 2878 geres,
485 2823 588 2861 non
615 2805 828 2877 quidem
857 2802 1204 2860 carminando
1235 2801 1279 2868 ¹,
1309 2799 1404 2856 sed
1431 2796 1873 2868 blasphemando,

284 2901 440 2971 cujus
462 2916 657 2971 corpus
679 2901 745 2956 de
767 2899 904 2954 mala
929 2896 1253 2959 necessitate
1279 2895 1299 2926 ²
1329 2894 1608 2961 formares,
1627 2900 1681 2947 et
1707 2891 1875 2947 solam

286 2993 474 3050 faciem
504 2994 721 3048 nomine
746 2990 1008 3047 libertatis
1032 2989 1347 3045 obduceres.

359 3087 494 3143 Ave.
528 3085 710 3156 Pingis
738 3084 831 3139 tibi
857 3083 971 3154 ipse
999 3080 1141 3154 quod
1183 3081 1391 3151 placet,
1425 3076 1513 3133 cui
1541 3085 1695 3132 vacat
1731 3074 1876 3130 inani

287 3180 449 3237 corde
480 3181 656 3234 inania
683 3179 925 3234 volutare
956 3175 1343 3246 phantasmata.
1381 3170 1490 3227 Cur
1523 3170 1666 3226 enim
1691 3176 1748 3223 tu
1777 3167 1874 3223 ad-

288 3273 540 3328 minicula
565 3273 752 3343 gratiae
782 3270 1038 3342 supponis
1060 3270 1216 3324 bona;
1238 3265 1518 3333 voluntati,
1545 3278 1666 3320 cum
1688 3263 1878 3318 volun-

286 3372 372 3419 tas
400 3365 540 3418 mala
577 3364 726 3418 nullo
756 3363 1012 3417 innitatur
1041 3359 1368 3414 adminiculo
1394 3368 1455 3412 ut
1483 3357 1621 3411 mala
1655 3355 1757 3422 sit,
1787 3353 1875 3410 vel

289 3458 431 3513 mala
453 3472 572 3511 esse
602 3455 882 3526 persistat?
914 3457 992 3508 An
1029 3453 1116 3508 hic
1154 3452 1288 3508 libra
1315 3461 1401 3504 tua
1421 3492 1437 3517 ,
1467 3464 1626 3520 quam
1663 3447 1877 3504 conaris

289 3564 361 3605 ex
395 3558 617 3618 utraque
656 3557 806 3616 parte
845 3561 941 3616 per
962 3543 1186 3615 aequalia
1215 3549 1486 3597 momenta
1522 3539 1873 3610 suspendere,

293 3651 354 3698 ut
378 3642 621 3697 voluntas
646 3649 896 3712 quantum
927 3647 1009 3695 est
1033 3636 1102 3693 ad
1131 3636 1360 3700 malum,
1391 3643 1594 3689 tantum
1619 3633 1777 3688 etiam
1809 3631 1881 3686 sit

293 3736 362 3791 ad.
386 3735 584 3790 bonum
617 3733 798 3800 libera,
829 3731 1102 3803 vergendo
1124 3731 1146 3764 ³
1168 3731 1222 3786 in
1247 3744 1406 3785 uuam
1436 3736 1640 3798 partem
1672 3735 1722 3780 te
1742 3723 1880 3777 indi-

291 3837 379 3884 cat
401 3825 746 3883 delirantem?
1558 3837 1562 3840 ’
1659 3879 1665 3888 ,

363 3917 593 3976 CXVIII.
617 3919 736 3974 ιω..
762 3917 852 3974 Sic
871 3918 1012 3972 enim
1038 3925 1091 3972 et
1115 3917 1168 3971 in
1190 3915 1285 3970 illo
1307 3926 1471 3983 opere
1491 3908 1630 3981 quod
1651 3907 1880 3963 Romam

287 4012 502 4077 misisti,
530 4011 772 4081 disputas
797 4030 810 4064 :
843 4029 862 4061 ‹
891 4008 1152 4064 Voluntas
1178 4022 1298 4078 quae
1322 4005 1491 4061 libera
1519 4003 1570 4057 in
1599 3999 1752 4056 malis
1773 4007 1878 4068 est,

287 4106 455 4161 libera
483 4106 534 4160 in
561 4106 715 4160 bonis
742 4120 849 4158 non
879 4113 982 4159 est.
1015 4123 1034 4156 ι

363 4199 498 4254 AUC.
521 4198 628 4252 Cur
654 4213 759 4251 non
787 4196 937 4251 addis
964 4194 1106 4267 quod
1148 4193 1218 4249 ibi
1260 4191 1472 4263 legisti,
1504 4209 1526 4273 ι
1569 4189 1613 4244 si
1655 4188 1881 4244 liberata

292 4305 404 4344 non
436 4296 518 4344 est
545 4309 563 4341 ι
595 4289 806 4360 (Contra
828 4287 969 4342 Duas
999 4287 1252 4359 Epistolas
1275 4282 1689 4354 Pelagianorum,
1716 4280 1804 4335 lib.
1825 4281 1877 4346 1,

295 4400 350 4436 n.
382 4382 474 4453 5)?
516 4384 620 4436 Aut
658 4381 784 4452 quid
829 4390 911 4435 est
937 4381 1076 4450 quod
1104 4379 1177 4433 ait
1205 4377 1481 4441 Dominus,
1509 4390 1629 4428 cum
1671 4373 1739 4428 de
1771 4370 1883 4427 ﬂu-

296 4475 473 4529 etibus
504 4474 796 4543 palmitum,
821 4473 922 4527 hoc
949 4469 1117 4526 estde
1137 4469 1294 4525 bonis
1320 4467 1526 4523 actibus
1547 4467 1878 4536 loqueretur,

298 4566 429 4622 Sine
455 4583 532 4619 me
561 4566 686 4619 nihil
717 4566 915 4636 potestis
942 4568 1107 4636 facere
1146 4561 1324 4633 (Joan.
1355 4577 1449 4628 xv,
1479 4561 1580 4629 5);
1623 4559 1724 4613 nisi
1759 4557 1884 4629 quia

296 4674 458 4715 nemo
496 4660 564 4714 ad
599 4660 735 4715 bene
773 4658 1063 4730 agendum,
1091 4671 1249 4728 quem
1280 4669 1386 4711 non
1428 4654 1541 4724 ipse
1580 4652 1798 4717 liberat,
1821 4648 1887 4704 li-

293 4753 393 4808 ber
430 4760 514 4807 est
529 4751 556 4805 7

367 4843 558 4900 CXIX.
591 4843 710 4899 Jun.
740 4843 808 4898 Et
832 4841 918 4898 hic
943 4840 1324 4898 Coelestianum
1353 4836 1508 4903 dicis,
1538 4834 1627 4905 qui
1651 4840 1801 4905 putat
1825 4831 1890 4887 li-

295 4939 482 4994 berum
507 4951 628 4993 esse
656 4951 976 5008 quemquam
1005 4934 1069 4988 ad
1098 4931 1360 5003 agendum
1397 4929 1627 4992 bonum;
1659 4925 1886 4981 liberum

299 5047 427 5102 ergo
455 5032 623 5096 dicis,
651 5030 794 5101 quod
824 5030 923 5085 nisi
955 5029 1150 5083 malum
1194 5026 1371 5081 facere
1411 5040 1516 5079 non
1561 5037 1718 5094 posse
1757 5037 1888 5078 con-

303 5124 498 5180 tendis.
534 5123 738 5187 Inveni,
763 5123 805 5177 si
834 5131 1005 5192 potes,
1034 5121 1255 5175 alteram
1285 5117 1652 5173 deﬁnitionem
1677 5115 1758 5170 rei
1782 5129 1888 5170 non

299 5217 510 5286 liberte,
541 5227 595 5273 et
619 5217 720 5273 hoc
747 5217 972 5273 liberum
997 5215 1282 5272 vindicato.
1317 5213 1373 5270 Si
1399 5213 1536 5268 adeo
1562 5227 1723 5267 sensu
1747 5210 1894 5266 exci-

302 5311 463 5367 deras
482 5351 500 5378 ,
531 5319 590 5366 ut
629 5311 995 5368 deﬁnitionem
1034 5309 1184 5366 liberi
1215 5310 1266 5364 in
1298 5323 1396 5364 suo
1421 5322 1648 5378 corpore
1676 5322 1784 5361 non
1810 5305 1894 5360 vi-

303 5403 497 5469 deres;
527 5400 608 5459 vel
634 5404 702 5460 de
727 5404 998 5460 contrario
1026 5403 1143 5473 ejus
1168 5417 1272 5458 non
1304 5400 1536 5456 debuisti
1563 5398 1890 5469 intelligere,

301 5513 423 5570 qua:
462 5507 605 5554 esset
642 5497 904 5554 libertatis
945 5494 1218 5552 essentia?
1259 5493 1366 5549 Fac
1393 5495 1535 5549 enim
1570 5499 1624 5548 te
1653 5491 1897 5547 similiter

299 5590 574 5662 ambigere
616 5591 895 5662 potuisse,
934 5587 1061 5660 quid
1091 5595 1234 5642 esset
1263 5586 1403 5658 quod
1441 5587 1586 5641 visus
1625 5585 1896 5640 diceretur

368 5744 386 5776 ί
429 5741 567 5804 aditi,
595 5740 918 5804 armatiita.
944 5742 1108 5804 Aptius
1129 5748 1234 5791 Mss.
1254 5775 1268 5799 ,
1293 5737 1624 5804 cmminqndo.

373 5809 393 5837 ²
423 5801 562 5865 aditi,
582 5801 954 5865 necessitudine;
971 5801 1144 5853 omnes
1165 5810 1292 5862 Mss,
1319 5801 1615 5852 necessitate.

370 5868 392 5901 ⁸
427 5864 719 5925 Vignlorlus,
745 5864 984 5928 υθιουιιιο
1003 5871 1064 5913 te.
1095 5867 1256 5925 Abest,
1282 5869 1343 5924 te,
1371 5873 1398 5913 ιι
1414 5870 1521 5912 Mss.

1627 345 1832 406 LIBER
1869 344 2182 408 TERTIUS.

3424 371 3566 432 1298

1983 470 2282 541 oculorum,
2310 474 2470 547 idque
2499 485 2554 534 tu
2581 478 2832 536 deﬁnires
2859 481 2960 536 hoc
2984 482 3162 551 modo,
3189 483 3349 541 Visus
3376 496 3458 541 est
3477 489 3562 543 vel
3607 541 3614 550 κ

1977 565 2202 622 eﬁ'ossos
2245 566 2443 626 habere
2485 574 2705 640 oculos,
2735 575 2818 630 vel
2847 575 3240 646 impedimentis
3268 580 3567 651 quibusque

1977 657 2192 714 videndi
2219 669 2460 732 tempore
2501 664 2631 719 nihil
2676 681 2834 736 posse
2862 669 3206 739 conspicere;
3237 679 3398 741 atque
3425 671 3566 729 hanc

1977 751 2341 808 deﬁnitionem
2365 766 2577 825 putares
2597 759 2731 812 visui
2753 760 3042 816 convenire
3064 777 3078 815 :
3103 761 3272 818 ferres
3293 771 3345 818 te
3363 772 3561 831 autem,

1978 855 2036 899 ut
2064 845 2316 901 contrarii
2344 846 2483 918 ejus,
2515 849 2566 903 id
2592 860 2692 916 est,
2723 853 2996 920 caecitatis,
3027 869 3145 922 quae
3169 855 3454 925 explicatio
3480 870 3568 911 es-

1978 949 2058 996 set
2085 956 2385 1007 assereres;
2414 957 2645 1015 cumque
2671 946 2866 1001 nullam
2901 948 3057 1001 aliam
3089 948 3378 1014 invenires,
3401 963 3562 1019 quam

1908 1053 1910 1055 ·
1979 1031 2023 1084 si
2051 1032 2103 1086 in
2126 1047 2191 1087 eo
2211 1034 2446 1098 animali,
2465 1036 2617 1105 cujus
2638 1045 2840 1093 naturae
2860 1039 3074 1095 adesset
3094 1040 3238 1096 νίδιιε
3256 1042 3562 1106 oculorum,

1979 1124 2061 1179 vel
2091 1124 2308 1180 ell‘ossio
2333 1126 2611 1193 luminum,
2640 1130 2720 1184 vel
2749 1131 2913 1186 crassi
2941 1132 3177 1187 humoris
3202 1133 3445 1204 obseptio
3473 1135 3555 1190 vi-

1979 1215 2138 1270 dendi
2165 1216 2402 1286 eriperet
2426 1215 2754 1287 facultatem,
2784 1223 3127 1292 resipisceres
3155 1226 3336 1294 procul
3366 1226 3558 1294 dubio,

1979 1315 2034 1361 et
2075 1306 2285 1362 videres
2322 1307 2484 1364 rebus
2529 1310 2812 1368 contrariis
2853 1313 3216 1370 deﬁnitionem
3257 1332 3414 1371 unam
3453 1333 3561 1373 non

1925 1413 1942 1422 ί
1980 1413 2139 1470 posse
2173 1408 2500 1470 competere.
2553 1401 2746 1473 Sicque
2785 1404 2976 1471 ﬁebat,
3004 1414 3063 1460 ut
3101 1407 3146 1461 si
3185 1408 3397 1463 caecitas
3432 1409 3563 1466 nihil

1980 1495 2081 1550 dici
2121 1498 2262 1552 aliud
2304 1507 2544 1569 poterat,
2575 1517 2734 1571 quam
2765 1503 2818 1556 in
2846 1503 3090 1558 animalis
3115 1504 3306 1569 oculo,
3329 1519 3397 1560 eo
3423 1512 3560 1560 tem-

1979 1603 2111 1658 pore
2154 1607 2259 1661 quo
2305 1593 2489 1649 videre
2535 1594 2795 1663 deberet,
2835 1597 3061 1666 privatio
3106 1598 3390 1664 cernendi;
3419 1600 3565 1655 visus

1979 1700 2188 1756 quoque
2214 1687 2451 1743 deﬁnitio
2483 1705 2577 1759 per
2602 1692 2938 1760 negationem
2970 1693 3204 1757 illorum,
3235 1693 3428 1764 quibus
3457 1709 3535 1750 cae

1980 1776 2192 1832 citatem
2237 1795 2595 1850 exposueras,
2641 1782 2982 1851 redderetur;
3036 1794 3092 1839 ut
3134 1784 3388 1842 videlicet
3434 1787 3563 1842 nihil

1980 1880 2123 1926 esset
2163 1873 2308 1929 aliud
2348 1875 2492 1930 visus
2518 1917 2533 1943 ,
2576 1891 2735 1946 quam
2764 1893 2862 1934 nec
2890 1877 3098 1934 effossis
3120 1920 3135 1946 ,
3167 1895 3267 1936 nec
3305 1880 3568 1936 obseratis

1980 1964 2148 2018 oculis
2190 1976 2488 2034 opportuno
2528 1976 2769 2036 tempore
2813 1967 3039 2025 facultas
3087 1985 3320 2041 congrua
3350 1972 3566 2039 conspi-

1980 2054 2154 2109 caudi.
2187 2055 2390 2123 Quibus
2436 2065 2492 2111 tu
2531 2058 2796 2126 ostensis,
2841 2059 2888 2114 si
2934 2061 3144 2131 obstipe
3189 2061 3565 2129 reluctareris,

1981 2146 2115 2202 nihil
2145 2146 2414 2204 obtineres
2442 2149 2588 2204 aliud
2607 2191 2621 2214 ,
2655 2165 2814 2220 quam
2844 2160 2901 2206 ut
2925 2160 3018 2207 aut
3044 2161 3230 2208 contra
3259 2163 3401 2208 tuam
3434 2167 3569 2209 con-

1981 2243 2257 2298 scientiam
2302 2244 2598 2313 pervicacia
2640 2243 2886 2315 pudenda
2927 2245 3022 2300 uiti
3063 2254 3117 2302 te
3153 2246 3438 2303 crederent
3471 2262 3568 2302 au-

1980 2333 2188 2390 dientes
2207 2375 2222 2400 ,
2251 2343 2342 2390 aut
2366 2336 2410 2390 si
2437 2337 2516 2390 eis
2548 2336 2704 2391 ﬁdem
2735 2335 2940 2393 faceres
2959 2379 2974 2404 ,
3007 2337 3104 2393 tibi
3132 2337 3204 2392 ita
3236 2352 3458 2408 prorsus
3489 2339 3569 2393 vi-

1981 2427 2135 2492 deri,
2164 2444 2268 2483 non
2316 2437 2367 2484 te
2410 2429 2585 2484 minus
2631 2429 2857 2486 effossos
2910 2431 3107 2487 habere
3150 2432 3345 2486 mentis
3385 2431 3570 2488 oculos

1976 2522 2278 2593 judicarent
2297 2565 2314 2592 ,
2341 2540 2500 2595 quam
2529 2524 2676 2580 illum
2712 2525 2803 2596 qui
2827 2541 2858 2580 a
2889 2535 2941 2582 te
2966 2526 3139 2582 visum
3168 2525 3371 2581 habens
3397 2524 3572 2582 fuerat

1981 2614 2250 2672 deﬁnitus.

2052 2709 2187 2766 Aue.
2219 2707 2376 2777 Nolo,
2404 2718 2463 2765 ut
2485 2710 2740 2777 deﬁnias;
2767 2711 2862 2767 sed
2893 2720 2951 2766 ut
2981 2709 3134 2768 ﬁnias
3159 2710 3485 2776 ctecitatem;
3516 2720 3572 2768 et

1981 2799 2163 2856 videas
2189 2811 2338 2856 recte
2365 2801 2469 2858 dici
2499 2818 2529 2856 a
2557 2801 2770 2858 Christo
2793 2818 2896 2857 non
2921 2803 3178 2874 potuisse,
3205 2802 3330 2858 Sine
3348 2821 3426 2858 me
3446 2804 3574 2858 nihil

1981 2895 2188 2965 potestis
2207 2899 2391 2966 facere,
2421 2897 2464 2951 si
2494 2896 2560 2951 ad
2593 2897 2731 2952 bene
2756 2897 3018 2969 agendum
3046 2899 3161 2955 sine
3184 2899 3355 2970 gratia
3374 2897 3574 2954 Christi

1980 2987 2134 3044 liberi
2164 3003 2282 3043 esse
2306 2990 2622 3059 potuissent.

2075 3078 2240 3134 CXX.
2294 3079 2408 3135 JUL.
2467 3081 2542 3135 Ita
2595 3096 2762 3153 ergo,
2807 3089 2865 3137 ut
2909 3081 2976 3137 ad
3018 3097 3233 3138 causam
3278 3082 3576 3140 referamus

1982 3173 2319 3242 exemplum,
2349 3173 2646 3243 intelligere
2693 3174 2939 3243 potuisti,
2983 3175 3068 3230 vel
3109 3173 3424 3231 deﬁnitione
3467 3192 3572 3232 non

1983 3265 2161 3333 liberi,
2195 3265 2320 3336 quid
2347 3265 2572 3321 deberes
2603 3266 2830 3321 liberum
2862 3281 3198 3336 nuncupare.
3224 3265 3359 3322 Nam
3388 3267 3488 3322 etsi
3519 3269 3575 3323 in

1982 3358 2136 3413 liberi
2167 3358 2369 3413 arbitrii
2399 3357 2709 3414 deﬁnitione
2736 3359 3086 3429 intelligentia
3113 3359 3416 3430 caligasset,
3442 3368 3499 3416 ut
3522 3359 3574 3417 id

1981 3450 2086 3506 dici
2115 3451 2342 3505 liberum
2372 3466 2528 3519 posse
2557 3450 2897 3506 arbitrarcris
2915 3493 2927 3513 ,
2964 3451 3106 3522 quod
3135 3451 3275 3507 inter
3303 3451 3410 3506 duo
3437 3466 3571 3506 con-

1983 3544 2145 3600 traria
2186 3545 2278 3598 uni
2319 3542 2603 3598 doceretur
2645 3541 2961 3598 adhaerere:
2992 3543 3264 3614 respicere
3307 3543 3573 3610 debuisti,

1983 3636 2176 3706 exponi
2219 3635 2372 3689 aliter
2413 3649 2520 3688 non
2563 3648 2721 3704 posse
2759 3634 3060 3703 captivum,
3095 3634 3147 3689 id
3187 3642 3270 3689 est
3295 3649 3400 3689 non
3442 3634 3577 3690 lihe-

1984 3743 2136 3792 rum,
2170 3741 2328 3796 quam
2357 3733 2415 3779 ut
2443 3725 2582 3778 inter
2605 3724 2712 3778 duo
2737 3724 3006 3778 contraria
3035 3724 3128 3779 uni
3159 3724 3524 3780 vindicaretur
3555 3726 3572 3757 ί

1983 3819 2250 3875 addictum
2277 3837 2290 3872 :
2319 3825 2370 3873 et
2396 3817 2516 3872 ideo
2543 3831 2738 3871 nomen
2769 3815 3001 3871 libertati
3023 3817 3044 3848 ²
3065 3816 3388 3888 captivitatis
3417 3831 3580 3887 nega-

1987 3912 2130 3966 tione
2170 3909 2505 3965 tribuendum
2528 3950 2543 3970 ,
2573 3917 2631 3962 ut
2653 3907 2904 3980 quoniam
2933 3907 2988 3962 id
3017 3907 3160 3978 quod
3197 3909 3424 3964 liberum
3469 3923 3576 3964 non

1985 4012 2134 4066 erat,
2167 4003 2318 4057 alteri
2361 4001 2429 4056 de
2468 4001 2753 4056 contrariis
2782 4011 3066 4071 cogeretur
3091 4000 3399 4067 adhaerere;
3445 4001 3577 4057 illud

1986 4097 2269 4153 adversum
2298 4096 2369 4160 ei,
2395 4095 2446 4149 id
2477 4103 2560 4149 est
2588 4094 2835 4160 liberum,
2867 4101 3058 4149 neutro
3087 4095 3355 4150 sineretur
3379 4093 3575 4149 addici.

2057 4192 2189 4246 Anc.
2242 4188 2379 4256 Quid
2419 4195 2602 4258 aperta
2642 4188 2883 4258 implicas
2924 4188 3244 4259 loquacitate
3285 4186 3578 4259 perplexa?

1988 4281 2068 4336 Ad
2117 4279 2315 4335 malum
2356 4279 2491 4335 liber
2516 4288 2634 4347 est,
2663 4279 2753 4350 qui
2798 4281 3072 4335 voluntate
3119 4281 3233 4350 agit
3274 4281 3444 4348 male,
3487 4288 3582 4336 aut

1988 4391 2151 4446 opere
2174 4417 2188 4440 ,
2217 4382 2308 4429 aut
2335 4389 2582 4429 sermone
2601 4414 2617 4437 ,
2651 4380 2746 4429 aut
2771 4381 2916 4429 certe
2942 4373 3054 4428 sola
3081 4373 3401 4444 cogitatione
3428 4391 3443 4429 :
3476 4373 3580 4429 hoc

1988 4476 2163 4522 autem
2192 4465 2491 4537 grandioris
2521 4466 2694 4520 aetatis
2733 4467 2852 4535 quis
2893 4465 3167 4520 hominum
3211 4480 3320 4520 non
3365 4466 3582 4535 potest?
3614 4511 3618 4523 ι

1990 4561 2071 4616 Ad
2111 4561 2309 4616 bonum
2352 4569 2529 4614 autem
2576 4558 2712 4613 liber
2739 4567 2822 4613 est
2843 4599 2857 4626 ,
2886 4557 2977 4628 qui
3004 4558 3276 4612 voluntate
3305 4557 3443 4613 bona
3475 4558 3584 4628 agit
3610 4569 3618 4606 ι

1989 4653 2128 4709 bona
2150 4694 2162 4716 ,
2196 4652 2354 4708 etiam
2387 4653 2502 4723 ipse
2531 4662 2620 4706 aut
2649 4666 2810 4721 opere
2829 4694 2844 4717 ,
2881 4659 2974 4707 aut
2999 4665 3247 4706 sermone
3267 4691 3282 4716 ,
3311 4659 3404 4705 aut
3436 4659 3584 4706 certe

1991 4744 2104 4800 sola
2144 4715 2501 4816 cogitatione:
2535 4743 2630 4798 sed
2657 4715 2760 4798 hoc
2789 4715 2907 4798 sine
2947 4742 3040 4798 Dei
3069 4742 3238 4813 gratia
3268 4715 3585 4797 nullns'ho.
3603 4715 3612 4816 ἐ

1993 4838 2194 4893 minum
2221 4846 2416 4908 potest.
2469 4836 2622 4904 Quod
2646 4837 2690 4890 si
2717 4836 2852 4891 dicis
2876 4835 3110 4907 aliquem
3140 4849 3298 4906 posse
3317 4875 3335 4901 ,
3363 4823 3617 4919 contra-j

1994 4930 2130 4985 dicis
2157 4931 2204 4985 ei
2230 4931 2318 4998 qui
2348 4929 2514 4995 dixit,
2544 4927 2671 4984 Sine
2703 4945 2783 4983 me
2808 4929 2937 4983 nihil
2979 4927 3184 5000 potestis
3214 4929 3418 4999 facere;
3457 4941 3587 4982 con-

1998 5022 2212 5078 tradicis
2259 5022 2418 5077 etiam
2472 5021 2549 5076 illi
2589 5022 2679 5093 qui
2715 5021 2887 5088 dixit,
2915 5018 3040 5075 Non
3069 5015 3186 5092 quia
3214 5020 3384 5074 idonei
3412 5036 3588 5076 sumus

1999 5117 2218 5188 cogitare
2245 5114 2441 5187 aliquid
2468 5115 2612 5184 quasi
2641 5131 2703 5169 ea:
2730 5113 3099 5184 nobismetipsis
3120 5155 3133 5178 ,
3163 5112 3253 5167 sed
3290 5112 3588 5184 sufﬁcientia

1999 5220 2172 5265 nostra
2217 5225 2278 5264 ex
2315 5208 2426 5262 Deo
2469 5217 2542 5262 est
2583 5207 2659 5275 (ιι
2686 5205 2805 5262 Cor.
2833 5223 2911 5273 tu,
2941 5204 3018 5280 5).
3059 5205 3196 5262 Puto
3217 5203 3589 5276 quodaliquid

1954 5339 1960 5344 ρ
2001 5301 2144 5367 boni,
2172 5315 2276 5354 non
2301 5300 2447 5364 mali,
2469 5314 2572 5353 non
2595 5314 2654 5354 se
2675 5298 2809 5353 dixit
2827 5313 2888 5352 ex
2914 5297 3203 5367 semetipso
3222 5296 3454 5368 cogitare
3475 5295 3590 5350 ideo
3631 5344 3636 5349 .

2001 5411 2196 5465 neum,
2227 5395 2322 5450 sed
2367 5410 2433 5449 ex
2476 5395 2606 5449 Deo.
2656 5394 2732 5448 De
2771 5393 3093 5462 cogitatione
3133 5399 3308 5446 autem
3354 5389 3493 5444 bona
3536 5393 3592 5444 et

2003 5506 2181 5548 sermo
2209 5491 2383 5546 bonus
2406 5497 2507 5556 est,
2530 5496 2583 5544 et
2605 5502 2741 5559 opus
2768 5487 2989 5542 bonum.
3012 5485 3090 5541 Ac
3115 5500 3212 5555 per
3237 5481 3362 5550 hoc,
3384 5481 3472 5553 qui
3499 5495 3590 5536 co-

2067 5673 2084 5705 ι
2108 5670 2247 5730 Editi,
2272 5666 2548 5729 uideretur;
2583 5668 2777 5730 (iniisse,
2802 5665 2905 5715 uni.
2945 5670 3051 5714 Mss.
3073 5671 3182 5712 alar.
3221 5668 3284 5730 _et
3312 5660 3452 5721 Clara,
3487 5659 3593 5711 vin-

2003 5724 2268 5788 dicaretur.
2294 5739 2432 5792 Forte
2452 5724 2556 5792 pro,
2581 5729 2665 5780 uni
2697 5724 2957 5779 diceretur.
3003 5734 3113 5775 Nam
3147 5724 3304 5775 codex
3351 5731 3594 5777 Portam

2005 5799 2170 5855 habet,
2194 5793 2278 5844 uni
2299 5791 2645 5855 viridio’qretur.

2066 5859 2086 5891 ¹
2119 5851 2276 5906 Codex
2301 5862 2449 5916 μοι-ιη
2473 5851 2677 5905 liberati.
