4062 6484
533 422 676 482 1299

533 543 708 614 gitaro
750 536 949 612 aliquid
995 535 1122 592 boni
1167 535 1393 590 idoneus
1439 547 1545 588 non
1585 540 1672 586 est
1707 545 1773 586 ex
1801 539 2116 600 semetipso,

534 633 778 706 profecto
803 646 901 686 nec
920 628 1063 700 loqui
1085 637 1168 683 est
1191 627 1438 692 idoneus,
1463 639 1563 680 nec
1585 637 1743 695 agere
1767 623 1965 692 aliquid
1994 623 2120 678 boni

534 739 603 782 ex
646 723 932 792 semetipso
957 737 971 774 :
995 718 1090 774 sed
1115 718 1160 773 si
1188 728 1273 774 est
1300 715 1401 772 sub
1431 715 1620 786 gratia,
1649 712 1972 770 sufficientia
2001 712 2121 782 ejus

535 831 603 872 ex
631 815 740 870 Deo
766 821 868 869 est.
897 810 1049 869 Unde
1076 811 1276 866 dictum
1303 817 1388 863 est
1406 847 1422 876 ,
1456 806 1579 862 Non
1605 809 1742 863 enim
1770 822 1857 862 vos
1885 805 2002 860 estis
2030 805 2118 874 qui

533 905 817 976 loquimini,
844 903 931 958 sed
960 901 1187 972 Spiritus
1216 899 1387 954 Putris
1411 899 1562 953 uestri
1586 899 1672 970 qui
1700 898 1923 966 loquitur
1949 898 2002 951 in
2027 913 2118 950 vo-

535 998 611 1053 bis
641 995 853 1066 (Matth.
887 1009 945 1061 x,
966 992 1091 1060 20);
1121 1000 1208 1054 et,
1241 991 1492 1063 Quotquot
1525 989 1726 1060 Spiritu
1759 989 1850 1042 Dei
1875 998 2116 1060 aguntur,

534 1087 590 1142 hi
615 1085 711 1155 ﬁlii
739 1095 854 1140 sunt
885 1083 976 1137 Dei
997 1081 1302 1154 (Rom.vut,
1329 1082 1440 1151 14).
1466 1081 1590 1134 Ilaec
1610 1095 1710 1150 ego
1727 1082 1940 1144 intuens
1960 1080 2000 1146 ί,
2027 1095 2120 1134 ne-

532 1177 732 1234 minem
758 1190 879 1230 esse
907 1175 1132 1230 liberum
1159 1174 1226 1228 ad
1253 1173 1516 1243 agendum
1544 1173 1740 1228 bonum
1770 1173 1886 1228 sine
1909 1171 2119 1242 adjuto-

533 1269 618 1325 rio
646 1269 775 1336 Dei,
797 1267 927 1322 dixi.
969 1267 1092 1321 lianc
1123 1275 1176 1320 tu
1207 1274 1454 1321 metuens
1474 1305 1489 1332 ,
1533 1265 1798 1320 nemiuem
1830 1279 1952 1319 esse
1981 1263 2118 1318 Iibe-

537 1374 658 1415 rum
688 1358 756 1412 ad
783 1357 1044 1430 agendum
1076 1355 1295 1421 bonum,
1323 1369 1408 1412 me
1437 1353 1638 1409 dixisse
1664 1354 1864 1440 dixisti,
1887 1363 1939 1408 et
1961 1373 1980 1406 ι
2005 1355 2120 1410 sine

533 1450 799 1520 adiutorio
849 1448 941 1503 Dei
969 1467 989 1500 ι
1023 1446 1202 1518 (quod
1231 1443 1450 1516 addidi)
1497 1444 1776 1499 sustulisti.
1822 1441 1972 1500 Unde
2013 1460 2120 1500 non

533 1541 722 1599 dubito
742 1540 883 1612 quod
905 1540 1098 1595 victum
1123 1549 1174 1592 te
1199 1553 1318 1608 esse
1341 1537 1452 1608 jam
1479 1535 1655 1601 scias;
1681 1536 1774 1592 sed
1799 1536 2004 1606 prolixo
2030 1553 2119 1592 va-

530 1633 770 1704 niloquio
798 1631 850 1688 id
878 1646 1004 1702 agas
1031 1673 1047 1698 ,
1079 1647 1148 1686 ne
1171 1631 1345 1686 victus
1378 1643 1672 1715 apparens,
1700 1629 1792 1710 qui
1819 1629 1899 1710 sic
1924 1629 2118 1686 definis

505 1723 756 1780 liberam
787 1723 1137 1790 voluntatem,
1169 1719 1348 1804 uanisi
1371 1713 1678 1790 utrumque,
1704 1719 1755 1774 id
1781 1729 1882 1796 est,
1909 1731 1962 1776 et
1984 1722 2119 1777 bene

532 1827 588 1872 et
613 1817 751 1872 male
775 1832 933 1886 agere
959 1816 1162 1892 possit,
1195 1815 1361 1892 libera
1387 1830 1506 1871 esse
1540 1830 1645 1896 non
1692 1805 1880 1886 possit.
1916 1820 1992 1872 Ac
2025 1835 2118 1891 per

529 1909 656 1977 hoc,
689 1925 910 1966 necesse
940 1909 1034 1965 tibi
1063 1917 1146 1988 est
1168 1909 1384 1964 auferre
1412 1891 1712 1964 libertatem
1743 1910 1872 1977 Dco,
1898 1911 1985 1981 qui
2009 1919 2120 1966 tan-

531 2000 806 2056 tummodo
835 2001 1027 2056 bonam
1061 2010 1265 2072 potest,
1296 2001 1494 2056 malam
1520 2017 1649 2056 vero
1675 2019 1782 2057 non
1814 2010 1986 2073 potest
2017 2003 2116 2058 ha-

527 2090 656 2148 bere
683 2094 1030 2172 voluntatem.
1129 2155 1137 2170 ,
1325 2155 1334 2164 .
1451 2159 1458 2168 .
1589 2165 1596 2172 .

601 2183 786 2240 CXXI.
827 2183 948 2240 Jun.
990 2183 1143 2253 Quod
1169 2200 1290 2240 cum
1323 2185 1392 2242 ita
1419 2173 1522 2252 sit,
1549 2195 1708 2257 atque
1745 2185 1867 2242 huic
1906 2195 1962 2244 tu
1997 2187 2118 2266 loco

523 2274 826 2331 miserrime
853 2276 1114 2332 obnitaris
1136 2317 1152 2344 ,
1185 2275 1443 2332 incertum
1474 2286 1556 2332 est
1583 2276 1711 2346 quid
1744 2275 1912 2350 magis
1953 2277 2024 2335 de
2062 2287 2116 2334 te

524 2367 780 2450 aestimari
809 2349 1116 2450 conveniat,
1146 2377 1322 2422 utrum
1351 2377 1536 2422 contra
1564 2357 1948 2426 conscientiam
1972 2380 2116 2428 tuam

523 2445 662 2538 falsa
685 2445 941 2514 defendas
959 2501 975 2527 ,
1001 2474 1070 2514 an
1097 2459 1236 2531 quod
1265 2460 1456 2516 falsum
1483 2469 1584 2527 est,
1617 2477 1802 2517 verum
1832 2472 2016 2534 putes;
2048 2479 2111 2538 ac

522 2537 624 2622 per
655 2553 755 2607 hoc
781 2539 850 2606 sit
875 2539 1158 2620 incertum,
1188 2562 1362 2608 utrum
1388 2555 1574 2610 Oculos
1601 2555 1822 2612 rationis
1848 2557 2114 2624 amiseris,

523 2643 650 2704 dum
677 2653 881 2728 cerium
908 2644 978 2728 sit
1004 2645 1188 2728 pculos
1212 2645 1416 2728 teqiidei
1445 2647 1758 2728 perdidisse.

597 2733 730 2792 Ave.
761 2718 1026 2807 ~Numquid
1053 2718 1174 2792 ideo
1201 2744 1252 2792 te
1273 2725 1470 2793 victum
1500 2723 1816 2808 consolaris,
1841 2739 1963 2811 quia
1983 2755 2115 2806 con-

521 2825 764 2880 viciaris?

595 2909 806 2972 CXXII.
848 2891 967 2974 int.
1009 2915 1080 2975 Ut
1101 2901 1279 2976 aiiiem
1303 2913 1424 2991 qua:
1449 2930 1573 3000 sunt
1597 2908 1736 2988 acta,
1757 2913 2000 3000 breviter
2024 2939 2115 2981 re-

521 3020 790 3080 petamus,
823 3009 1099 3088 arbitrium
1130 2987 1376 3076 liberum,
1410 2987 1549 3088 quod
1577 3008 1630 3068 in
1661 2987 1786 3070 maii
1813 2998 1999 3087 parte,
2031 3003 2116 3072 vi-

521 3073 720 3156 tiornm
748 3073 1152 3182 Ai'olupta'tibus',
1183 3089 1269 3156 vel
1311 3076 1506 3182 diaboli
1553 3073 2020 3182 persuasionibus;
2057 3106 2114 3182 in

523 3187 654 3245 boni
682 3177 860 3242 autem
881 3167 1064 3258 parte,
1095 3174 1348 3262 virtutum
1377 3167 1732 3262 dogmatibus,
1766 3203 1822 3250 et
1851 3195 2012 3250 variis
2035 3169 2116 3252 di-

524 3269 662 3336 vina:
687 3268 872 3359 gratia:
899 3273 1178 3359 speciebus
1197 3267 1440 3350 juvatur;
1468 3279 1573 3338 non
1607 3273 1785 3354 potest
1813 3285 1968 3341 aliter
1987 3279 2116 3359 con-

523 3373 670 3426 stare
688 3411 704 3436 ,
733 3358 837 3424 niSi
865 3353 924 3426 ut
951 3377 1006 3426 et
1029 3366 1251 3442 iustitiae
1275 3371 1343 3429 ab
1371 3389 1436 3430 eo
1455 3416 1468 3439 ,
1498 3382 1554 3430 et
1589 3353 1792 3446 peccati
1820 3353 2114 3436 necessitas

523 3459 816 3537 auferatur.
1163 3531 1169 3537 _
1477 3455 1497 3475 ⁸

597 3547 734 3610 Auct
765 3533 912 3609 inter
937 3541 1131 3611 di'vlnaé
1157 3533 1342 3627 gratiae
1367 3551 1574 3630 species
1599 3548 1656 3630 ‘si
1675 3555 1950 3630 poneretis
1973 3557 2113 3619 dile-

526 3643 783 3713 ctionem,
812 3634 972 3716 quam
1001 3637 1108 3701 non
1137 3641 1204 3724 ait
1233 3628 1526 3713 nobis—scd
1555 3643 1618 3704 'ex
1647 3628 1758 3704 Deo
1787 3666 1930 3720 esse,
1963 3665 2114 3708 eam-

525 3753 630 3808 que
657 3725 826 3792 Deum
857 3726 986 3794 dare
1010 3733 1133 3794 filiis
1157 3729 1267 3795 suis
1285 3733 1622 3810 apertissime
1643 3741 1846 3813 legitis;
1878 3736 1994 3800 sih'e
2013 3735 2113 3816 qua

523 3817 686 3884 nemo
713 3828 800 3900 pie
830 3818 978 3897 vivit,
1011 3829 1066 3886 et
1091 3845 1212 3885 cum
1241 3829 1341 3902 qua
1381 3846 1540 3886 nemo
1565 3831 1666 3887 nisi
1701 3826 1784 3902 pie
1810 3835 1969 3901 vivit;
2000 3822 2115 3892 sine

525 3935 628 3990 qua
659 3916 856 3976 nullius
885 3907 969 3994 est
991 3903 1130 3976 bona
1157 3909 1422 3988 voluntas,
1453 3931 1508 3976 et
1533 3923 1656 3978 cum
1682 3940 1782 3994 qua
1811 3922 2008 3981 nullius
2031 3915 2116 3982 issi

524 4009 626 4067 nisi
659 4011 796 4090 bona
828 3993 1104 4090 voluntas;
1133 4017 1259 4070 vere
1301 4005 1528 4096 libertini
1569 4003 1930 4074 defenderetis
1950 4060 1965 4086 ,
1996 4011 2114 4096 non

526 4093 786 4163 inﬂaretis
807 4089 1107 4164 arbitrium.
1134 4089 1520 4164 Nec'es'sitaieni
1542 4125 1708 4182 porro
1735 4111 1780 4170 si
1807 4099 1926 4168 eam
1955 4091 2112 4185 dicis,

526 4214 628 4270 qua
661 4188 888 4270 quisque
915 4191 1113 4274 invitus
1137 4187 1488 4272 Opprimitur;
1531 4191 1754 4273 iustitia;
1805 4205 1947 4261 nulla
1993 4201 2114 4274 est,

525 4287 651 4366 quia
677 4281 834 4346 nemo
859 4273 939 4348 esi
959 4281 1138 4362 justus
1174 4283 1408 4348 invitus?
1441 4287 1538 4348 sed
1576 4295 1740 4366 gratia
1785 4292 1878 4352 Dei
1917 4285 1983 4354 ex
2012 4273 2110 4354 no?-

491 4365 672 4436 ‘lénie
707 4367 976 4436 volentem
1003 4367 1147 4437 facii.
1193 4374 1248 4438 Si
1279 4373 1455 4456 autem
1486 4365 1665 4438 [iullus
1699 4377 1946 4456 peccaret
1975 4379 2114 4445 invi-

523 4481 633 4539 tus,
668 4473 772 4528 'non
802 4462 947 4530 esset
973 4465 1252 4546 Scriptum,
1283 4455 1514 4548 Signdsti
1549 4477 1754 4548 peccata
1780 4497 1892 4534 mea
1915 4480 1968 4536 in
1996 4467 2115 4538 sac-

525 4554 664 4632 έιιιο,
695 4555 1024 4646 ειιᾷἄιιόὶὶιδεὶ
1040 4557 1092 4624 ‘si
1264 4567 1451 4622 invitus
1475 4567 1658 4624 admisi
1685 4565 1804 4641 (Job
1835 4589 1945 4641 le,

597 4637 972 4738 CXXIIIJULI.
998 4637 1167 4728 Hujus
1189 4665 1374 4738 a‘utem'
1393 4647 1670 4717 veritatem
1693 4637 1958 4720 batho‘lici
1984 4637 2112 4722 con-

525 4735 784 4804 ﬁicntiir:
817 4724 1137 4805 Trad'uciaiii
1167 4744 1346 4806 autem
1369 4733 1498 4806 sum
1530 4742 1831 4810 Manichaii's
1856 4749 1966 4813 suis
1995 4755 2111 4812 n’ia-

522 4838 740 4914 gistris'
763 4849 978 4914 negant.
1561 4913 1568 4924 θ
1655 4917 1659 4922 ι

551 5007 556 5010 _
598 4933 734 4991 Ave.
761 4925 1016 4990 Convicia
1061 4924 1186 4992 siiht
1231 4935 1363 5006 Ista,
1402 4926 1510 4994 hoii
1553 4935 1791 5010 judicia:
1817 4937 2009 4996 vellem
2052 4927 2114 4998 ut

520 5023 762 5098 judicare
790 5029 1010 5098 posses;
1036 5019 1324 5085 conviciari
1351 5035 1529 5088 autem
1555 5022 1678 5103 q'uis
1701 5031 1977 5103 improbus
2005 5035 2110 5088 iion

523 5128 700 5195 potest
715 5104 739 5172 ἵ

595 5197 829 5268 CXXIV.
871 5207 990 5268 ιυι.
1031 5181 1140 5268 Nos
1169 5211 1328 5285 igitur
1352 5206 1534 5270 verum
1563 5204 1794 5270 diximus
1815 5256 1830 5282 ,
1861 5211 2110 5286 quo‘iiiain

523 5306 615 5385 qui
645 5321 676 5360 a
701 5305 854 5361 vobis
878 5291 1215 5376 decibiuiiiur
1233 5349 1247 5374 ,
1291 5324 1358 5363 ne
1387 5315 1642 5362 vocentur
1680 5307 1950 5374 haeretici,
1979 5309 2111 5368 ﬁunt

525 5388 837 5469 Maniclnei,
865 5405 920 5456 et
943 5397 1071 5456 dum
1098 5396 1285 5456 falsam
1313 5407 1566 5457 verentur
1592 5401 1860 5457 infamiam
1881 5445 1896 5471 ,
1927 5397 2109 5460 v‘ei'um

526 5493 730 5551 crimen
762 5489 1068 5560 incurrunt;
1101 5489 1268 5550 instar
1297 5489 1549 5564 ferarum,
1579 5493 1694 5566 qua:
1715 5490 2113 5555 circumdamur

527 5589 728 5664 pinnis,
753 5597 810 5644 ut
837 5595 1096 5658 cogantur
1122 5587 1174 5643 in
1203 5589 1356 5656 retia,
1377 5599 1432 5646 et
1458 5589 1511 5643 in
1534 5605 1714 5644 verum
1735 5590 1952 5645 exitium
1975 5607 2111 5646 vana

527 5735 543 5794 ζ
589 5711 608 5760 ί
647 5725 920 5794 vignierius
957 5733 1074 5794 Haec
1125 5733 1263 5794 ergo
1288 5721 1494 5777 ἕηιιιεηὲ.
1531 5731 1614 5776 Ms.
1648 5731 1811 5794 _Port.,
1869 5735 1981 5778 ηωσ
2025 5725 2114 5794 egb

523 5787 732 5842 intuens.
768 5787 951 5849 Melius,
979 5789 1092 5851 quia
1124 5787 1348 5852 seiptitur
1387 5801 1418 5839 e
1453 5789 1720 5852 contrario,
1758 5787 1874 5842 meo
1917 5796 1970 5841 tu
2009 5787 2113 5842 mia-

525 5857 720 5965 “ﬁt:
739 5917 846 5961 Itss.
866 5910 982 5963 editi
1006 5923 1164 5976 vet-0,,
1187 5910 1418 5966 mum

1207 413 1452 474 OPERIS
1488 410 1905 470 IMPERFECTI
1930 407 2206 476 CONTRA
2243 409 2602 477 JULIANUM,
2644 409 2706 468 S.
2744 407 3116 468 AUGUSTINI

3683 388 3838 470 ratio

2233 528 2516 589 formidine
2527 515 2940 611 Icentrudantur.
2970 529 3137 586 Deum
3162 543 3289 585 vero
3311 517 3663 611 nascentium
3687 544 3833 584 con-

2229 619 2459 674 ditorem
2507 600 2579 675 ita
2622 618 2882 686 dicimus,
2923 630 2982 676 ut
3008 613 3258 690 quoniam
3285 619 3494 676 certum
3525 629 3615 676 est
3647 600 3832 678 Deum

2228 709 2642 777 Catholicorum,
2673 713 2761 782 qui
2787 726 2948 784 verus
2963 722 3088 788 est,
3116 712 3249 768 nihil
3277 711 3457 770 facere
3483 729 3651 784 posse
3676 711 3832 785 quod

2227 801 2430 861 malum
2467 812 2583 869 est,
2611 803 2776 874 ipsius
2801 801 3006 876 opificis
3032 793 3322 877 dignitate,
3358 793 3606 862 homines
3634 807 3728 879 qui
3762 793 3836 861 ab

2229 910 2294 949 eo
2314 893 2466 962 ﬂuunt,
2489 903 2614 950 ante
2633 896 2922 952 voluntatis
2940 911 3117 964 usum,
3139 897 3206 954 de
3228 899 3474 954 manibus
3498 899 3624 972 ejus
3652 900 3833 970 iniqui

2227 997 2282 1041 ct
2309 987 2386 1042 rei
2418 987 2568 1043 nullo
2597 987 2755 1043 modo
2780 987 2927 1046 exire
2953 989 3256 1050 credantur.
3299 991 3544 1061 Quorum
3565 1008 3671 1049 vos
3695 1009 3828 1048 cum

2227 1077 2450 1132 alterum
2471 1079 2698 1148 negatis,
2727 1087 3010 1150 utrumque
3037 1067 3312 1161 spbruitis.
3339 1081 3431 1168 Ajs
3450 1083 3677 1155 quippe,
3700 1100 3830 1140 cre-

2227 1167 2355 1240 dere
2385 1180 2436 1224 te
2464 1169 2687 1241 quidem
2705 1171 3036 1242 conditorem
3067 1172 3258 1240 Deum,
3287 1167 3382 1229 sed
3412 1175 3687 1230 malorum
3719 1177 3824 1230 ho-

2226 1260 2430 1316 minum
2454 1279 2469 1316 :
2489 1276 2556 1318 ac
2581 1277 2678 1334 per
2707 1261 2810 1317 hoc
2829 1261 3083 1344 inliciaris
3103 1263 3339 1344 dogmati
3368 1274 3479 1334 tuo,
3505 1282 3633 1323 cum
3655 1283 3829 1342 negas

2225 1359 2280 1406 te
2308 1365 2551 1408 asserere
2573 1353 2844 1408 diabolum
2873 1337 3154 1409 hominum.
3176 1347 3538 1412 conditorem.

2293 1445 2431 1522 AUG.
2474 1445 2743 1522 Quidquid
2791 1445 2846 1500 in
2898 1446 3236 1514 hominibus,
3266 1449 3356 1518 qui
3399 1463 3520 1503 cum
3553 1449 3687 1504 vitio
3722 1441 3822 1505 na-

2225 1547 2474 1608 scuntur,
2501 1538 2569 1594 ad
2601 1539 2766 1594 Deum
2795 1523 3092 1596 creatorem
3113 1581 3128 1606 ,
3161 1541 3428 1612 pertinet,
3457 1541 3666 1598 bonum
3699 1557 3821 1612 eSt;

2223 1631 2346 1701 quia
2371 1626 2426 1686 et
2450 1631 2590 1702 quod
2611 1632 2814 1702 justum
2839 1644 2924 1689 est
2942 1675 2956 1697 ,
2987 1634 3188 1690 bonum
3214 1643 3298 1689 est
3327 1653 3341 1688 :
3375 1645 3695 1692 naturarum
3723 1655 3823 1694 auo

2226 1730 2368 1794 temp,
2398 1737 2504 1777 non
2551 1723 2816 1812 vitiorumi
2845 1733 3036 1812 auctor
3075 1732 3160 1779 est
3207 1724 3368 1780 Deus.
3414 1708 3495 1781 Ad
3529 1725 3684 1782 illum
3709 1727 3820 1800 jam

2221 1803 2365 1884 veni,
2395 1817 2668 1874 videamus
2693 1801 2816 1892 quid
2859 1801 2984 1875 inde
3007 1801 3250 1878 dicturus
3275 1837 3336 1878 es
3356 1863 3372 1889 ,
3405 1823 3686 1892 quomodo
3714 1840 3822 1900 non

2221 1903 2478 1986 eruantur
2507 1913 2709 1982 parvuli
2733 1912 2801 1968 de
2826 1921 3092 1983 potestate
3114 1913 3484 1982 tenebrarum,
3515 1903 3740 1988 quando
3763 1919 3822 1975 in

2221 2003 2417 2060 Christi
2443 2021 2668 2076 regnum
2699 2021 2792 2076 per
2815 1997 3148 2062 sacramenta
3182 2008 3441 2065 Ecclesia:
3476 1995 3819 2070 transferun-

2220 2103 2328 2151 tur.
2369 2097 2724 2164 Qnantislibet
2749 2099 2891 2175 enim
2921 2099 3244 2175 tegminibus
3280 2101 3350 2157 de
3387 2102 3707 2175 multiplicis
3737 2105 3822 2162 Io-

2221 2188 2502 2258 quacitatis
2526 2179 2784 2256 involvas,
2815 2172 2905 2246 ubi
2937 2172 3133 2268 adhoc
3160 2191 3396 2261 veue‘ris,
3427 2172 3607 2252 nudus
3636 2181 3820 2255 haereo

2223 2279 2357 2364 licus
2382 2283 2684 2352 apparebis.
2725 2348 2731 2354 _
3005 2357 3012 2370 ι
3057 2354 3064 2370 ,
3230 2363 3238 2370 _
3357 2352 3366 2370 ,

2290 2357 2503 2433 CXXV.
2541 2373 2662 2432 Jun.
2693 2375 2828 2433 Nam
2849 2391 2972 2432 cum
2999 2357 3132 2434 tales
3173 2357 3437 2465 adscribis
3483 2367 3640 2452 operi
3687 2374 3784 2440 Dei

2219 2427 2984 2540 αυέιεεῗτεέεεὶῖέιςξιῖζοίεξὲξ
3003 2427 3822 2544 ἐἶέἶέηᾶἕῖζὶίὖί”εᾶ’6ὲζιηῖέέί

2219 2559 2362 2632 quod
2385 2559 2454 2616 ab
2479 2576 2544 2634 eo
2570 2561 2785 2618 dixeras
2815 2563 2957 2638 heri,
2982 2553 3276 2633 pertinere.

2291 2651 2429 2709 Anc.
2475 2651 2731 2737 Homipes
2773 2635 2874 2709 nisi
2919 2635 3064 2737 Deus
3105 2654 3282 2712 facere
3325 2671 3432 2737 non
3480 2666 3704 2730 potest:
3735 2661 3820 2718 dic

2220 2743 2397 2833 potius
2425 2729 2692 2816 quomodo
2737 2729 3140 2834 noueruantur
3180 2729 3502 2834 pariulide
3545 2761 3816 2823 potestate

2224 2822 2564 2891 tenebrarum
2585 2878 2602 2906 ,
2629 2836 2842 2908 quando
2863 2823 2962 2910 per
2987 2822 3164 2894 divina
3192 2822 3558 2900 Sacramenta
3581 2860 3812 2918 regene-

2219 2937 2423 2984 rantur.
2875 3007 2884 3014 ι
2927 2995 2960 3014 Α
3032 3007 3041 3014 ι
3092 2998 3099 3011 ο
3260 2999 3269 3014 ,
3414 2999 3442 3014 ν

2289 3019 2524 3078 CXXVI.
2561 3021 2683 3104 Jun.
2727 2995 3051 3112 Quoddlice‘t
3083 2998 3145 3112 in
3189 2999 3366 3100 primo
3592 3019 3818 3112 uberius

2220 3121 2398 3186 actum
2427 3115 2532 3183 sit,
2559 3103 2740 3172 tamen
2765 3125 2821 3172 et
2847 3103 2934 3204 hic
2953 3119 3052 3204 ‘vel
3077 3103 3314 3202 breviter
3332 3108 3460 3192 quid
3487 3107 3694 3180 sentias
3721 3142 3816 3182 ex-

2221 3207 2532 3288 primamus.
2557 3207 2738 3264 Times
2757 3197 2910 3282 operi
2933 3197 3130 3288 diaboli
3149 3203 3384 3285 aliquam
3408 3215 3669 3288 deputare
3687 3221 3819 3276 sub-

2221 3301 2716 3359 stantiamzverum
2760 3318 2869 3359 non
2915 3305 3071 3362 times
3115 3293 3251 3389 Deo,
3279 3324 3386 3366 non
3429 3311 3664 3389 aliquod,
3711 3316 3817 3372 sed

2219 3407 2467 3464 magnum
2495 3393 2700 3451 crimen
2732 3395 3048 3468 impingere.
3094 3383 3353 3470 Maiorem
3383 3403 3527 3473 apud
3557 3413 3608 3460 te
3648 3383 3816 3463 habet

2218 3487 2574 3562 reverentiam
2591 3495 2779 3544 natura
2795 3491 2972 3574 carinis
2993 3491 3260 3576 h‘umanae,
3279 3495 3665 3574 quamjustitia

2219 3577 2370 3654 qpasi
2399 3578 2543 3632 enim
2570 3594 2818 3651 magnum
2843 3581 3062 3654 aliquid,
3090 3583 3162 3640 ita
3187 3579 3542 3644 substantiam
3570 3581 3810 3648 hominis

2219 3667 2432 3736 diabolo
2461 3669 2717 3740 deputare
2757 3671 2992 3759 metuisti
3015 3715 3038 3760 ,ι
3065 3683 3120 3730 et
3141 3677 3293 3746 quasi
3321 3681 3396 3738 rei
3429 3695 3535 3734 non
3565 3697 3809 3753 magnae,
3837 3706 3842 3710 ε

2219 3757 2274 3814 id
2301 3767 2383 3814 est
2405 3759 2626 3829 justitiae
2650 3769 2706 3816 et
2729 3757 2824 3817 Dei
2853 3757 3146 3833 sanctitati,
3176 3757 3614 3844 informationem
3643 3774 3812 3829 scele-

2219 3851 2298 3926 ris
2317 3853 2566 3929 appulisti
2592 3872 2607 3909 :
2632 3855 2784 3926 quasi
2811 3871 2918 3912 non
2946 3857 3274 3942 tolerabilius
3301 3853 3459 3918 fuerit
3497 3865 3641 3942 inter
3677 3846 3810 3924 duas

2219 3946 2522 4027 opiniones,
2552 3947 2648 4020 sed
2673 3957 2927 4020 utrasque
2953 3936 3148 4022 falsas,
3175 3951 3376 4012 diaboli
3419 3936 3680 4027 Operibus
3713 3961 3807 4016 de-

2219 4024 2408 4110 putare
2430 4054 2668 4108 carnem,
2696 4031 2853 4112 quam
2879 4042 2972 4098 Dei
2997 4043 3251 4129 operibus
3273 4024 3627 4129 iniquitatem.

2253 4131 2558 4214 .Aue.Vos
2601 4134 2778 4214 potius
2824 4135 2918 4214 Dei
2955 4127 3220 4214 justitiam
3259 4127 3668 4211 hiasphematis,
3709 4143 3806 4200 sub

2218 4208 2370 4287 cujus
2395 4208 2778 4288 omnipotentia
2801 4209 2918 4276 Sine
2940 4211 3064 4275 ullis
3084 4221 3239 4276 malis
3270 4208 3475 4301 meritis
3499 4208 3804 4284 tanta‘mala

2218 4312 2424 4383 perpeti
2454 4312 2706 4382 parvulos
2730 4311 2926 4369 dicitis.
2978 4302 3085 4390 Sed
3106 4309 3218 4386 jam
3241 4306 3328 4372 dic
3353 4313 3802 4390 quemadmodum

2217 4382 2311 4460 eos
2343 4395 2601 4476 separatis
2629 4404 2698 4460 ab
2722 4405 2801 4462 eis
2825 4421 2960 4478 quos
2993 4382 3132 4464 Deus
3161 4407 3228 4466 de
3263 4382 3532 4484 potestate
3561 4413 3702 4470 eruit
3728 4423 3804 4470 te-

2217 4495 2538 4562 nebrarum,
2569 4503 2629 4552 ut
2670 4491 2956 4574 transferat
2997 4497 3052 4554 in
3095 4495 3318 4572 regnum
3361 4499 3486 4559 Filii
3529 4499 3802 4562 chariiatis

2218 4603 2328 4643 sua:
2355 4585 2576 4660 (Colon.
2604 4604 2640 4656 ι,
2668 4568 2777 4660 13),

2288 4655 2545 4736 chvu.
2595 4655 2842 4738 tuabi
2885 4678 3028 4737 enim
3079 4682 3167 4740 hic
3205 4681 3276 4738 in‘
3304 4692 3571 4755 potestate
3611 4685 3798 4744 diaboli

2217 4773 2464 4860 parvpios
2488 4787 2516 4826 a
2545 4771 2656 4827 Deo
2683 4787 2802 4860 reos
2825 4771 3044 4860 formari
3070 4773 3290 4860 dixisti,
3322 4775 3394 4830 ita
3435 4777 3488 4832 in
3531 4777 3794 4860 infcriori-

2216 4863 2318 4933 bus
2347 4847 2463 4918 libri
2487 4857 2558 4918 tui
2584 4850 2824 4934 partibus
2853 4853 3044 4920 tetrius
3068 4852 3266 4937 aiiquid
3293 4884 3453 4938 quam
3485 4863 3608 4924 s'uni
3642 4847 3798 4926 Mani-

2216 4941 2488 5010 clneorum
2518 4945 2852 5010 sacramenta
2881 4956 3153 5026 vomuisti,
3183 4953 3371 5016 dicens
3401 4959 3466 5014 de
3493 4941 3625 5031 Deo,
3662 4982 3682 5016 ι
3715 4963 3796 5020 Sic

2215 5057 2364 5132 creat
2391 5045 2582 5114 malos,
2605 5039 2873 5118 quemado
2899 5045 3071 5122 pascit
3098 5040 3152 5105 et
3182 5037 3350 5106 noti-ii
3377 5054 3567 5110 malOs.
3600 5073 3620 5108 ι
3651 5127 3660 5132 ν

2289 5123 2419 5200 Ave.
2450 5141 2583 5198 Cum
2611 5135 2822 5222 veneris
2846 5136 2912 5199 ad
2941 5141 3155 5201 easdem
3193 5156 3372 5216 partes
3409 5145 3530 5204 libri
3562 5127 3696 5214 mei,
3731 5147 3797 5206 ibi

2215 5223 2666 5308 quemadmodum
2689 5227 2890 5290 dictum
2922 5229 3102 5304 fuerit,
3127 5231 3268 5308 qiidd
3297 5225 3382 5314 Iiic
3407 5236 3616 5312 olijicis,
3641 5241 3797 5314 appa-

2217 5315 2372 5386 rebit.
2405 5315 2555 5384 Nunc
2575 5321 2684 5401 jam
2712 5325 2799 5384 dic
2817 5372 2832 5397 ,
2861 5331 3046 5400 quaeso
3067 5373 3083 5400 ,
3111 5312 3380 5402 quomoiib'
3417 5350 3538 5390 cum
3579 5329 3776 5406 'rdgéiic

2217 5431 2404 5478 rantur
2425 5411 2626 5492 parvuli
2653 5409 2710 5476 et
2730 5409 3126 5478 transferuntur
3145 5419 3212 5478 ad
3238 5426 3459 5496 regnum
3489 5411 3709 5494 Christi,
3735 5415 3797 5482 ‘dc

2221 5508 2558 5570 tenebrarum
2588 5521 2852 5584 potestate
2879 5530 2984 5571 non
3011 5507 3288 5571 eruantur.

2291 5627 2570 5684 CXXVIII.
2599 5627 2720 5684 IUL.
2744 5627 2900 5686 Creat
2927 5629 3086 5701 igitur
3111 5631 3311 5686 malum
3342 5633 3500 5688 Deus.

2289 5722 2426 5776 Ave.
2455 5719 2572 5775 Non
2598 5719 2846 5790 intelligis
2869 5720 3318 5803 quemadmodum
3343 5721 3487 5778 dicat
3505 5731 3650 5794 aput)
3679 5735 3796 5797 pro-

2221 5812 2456 5884 phctam,
2487 5807 2600 5883 Ego
2628 5825 2740 5866 creo
2767 5811 2904 5867 malli
2923 5810 3075 5885 (Isai.
3102 5827 3226 5883 XLV,
3253 5813 3330 5885 7).

2297 5903 2536 5962 CXXIX.
2585 5905 2700 5964 Jun.
2753 5904 2819 5962 Et
2857 5905 3150 5986 puniuntur
3193 5905 3538 5979 innocentes,
3588 5921 3798 5994 propter
