4062 6552
498 343 525 397 1
536 340 639 396 305

498 450 685 508 eadem
714 443 1006 518 repetendo
1029 438 1356 513 superﬂuus,
1406 446 1459 493 et
1489 443 1677 492 cuncta
1720 431 2090 508 persequendo

498 545 689 616 longus
714 541 952 596 videbor.

576 639 708 693 Anc.
742 634 879 689 Ecce
907 627 1173 710 quomodo
1199 626 1334 698 agis,
1368 632 1426 679 ut
1468 623 1625 693 longe
1662 619 1882 705 recedat
1922 619 2094 674 lector

504 728 573 783 ab
604 727 685 781 his
705 740 823 796 qua:
847 722 978 787 dixi,
1003 730 1058 776 et
1091 727 1144 775 te
1180 717 1494 790 repondisse
1521 715 1829 781 arbitretur,
1852 712 1978 767 dum
2006 726 2090 780 ea,

502 835 621 890 qum
645 817 740 873 tibi
766 815 917 887 quasi
957 811 1247 869 refellenda
1279 806 1671 883 proposueras,
1705 807 2054 864 obliviscitur.

538 909 750 966 CXLI.
780 908 899 964 Jun.
924 907 1079 964 Unde
1105 905 1348 981 quamvis
1389 905 1566 960 omnia
1610 918 1727 975 quae
1770 908 1957 958 contra
1994 915 2095 956 nos

501 1004 713 1061 edidisti
753 1002 975 1072 scripta,
1002 999 1070 1056 ad
1115 1014 1281 1069 unum
1313 998 1473 1053 tinem
1508 1004 1815 1070 properent,
1846 994 2096 1050 videlicet

501 1106 561 1152 ut
588 1094 847 1151 naturalia
886 1093 1024 1148 mala
1065 1107 1187 1149 esse
1230 1089 1575 1162 persuadeas,
1618 1096 1672 1144 et
1700 1097 1792 1143 aut
1820 1085 2092 1142 diabolum
2120 1128 2141 1135 _

498 1187 776 1243 hominum
801 1228 815 1252 ,
855 1195 947 1241 aut
982 1187 1149 1241 Deum
1189 1185 1472 1240 criminum
1500 1181 1836 1239 conditorem
1868 1199 1881 1237 :
1914 1189 2093 1235 tamen

501 1286 630 1350 puto
668 1277 865 1348 aliquid
916 1277 1210 1348 procedere
1246 1275 1311 1331 ad
1349 1275 1584 1331 studium
1628 1272 1923 1339 brevitatis,
1956 1272 2002 1326 si
2030 1286 2095 1326 ea

501 1369 838 1441 potissimum
854 1368 1395 1441 argumenta,quibus
1424 1376 1588 1423 totam
1621 1377 1763 1421 tuam
1786 1365 2094 1436 opinionem

502 1463 643 1519 tueri
674 1473 746 1532 te,
772 1479 893 1518 cum
920 1461 1277 1528 obumbraris,
1321 1468 1476 1530 putas
1500 1459 1567 1514 de
1593 1458 1822 1514 diversis
1848 1459 1900 1513 in
1927 1473 2094 1515 unum

500 1557 743 1627 partibus
782 1569 1198 1628 congregavero,
1243 1567 1411 1624 eaque
1453 1552 1603 1624 prius
1639 1551 1853 1607 admota
1877 1551 2095 1621 exposi-

505 1650 648 1706 tione
692 1650 901 1719 juvero,
948 1656 1007 1703 ut
1042 1646 1171 1719 quid
1213 1653 1476 1701 conentur
1501 1654 1790 1716 appareat;
1822 1652 1941 1715 post
1966 1659 2097 1700 vero

501 1758 609 1799 non
636 1757 842 1816 sparsa,
872 1742 967 1798 sed
993 1740 1249 1807 collecta;
1283 1755 1393 1795 non
1422 1738 1681 1806 involuta,
1713 1736 1807 1793 sed
1832 1736 2095 1807 explicata

470 1896 475 1909 ;
500 1851 784 1906 proruero.

574 1929 709 1984 Anc.
742 1925 966 1981 Mirabili
996 1924 1171 1982 studio
1200 1923 1476 1981 brevitatis
1509 1930 1632 1979 octo
1660 1921 1828 1978 libros
1856 1920 1946 1976 uni
1972 1935 2096 1977 meo

500 2019 702 2087 reddis,
750 2034 910 2091 quem
957 2033 1056 2074 nec
1102 2027 1244 2073 tanta
1275 2016 1593 2088 multiloquii
1628 2014 1934 2086 prolixitate
1960 2027 2093 2068 con-

501 2112 675 2168 vellis.
710 2112 806 2167 Dic
832 2127 993 2176 nunc,
1023 2111 1069 2166 si
1098 2119 1270 2182 potes,
1294 2108 1564 2181 quomodo
1592 2122 1701 2163 non
1724 2106 1905 2163 dicere
1932 2120 2094 2177 coga-

500 2202 632 2259 mini
644 2201 879 2272 Christo,
897 2211 953 2259 et
971 2203 1015 2257 si
1035 2218 1142 2258 non
1158 2202 1357 2269 verbis,
1374 2208 1524 2257 certe
1541 2200 1672 2273 ipsis
1689 2199 1956 2271 perversis
1973 2213 2099 2254 sen-

502 2295 651 2358 sibus
665 2295 859 2351 vestris
882 2312 895 2349 :
921 2294 982 2351 Si
1001 2294 1136 2367 quod
1154 2295 1368 2365 perierat
1382 2310 1606 2366 quaerere
1621 2302 1667 2348 et
1685 2292 1882 2348 sulcare
1895 2291 2093 2357 venisti,

500 2386 570 2441 ad
612 2386 851 2456 paruulos
879 2402 981 2440 non
1005 2387 1200 2440 venisti.
1227 2384 1326 2441 Isti
1351 2401 1443 2440 nec
1466 2385 1738 2457 perierant,
1770 2391 1818 2443 et
1840 2382 1968 2439 salvi
1989 2384 2098 2437 nati

498 2488 616 2535 sunt
639 2496 659 2534 :
676 2478 803 2533 vade
821 2479 890 2533 ad
908 2480 1156 2550 majores;
1184 2478 1246 2531 de
1271 2478 1430 2532 verbis
1461 2478 1559 2531 tuis
1579 2476 1668 2531 tibi
1688 2474 2057 2547 prwscribimus
2076 2489 2097 2530 .‘

507 2591 527 2625 s
554 2572 676 2627 Non
698 2582 772 2627 est
799 2588 926 2644 opus
946 2572 1083 2626 sanis
1102 2570 1343 2636 medicus,
1367 2572 1459 2625 sed
1477 2571 1609 2624 male
1629 2567 1923 2624 habentibus
1947 2587 1966 2621 ι
1995 2566 2099 2634 (De

506 2664 722 2735 Nuptiis
742 2675 788 2720 et
810 2663 1246 2736 Concupiscentia,
1274 2664 1361 2719 lib.
1384 2664 1437 2729 2,
1458 2681 1510 2718 n.
1531 2662 1607 2734 9).
1634 2663 1715 2718 Ad
1748 2663 1846 2717 ista
1864 2648 2100 2732 VreSpon-

503 2757 572 2813 de
601 2775 628 2822 ε,
642 2758 768 2827 quid
789 2757 939 2811 vanis
963 2772 1086 2812 vera
1118 2756 1388 2813 involvere
1414 2765 1469 2811 et
1487 2756 1760 2811 occultare
1780 2755 2027 2811 conaris?

577 2848 781 2904 CXLII.
803 2848 926 2904 Jun.
949 2848 1006 2902 In
1035 2848 1373 2904 inferioribus
1396 2847 1577 2919 itaque
1601 2848 1721 2903 libri
1752 2848 1829 2903 tui
1855 2847 2098 2919 partibus

502 2952 782 3016 postquam
807 2941 1008 3007 dixisti,
1035 2940 1125 2997 Sic
1149 2950 1283 2995 creat
1302 2941 1463 2995 malos
1483 2939 1906 3011 Deus,quomodo
1934 2942 2097 3011 pascit

501 3044 550 3089 et
574 3035 729 3089 nutrit
753 3033 952 3099 malos;
980 3031 1134 3087 addis
1159 3050 1172 3087 :
1197 3030 1331 3098 Quia
1364 3032 1500 3103 quod
1530 3032 1599 3086 eis
1625 3032 1843 3087 creando
1874 3032 2047 3086 tribuit
2077 3072 2096 3101 ,

501 3131 570 3184 ad
599 3140 795 3184 natura:
823 3128 1036 3199 pertinet
1062 3127 1364 3192 bonitatem;
1392 3134 1441 3181 et
1464 3124 1601 3197 quod
1637 3127 1711 3179 eis
1753 3123 2007 3197 pascendo
2051 3134 2099 3180 et

502 3220 771 3278 nutriendo
801 3220 889 3273 dat
914 3221 1298 3282 incrementum,
1330 3233 1433 3271 non
1457 3217 1628 3288 utique
1654 3216 1862 3271 malitia:
1878 3232 2056 3270 eorum
2077 3258 2095 3286 ,

503 3313 592 3368 sed
636 3312 794 3366 eidem
835 3311 979 3365 bome
1016 3319 1247 3376 naturae,
1287 3324 1440 3379 quam
1476 3308 1658 3362 creavit
1688 3306 1869 3376 bonus,
1912 3307 2099 3364 bonum

504 3403 676 3458 tribuit
704 3402 1071 3476 adjumentum.
1119 3400 1189 3455 In
1230 3409 1473 3471 quantum
1501 3400 1636 3455 enim
1673 3398 1901 3454 homines
1932 3408 2049 3453 sunt
2080 3439 2096 3464 ,

506 3497 689 3549 bonum
734 3504 804 3549 est
846 3504 1066 3561 naturae,
1099 3495 1446 3565 cujus‘auctor
1471 3500 1544 3547 est
1575 3490 1712 3545 Deus
1735 3491 1829 3545 :in
1854 3499 2099 3562 quantum

505 3598 675 3642 autem
699 3603 814 3641 cum
838 3595 1041 3658 peccato
1065 3594 1362 3652 nascuntur,
1398 3583 1609 3655 perituri
1629 3582 1675 3637 si
1699 3597 1801 3636 non
1825 3597 2100 3648 renascun-

507 3690 590 3735 tur
615 3682 655 3746 ⁸,
678 3680 745 3734 ad
771 3696 938 3735 semen
965 3678 1180 3750 pertinet
1220 3677 1547 3732 maledictum
1569 3677 1632 3730 ab
1648 3675 1792 3730 initio
1815 3673 1970 3747 (Sap.
1997 3690 2096 3741 xu,

507 3773 622 3845 Η),
652 3772 793 3828 illius
819 3772 1041 3845 antiqua:
1060 3771 1408 3826 inobedientite
1436 3770 1575 3825 vitio.
1608 3768 1720 3836 Quo
1742 3770 1763 3802 ²
1785 3777 1953 3824 tamen
1977 3767 2099 3823 bene

505 3869 666 3923 utitur
692 3871 858 3939 factor
881 3867 1031 3921 etiam
1057 3881 1293 3920 vasorum
1315 3864 1426 3932 iraa,
1456 3873 1513 3917 ut
1537 3871 1685 3918 notas
1715 3862 1872 3936 faciat
1898 3860 2099 3916 divitias

505 3962 684 4034 gloria:
706 3976 813 4016 sua:
839 3960 891 4015 in
916 3961 1048 4014 uasis
1087 3957 1482 4024 misericordia;
1525 3965 1583 4011 ut
1618 3973 1720 4011 non
1765 3954 1957 4011 meritis
1992 3954 2100 4010 suis

508 4054 716 4122 tribuat,
746 4054 791 4109 si
814 4054 883 4108 ad
904 4054 1130 4108 eamdem
1166 4068 1386 4108 massam
1408 4052 1618 4122 quisque
1645 4050 1901 4122 pertinens
1932 4050 2100 4124 gratia

509 4148 763 4214 liberetur,
787 4148 876 4204 sed
895 4149 979 4220 qui
1007 4147 1276 4219 gloriatur,
1301 4147 1355 4200 in
1379 4144 1599 4201 Domino
1617 4146 1861 4215 glorietur
1884 4144 1948 4217 (II
1976 4144 2096 4200 Cor.

507 4260 563 4312 ι,
594 4244 706 4315 I7).
734 4243 809 4298 Ab
835 4246 929 4297 hac
968 4242 1070 4312 ﬁde
1103 4243 1196 4296 iste
1231 4238 1513 4306 discedens,
1555 4256 1656 4294 non
1694 4240 1797 4296 uult
1842 4250 2100 4298 nascentes

509 4354 615 4391 esse
638 4337 730 4390 sub
757 4334 977 4400 diabolo,
1010 4352 1072 4389 ne
1100 4335 1298 4405 parvuli
1337 4340 1596 4406 portentur
1632 4332 1700 4387 ad
1735 4331 2014 4403 Christum,
2045 4343 2100 4388 ut

509 4437 755 4484 eruantur
782 4445 814 4481 a
842 4436 1088 4500 potestate
1112 4427 1448 4494 tenebrarum,
1474 4434 1522 4482 et
1544 4431 1915 4501 transferantur
1937 4427 1991 4481 in
2018 4444 2099 4483 re-

509 4541 665 4597 gnum
700 4523 863 4594 ipsius
901 4520 1118 4594 (Coloss.
1151 4537 1165 4575 ι
1192 4563 1208 4589 ,
1244 4518 1352 4594 15).
1381 4520 1449 4575 Ει
1478 4521 1551 4576 sic
1580 4518 1862 4577 Ecclesium
1895 4529 2101 4576 accusat

509 4627 614 4673 toto
638 4616 756 4673 orbe
781 4615 1022 4685 diffusam
1041 4658 1056 4686 ,
1086 4617 1138 4670 in
1164 4632 1265 4688 qua
1288 4616 1468 4687 ubique
1489 4632 1659 4670 omnes
1691 4613 1983 4686 baptizandi
2015 4616 2099 4670 in-
2150 4684 2151 4687 η

510 4711 701 4781 fantuli
737 4727 838 4765 non
881 4707 941 4763 ob
986 4708 1130 4763 aliud
1154 4709 1499 4780 exsufﬂantur,
1528 4704 1628 4759 nisi
1656 4712 1709 4759 ut
1737 4705 1802 4759 ab
1828 4706 1901 4761 eis
1922 4704 2102 4761 mundi

512 4806 746 4879 princeps
776 4803 999 4856 mittatur
1025 4803 1165 4872 foras
1199 4801 1299 4872 (De
1327 4799 1536 4869 Nuptiis
1568 4808 1614 4854 et
1643 4798 2058 4872 Concupiscentia
2080 4840 2097 4866 ,

512 4900 601 4953 lib.
631 4897 685 4964 2,
730 4913 820 4950 nn.
874 4896 963 4960 '52,
1011 4895 1122 4965 55).
1177 4893 1305 4949 Item
1353 4893 1606 4948 deorsum
1646 4892 1713 4949 de
1762 4893 1982 4950 libidine
2020 4893 2100 4949 lo-

511 5002 701 5061 quens,
721 4989 837 5043 sine
857 5003 957 5056 qua
986 4987 1267 5057 conjugum
1290 5000 1394 5041 non
1421 4995 1596 5056 potest
1620 4999 1740 5042 esse
1765 4986 2097 5055 commixtio,

510 5098 670 5155 quam
698 5095 797 5137 nos
823 5080 1137 5145 naturalem,
1164 5087 1217 5135 et
1240 5078 1307 5134 ad
1338 5079 1435 5136 Dei
1464 5094 1685 5150 operam
1710 5080 2097 5150 pertinentem,

510 5192 618 5234 non
656 5183 715 5232 ut
755 5188 1003 5247 magnum
1041 5172 1254 5244 aliquod
1294 5173 1516 5239 bonum,
1546 5171 1641 5227 sed
1664 5179 1720 5225 ut
1740 5185 1956 5227 sensum
1982 5185 2103 5226 cor-

510 5286 724 5345 porum,
765 5283 884 5341 qute
926 5275 1050 5323 sunt
1077 5282 1108 5322 a
1137 5266 1246 5322 Deo
1275 5264 1434 5331 facta,
1462 5262 1818 5330 defendimus,
1850 5277 2007 5334 quam
2044 5270 2102 5320 tu

514 5368 734 5423 inditam
762 5364 1055 5422 visceribus
1085 5362 1334 5419 humanis
1363 5377 1393 5417 a
1427 5361 1660 5427 diabolo,
1693 5361 1747 5416 in
1787 5360 1906 5432 ejus
1944 5377 2100 5419 vere-

514 5462 701 5517 rundla
726 5461 748 5493 ³
771 5459 963 5532 dogma
995 5466 1143 5513 tuum
1182 5456 1454 5513 collocatis
1476 5495 1492 5522 ,
1534 5462 1642 5509 tam
1679 5453 1861 5511 multis
1888 5455 2103 5526 scriptis

578 5582 597 5614 ⁸
629 5577 795 5642 Morel,
836 5574 1272 5642 Element._u‘itic.,
1305 5586 1418 5638 pag.
1448 5571 1559 5634 304,
1604 5572 1832 5642 sicputat
1875 5583 1990 5624 esse
2026 5569 2104 5624 Ie-

513 5635 829 5768 39:22:13;
828 5641 963 5754 22m
1002 5638 1034 5690 2
1069 5640 1135 5690 de
1154 5635 1323 5701 Νειρί(
1344 5635 1397 5687 et
1426 5635 1836 5699 Concupisoentia.
1904 5643 1959 5685 Μ.

508 5740 922 5883 έὶῖἶῦἱῖἧνόἷ,
957 5770 1100 5831 atque
1116 5761 1174 5816 in
1202 5762 1310 5826 οδω
1329 5757 1637 5851 verecundia.
1678 5759 1842 5825 Abest,
1883 5764 2044 5825 atque,
2072 5772 2101 5811 a

1200 324 1444 384 OPERIS
1482 321 1894 381 IMPEBFECTI
1929 319 2208 380 CONTRA
2244 318 2608 392 JULIANUM,
2648 321 2705 379 S.
2746 322 3111 382 AUGUSTINI

3656 329 3830 392 1306

2195 433 2407 489 conaris
2427 448 2671 491 asserere
2698 452 2712 491 :
2744 434 2814 491 de
2836 436 2949 515 ipsa
2969 451 3099 509 ergo
3118 436 3353 507 libidine,
3378 438 3521 497 sicut
3538 441 3833 513 [requiess-

2196 534 2318 595 tcr,
2381 527 2454 582 ita
2499 529 2659 583 etiam
2725 528 2978 587 inferiore
3016 539 3167 602 parte
3213 532 3333 589 libri
3382 533 3463 590 tui
3507 534 3779 608 loqueris
3806 553 3825 591 :

2202 617 2477 685 Quocirca,
2508 620 2702 688 inquis,
2732 623 3136 679 commixtione»:
3160 640 3356 697 quoque
3379 626 3656 682 honestam
3692 644 3833 681 cois-

2187 709 2376 781 jugum
2402 727 2503 766 non
2528 713 2939 783 reprehendimus
2958 724 3165 789 propter
3193 718 3485 788 pudendam
3523 736 3834 791 cor-pom

2202 802 2477 859 libidinem.
2512 804 2617 861 Illa
2647 809 2779 863 enim
2809 819 2974 881 posset
2999 828 3104 868 esse
3139 813 3281 868 nulla
3324 816 3653 888 prccedente
3702 833 3839 887 per-

2199 898 2476 969 petratione
2504 902 2711 970 peccati,
2746 900 2810 956 de
2832 919 2934 976 qua
2961 920 3064 959 non
3115 906 3459 963 erubescerent
3490 906 3790 981 conjug'ati
3811 927 3833 963 :

2200 987 2506 1044 hmc“autem
2539 1002 2713 1046 exorta
2739 1003 2812 1048 est
2840 1004 2952 1064 post
2976 1006 3239 1068 peccatum
3256 1038 3273 1064 ,
3300 1013 3452 1068 quam
3491 1002 3668 1055 coacti
3700 1010 3835 1055 sunt

2200 1073 2368 1136 uelare
2405 1085 2607 1156 confusi
2636 1083 2787 1159 (Gen.
2814 1102 2894 1154 ιιι,
2923 1087 3000 1159 7).
3034 1086 3456 1161 Unde_remtmsit
3500 1092 3831 1162 posteriori-

2200 1173 2293 1229 bus
2323 1177 2636 1248 conjugatis,
2681 1181 2904 1251 quamvis
2947 1181 3042 1237 hoc
3082 1183 3221 1238 malo
3250 1184 3374 1240 bene
3397 1195 3443 1240 et
3472 1188 3619 1240 licite
3648 1197 3829 1241 asseu-

2201 1265 2333 1322 tibus
2349 1309 2363 1332 ,
2392 1268 2448 1323 in
2473 1270 2721 1342 ejusmodi
2753 1289 2905 1344 opere
2938 1273 3220 1330 humanum
3246 1277 3406 1332 vitare
3426 1289 3785 1350 conspectam:
3808 1322 3826 1347 ,

2202 1367 2352 1425 atque
2391 1360 2464 1414 ita
2500 1363 2729 1431 conﬁteri
2763 1364 2899 1435 quod
2938 1366 3234 1438 pudendum
3274 1378 3367 1435 est,
3400 1386 3523 1425 cum
3547 1372 3833 1426 nentiam

2203 1449 2379 1506 debeat
2403 1453 2610 1523 pudere,
2638 1456 2772 1525 quod
2800 1457 2985 1512 bonum
3011 1468 3104 1515 est.
3148 1457 3376 1516 Proinde
3399 1462 3654 1533 pudenda
3699 1463 3828 1517 libi—

2204 1542 2340 1609 dine,
2363 1547 2448 1614 qui
2468 1547 2602 1602 licite
2627 1551 2909 1605 concumbit
2930 1593 2944 1617 ,
2972 1552 3107 1607 malo
3132 1553 3256 1608 bene
3287 1554 3446 1609 utitur
3471 1569 3494 1609 :
3513 1555 3607 1626 qui
3632 1565 3827 1609 assunt

2202 1636 2397 1705 illicite,
2420 1639 2554 1694 malo
2582 1641 2716 1697 male
2734 1643 2892 1697 utitur
2912 1642 3014 1717 (De
3044 1642 3254 1716 Nuptiis
3279 1655 3328 1701 et
3347 1643 3825 1718 Concupiscentia,

2202 1726 2292 1783 lib.
2321 1729 2377 1798 ε,
2400 1748 2453 1785 η.
2477 1730 2588 1804 '56).

2275 1820 2410 1878 Anc.
2440 1821 2615 1892 Quare
2640 1832 2723 1881 est
2746 1812 3046 1899 interrupta
3076 1829 3359 1898 sententia,
3390 1838 3449 1887 et
3470 1829 3825 1903 quibusdam

2202 1915 2613 1984 praetermissis,
2660 1925 2909 1990 tanquam
2960 1921 3063 1978 hoc
3106 1932 3445 1993 sequeretur,
3484 1925 3824 1996 adjunctum

2203 2015 2307 2075 est,
2332 2006 2559 2065 Proinde
2587 2010 2829 2082 pudenda
2856 2013 3084 2084 libidine,
3117 2023 3249 2085 etc.,
3280 2020 3658 2089 praetermissa
3691 2029 3829 2074 sunt

2202 2108 2383 2155 autem
2419 2102 2583 2159 verba
2627 2119 2782 2174 mea,
2832 2106 2921 2162 ubi
2964 2106 3163 2164 dictum
3206 2119 3311 2178 est,
3355 2111 3448 2169 Sic
3473 2113 3826 2168 insinuantur

2204 2191 2311 2246 hare
2336 2192 2457 2259 duo,
2485 2203 2531 2248 et
2558 2194 2746 2250 bonum
2784 2196 3059 2253 laudanda:
3099 2202 3498 2273 conjunctionis,
3533 2204 3683 2258 unde
3721 2205 3825 2274 ﬁlii

2203 2294 2528 2355 generantur,
2572 2297 2619 2341 et
2647 2288 2839 2343 malum
2867 2290 3118 2362 pudenda
3145 2292 3405 2363 libidinis,
3434 2296 3575 2351 unde
3602 2295 3701 2363 qui
3727 2313 3821 2369 ge-

2203 2386 2464 2444 nerantur,
2487 2380 2819 2451 regenerandi
2837 2392 2953 2438 sunt
2971 2400 3034 2438 ne
3052 2384 3355 2442 damnentur
3373 2385 3428 2459 (Ι
3433 2388 3569 2459 bid.)
3584 2388 3611 2441 τ
3630 2388 3823 2457 Quare

2204 2468 2306 2525 ista
2330 2470 2489 2525 verba
2531 2466 2651 2528 mea'
2685 2474 2753 2529 de
2791 2474 2970 2531 media
3008 2478 3274 2534 sententia
3320 2494 3443 2535 mea
3485 2480 3815 2547 subtrahis,

2204 2563 2389 2634 eisque
2416 2564 2705 2622 subtractis
2727 2567 2831 2623 alia
2855 2584 2996 2635 mea,
3024 2572 3175 2640 quasi
3204 2573 3319 2643 ipsa
3356 2583 3693 2646 sequantur,
3720 2575 3817 2632 ad-

2199 2654 2414 2726 jungis?
2460 2656 2596 2726 Quid
2644 2668 2726 2715 est
2763 2661 2906 2732 quod
2948 2662 3114 2720 facis?
3141 2679 3240 2721 cur
3269 2664 3373 2722 boc
3402 2664 3578 2723 facis?
3605 2668 3815 2725 Parum

2205 2758 2287 2804 est
2312 2750 2455 2821 quod
2480 2766 2563 2817 ea,
2594 2768 2716 2824 quae
2740 2754 2835 2810 tibi
2863 2770 2928 2811 ex
2956 2756 3146 2812 eodem
3173 2757 3311 2815 libro
3349 2775 3475 2817 meo
3502 2776 3572 2817 ex
3614 2762 3816 2819 ordine

2203 2857 2564 2914 proposueras
2594 2846 2906 2915 refellenda,
2937 2848 3181 2917 dimittis,
3212 2860 3270 2907 et
3296 2853 3349 2908 in
3374 2852 3480 2908 alia
3506 2855 3733 2927 pergis,
3754 2864 3815 2911 ut

2205 2934 2338 2990 ordo
2365 2936 2639 3005 turbetur,
2685 2949 2737 2996 et
2784 2940 2924 3012 quod
2966 2956 2996 2996 a
3044 2950 3096 3000 te
3131 2944 3462 3015 propositum
3502 2945 3715 3015 fuerat,
3742 2947 3813 3005 de

2204 3026 2423 3084 lectoris
2462 3033 2720 3088 memoria
2747 3033 3012 3090 dilabatur
3042 3054 3055 3090 :
3085 3035 3306 3108 insuper
3329 3047 3386 3095 et
3409 3054 3474 3095 ea
3503 3055 3626 3111 quae
3661 3057 3812 3112 pra-

2205 3127 2290 3176 ter
2312 3121 2578 3191 ordinem,
2596 3114 2667 3179 ‘ut
2691 3125 2784 3180 tibi
2813 3125 3019 3182 libitum
3046 3137 3129 3184 est
3151 3171 3168 3196 ,
3198 3130 3521 3202 interponis,
3553 3149 3665 3191 non
3694 3145 3813 3192 tota

2205 3221 2263 3271 et
2285 3217 2486 3287 integra
2517 3217 2748 3274 ﬁdeliter
2775 3220 2929 3290 ponis
2949 3261 2964 3287 ,
3006 3221 3101 3277 sed
3139 3222 3378 3279 concidis
3408 3225 3501 3281 ubi
3527 3227 3627 3291 vis,
3657 3229 3812 3284 tollis

2205 3307 2348 3378 quod
2377 3308 2476 3376 vis,
2495 3309 2677 3381 jungis
2702 3310 2972 3381 quomodo
2995 3312 3077 3369 vis
3102 3331 3116 3368 :
3144 3314 3240 3371 sed
3269 3314 3354 3372 fac
3378 3317 3635 3390 quidquid
3681 3318 3808 3387 vis“;

2205 3402 2480 3458 convictus
2509 3411 2563 3459 et
2589 3404 2761 3461 victus
2789 3406 3092 3478 apparebis,
3123 3416 3182 3465 ut
3204 3426 3316 3467 non
3339 3411 3443 3468 vis.

2277 3494 2502 3551 CXLIII.
2554 3495 2673 3553 Jun.
2721 3498 2940 3556 Rectius
2977 3501 3123 3557 enim
3175 3504 3372 3576 accipit
3423 3519 3623 3563 nomen
3673 3509 3811 3566 mali

2205 3602 2366 3660 quam
2391 3589 2517 3645 boni
2546 3589 2687 3646 unde
2711 3591 3035 3649 erlibcscunt
3078 3594 3204 3650 mali
3228 3604 3285 3652 et
3310 3597 3470 3664 boni;
3501 3599 3811 3673 meliusque

2205 3682 2475 3738 credimus
2495 3685 2772 3755 Apostolo,
2787 3687 2878 3758 qui
2896 3687 3044 3755 dicit,
3072 3688 3206 3756 Quia
3232 3707 3335 3746 non
3358 3692 3553 3748 habitat
3571 3693 3627 3749 in
3650 3711 3811 3752 carne

2205 3791 2319 3829 mea
2354 3774 2541 3831 bonum
2576 3776 2754 3851 (Rom.
2784 3794 2877 3848 vn,
2908 3780 3022 3854 18),
3063 3796 3222 3854 quam
3248 3781 3394 3853 huic,
3420 3785 3515 3856 qui
3543 3785 3650 3843 hoc
3672 3786 3811 3845 dicit

2205 3866 2429 3925 bonum.

2278 3960 2413 4018 Anc.
2443 3961 2557 4017 Non
2583 3969 2700 4019 erat
2722 3978 2996 4036 magnum,
3023 3975 3079 4024 et
3106 3968 3266 4026 istam
3289 3968 3359 4027 de
3387 3969 3527 4028 libro
3545 3987 3672 4030 meo
3696 3973 3808 4030 im-

2206 4054 2357 4127 plere
2379 4059 2716 4115 sententiam.
2747 4061 2859 4132 Ego
2885 4062 3027 4119 enim
3055 4063 3203 4121 dixi:
3230 4066 3396 4134 Quam
3425 4067 3566 4137 huic,
3592 4072 3681 4142 qui
3706 4072 3810 4128 hoc

2205 4147 2337 4204 dixit
2362 4149 2568 4218 bonum,
2600 4143 2735 4206 unde
2762 4153 2807 4206 si
2834 4157 3181 4227 confunditur,
3207 4160 3477 4230 conﬁtetur
3501 4164 3697 4220 malum
3715 4180 3735 4229 ,'
3756 4167 3809 4220 si
3887 4196 3902 4218 .

2207 4250 2375 4294 autem
2398 4258 2498 4295 non
2524 4242 2885 4313 confunditur,
2910 4247 3052 4302 addit
3078 4249 3411 4320 impudentia
3434 4256 3584 4327 pejus
3607 4256 3807 4312 malum

2211 4333 2313 4408 (De
2339 4333 2549 4405 Nuptiis
2569 4345 2618 4392 et
2641 4334 3079 4409 Concupiscentia,
3103 4343 3193 4397 lib.
3206 4343 3260 4412 2,
3280 4362 3335 4400 n.
3352 4346 3468 4418 36).
3484 4347 3593 4405 Sed
3616 4351 3805 4407 nescio

2207 4442 2305 4483 cur
2330 4427 2443 4483 haec
2470 4443 2575 4483 non
2606 4430 2872 4500 posueris,
2902 4446 3023 4486 cum
3067 4434 3312 4492 similiter
3349 4438 3430 4497 eis
3470 4453 3664 4510 posses
3690 4458 3801 4498 non

2205 4519 2533 4591 respondere
2557 4520 2598 4588 ί,
2621 4521 2761 4577 sicut
2784 4522 2924 4592 aliis,
2951 4540 3071 4596 qua;
3094 4534 3347 4598 tanquam
3377 4530 3667 4589 refellenda
3699 4549 3803 4605 po-

2206 4613 2379 4681 suisti,
2414 4628 2513 4670 nec
2536 4614 2797 4687 attingere
2822 4617 3054 4673 voluisti.

2277 4705 2504 4763 CXLIV.
2548 4707 2669 4764 lus.
2715 4710 2783 4764 Et
2822 4719 2947 4783 post
2987 4712 3258 4772 modicum
3308 4715 3508 4775 addis:
3544 4719 3797 4787 Quoniam

2203 4808 2391 4855 natura
2430 4801 2656 4857 humana
2692 4819 2806 4873 quae
2846 4805 3069 4860 nascitur
3097 4807 3175 4862 vel
3203 4808 3266 4863 de
3293 4811 3566 4883 conjugio,
3617 4817 3695 4870 vel
3735 4817 3797 4871 de

2205 4893 2455 4949 adulterio
2474 4936 2488 4962 ,
2528 4894 2625 4950 Dei
2647 4912 2783 4975 opus
2802 4907 2895 4952 est.
2933 4897 3060 4965 Quae
3083 4900 3131 4954 si
3156 4900 3350 4957 malum
3375 4913 3523 4973 esset,
3546 4922 3650 4964 non
3670 4919 3795 4964 esset

2205 4987 2523 5058 generanda;
2563 4987 2610 5042 si
2637 4987 2827 5042 malum
2874 5005 2977 5044 non
3022 4990 3244 5061 haberet,
3291 5010 3395 5049 non
3431 5012 3560 5052 esset
3587 5016 3792 5072 regene-

2205 5078 2371 5134 randa
2392 5094 2412 5135 :
2431 5087 2580 5150 atque
2601 5088 2657 5134 ut
2681 5081 2750 5135 ad
2771 5097 2928 5137 unum
2950 5083 3152 5138 uerbum
3178 5094 3447 5160 utrumque
3470 5091 3793 5161 concludam,

2206 5179 2391 5227 natura
2430 5173 2653 5229 humana
2693 5176 2738 5230 si
2773 5175 2965 5231 malum
2990 5188 3138 5243 esset,
3165 5181 3413 5236 solvenda
3439 5199 3542 5239 non
3568 5195 3695 5241 esset
3710 5201 3735 5251 ς
3752 5188 3799 5242 si

2208 5266 2256 5321 ei
2280 5265 2406 5321 mali
2432 5265 2563 5321 nihil
2588 5267 2798 5335 inesset,
2827 5269 3077 5325 salvanda
3101 5288 3203 5328 non
3232 5285 3380 5329 esset.
3413 5275 3516 5342 Qui
3539 5293 3658 5349 ergo
3676 5278 3797 5334 dicit

2208 5375 2320 5414 eam
2344 5359 2525 5414 bonum
2556 5377 2654 5415 non
2683 5377 2809 5430 esse,
2837 5361 3024 5419 bonum
3062 5376 3210 5439 negat
3234 5368 3453 5424 condita:
3476 5383 3750 5429 creatorem
3775 5391 3796 5429 :

2207 5452 2296 5524 qui
2322 5468 2436 5507 vero
2473 5462 2622 5524 negat
2663 5453 2711 5507 ei
2755 5454 2948 5511 malum
2986 5458 3168 5521 inesse.
3207 5462 3583 5520 misericordem
3613 5467 3797 5525 uitiatis

2207 5546 2395 5602 invidet
2421 5546 2740 5603 salvatorem.
2777 5547 3099 5623 Quapropter
3133 5554 3186 5609 in
3219 5554 3505 5614 hominibus
3543 5563 3794 5617 nascenti-

2210 5642 2320 5707 bus,
2349 5656 2440 5696 nec
2465 5640 2755 5697 excusanda
2768 5652 2884 5697 sunt
2903 5643 3153 5700 adulteria
3181 5663 3270 5718 per
3286 5647 3490 5717 bonum,
3519 5654 3657 5725 quod
3678 5652 3795 5713 inde

2274 5815 2514 5870 tsuntsi.
2542 5810 2870 5876 Αινιωυοιι
2898 5815 3503 5877 natier
