4062 6498
285 478 322 514 a
347 459 608 515 conditore
652 459 781 514 bono
825 462 1049 513 creatum
1090 464 1183 524 est,
1213 471 1302 510 nec
1325 454 1613 510 accusanda
1634 453 1872 524 conjugia

285 570 378 625 per
403 551 615 619 malum,
646 549 782 623 quod
806 550 876 604 ibi
910 567 943 604 a
967 543 1289 604 ntiSericorde
1314 549 1563 604 salvatore
1587 556 1661 603 est
1684 563 1876 601 sanan-

284 634 411 698 dum
458 642 560 714 (De
609 641 819 714 Nuptiis
858 649 904 696 et
943 639 1395 712 Concupiscentia,
1439 641 1526 696 lib.
1567 640 1635 704 2,
1673 655 1725 692 η.
1760 636 1872 709 56).

283 734 412 789 Ηῖεο
464 742 570 788 tam
619 734 784 788 multa
835 750 953 805 quae
996 732 1063 789 de
1111 735 1215 788 tuis
1259 733 1466 804 scriptis
1510 730 1693 801 posui,
1745 746 1879 800 quo-

283 827 430 882 niam
456 827 474 858 ¹
521 827 777 898 grandem
828 828 880 882 in
930 826 1014 882 his
1058 831 1350 882 aerumnam
1380 825 1713 896 cogitationis
1757 839 1879 895 per-

284 919 514 984 tuleras,
545 928 603 973 ut
631 929 785 973 acute
814 918 1011 990 aliquid
1038 918 1215 974 dicere
1243 918 1530 982 videreris,
1558 926 1609 972 et
1639 931 1702 970 ex
1729 931 1878 971 more

278 1018 499 1076 nostro,
542 1025 648 1080 quo
694 1020 908 1066 versute
951 1007 1084 1065 nihil
1126 1011 1372 1081 agimus,
1419 1017 1473 1062 et
1519 1023 1590 1062 ex
1635 1007 1876 1062 veritatis

281 1103 610 1170 securitate,
664 1105 915 1174 quoniam
969 1105 1070 1159 tuis
1122 1102 1459 1159 sermonibus
1508 1103 1595 1156 vix
1655 1101 1875 1172 intelligi

280 1204 521 1265 queunt,
574 1205 754 1251 nostra
806 1204 1018 1266 oportet
1083 1195 1398 1266 repetitione
1458 1194 1728 1264 distingui.
1780 1193 1872 1248 Di-

283 1287 410 1342 xisti
447 1303 605 1358 ergo,
652 1288 971 1344 Maniehazos
1013 1289 1187 1344 carnis
1232 1289 1536 1359 vituperare
1584 1298 1826 1344 naturam
1853 1330 1870 1357 ,

280 1388 443 1449 atque
471 1394 711 1435 asserere
741 1378 1011 1436 hominem
1039 1381 1228 1435 factum
1257 1396 1322 1435 ex
1349 1381 1726 1436 commixtione
1745 1380 1876 1435 dua-

280 1485 400 1523 rum
433 1478 763 1536 naturarum,
796 1471 952 1526 unius
977 1473 1149 1539 bonae,
1180 1473 1398 1528 alterius
1425 1473 1577 1527 malae
1611 1492 1623 1526 :
1654 1487 1751 1528 nos
1774 1489 1871 1527 au-

279 1569 407 1626 tem,
439 1576 570 1630 quos
600 1561 881 1618 hereticos
911 1578 1088 1631 vocas,
1117 1563 1297 1620 dicere
1326 1579 1356 1618 a
1385 1565 1525 1619 bono
1549 1564 1657 1619 Deo
1682 1563 1872 1619 condi-

277 1660 383 1706 tam
408 1652 692 1709 humanam
723 1663 963 1710 naturam
986 1656 1288 1713 testimonio
1305 1657 1539 1712 auctoris
1554 1657 1634 1711 sui
1654 1658 1869 1724 bonam,

275 1744 331 1798 in
375 1744 662 1801 infantibus
689 1747 759 1802 ita
785 1763 903 1803 esse
931 1763 1145 1816 sanam,
1187 1759 1245 1804 ut
1280 1749 1478 1804 Christi
1509 1765 1613 1804 non
1644 1748 1874 1805 habeant

276 1837 634 1891 necessariam
665 1839 980 1894 medicinam
1006 1857 1019 1894 :
1046 1847 1099 1895 te
1121 1847 1301 1896 autem
1331 1840 1511 1896 dicere
1533 1841 1726 1895 honam
1755 1841 1872 1911 qui-

274 1927 398 1983 dem
431 1945 460 1983 a
489 1930 602 1985 Deo
624 1931 766 1987 bono
792 1932 1060 1987 conditam
1083 1932 1366 2003 aliquando
1383 1933 1513 1989 Adae
1535 1933 1697 1988 fuisse
1719 1943 1871 1989 natu-

274 2035 427 2086 ram;
456 2020 552 2076 sed
577 2032 754 2078 tamen
777 2033 995 2094 peccato
1021 2039 1143 2080 esse
1170 2024 1428 2093 vitiatam,
1458 2033 1510 2080 et
1534 2025 1652 2079 ideo
1671 2024 1870 2080 Christi

276 2112 515 2185 indigere
543 2115 803 2170 medicina
833 2115 1043 2188 (Ibid.).
1071 2116 1126 2172 In
1141 2118 1313 2187 primo
1333 2117 1548 2188 quidem
1575 2117 1710 2171 libro
1735 2132 1868 2186 prae-

275 2207 445 2261 sentis
467 2207 667 2276 operis,
701 2224 858 2279 quam
880 2209 1025 2265 nullo
1047 2210 1269 2266 distaret
1293 2208 1426 2266 ﬁdes
1451 2220 1626 2265 vestra
1649 2225 1680 2265 a
1701 2209 1870 2264 Mani-

273 2299 544 2354 eh:eorum
575 2300 912 2371 prolanitate,
943 2304 1137 2375 quippe
1163 2321 1230 2360 ex
1254 2320 1354 2376 qua
1387 2319 1504 2359 eam
1542 2312 1720 2359 natam
1750 2319 1871 2360 esse

273 2391 616 2447 manifestum
646 2404 747 2461 est,
771 2394 969 2464 junctis
994 2397 1274 2452 amborum
1299 2396 1638 2468 opinionibus
1663 2397 1868 2452 indica-

270 2483 324 2537 vi
363 2500 376 2535 :
418 2484 503 2539 ubi
534 2487 775 2554 apparuit
803 2486 1083 2543 Joviniano
1114 2499 1163 2545 te
1188 2505 1286 2560 per
1315 2491 1558 2546 timorem
1585 2490 1864 2561 copulari;

272 2574 565 2631 Manichaee
593 2585 768 2634 autem
790 2581 1008 2634 omnino
1029 2596 1126 2651 per
1145 2596 1407 2638 amorem.
1430 2582 1539 2636 Hoc
1557 2598 1684 2653 ergo
1706 2582 1867 2637 etiam

272 2667 328 2720 in
364 2669 611 2737 praesenti
653 2671 804 2725 nobis
831 2685 1029 2741 genere
1064 2673 1432 2729 disserendum
1465 2682 1582 2729 est:
1607 2674 1698 2729 sed
1721 2674 1868 2744 prius

275 2771 482 2829 nostra,
514 2773 633 2833 post
661 2774 836 2820 vestra
863 2765 1154 2838 distinguo.
1179 2767 1377 2824 Verum
1403 2783 1530 2841 ergo
1551 2769 1748 2834 dixisti,
1768 2785 1866 2826 nos

273 2855 454 2911 dicere
497 2872 525 2910 a
569 2858 708 2912 bono
737 2859 846 2914 Deo
870 2867 1111 2914 naturam
1144 2861 1429 2916 humanam
1461 2863 1653 2916 bonam
1681 2862 1865 2918 condi-

272 2956 381 3002 tam
414 2965 428 3002 :
460 2949 555 3004 sed
599 2949 705 3005 huc
730 2965 893 3022 usque
921 2961 1160 3007 nostrum
1186 2962 1270 3008 est
1299 2972 1313 3009 :
1347 2969 1507 3009 unam
1551 2954 1693 3010 enim
1737 2970 1863 3025 par-

269 3049 400 3105 tem,
432 3057 535 3112 qua
564 3044 844 3114 suppletur
874 3053 1054 3099 nostra
1086 3047 1370 3112 sententia,
1403 3055 1496 3102 aut
1524 3063 1630 3103 non
1661 3047 1860 3114 vidisti,

268 3140 360 3186 aut
383 3135 765 3203 suppressisti;
807 3135 965 3192 aliam
1007 3147 1184 3192 autem
1213 3138 1281 3194 de
1307 3148 1418 3206 tuo,
1441 3154 1564 3194 cum
1605 3155 1708 3194 non
1744 3143 1764 3172 ³
1795 3142 1865 3196 sit

270 3234 475 3292 nostra,
510 3225 732 3295 posuisti
765 3245 778 3282 :
813 3242 910 3282 nos
942 3237 1118 3284 autem
1159 3245 1263 3284 non
1302 3231 1476 3285 solum
1517 3231 1741 3286 dicimus
1770 3247 1865 3286 na-

267 3325 438 3374 turam
476 3318 709 3374 hominis
734 3319 927 3375 bonam
954 3336 985 3375 a
1012 3321 1122 3376 Deo
1142 3336 1263 3378 esse
1288 3323 1558 3377 conditam
1585 3326 1636 3377 in
1666 3323 1858 3389 Adam;

270 3409 366 3464 sed
397 3410 451 3465 in
477 3411 724 3468 omnibus
754 3413 990 3482 parvulis
1014 3414 1208 3468 bonam
1238 3414 1307 3469 ab
1332 3429 1396 3470 eo
1424 3415 1534 3469 Deo
1561 3415 1740 3482 condi,
1772 3415 1862 3487 qui

271 3503 430 3574 primi
462 3503 602 3559 illius
629 3513 814 3561 auctor
849 3505 976 3572 fuit;
1007 3515 1225 3578 propter
1250 3508 1391 3579 quod
1430 3509 1578 3564 illum
1623 3509 1862 3565 omnium

271 3595 548 3651 hominum
574 3598 860 3654 asserimus
885 3599 1239 3655 conditorem.
1695 3587 1705 3609 ¹

342 3688 479 3744 Anc.
519 3687 655 3755 Quid
696 3689 839 3746 enim
875 3690 1020 3746 aliud
1063 3699 1118 3746 et
1145 3706 1244 3746 nos
1281 3691 1507 3749 dicimus
1545 3693 1613 3750 de
1640 3693 1863 3750 Domino

269 3779 382 3834 Deo
421 3781 653 3836 omnium
695 3781 973 3838 hominum
1011 3783 1334 3839 conditore?
1359 3784 1464 3841 Sed
1491 3827 1507 3852 ,
1539 3785 1681 3855 quod
1727 3786 1868 3842 absit

267 3887 296 3928 a
321 3873 508 3941 nobis,
538 3875 857 3930 salvatorem
897 3875 1065 3932 Deum
1092 3877 1325 3948 parvulis
1363 3879 1730 3934 necessarium
1767 3893 1866 3934 vos

265 3966 472 4036 negatis
495 4007 512 4033 ,
540 3967 617 4021 sic
645 3982 836 4022 eorum
869 3977 1113 4024 naturam
1156 3969 1348 4025 bonam
1378 3985 1497 4027 esse
1536 3971 1827 4027 asserendo
1847 4014 1862 4038 ,

267 4067 325 4113 ut
347 4059 396 4115 ei
431 4059 558 4113 mali
585 4059 718 4114 nihil
748 4061 924 4116 inesse
954 4060 1173 4129 dicatis,
1220 4072 1435 4132 propter
1463 4062 1606 4132 quod
1636 4062 1868 4134 indigeat

269 4152 474 4208 medico
501 4149 736 4207 Christo.
768 4153 850 4207 Ad
887 4153 998 4208 hoc
1034 4153 1300 4225 responde
1331 4170 1347 4221 ;
1385 4154 1528 4225 quod
1561 4154 1654 4209 tibi
1685 4155 1867 4210 redar-

239 4289 242 4293 .
270 4243 537 4316 guendum
561 4261 938 4316 proposueras,
962 4248 1132 4318 primo
1149 4247 1411 4318 redarguo
1434 4266 1446 4303 :
1465 4263 1560 4303 cur
1576 4248 1866 4305 exsutllen-

274 4345 362 4390 tur
402 4336 702 4406 baptizandi
747 4338 948 4408 parvuli
994 4338 1262 4403 ostende;
1308 4348 1400 4393 aut
1437 4339 1696 4394 universae
1731 4340 1866 4394 anti-

258 4431 546 4502 quissimae
596 4432 849 4487 Ecclesiae
894 4431 1090 4487 bellum
1136 4433 1533 4502 apertissimum
1576 4433 1818 4489 indicens
1848 4476 1863 4502 ,

275 4522 548 4578 exsumari
587 4539 682 4580 eos
721 4541 826 4580 non
874 4525 1073 4581 debere
1101 4526 1366 4582 contende
1411 4543 1426 4580 :
1473 4527 1576 4583 hoc
1613 4542 1748 4598 age,
1783 4528 1869 4583 hic

275 4618 467 4673 insiste
487 4661 502 4685 ,
530 4617 653 4672 huic
671 4618 1002 4675 ﬁrmamento
1029 4661 1044 4687 ,
1075 4621 1118 4675 si
1147 4630 1328 4691 potes,
1359 4621 1558 4691 aliquid
1583 4622 1725 4677 unde
1750 4637 1870 4677 con-

272 4712 542 4781 cutiatur,
592 4713 844 4784 impinge.
875 4714 1010 4782 Quid
1035 4713 1172 4785 fugis
1208 4715 1308 4770 sub
1343 4715 1508 4786 pelles
1535 4716 1870 4785 loquacitatis

251 4815 377 4863 "tua:
402 4809 425 4861 ?
454 4809 591 4876 Quid
624 4809 796 4864 fumos
825 4809 1143 4865 vanissimos
1174 4809 1392 4879 subjicis
1411 4851 1426 4877 ,
1472 4809 1663 4880 quibus
1693 4807 1713 4840 ³
1753 4808 1869 4863 haec

274 4903 484 4958 obtecta
522 4913 577 4958 et
612 4903 841 4959 obscura
885 4904 956 4958 ita
984 4903 1149 4958 lector
1174 4904 1518 4958 obliviscatur
1541 4947 1555 4969 ,
1604 4912 1664 4958 ut
1694 4913 1745 4958 te
1784 4919 1870 4959 re-

277 4996 541 5065 spondere
570 4997 696 5051 nihil
727 4998 986 5053 valentem
1015 4998 1196 5053 dicere
1225 4997 1422 5068 aliquid
1452 4997 1738 5052 arbitretur
1765 4999 1789 5052 ?

351 5088 550 5144 CXLV.
591 5091 710 5146 JUL.
740 5090 888 5145 lianc
917 5106 1043 5162 ergo
1082 5101 1283 5162 partem
1326 5091 1602 5145 sententia:
1628 5105 1731 5144 non
1763 5105 1867 5145 so-

283 5181 393 5236 lum
415 5197 444 5235 a
470 5191 648 5236 nostra
671 5182 982 5238 deﬁnitione
1005 5182 1273 5237 removisti
1306 5199 1320 5247 ;
1352 5182 1446 5236 sed
1471 5196 1566 5251 pro
1587 5181 1686 5236 hac
1707 5182 1868 5237 etiam

282 5274 506 5329 intulisti
537 5283 677 5330 tuam
708 5293 722 5329 :
761 5291 879 5345 quae
910 5276 1080 5347 prima
1111 5274 1287 5330 fronte
1313 5274 1511 5344 aliquid
1541 5274 1761 5330 haberet
1789 5277 1872 5330 in-

278 5367 470 5433 vidiae,
504 5367 596 5422 sed
634 5377 805 5425 tamen
845 5369 1085 5424 discussa
1111 5375 1439 5423 vanesceret.
1469 5367 1698 5422 Posuisti
1727 5368 1868 5423 enim

279 5476 378 5514 nos
405 5459 582 5516 dicere
605 5502 620 5528 ,
664 5461 856 5517 bonam
902 5477 933 5516 a
960 5461 1072 5516 Deo
1098 5461 1240 5515 bono
1276 5458 1545 5514 conditam
1577 5467 1818 5516 naturam
1843 5501 1858 5524 ,

275 5554 370 5608 sed
405 5553 470 5607 ita
499 5568 618 5610 esse
646 5569 832 5609 sanam
851 5594 866 5619 ,
896 5563 955 5609 ut
983 5552 1338 5608 necessariam
1372 5567 1474 5606 non
1499 5550 1692 5606 habeat
1717 5551 1874 5606 Chri-

343 5691 356 5722 ¹
386 5689 460 5738 sic
481 5695 593 5753 Mss._
623 5694 675 5737 ιιι
693 5690 853 5753 \‘ign.,
873 5700 1036 5753 quant.

340 5754 362 5783 ²
395 5750 626 5800 Particula
649 5749 839 5801 negans
859 5749 937 5800 hic
957 5749 1145 5800 additur
1169 5761 1233 5797 ex
1255 5755 1336 5798 Ms.
1363 5754 1485 5798 Port.

342 5816 364 5848 ³
394 5811 533 5875 illud,
558 5811 681 5875 quid
702 5805 860 5875 fumos
878 5808 1153 5863 vanissimas
1171 5805 1386 5874 subjicis,
1409 5809 1614 5874 quiem,
1654 5808 1874 5861 restituis

175 5900 184 5908 -
275 5877 359 5926 ιω
383 5880 448 5926 ιι
473 5874 581 5925 κιο.

1658 336 1867 394 LIBER
1901 335 2218 394 TERTIUS.

3430 350 3576 412 1506

1990 451 2058 506 sti
2086 449 2423 507 medicinam.
2466 453 2678 513 Intuere
2715 471 2844 528 ergo
2871 465 3067 530 quanta
3091 460 3314 532 penuria
3333 464 3572 524 veritatis

1983 542 2196 598 labores
2219 585 2234 611 ,
2267 545 2356 616 qui
2383 554 2437 601 et
2470 547 2523 602 in
2552 549 2679 618 ipsis
2706 551 2884 605 verbis
2912 568 3030 622 quae
3053 553 3303 610 dicuntur
3330 559 3568 624 ἀντίθετα,

1984 633 2178 690 furtum
2213 646 2320 693 tam
2352 642 2685 710 perspicuum
2707 645 2883 701 facere
2903 661 3008 701 non
3037 649 3257 708 vereris.
3287 649 3418 704 Nam
3449 665 3570 707 cum

1983 741 2142 797 supra
2175 733 2545 800 proposuisses
2565 775 2579 798 ,
2608 735 2808 790 Bonam
2835 747 3076 794 naturam
3101 780 3116 806 ,
3144 740 3423 796 subdidisti
3448 784 3462 807 ,
3494 741 3570 797 Ita

1983 833 2102 875 esse
2125 835 2328 875 sanam.
2353 821 2616 892 Numquid
2637 828 2873 882 ἀντίθετον
2901 829 3025 884 boni
3053 845 3239 886 sanum
3265 833 3388 887 est?
3412 830 3571 890 Certe

1983 925 2101 967 cum
2132 911 2360 968 dicimus
2390 913 2586 970 bonum
2607 958 2621 982 ,
2660 919 2791 974 nihil
2832 931 3016 975 contra
3050 921 3151 978 hoc
3177 924 3390 993 proprie
3414 925 3565 994 poni-

1982 1017 2102 1056 mus
2132 1004 2231 1058 uisi
2269 1005 2465 1060 malum
2491 1023 2505 1060 :
2539 1007 2584 1062 si
2606 1017 2780 1064 autem
2810 1026 2967 1065 causa
2998 1014 3167 1082 poscit
3192 1023 3249 1068 ut
3276 1029 3461 1070 sanum
3488 1015 3569 1070 di-

1981 1108 2196 1163 camus,
2228 1111 2297 1150 ex
2326 1097 2552 1153 adverso
2579 1099 2751 1156 debile
2775 1103 2855 1157 vel
2887 1119 3086 1173 aegrqu
3124 1106 3362 1161 locamus
3393 1124 3409 1174 ;
3440 1115 3498 1162 ut
3521 1107 3569 1164 si

1980 1203 2166 1243 sanum
2197 1197 2280 1243 est
2302 1231 2318 1257 ,
2343 1204 2450 1244 non
2490 1192 2672 1261 utique
2702 1193 2878 1249 debile
2908 1211 2922 1260 ;
2951 1196 2994 1249 si
3020 1195 3214 1264 debile,
3247 1213 3434 1253 sanum
3460 1215 3566 1255 nou

1981 1293 2102 1335 esse
2127 1279 2337 1336 dicatur
2363 1299 2378 1336 :
2415 1297 2535 1336 cum
2565 1273 2743 1340 autem
2778 1285 3004 1342 dicimus
3027 1331 3040 1354 ,
3075 1288 3276 1343 Bonum
3306 1301 3389 1346 est
3421 1291 3520 1346 hoc
3549 1309 3564 1357 ;

1978 1389 2008 1428 a
2037 1375 2304 1430 contrario
2336 1375 2450 1447 ejus
2476 1418 2491 1443 ,
2520 1392 2627 1432 non
2656 1379 2770 1432 sani
2803 1395 3026 1446 nomen,
3063 1381 3156 1436 sed
3186 1382 3312 1436 mali
3337 1384 3568 1438 vocabu-

1979 1467 2090 1522 lum
2121 1469 2380 1525 sistimus.
2414 1470 2531 1526 Tibi
2571 1487 2698 1543 ergo
2728 1473 3007 1528 dicendum
3049 1473 3180 1542 fuit,
3212 1477 3334 1546 quia
3373 1475 3564 1530 delini-

1976 1575 2157 1615 remus
2197 1577 2293 1617 nos
2332 1562 2526 1618 bonam
2563 1579 2592 1617 a
2625 1564 2734 1620 Deo
2773 1565 3040 1620 conditam
3087 1578 3328 1622 naturam
3375 1566 3566 1622 homi-

1978 1667 2104 1706 num
2125 1693 2139 1718 ,
2162 1653 2256 1708 sed
2284 1653 2354 1708 ita
2380 1669 2498 1710 esse
2525 1655 2578 1711 in
2607 1657 2842 1727 parvulis
2866 1657 3059 1713 bonam
3085 1701 3100 1726 ,
3133 1668 3193 1714 ut
3216 1659 3564 1716 institutionis

1978 1759 2087 1799 sua:
2122 1745 2323 1802 nullum
2363 1757 2626 1819 quaereret
2659 1751 3060 1808 emendatorem
3091 1771 3104 1807 :
3133 1762 3223 1806 aut
3261 1753 3306 1808 si
3346 1768 3404 1808 ea
3447 1768 3566 1823 quae

1976 1836 2116 1893 bona
2157 1849 2311 1893 erant
2332 1881 2346 1904 ,
2384 1841 2559 1894 alieno
2590 1842 2878 1908 vocabulo,
2912 1844 2965 1898 id
2995 1853 3079 1900 est
3101 1884 3114 1908 ,
3145 1844 3388 1899 sanitatis
3425 1843 3564 1898 indi-

1947 1997 1958 2016 Ι,
1976 1943 2098 1983 care
2136 1919 2373 1986 nialebas
2404 1948 2418 1997 ;
2452 1933 2768 1988 consonanti
2814 1943 2980 1989 totum
3021 1935 3323 1990 elocutione
3359 1936 3566 2005 signas-

1975 2036 2082 2078 ses.
2129 2023 2280 2077 Nunc
2322 2033 2496 2079 autem
2527 2026 2680 2096 quasi
2722 2029 2997 2082 murenula
3030 2029 3168 2083 inter
3195 2027 3563 2082 deﬁnitionum

1975 2127 2101 2170 saxa
2127 2116 2440 2185 prolaberis.
2465 2114 2597 2172 Cum
2625 2119 2766 2174 enim
2795 2129 2846 2175 te
2881 2120 3076 2176 veritas
3101 2121 3478 2190 compulisset,
3507 2128 3566 2176 ut

1975 2223 2074 2262 nos
2099 2210 2432 2264 conﬁtereris
2475 2210 2667 2265 bonam
2715 2211 2990 2268 hominum
3029 2213 3206 2268 dicere
3249 2221 3490 2268 naturam
3532 2228 3564 2268 a

1919 2317 1924 2320 '
1974 2301 2087 2356 Deo
2120 2301 2260 2357 bono
2295 2298 2564 2358 conditam
2595 2346 2608 2370 ,
2641 2314 2801 2374 atque
2843 2305 2896 2360 in
2929 2321 2992 2360 ea
3019 2317 3170 2375 parte
3197 2307 3476 2361 sententiae
3505 2312 3567 2360 ut

1935 2441 1938 2448 .
1972 2393 2194 2448 multam
2241 2396 2534 2464 rationem,
2574 2397 2646 2452 ita
2685 2396 2938 2454 invidiam
2980 2399 3179 2454 nullam
3211 2399 3419 2455 videres
3449 2416 3463 2462 ;
3498 2397 3562 2453 ad

1973 2487 2076 2541 alia
2102 2488 2354 2543 continuo
2381 2489 2544 2544 verba
2569 2491 2840 2560 migrasti,
2871 2491 3158 2561 subjiciens
3179 2530 3192 2556 ,
3224 2490 3318 2546 sed
3355 2491 3426 2546 ita
3466 2504 3564 2545 nos

1973 2593 2090 2634 eam
2124 2594 2305 2634 sanam
2348 2579 2633 2636 defendere
2662 2622 2678 2648 ,
2711 2591 2768 2635 ut
2794 2581 3112 2637 medicinam
3137 2579 3335 2635 Christi
3373 2580 3422 2636 ei
3461 2595 3562 2636 ne-

1971 2671 2258 2726 cessariam
2289 2687 2394 2726 non
2423 2687 2542 2727 esse
2575 2672 2876 2728 credamus.
2908 2671 3060 2740 Quod
3091 2673 3135 2727 si
3178 2681 3346 2728 totum
3387 2680 3440 2727 tu
3469 2687 3564 2742 per

1972 2761 2288 2831 imperitiam
2319 2764 2568 2830 incurris,
2597 2765 2949 2822 bardissimus
2971 2767 2987 2798 ¹
3011 2782 3027 2833 ;
3054 2765 3135 2822 sin
3162 2773 3342 2822 autem
3366 2765 3420 2821 id
3443 2775 3564 2823 astu

1969 2852 2131 2919 facis,
2163 2855 2481 2911 vaferrimus
2509 2857 2783 2915 inveniris.

2041 2949 2178 3004 Anc.
2218 2949 2442 3017 Quando
2473 2951 2571 3006 ista
2599 2951 2805 3008 diceres
2826 2995 2841 3021 ,
2885 2954 2987 3009 nisi
3017 2968 3122 3008 non
3153 2953 3398 3010 habendo
3421 2954 3594 3026 quod‘

1968 3037 2175 3094 diceres
2200 3041 2224 3094 ?
2253 3040 2368 3095 Non
2397 3043 2539 3096 enim
2570 3043 2852 3098 debuimus
2872 3086 2886 3110 ,
2918 3053 2976 3098 ut
3008 3053 3161 3114 putas
3183 3087 3199 3112 ,
3241 3045 3314 3099 ita
3341 3059 3523 3099 sanam
3544 3085 3560 3110 ,

1966 3145 2122 3201 quam
2145 3130 2374 3186 diximus
2397 3131 2589 3186 bonam
2610 3175 2626 3200 ,
2656 3149 2723 3189 ne
2756 3134 2857 3189 sibi
2885 3150 2990 3189 non
3018 3150 3143 3189 vera
3170 3143 3565 3206 opponerentur

1966 3221 2223 3278 antitheta
2255 3241 2270 3278 :
2297 3223 2436 3294 quod
2464 3225 2724 3294 imperitia
2754 3235 2950 3296 quanta
2988 3226 3168 3294 dicas,
3197 3227 3242 3282 si
3283 3227 3565 3284 ostendere

1966 3314 2124 3368 velim
2149 3355 2163 3378 ,
2188 3305 2348 3371 rebus
2377 3332 2480 3370 non
2503 3318 2819 3374 necessariis
2843 3359 2858 3384 ,
2899 3318 2973 3372 tui
2999 3318 3190 3375 similis
3215 3319 3562 3376 immorabor.

1967 3406 2042 3460 De
2072 3406 2248 3462 medio
2288 3408 2419 3463 tolle
2454 3408 2720 3478 superﬂua
2745 3450 2760 3477 ,
2802 3418 2858 3464 et
2896 3410 3146 3477 omnino,
3189 3411 3398 3466 etiamsi
3441 3425 3565 3467 vera

1967 3508 2168 3565 essent,
2200 3498 2292 3553 tibi
2321 3499 2541 3555 minime
2576 3499 2853 3569 profutura
2881 3517 2895 3566 ;
2929 3509 2984 3556 et
3013 3500 3119 3566 dic,
3149 3500 3194 3556 si
3235 3509 3404 3571 potes,
3434 3517 3566 3572 quo-

1968 3589 2130 3645 modo
2158 3589 2424 3645 medicum
2454 3590 2722 3646 Christum
2767 3591 3005 3662 parvulis
3031 3606 3138 3646 non
3165 3593 3369 3663 negetis
3400 3609 3413 3646 :
3441 3607 3566 3649 cum

1968 3683 2114 3738 enim
2139 3685 2366 3753 cteperis
2388 3684 2567 3739 dicere
2590 3726 2605 3751 ,
2635 3684 2705 3738 ibi
2737 3685 3015 3754 apparebit
3040 3699 3206 3755 quare
3232 3685 3331 3740 ista
3361 3701 3496 3742 vana
3517 3688 3563 3756 ³,

1969 3783 2024 3831 et
2048 3774 2115 3829 ad
2152 3791 2266 3830 rem
2297 3791 2416 3846 qua:
2444 3777 2618 3846 agitur
2636 3818 2651 3844 ,
2676 3791 2780 3830 non
2819 3775 3138 3844 pertinentia
3158 3817 3173 3840 ,
3200 3784 3378 3832 tamen
3397 3777 3565 3834 inter-

1970 3868 2216 3940 ponenda
2245 3869 2535 3939 putaveris.

2039 3958 2268 4016 CXLVI.
2308 3961 2424 4018 Jun.
2456 3961 2596 4018 Ecce
2621 3961 2762 4016 enim
2787 3960 3022 4017 breviter
3046 3961 3350 4033 respondeo
3379 3979 3392 4016 :
3423 3961 3563 4019 adeo

1973 4070 2070 4111 nos
2093 4055 2286 4111 Christi
2318 4054 2636 4110 medicinam
2663 4055 2896 4126 parvulis
2914 4096 2929 4121 ,
2965 4069 3099 4126 quos
3126 4055 3442 4111 innocentes
3465 4070 3566 4110 no-

1971 4148 2176 4215 vimus,
2225 4163 2333 4202 non
2375 4162 2603 4219 negare,
2653 4155 2709 4202 ut
2732 4147 2852 4201 illos
2890 4147 3228 4218 potissimum
3269 4147 3567 4216 copiosiore

1973 4255 2036 4296 ea
2077 4239 2314 4310 indigere
2339 4238 2626 4294 fateamur.
2664 4238 2965 4294 Nascuntur
2997 4239 3139 4294 enim
3170 4238 3342 4308 exigui
3377 4280 3391 4305 ,
3420 4237 3570 4294 debi-

1975 4334 2051 4389 les
2083 4351 2097 4399 ;
2140 4333 2226 4404 qui
2259 4348 2363 4387 non
2405 4333 2574 4386 solum
2615 4331 2684 4386 ali
2730 4332 2946 4402 proprio
2983 4331 3164 4386 labore
3193 4346 3296 4387 non
3327 4331 3565 4400 possint,

1974 4440 2158 4480 verum
2209 4438 2308 4479 nec
2356 4422 2642 4492 implorare
2679 4413 2875 4493 queant
2919 4436 3075 4492 opem
3115 4431 3437 4492 parentum;
3477 4421 3567 4491 qui

1977 4527 2081 4570 tam
2134 4515 2310 4570 multis
2354 4515 2565 4570 casibus
2608 4514 2822 4568 obnoxii
2869 4521 3030 4580 sunt,
3074 4523 3131 4567 ut
3171 4513 3250 4568 eis
3287 4515 3448 4570 etiam
3489 4513 3570 4568 lac

1974 4607 2190 4662 densius
2215 4648 2229 4672 ,
2262 4615 2315 4661 et
2359 4605 2662 4660 laetantium
2702 4605 3015 4674 plerumque
3041 4619 3259 4660 somnus
3287 4605 3449 4658 exitio
3479 4605 3567 4658 sit.

2047 4700 2181 4755 Anc.
2247 4698 2385 4752 Ecce
2413 4713 2578 4768 quare
2605 4697 2878 4752 memoriae
2907 4695 3120 4751 lectoris
3141 4737 3155 4762 ,
3183 4695 3571 4766 interponendo

1975 4805 2064 4844 res
2112 4781 2446 4858 superﬂuas,
2497 4789 2794 4857 obstrepas.
2845 4786 3106 4843 Medicum
3149 4787 3416 4843 Christum
3467 4804 3573 4842 non

1977 4884 2183 4954 negatis
2213 4881 2446 4954 parvulis
2475 4882 2833 4936 necessarium
2870 4890 3088 4951 propter
3117 4881 3254 4936 mala
3297 4881 3536 4951 corporis
3555 4923 3570 4948 ,

1976 4976 2127 5046 cujus
2157 4975 2520 5029 imbecillitate
2551 4972 2804 5028 vitiantur
2839 4973 3052 5028 invalidi
3083 4973 3104 5005 ³
3123 5014 3138 5041 ,
3162 4973 3246 5030 vel
3275 4981 3572 5040 necantur;

1975 5075 2030 5124 et
2069 5068 2276 5139 negatis
2313 5067 2390 5122 eis
2420 5065 2779 5121 necessarium
2813 5065 3073 5120 medicum
3103 5064 3373 5120 Christum
3403 5107 3418 5132 ,
3450 5079 3576 5136 pro-

1978 5172 2095 5232 pter
2138 5160 2276 5231 quod
2307 5161 2406 5215 sub
2446 5159 2637 5215 diaboli
2669 5168 2933 5231 potestate
2970 5168 3128 5227 sunt,
3166 5159 3307 5216 unde
3346 5168 3404 5216 ut
3439 5159 3573 5214 libe-

1977 5263 2162 5311 rentur
2201 5253 2502 5325 baptizandi
2532 5253 2887 5308 exsufﬂatttur
2919 5272 2932 5308 :
2975 5262 3033 5308 ut
3056 5254 3158 5309 hoc
3186 5253 3278 5309 tibi
3307 5253 3576 5323 objectum

1978 5367 2084 5407 non
2110 5352 2416 5423 intelligaris
2435 5352 2503 5406 ob
2519 5351 2657 5406 aliud
2683 5353 3019 5422 proposuisse
3038 5353 3185 5424 quasi
3207 5351 3573 5419 refellendum,

1979 5445 2078 5500 nisi
2101 5461 2168 5499 ne
2192 5444 2295 5499 hoc
2321 5444 2560 5500 timuisse
2580 5443 3088 5514 deprehendereris:
3121 5445 3241 5500 ideo
3265 5454 3440 5502 autem
3469 5459 3575 5501 non

1980 5547 2216 5594 tentasse
2254 5536 2534 5605 refellere,
2584 5537 2832 5607 quoniam
2877 5538 2944 5594 de
2988 5538 3332 5605 ﬁrmissimo,
3364 5547 3417 5593 et
3457 5548 3575 5594 tan-

1981 5645 2139 5702 quam
2161 5628 2500 5683 adamantina
2530 5628 2875 5684 fundamento
2895 5671 2910 5697 ,
2941 5629 2994 5684 in
3021 5639 3075 5685 te
3104 5631 3280 5700 potius
3304 5631 3578 5702 perimen-

2043 5746 2062 5777 ί
2086 5743 2224 5802 Editi,
2249 5739 2636 5806 barbarissimos.
2654 5749 2710 5792 At
2728 5749 2856 5806 Itss.,
2875 5740 3205 5797 bardistitmu.

2043 5806 2293 5918 mihi:
2315 5809 2368 5916 l‘a
2387 5809 2551 5927 ilia:
2568 5801 2745 5916 “vita.
