4062 6524
525 337 653 390 45η

524 465 736 507 norum.
770 449 824 506 Si
850 455 1028 505 autem
1057 445 1184 501 hinc
1206 441 1520 500 erubescitis
1537 442 1735 510 (neque
1751 437 1894 492 enim
1921 447 2107 489 revera

524 544 746 615 pudoris
774 543 936 598 ullum
965 538 1256 610 putandum
1286 535 1447 590 estin
1476 532 1627 586 vobis
1657 528 1983 584 remansisse
2010 539 2109 580 ve-

525 637 758 706 stigium,
787 636 834 690 si
861 648 964 688 non
995 631 1120 686 hinc
1147 622 1506 698 erubescitis),
1540 635 1872 693 perversam,
1904 631 2108 688 quaeso,

525 726 742 782 tandem
787 733 989 779 mutate
1018 721 1359 784 sententiam,
1412 726 1466 774 et
1494 716 1781 771 humanam
1826 711 2030 768 credite
2058 710 2113 765 in

527 816 622 871 has
643 814 885 870 miserias
906 820 1124 882 peccato
1143 810 1234 866 illo
1260 822 1452 879 magno
1481 812 1737 860 mutatam
1762 802 1926 858 fuisse
1955 808 2114 855 natu-

525 925 672 975 ram;
701 922 872 979 neque
892 905 1002 961 ullo
1029 903 1191 968 modo
1217 904 1318 958 ista
1345 901 1398 956 in
1424 897 1672 972 paradiso
1687 911 1808 952 esse
1832 894 2068 966 potuisse
2093 909 2108 947 :

528 1011 808 1075 propterea
849 1000 974 1056 inde
1012 999 1187 1054 exisse
1230 997 1368 1062 illos,
1403 1009 1628 1066 quorum
1673 992 1834 1047 etiam
1875 1002 2111 1061 propago

527 1095 684 1165 digna
709 1101 825 1150 erat
851 1093 975 1146 talia
1001 1091 1289 1156 sustinere,
1316 1095 1624 1143 transeunte
1662 1085 1718 1140 in
1766 1098 1954 1140 omnes
1983 1097 2114 1138 eon-

524 1187 735 1256 tagione
769 1183 972 1255 peccati
1002 1197 1123 1238 cum
1154 1181 1460 1237 conditione
1487 1179 1752 1252 supplicii.
1786 1179 1896 1232 lloc
1920 1176 2111 1246 dogma

525 1277 844 1333 catholicum
867 1285 923 1332 et
946 1276 1208 1345 justitiam
1240 1275 1331 1330 Dei
1359 1273 1616 1338 defendit,
1635 1273 1758 1344 quia
1789 1287 1895 1325 non
1924 1270 2112 1324 imme-

525 1369 631 1423 rito
655 1369 815 1424 vitam
846 1367 1149 1422 mortalium
1179 1366 1433 1420 voluisset
1462 1379 1580 1420 esse
1608 1363 1899 1434 poenalem;
1933 1369 1986 1415 et
2013 1374 2112 1415 vos

525 1460 951 1532 Manichaeosque
989 1461 1252 1516 subvertit
1277 1479 1290 1516 :
1311 1474 1406 1514 vos
1429 1457 1808 1529 quidemhquia
1837 1455 1990 1510 malis
2029 1463 2112 1508 ta-

533 1553 671 1609 libus
698 1553 1004 1608 horribilem
1031 1552 1276 1622 paradiso
1303 1550 1533 1606 tribuitis
1568 1549 1960 1614 infelicitatem;
1997 1547 2112 1602 Ma-

527 1645 761 1700 nichaeos
799 1651 998 1710 autem,
1031 1644 1152 1713 quia
1190 1642 1342 1696 malis
1380 1641 1575 1696 talibus
1612 1647 1854 1694 naturam
1895 1639 1988 1694 Dei
2029 1639 2112 1694 sui

527 1738 614 1808 (ac
644 1751 738 1807 per
763 1737 864 1792 hoc
889 1736 1016 1806 quid
1049 1734 1190 1790 aliud
1221 1750 1378 1806 quam
1417 1734 1586 1789 Deum
1615 1733 1840 1804 suum?)
1868 1741 2115 1789 asserunt

527 1829 810 1886 infelicem.
852 1829 1081 1885 Proinde
1105 1844 1192 1884 me
1213 1843 1428 1884 movere
1454 1844 1558 1882 non
1594 1825 1773 1894 debet,
1797 1825 1937 1896 quod
1982 1825 2112 1880 mihi

459 1987 466 1994 1
526 1923 834 1994 magistrum
870 1921 1242 1988 Manichmum,
1265 1922 1353 1991 qui
1387 1919 1569 1976 ferulis
1608 1921 1661 1974 in
1689 1934 1872 1974 meum
1903 1918 2111 1973 tardum

525 2018 798 2088 ingenium
818 2017 1224 2080 animadvertat,
1252 2013 1476 2085 opponis
1509 2033 1522 2068 :
1554 2013 1646 2068 sed
1675 2021 1727 2068 te
1747 2013 1974 2068 obsecro
1999 2025 2116 2066 mo-

526 2119 666 2178 veat,
695 2110 832 2180 quod
859 2109 1152 2166 secundum
1180 2109 1380 2163 erroris
1399 2108 1562 2163 vestri
1589 2107 1861 2162 infandum
1886 2107 2114 2162 horren-

524 2202 756 2273 dumque
776 2209 1100 2272 portentum,
1127 2199 1386 2256 erudieris
1405 2199 1612 2264 ferulis,
1642 2198 1849 2254 etiamsi
1877 2199 1929 2252 in
1961 2212 2115 2268 para-

525 2294 624 2350 disi
655 2294 862 2364 p0pulis
891 2293 1210 2350 nascereris.
1241 2292 1412 2362 Quam
1439 2291 1886 2347 deformissimam
1925 2290 2113 2345 absur-

523 2385 742 2442 ditatem
763 2427 778 2451 ,
809 2386 854 2440 si
900 2385 1176 2440 nobiscum
1220 2383 1561 2448 horrescitis,
1592 2389 1649 2436 ut
1685 2382 1926 2448 debetis;
1974 2381 2115 2440 unde

525 2486 628 2544 est,
657 2487 787 2548 rogo
812 2491 927 2544 vos,
954 2478 1113 2534 etiam
1142 2476 1242 2540 ista
1269 2489 1558 2546 puerorum
1583 2474 1800 2529 miseria
1829 2474 1972 2545 (quae
1995 2489 2114 2546 pro-

524 2569 608 2624 cul
634 2569 798 2624 dubio
819 2584 926 2624 non
948 2577 1031 2625 est
1054 2584 1122 2624 ex
1149 2576 1338 2622 natura
1363 2567 1508 2633 mali,
1534 2581 1692 2637 quam
1715 2567 1984 2636 desipiunt
2005 2566 2115 2622 Ma-

524 2663 764 2735 nichtei),
797 2663 897 2718 nisi
925 2663 1049 2734 quia
1073 2662 1164 2717 illo
1192 2670 1410 2732 peccato
1433 2675 1628 2731 magno
1657 2668 1714 2715 et
1737 2659 1891 2716 nobis
1916 2660 2117 2715 inaesti—

526 2756 705 2810 mabili
735 2755 812 2810 sic
830 2755 1014 2810 vitiata
1047 2764 1129 2810 est
1159 2755 1390 2809 humana
1419 2760 1626 2819 natura,
1653 2760 1708 2808 et
1739 2753 1907 2823 poenis
1924 2751 2114 2822 justis-

525 2848 674 2903 simis
711 2847 1000 2918 implicata,
1030 2855 1089 2902 ut
1123 2861 1191 2902 ex
1231 2861 1292 2900 ea
1332 2861 1438 2901 non
1484 2844 1656 2900 solum
1699 2843 2114 2914 corruptibilitas

524 2955 806 3012 corporum
829 2949 906 2995 tot
919 2938 1234 2995 aerumnosis
1257 2939 1470 2993 casibus
1499 2937 1726 3004 subdita,
1745 2952 1932 2992 verum
1954 2936 2114 2990 etiam

526 3032 745 3087 tarditas
783 3031 1119 3102 ingeniorum
1155 3031 1384 3085 obnoxia
1414 3029 1598 3086 ferulis
1619 3028 1848 3098 aliisque
1871 3026 2114 3082 verberi-

523 3125 622 3178 bus
650 3125 908 3189 oriretur;
950 3132 1112 3193 atque
1157 3124 1224 3176 ita
1266 3121 1368 3176 hoc
1405 3122 1693 3191 malignum
1731 3120 1983 3175 saeculum
2019 3135 2116 3190 per

524 3213 694 3268 malos
741 3212 856 3268 dies
909 3228 1077 3283 usque
1120 3212 1186 3266 ad
1239 3212 1521 3267 terminum
1569 3227 1724 3266 suum
1769 3219 2028 3280 curreret,
2057 3219 2118 3268 ut

525 3305 684 3358 etiam
713 3305 880 3359 sancti
906 3305 974 3358 ab
1003 3311 1206 3359 aeterno
1239 3303 1500 3374 supplicio
1524 3305 1660 3359 eruti
1681 3307 1698 3337 ι
1745 3320 1842 3375 per
1875 3305 2111 3360 divinam

525 3396 928 3467 indulgentiam,
955 3395 1177 3468 pignore
1203 3396 1624 3466 incorruptibilis
1649 3396 1836 3452 salutis
1865 3407 2109 3468 accepto,

525 3503 712 3560 poenas
751 3497 926 3544 tamen
959 3489 1080 3544 vitae
1115 3487 1272 3559 hujus
1299 3488 1352 3543 in
1379 3488 1520 3544 bono
1545 3503 1644 3544 usu
1674 3505 1856 3546 earum
1885 3491 2114 3546 tolerare

520 3581 870 3652 juberentur,
918 3595 1038 3636 cum
1085 3571 1335 3638 mercede
1381 3581 1683 3652 patientia},
1731 3582 1909 3652 potius
1951 3597 2111 3654 quam

524 3674 626 3729 illis
663 3682 999 3731 mererentur
1031 3673 1192 3730 etiam
1225 3683 1348 3746 post
1374 3675 1745 3730 remissionem
1771 3679 2110 3746 peccatorum

521 3784 707 3826 carere
721 3771 745 3821 ‘l
1837 3821 1840 3824 .

589 3862 742 3920 CLV.
768 3862 889 3920 Jun.
917 3865 987 3919 At
1008 3871 1062 3918 tu
1084 3871 1268 3919 contra
1291 3863 1393 3920 hoc
1417 3863 1660 3920 ultimum
1679 3871 1820 3919 totus
1845 3863 2108 3935 insurgis;

521 3963 577 4012 et
603 3971 726 4012 cum
769 3957 822 4012 in
853 3971 1014 4012 unam
1055 3971 1243 4012 navem
1288 3971 1412 4013 cum
1457 3955 1748 4012 Manichaeo
1781 3956 2108 4025 ascenderis,

521 4065 751 4122 cumque
811 4050 950 4106 idem
1001 4049 1221 4124 spiritus
1271 4065 1488 4106 cursum
1541 4059 1773 4105 vestrum
1828 4049 2106 4116 direxerit,

521 4146 835 4201 transmisso
881 4146 992 4215 jam
1049 4145 1208 4210 freto,
1259 4147 1452 4215 putasti
1503 4145 1596 4201 tibi
1641 4153 1816 4201 tamen
1861 4145 1914 4200 in
1965 4145 2111 4200 littus

521 4236 663 4292 aliud
692 4236 1020 4292 exeundum.
1047 4238 1244 4292 Verum
1271 4237 1408 4294 forte
1431 4237 1629 4292 dilectu
1660 4238 1902 4292 utilitatis
1927 4237 2110 4308 proxi-

520 4345 624 4387 ma:
663 4330 990 4386 tolerabilior
1031 4329 1122 4384 fiat
1171 4331 1293 4386 licet
1331 4331 1478 4386 tarda
1523 4333 1808 4388 cunctatio.
1854 4331 1906 4386 In
1950 4346 2109 4403 quem

521 4424 679 4494 igitur
729 4433 940 4493 portum
987 4422 1252 4492 navigium
1301 4423 1524 4494 dirigis?
1575 4441 1596 4476 ι
1633 4424 1793 4491 Dico,
1830 4443 1848 4476 ι
1907 4423 2106 4494 inquis,

526 4536 546 4569 ι
583 4518 778 4572 bonum
809 4516 1022 4588 quidem
1062 4516 1230 4572 Deum
1257 4530 1406 4584 esse,
1439 4516 1686 4572 eumdem
1719 4525 1894 4572 tamen
1922 4515 2107 4570 condi-

523 4618 692 4664 torem
747 4608 1030 4663 malorum.
1085 4626 1105 4660 ι
1160 4607 1205 4663 Ο
1263 4607 1484 4678 periculi
1531 4609 1704 4679 fugam
1753 4607 1804 4662 in
1857 4605 2108 4678 scOpulos

520 4711 722 4768 actam,
755 4711 921 4756 totam
963 4701 1238 4757 Manichmi
1269 4702 1528 4757 sentinam
1571 4717 1732 4773 super
1769 4715 1892 4758 eum
1933 4700 2106 4756 effun-

521 4795 649 4852 dere
675 4793 922 4859 voluisse,
953 4809 1110 4864 quem
1141 4794 1304 4848 Deum
1337 4794 1575 4864 putaris!

592 4889 726 4942 Auc.
767 4885 1033 4957 Numquid
1061 4894 1113 4939 tu
1144 4901 1324 4955 negas,
1358 4887 1515 4940 etiam
1550 4885 1600 4940 in
1626 4885 1778 4940 malis
1801 4883 2107 4939 hominibus

522 4983 714 5036 bonam
741 4995 862 5036 esse
887 4989 1127 5035 naturam
1158 4989 1211 5034 et
1232 4979 1392 5034 animi
1413 4991 1467 5034 et
1488 4978 1764 5050 corporis?
1792 4977 1957 5046 Hujus
1981 4976 2107 5032 boni

522 5085 602 5131 est
627 5074 872 5130 conditor
909 5074 1081 5141 Deus;
1124 5073 1263 5145 quod
1298 5073 1620 5129 Manichacus
1646 5071 1844 5127 malum
1876 5071 2023 5138 dicit,
2053 5079 2109 5127 et

524 5168 646 5222 huic
673 5168 814 5222 bono
842 5166 981 5238 quod
1015 5167 1208 5222 malum
1239 5165 1621 5232 dicit,.malum
1655 5163 1891 5234 assignat
1919 5172 2106 5219 aucto-

522 5279 656 5318 rem.
699 5262 812 5317 Non
865 5263 1004 5318 enim
1056 5262 1076 5292 '
1120 5259 1310 5316 saltem
1356 5260 1544 5314 animae
1589 5259 1755 5329 parcit
1787 5276 1800 5312 :
1832 5256 1928 5314 sed
1970 5257 2106 5313 sicut

520 5371 669 5410 suam
697 5354 978 5426 quamdam
1018 5351 1150 5408 dicit
1183 5367 1301 5408 esse
1328 5353 1558 5406 animam
1583 5350 1780 5416 carnis,
1807 5351 1879 5405 ita
1909 5351 2104 5405 malam

523 5459 763 5503 naturam
793 5449 900 5504 Deo
931 5445 1072 5501 bono
1101 5443 1422 5502 cozrter'nam
1441 5484 1457 5512 ,
1487 5451 1540 5498 ut
1577 5443 1714 5499 bona
1741 5444 1959 5499 omnino
1985 5459 2106 5500 esse

523 5561 628 5600 non
661 5545 860 5616 possit;
907 5541 1132 5598 alteram
1177 5554 1303 5596 vero
1341 5541 1570 5594 animam
1613 5538 1806 5594 bonam
1835 5538 1886 5593 in
1915 5539 2104 5594 eodem

585 5705 602 5736 ι
637 5705 795 5766 vign.,
820 5698 880 5766 ab
901 5703 1082 5751 (eterna
1104 5696 1340 5763 supplicio
1362 5709 1448 5762 per
1465 5695 1710 5760 divinant;
1729 5697 1923 5759 eruisse,
1949 5693 2074 5749 erud
2087 5709 2109 5760 ;

523 5765 649 5829 quod
674 5764 946 5814 restituitur
971 5775 1034 5813 ex
1059 5769 1163 5811 Mss.

587 5829 608 5858 '
635 5828 710 5876 sic
727 5833 835 5876 κεε.
859 5831 914 5874 Αι
937 5822 1075 5880 editi.
1095 5819 1292 5874 ηακὲηὲ.

1159 323 1404 386 OPERIS
1442 315 1856 382 IMPERFECTI
1891 312 2166 374 CONTRA
2202 311 2563 384 JULIANUM,
2604 315 2663 372 S.
2700 313 3066 374 AUGUSTINI

3675 325 3804 384 15η

2221 427 2459 495 homine,
2489 443 2596 486 non
2615 445 2646 486 a
2673 431 2784 487 Deo
2814 431 3030 502 factam,
3053 431 3148 489 sed
3173 432 3514 492 substantiam
3525 435 3632 492 Dei
3651 447 3804 510 atque

2220 535 2481 592 naturam,
2511 524 2564 580 in
2587 523 2746 596 hujus
2783 526 3178 582 commixtionis
3209 528 3471 597 miserias,
3513 531 3670 586 nulla
3717 549 3804 592 sua

2221 616 2518 688 iniquitate,
2565 617 2660 674 sed
2687 619 2782 674 Dei
2811 620 2950 675 mala
2984 621 3301 678 necessitate
3337 633 3676 681 contrusam.
3702 628 3807 688 Hoc

2220 719 2398 766 autem
2427 719 2596 766 totum
2621 711 2892 782 opificium
2918 713 3060 784 quod
3099 721 3184 770 est
3214 713 3396 782 homo,
3439 725 3496 773 et
3525 720 3738 776 malum
3759 733 3809 780 et

2221 805 2344 860 mali
2376 821 2498 862 esse
2544 806 2674 862 dicit
2715 808 2966 862 auctoris.
3007 805 3241 866 Videsne
3271 825 3430 882 quam
3473 811 3696 868 diversa
3731 817 3810 874 ille

2220 898 2411 969 sapiat,
2441 910 2495 954 et
2523 899 2596 954 ob
2623 900 2724 956 hoc
2749 900 3087 958 insanissime
3109 903 3418 974 nefarieque
3443 907 3717 977 desipiat?
3738 909 3808 966 Tu

2220 999 2396 1045 autem
2429 991 2516 1060 qui
2561 1001 2843 1064 propterea
2883 993 3050 1048 malos
3097 996 3242 1050 nasci
3284 1011 3442 1068 posse
3481 1014 3592 1054 non
3639 1012 3808 1071 putas,

2220 1081 2341 1152 quia
2371 1082 2508 1137 Deus
2547 1082 2718 1139 bonus
2755 1100 2848 1140 eos
2873 1095 3019 1140 creat
3047 1101 3064 1153 ;
3095 1088 3378 1156 contende,
3410 1089 3456 1144 si
3487 1101 3674 1160 potes,
3721 1109 3808 1152 nec

2219 1188 2441 1244 corpora
2463 1175 2608 1230 nasci
2639 1190 2795 1247 posse
2819 1178 3006 1234 vitiosa
3027 1219 3042 1244 ,
3075 1180 3196 1249 quia
3224 1187 3280 1234 et
3305 1180 3418 1249 ipsa
3439 1182 3588 1238 Deus
3617 1183 3810 1256 integer

2218 1273 2366 1320 creat
2397 1283 2410 1319 :
2441 1266 2703 1324 contende
2742 1277 3032 1339 postremo,
3077 1269 3218 1326 sicut
3261 1273 3451 1340 malos,
3491 1276 3626 1345 quia
3650 1277 3810 1336 bonus

2218 1371 2312 1412 eos
2339 1367 2518 1424 creat;
2559 1359 2630 1414 ita
2655 1375 2755 1416 nec
2784 1361 2965 1416 tardos
2990 1361 3222 1433 ingenio,
3251 1380 3350 1420 nec
3370 1365 3546 1422 fatuos
3569 1368 3808 1430 homines

2219 1451 2386 1516 nasci,
2427 1452 2549 1522 quia
2577 1453 2792 1523 sapiens
2823 1470 2916 1510 eos
2940 1445 3105 1511 erat.
3137 1458 3330 1512 Annon
3369 1471 3452 1516 est
3485 1463 3698 1518 malum
3738 1465 3808 1520 fa-

2221 1543 2401 1610 tuitas,
2429 1560 2551 1600 cum
2579 1545 2852 1620 Scriptura
2881 1547 3040 1616 dicat,
3069 1551 3565 1621 incomparabiliter
3589 1559 3810 1626 amplius

2219 1636 2420 1694 fatuum
2439 1638 2724 1709 lugendum
2741 1655 2860 1695 esse
2877 1657 3033 1712 quam
3051 1654 3316 1699 mortuum
3333 1644 3526 1715 (Eccli.
3543 1663 3690 1713 χιιι,
3709 1651 3810 1724 10)?

2220 1731 2368 1786 Sicut
2389 1746 2516 1802 ergo
2537 1732 2809 1788 nobiscum
2827 1749 2936 1790 non
2955 1735 3132 1792 dicitis
3153 1736 3322 1792 Deum
3345 1737 3620 1796 fatuitatis
3639 1749 3809 1798 aucto-

2219 1841 2332 1880 rem
2348 1867 2363 1892 ,
2391 1841 2510 1881 cum
2539 1834 2714 1882 tamen
2733 1828 2878 1882 nasci
2901 1826 3149 1884 homines
3173 1827 3348 1886 fatuos
3367 1831 3478 1887 Deo
3493 1843 3726 1890 creante
3745 1835 3810 1890 fa-

2223 1917 2436 1972 teamini
2466 1936 2478 1972 :
2505 1918 2583 1974 sic
2601 1933 2699 1974 nos
2717 1927 2988 1974 auctorem
3007 1920 3226 1978 malitia:
3243 1937 3350 1978 non
3369 1923 3612 1980 dicimus
3632 1926 3806 1998 Deum,

2220 2017 2274 2063 et
2303 2018 2478 2066 tamen
2501 2010 2772 2080 originalis
2793 2010 3115 2082 obligatione
3141 2015 3344 2084 peccati
3371 2016 3550 2070 malos
3573 2015 3809 2074 homines

2220 2101 2386 2168 nasci,
2421 2117 2526 2157 non
2557 2103 2658 2158 nisi
2687 2113 2906 2160 creante
2933 2105 3070 2175 ipso,
3101 2107 3222 2175 quia
3255 2121 3362 2163 non
3389 2118 3544 2164 creat
3576 2109 3809 2168 homines

2221 2193 2322 2249 nisi
2347 2196 2476 2262 ipse,
2508 2203 2650 2250 recte
2676 2210 2961 2267 possumus
2989 2197 3186 2254 dicere.

2288 2287 2466 2344 CLVI.
2506 2289 2627 2346 Jun.
2657 2291 2918 2348 Absolute
2941 2292 3100 2364 igitur
3121 2295 3306 2360 claret,
3333 2296 3654 2366 opinionem
3685 2298 3806 2356 illius

2219 2381 2612 2451 consequentia:
2641 2383 2760 2453 plus
2791 2382 3029 2440 habere:
3057 2384 3104 2441 si
3129 2385 3328 2440 malum
3359 2387 3566 2458 aliquid
3603 2398 3804 2444 natura.

2220 2473 2342 2530 liter
2364 2474 2702 2544 conderetur,
2719 2477 3051 2534 consimilem
3075 2479 3092 2510 ι
3123 2479 3204 2532 sui
3233 2479 3491 2535 indicaret
3517 2493 3804 2539 auctorem.

2292 2569 2426 2624 Auc.
2455 2566 2542 2622 Sic
2567 2569 2795 2639 sapiant,
2815 2570 2926 2640 qui,
2951 2569 3054 2624 nisi
3073 2569 3310 2626 haeretici
3331 2569 3658 2641 Pelagiani?
3683 2574 3806 2644 Ergo

2219 2660 2339 2731 quia
2369 2661 2607 2716 mortalis
2633 2662 2814 2727 homo,
2843 2660 3134 2716 secundum
3163 2671 3234 2728 te,
3257 2677 3363 2718 non
3392 2664 3705 2732 poenaliter,
3725 2664 3804 2720 sed

2220 2752 2533 2808 naturaliter
2561 2751 2827 2819 conditur,
2858 2753 3192 2808 consimilem
3213 2754 3293 2808 sui
3321 2755 3617 2811 mortalem
3641 2765 3803 2813 osten-

2220 2842 2298 2897 dit
2323 2854 2596 2900 auctorem
2631 2862 2644 2897 :
2674 2853 2729 2900 et
2763 2853 2820 2900 ut
2848 2845 3060 2900 fatuitas
3083 2852 3172 2900 tua
3209 2846 3398 2902 saltem
3428 2846 3597 2904 fatuis
3631 2849 3806 2906 erubco

2219 2946 2363 3002 scat;
2391 2938 2510 3007 quia
2533 2938 2708 2994 fatuus
2735 2937 2898 2994 homo
2923 2938 3238 2994 naturaliter
3257 2939 3530 3009 conditur,
3559 2943 3804 3000 consimi-

2219 3029 2324 3086 lem
2353 3029 2434 3084 sui
2463 3030 2696 3086 ostendit
2721 3029 2922 3086 fatuum
2950 3039 3248 3088 auctorem.

2292 3118 2492 3176 CLVII.
2540 3119 2661 3176 ιω..
2704 3120 3010 3177 Praescribit
3035 3131 3214 3178 autem
3245 3123 3461 3192 veritas,
3491 3125 3678 3196 primo
3702 3141 3800 3182 ma-

2220 3213 2352 3280 lum,
2385 3211 2439 3268 id
2465 3220 2550 3268 est
2577 3223 2876 3284 peccatum,
2905 3213 3008 3270 dici
3041 3230 3146 3270 non
3172 3230 3332 3286 posse
3359 3217 3504 3286 quod
3535 3218 3616 3272 ita
3650 3227 3724 3273 est
3755 3227 3804 3274 ut

2199 3307 2334 3388 ἀξίας
2365 3312 2552 3362 natura
2575 3306 2922 3374 compulerit;
2951 3315 3334 3378 peccatumque
3357 3308 3490 3362 nihil
3516 3324 3646 3365 esse
3672 3309 3800 3364 aliud

2219 3413 2378 3468 quam
2433 3397 2820 3454 exorbitantem
2861 3415 2892 3454 a
2925 3398 3060 3456 calle
3079 3399 3296 3470 justitize
3323 3401 3344 3432 ²
3369 3400 3594 3456 liberam
3631 3403 3802 3456 volun-

2221 3498 2405 3546 tatem.

2291 3584 2422 3641 Aus.
2449 3583 2554 3641 Sed
2581 3583 2684 3640 hoc
2711 3599 2922 3656 quoque
2945 3585 3204 3657 originale
3229 3592 3506 3656 peccatum
3529 3601 3597 3642 ex
3627 3585 3800 3642 volun-

2219 3685 2328 3735 tate
2367 3680 2640 3750 peccantis
2678 3679 2934 3751 originem
2965 3679 3145 3748 ducit;
3172 3686 3332 3752 atque
3365 3679 3441 3736 ita
3481 3679 3696 3736 nullum
3731 3689 3800 3736 est

2218 3771 2320 3826 nisi
2347 3772 2618 3827 voluntate
2642 3781 2942 3844 peccatum.

2289 3863 2512 3920 CLVIII.
2563 3865 2684 3922 JUL.
2744 3866 2946 3935 Quibus
3005 3866 3272 3938 prt'esidiis
3317 3867 3578 3924 innocens
3629 3883 3798 3924 rerum

2218 3958 2454 4012 omnium
2480 3967 2664 4013 natura
2695 3957 3030 4029 defenditur,
3059 3975 3178 4030 quae
3203 3961 3274 4014 ita
3307 3975 3554 4029 manens,
3586 3969 3652 4018 ut
3681 3977 3798 4016 con-

2217 4047 2325 4104 dita
2347 4057 2449 4117 est,
2477 4051 2610 4104 nulli
2639 4051 2846 4106 crimini
2867 4051 3125 4122 probatur
3145 4051 3394 4108 obnoxia.

2287 4141 2424 4198 Auc.
2471 4141 2590 4197 Non
2619 4151 2794 4198 autem
2836 4144 2906 4198 ita
2939 4145 3136 4200 mansit
3174 4153 3233 4200 ut
3269 4145 3481 4201 condita
3516 4155 3602 4202 est
3633 4166 3650 4203 :
3691 4149 3800 4204 ideo

2215 4233 2424 4289 crimini
2457 4235 2714 4304 probatur
2733 4235 2972 4292 obnoxia
2994 4278 3008 4304 ,
3037 4252 3297 4308 suamque
3319 4239 3542 4310 stirpem
3573 4255 3681 4296 suo
3705 4241 3798 4296 cri-

2214 4328 2341 4382 mini
2369 4335 2619 4400 tanquam
2640 4329 2974 4386 hazreditario
3003 4330 3130 4387 fecit
3155 4331 3438 4388 obnoxiam
3459 4350 3605 4404 :quae
3627 4344 3798 4390 tamen

2215 4423 2372 4477 etiam
2401 4424 2510 4494 ipsa
2543 4423 2594 4477 in
2623 4433 2880 4494 quantum
2909 4439 2939 4479 a
2969 4426 3080 4481 Deo
3103 4427 3367 4492 conditur,
3391 4429 3528 4482 bona
3557 4439 3664 4484 est.

2285 4513 2464 4570 CLIX.
2493 4515 2611 4571 Jun.
2638 4514 2832 4571 Malum
2861 4516 3018 4588 igitur
3045 4519 3284 4574 naturale
3309 4533 3430 4575 esse
3451 4534 3557 4574 non
3589 4527 3794 4590 potest:

2213 4622 2276 4662 ac
2297 4623 2390 4680 per
2419 4608 2521 4666 hoc
2548 4625 2647 4666 nec
2673 4625 2762 4666 rea
2793 4610 2900 4665 ulla
2926 4611 3239 4667 naturaliter
3260 4622 3529 4678 creatura,
3559 4629 3662 4669 nec
3689 4628 3795 4669 ma-

2213 4702 2297 4756 lus
2317 4711 2522 4758 auctor.
2547 4703 2739 4758 Malum
2763 4704 2960 4775 quippe
2981 4719 3088 4759 non
3117 4707 3383 4761 exstantis
3403 4707 3682 4762 invenitur
3708 4722 3796 4762 na-

2217 4803 2348 4849 tura:
2381 4813 2393 4849 :
2427 4795 2520 4850 sed
2563 4795 2702 4851 sicut
2735 4796 2909 4850 omnis
2945 4805 3209 4864 creatura,
3245 4798 3300 4852 in
3331 4807 3592 4869 quantum
3621 4799 3798 4855 condi-

2218 4893 2322 4948 tur,
2357 4882 2495 4938 bona
2523 4891 2635 4948 est;
2679 4883 2752 4937 ita
2791 4893 2845 4938 et
2904 4883 3046 4938 Deus
3076 4893 3382 4940 naturarum
3410 4895 3604 4942 auctor
3639 4886 3798 4942 bona-

2213 4993 2354 5042 rum,
2389 4977 2535 5032 nullo
2563 4976 2741 5048 operis
2781 4976 2862 5031 sui
2902 4977 3126 5032 crimine
3155 4977 3471 5042 maculatus,
3503 4994 3603 5050 per
3627 4978 3794 5033 omnia

2212 5071 2386 5126 bdnus
2433 5072 2704 5142 probatur.
2756 5069 2950 5124 Totum
2991 5071 3151 5141 igitur
3195 5069 3454 5142 quidquid
3483 5071 3794 5128 Manicharus

2213 5167 2495 5234 attulerat,
2547 5166 2648 5221 hac
2693 5179 2799 5220 una
2835 5163 3229 5220 Catholicorum
3275 5166 3482 5222 ratione
3524 5166 3546 5199 ³
3583 5167 3796 5230 subver-

2213 5277 2332 5317 sum
2361 5269 2468 5317 est.

2285 5355 2420 5411 Ave.
2461 5353 2574 5409 Hoc
2608 5367 2792 5408 verum
2825 5352 2960 5409 dicis
2987 5371 3001 5407 :
3033 5367 3252 5422 prorsus
3283 5373 3304 5407 ‹
3339 5354 3514 5410 omnis
3537 5363 3793 5420 creatura,

2215 5448 2270 5504 in
2295 5455 2547 5518 quantum
2577 5445 2856 5511 conditur,
2889 5446 3026 5501 bona
3059 5455 3180 5502 est:
3217 5467 3238 5500 ι
3279 5457 3334 5502 et
3361 5447 3481 5502 ideo
3509 5449 3650 5504 sicut
3678 5449 3790 5514 hoc,

2215 5538 2286 5594 ita
2311 5545 2366 5594 et
2393 5536 2535 5608 quod
2561 5523 3028 5610 sequitur'utrique
3047 5538 3300 5606 dicimus;
3329 5541 3582 5610 quoniam
3612 5558 3633 5592 ι
3663 5540 3792 5595 Deus

2277 5697 2300 5789 ί
2331 5689 3231 5789 τιξῖζξξιεῗέξίῇλξξθηδίηιίιεπι
3243 5709 3263 5760 ἶ
3275 5697 3464 5762 abSQue
3475 5693 3716 5761 particula,
3731 5701 3788 5746 et.

2277 5753 2964 5867 iiiiifaf‘i’mé'tmmu’
2792 5753 2982 5865 "‘m'“;

2333 5821 2416 5869 “In
2441 5821 2587 5880 Ροαιο
2607 5821 2981 5871 νωωείκαωαιει
