4062 6500
275 360 422 416 1315

271 483 586 530 naturarum
624 478 810 526 auctor
847 469 1106 524 bonarum
1135 468 1280 524 nullo
1308 468 1486 539 operis
1520 468 1602 524 sui
1647 466 1872 522 crimine

271 568 592 630 maculatus,
643 580 737 634 per
780 564 958 619 omnia
1005 563 1178 619 bonus
1220 563 1488 635 probatur.
1522 583 1541 616 ι
1585 563 1696 618 Hoc
1723 563 1866 618 enim

270 669 440 716 totum
483 659 592 714 illic
617 659 635 690 ⁸
665 658 1022 724 connectitur,
1065 655 1208 728 quod
1249 675 1268 710 ι
1307 657 1480 712 omnis
1518 663 1781 719 creatura,
1813 653 1865 708 in

267 762 528 824 quantum
554 751 821 816 conditur,
848 751 988 806 bona
1013 759 1116 806 est.
1155 770 1174 804 ι
1211 752 1286 806 Ac
1307 765 1401 821 per
1426 749 1528 804 hoc
1550 757 1604 804 et
1629 747 1790 802 homo
1812 747 1864 802 in

267 855 527 918 quantum
558 844 830 912 conditur,
863 844 1034 899 bonus
1053 854 1137 899 est
1175 861 1188 898 :
1213 829 1286 898 in
1312 852 1566 914 quantum
1594 849 1773 896 autem
1799 840 1869 896 de

269 939 451 995 vitiata
482 939 690 1011 origine
725 948 1036 1010 generatur,
1068 939 1242 994 bonus
1271 952 1375 994 non
1409 946 1521 1004 est;
1554 937 1676 993 ideo
1711 951 1868 1008 rege-

267 1031 539 1087 nerandus
565 1040 668 1087 est.

344 1124 500 1182 CLX.
535 1124 656 1180 Jun.
686 1123 791 1179 Sed
820 1132 996 1178 tamen
1022 1123 1110 1178 ille
1137 1123 1225 1194 qui
1256 1120 1476 1177 fulmine
1494 1121 1734 1177 veritatis
1761 1129 1866 1176 tam

270 1219 569 1289 perspicuae
609 1217 842 1282 interiit,
883 1232 949 1272 ex
988 1225 1139 1292 parte
1167 1216 1341 1286 aliqua
1382 1215 1591 1271 videtur
1629 1216 1856 1285 spirare,

274 1327 398 1368 cum
419 1311 686 1368 confertur
712 1311 824 1365 tibi.
856 1311 934 1364 Illi
951 1311 1094 1365 enim
1119 1319 1226 1365 tota
1247 1307 1512 1380 dogmatis
1538 1309 1640 1375 sui,
1673 1307 1862 1363 funda-

228 1387 235 1438 ί
275 1414 460 1460 mento
475 1403 589 1474 ejus
609 1401 978 1457 tantummodo
993 1409 1233 1480 nutante,
1253 1409 1518 1456 structura
1539 1400 1828 1456 collabitur
1851 1417 1865 1454 :

271 1497 369 1552 tibi
390 1505 570 1551 autem
599 1494 698 1549 tria
721 1493 964 1548 similiter
990 1493 1261 1561 vacillant,
1284 1501 1342 1547 ut
1367 1492 1442 1547 illi
1464 1507 1648 1546 unum.
1679 1492 1757 1546 Ac
1774 1505 1870 1561 per

266 1590 394 1657 (ioc,
425 1589 546 1645 vide
575 1597 752 1643 utrum
789 1587 1001 1643 aedificii
1033 1588 1108 1642 tui
1152 1588 1441 1658 quidquam
1484 1586 1648 1656 possit
1688 1600 1868 1640 assur-

263 1697 415 1754 gere.
461 1681 642 1737 Manes
679 1682 700 1712 ³
747 1696 875 1750 ergo
917 1688 1106 1749 putans
1141 1694 1264 1734 esse
1289 1673 1529 1734 naturale
1561 1685 1860 1748 peccatum,

265 1774 413 1846 quod
442 1774 542 1828 nisi
569 1773 926 1828 voluntarium
953 1786 1072 1826 esse
1103 1785 1207 1826 non
1240 1778 1436 1840 potest,
1473 1771 1526 1825 in
1553 1785 1720 1824 vacuo
1742 1767 1865 1823 fun-

267 1867 523 1924 damenta
552 1868 764 1924 locavit.
797 1865 1021 1936 Reliqua
1058 1879 1187 1919 vero
1212 1864 1361 1934 juxta
1389 1879 1446 1919 se
1476 1870 1868 1935 consequenter

266 1961 554 2031 imposuit,
603 1959 811 2025 dicens,
862 1957 1116 2027 quoniam
1158 1963 1244 2010 est
1285 1955 1529 2010 naturale
1566 1963 1864 2025 peccatum,

267 2053 467 2106 malam
497 2066 617 2108 esse
646 2059 921 2115 naturam;
957 2047 1112 2102 malae
1141 2056 1319 2102 autem
1350 2047 1427 2103 rei
1467 2056 1739 2101 auctorem
1767 2045 1867 2101 bo-

269 2159 400 2200 num
431 2157 537 2198 non
566 2158 688 2199 esse
721 2159 734 2197 :
767 2157 828 2196 ac
873 2156 968 2212 per
1001 2139 1125 2208 hoc,
1165 2155 1325 2195 omne
1369 2139 1658 2194 humanum
1700 2154 1869 2208 genus

267 2235 628 2308 reputandum
656 2235 881 2305 principi
906 2234 1245 2289 tenebrarum
1277 2250 1289 2285 :
1319 2232 1460 2302 quod
1483 2241 1651 2286 totum
1679 2231 1866 2301 utique

266 2336 418 2384 stare
447 2329 727 2398 potuisset,
760 2325 863 2380 nisi
890 2325 1019 2380 illud
1043 2326 1271 2394 primum
1301 2327 1418 2393 ejus
1452 2322 1757 2378 suffodisset
1781 2339 1870 2378 ve-

265 2420 427 2486 ritas,
455 2420 510 2476 id
540 2429 645 2485 est,
680 2427 957 2489 peccatum
984 2432 1120 2486 opus
1150 2416 1335 2471 libera:
1361 2415 1651 2469 voluntatis
1687 2413 1869 2469 doceri

266 2513 518 2568 naturale
556 2527 662 2566 non
722 2524 879 2580 posse
906 2552 923 2579 ,
970 2518 1024 2565 et
1065 2507 1326 2579 quidquid
1369 2507 1559 2562 fuisset
1604 2506 1866 2572 naturale,

270 2618 556 2679 peccatum
582 2623 700 2664 esse
722 2622 829 2662 non
860 2619 1040 2676 posse.

349 2704 487 2758 Anc.
521 2701 771 2756 Similiter
790 2707 977 2755 contra
1001 2707 1052 2754 te
1072 2705 1249 2767 potest
1271 2695 1606 2752 ratiocinatio
1627 2695 1724 2750 ista
1741 2709 1872 2749 con-

267 2795 383 2850 texi
416 2812 428 2848 :
462 2793 594 2861 Quia
625 2807 732 2848 non
764 2791 834 2846 ita
864 2792 1039 2846 fatuus
1067 2804 1146 2855 es,
1179 2799 1238 2844 ut
1263 2789 1473 2859 ingenia
1500 2789 1664 2854 fatua,
1706 2786 1758 2840 id
1787 2794 1872 2842 est

264 2883 450 2942 fatuos
478 2885 744 2950 homines,
777 2884 924 2938 nasci
973 2895 1178 2959 neges:
1211 2895 1339 2951 ergo
1367 2879 1487 2934 audi
1515 2887 1603 2934 tua
1630 2869 1870 2932 fatuitate

268 2987 538 3051 quantum
579 2976 848 3048 adjuveris
878 2974 1205 3030 dementiam
1231 2971 1528 3027 Manichaei.
1560 2970 1698 3025 Dicit
1724 2969 1869 3024 enim

268 3071 468 3127 doctus
514 3085 546 3125 a
606 3079 658 3125 te
725 3069 862 3140 ipso,
912 3066 1162 3138 quoniam
1203 3065 1459 3120 naturalis
1511 3071 1595 3119 est
1632 3062 1867 3127 fatuitas,

266 3163 521 3221 eamdem
550 3161 750 3217 fatuam
785 3175 907 3216 esse
948 3169 1225 3225 naturam;
1269 3156 1539 3230 quomodo
1565 3165 1622 3211 tu
1649 3155 1866 3224 dixisti,

274 3274 300 3308 σ
332 3255 588 3326 quoniam
620 3262 724 3321 est,
752 3246 996 3308 naturale
1016 3260 1314 3322 peccatum,
1347 3250 1544 3304 malum
1569 3263 1691 3304 esse
1714 3257 1870 3303 natu-

268 3365 393 3405 ram
433 3368 448 3406 :
491 3369 511 3403 ι
561 3348 757 3405 deinde
782 3348 872 3405 ille
917 3345 1094 3413 addit,
1148 3346 1304 3400 fatuae
1349 3353 1525 3399 autem
1575 3341 1653 3398 rei
1684 3350 1868 3397 aucto—

271 3459 391 3498 rem
435 3442 727 3513 sapientem
771 3455 878 3496 non
918 3453 1075 3504 esse;
1126 3439 1264 3494 sicut
1320 3445 1378 3492 tu
1423 3435 1621 3502 dixisti,
1659 3452 1678 3486 ι
1717 3434 1872 3488 malae

275 3545 459 3590 autem
513 3534 591 3590 rei
642 3542 916 3590 auctorem
971 3532 1168 3586 bonum
1215 3543 1321 3584 non
1378 3543 1540 3583 esse:
1593 3544 1612 3578 ι
1659 3536 1870 3597 postre-

276 3644 371 3684 mo
425 3629 515 3684 ille
573 3626 871 3692 concludit,
921 3627 997 3679 Ac
1033 3639 1128 3695 per
1196 3621 1318 3687 hoc,
1387 3619 1650 3674 fatuorum
1697 3617 1870 3672 homi-

277 3737 410 3778 num
471 3736 646 3792 genus
715 3718 1067 3791 reputantium
1114 3713 1339 3786 principi
1399 3712 1739 3768 tenebrarum
1795 3711 1874 3764 sic

276 3815 422 3872 enim
471 3823 527 3870 et
571 3822 627 3868 tu
669 3811 998 3876 conclusisti,
1041 3809 1260 3864 dicens:
1290 3825 1309 3859 ‹
1341 3807 1417 3860 Ac
1441 3821 1535 3876 per
1561 3805 1681 3870 hoc,
1713 3818 1870 3858 omne

274 3903 566 3962 humanum
590 3918 756 3976 genus
783 3900 1136 3973 reputantium
1171 3897 1392 3970 principi
1415 3895 1753 3952 tenebrarum
1771 3893 1812 3948 ³.
1847 3911 1870 3948 ι

272 3998 416 4055 Ecce
433 3997 757 4053 Manichacus
767 4009 862 4050 ore
885 4004 974 4049 tuo
991 3993 1200 4058 tevicit,
1214 4000 1306 4047 tuo
1336 3999 1387 4046 te
1405 3987 1870 4060 gladiojugulavit.

269 4089 412 4159 Quid
451 4105 511 4145 es
548 4086 803 4144 acturus?
850 4085 1036 4156 Neque
1072 4083 1214 4139 enim
1257 4091 1309 4137 te
1347 4081 1603 4136 adversus
1627 4094 1750 4134 eum
1773 4093 1872 4148 po-

274 4192 384 4239 test
432 4183 630 4253 aliquid
677 4181 952 4251 adjuvare,
999 4193 1062 4234 ac
1103 4191 1210 4232 non
1255 4175 1415 4231 etiam
1467 4173 1584 4243 plus
1628 4185 1874 4242 premere

278 4284 440 4348 atque
457 4275 768 4340 confodere,
792 4273 934 4344 quod
957 4271 1220 4342 adjungis,
1257 4277 1312 4324 et
1336 4267 1492 4332 dicis,
1525 4285 1542 4318 ι
1573 4273 1741 4320 totum
1771 4263 1875 4319 hoc

282 4368 468 4438 utique
497 4377 641 4422 stare
677 4366 938 4436 potuisse,
976 4363 1078 4418 nisi
1114 4361 1244 4416 illud
1280 4361 1507 4430 primum
1545 4356 1662 4428 ejus
1708 4353 1872 4410 suffo-

283 4459 452 4515 disset
477 4460 693 4524 veritas,
735 4458 786 4513 id
820 4465 922 4524 est,
952 4465 1226 4526 peccatum
1257 4467 1392 4521 opus
1419 4451 1601 4506 libera:
1629 4449 1875 4502 volunta-

285 4553 355 4608 tis
382 4551 564 4607 doceri
593 4551 828 4605 naturale
856 4564 961 4603 non
989 4560 1166 4618 posse,
1199 4553 1256 4600 et
1283 4542 1538 4614 quidquid
1566 4541 1751 4596 fuisset
1776 4553 1874 4594 na-

285 4643 479 4711 turale,
511 4653 786 4713 peccatum
813 4656 932 4697 esse
956 4655 1062 4694 non
1091 4653 1267 4708 posse.
1305 4655 1324 4688 ›
1354 4633 1488 4703 Quid
1519 4645 1570 4688 te
1593 4634 1694 4688 hoc
1722 4631 1877 4701 adju-

280 4746 392 4802 vat,
425 4744 481 4790 et
511 4733 782 4805 quomodo
808 4748 912 4788 non
935 4734 1104 4802 magis
1125 4730 1397 4800 magisque
1427 4724 1683 4782 sulfocat?
1708 4725 1875 4780 Num-

282 4828 408 4900 quid
421 4828 567 4883 enim
591 4835 742 4897 potes
768 4826 964 4892 dicere,
995 4824 1285 4879 fatuitatem
1307 4821 1602 4876 naturalem
1633 4833 1752 4873 esse
1770 4831 1876 4872 non

284 4919 478 4988 posse?
503 4927 612 4974 stat
636 4932 765 4988 ergo
789 4916 1044 4971 adversus
1063 4923 1136 4981 te,
1167 4911 1309 4984 quod
1331 4914 1384 4966 in
1409 4909 1567 4965 simili
1597 4909 1878 4962 ratiocina-

291 5013 432 5064 tione
461 5011 696 5080 primum
728 5007 906 5078 posuit
931 5004 1277 5069 Manicbans,
1322 5001 1573 5074 quoniam
1609 5007 1692 5055 est
1723 5006 1879 5080 natu-

293 5101 417 5156 ralis
441 5071 654 5156 fatuitas
689 5119 704 5155 :
729 5071 828 5157 cui
864 5099 1012 5155 velut
1041 5071 1390 5153 fundamento
1415 5103 1609 5149 csctera
1635 5091 1753 5163 ejus

297 5194 418 5248 testi
456 5202 845 5264 consequenter
871 5200 1102 5248 astructa
1133 5189 1176 5257 ⁸,
1219 5202 1390 5258 usque
1428 5186 1496 5242 ad
1536 5186 1750 5241 culmen
1789 5183 1881 5240 ubi

296 5285 460 5353 dicit,
499 5286 602 5342 tale
637 5286 912 5342 hominum
943 5300 1112 5356 genus
1141 5281 1498 5354 reputando!)
1523 5278 1752 5352 principi
1796 5285 1881 5332 te-

297 5379 618 5448 nebrarum._
648 5378 754 5434 Nos
797 5385 978 5434 autem
1021 5375 1249 5448 primum
1300 5369 1428 5426 illud
1475 5368 1880 5425 fundamentum

359 5538 374 5568 1
411 5543 550 5568 ΩΑ...
591 5534 667 5568 ἆΙΙὸ

749 5604 805 5647 At
824 5601 957 5657 uss,
1002 5600 1200 5656 Manes;
1235 5602 1416 5642 nomen
1454 5589 1702 5653 praprium
1736 5587 1881 5636 Mani-

294 5661 476 5774 d’f'ix
502 5731 607 5774 Mss.
634 5721 955 5782 restituiInus,
997 5719 1068 5770 sic
1083 5715 1208 5768 enim
1229 5721 1274 5766 ct
1291 5721 1342 5766 tu
1364 5711 1654 5782 commisti,
1680 5707 1882 5782 dicens;

304 5803 326 5833 α
372 5797 416 5835 :c
439 5799 523 5845 per
546 5785 654 5845 hoc,
675 5797 814 5835 omne
847 5781 1108 5832 humanum
1141 5787 1289 5844 genus
1325 5777 1648 5841 reputantium
1673 5777 1884 5839 principi

305 5860 329 5896 ι
360 5848 676 5898 tenebi'm'um.
712 5864 736 5893 ι
947 5859 949 5861 ·

368 5909 390 5942 δ
421 5911 494 5962 sic
514 5918 619 5962 Mss.
644 5918 699 5962 Al.
721 5911 882 5974 Vign.,
903 5903 1116 5958 astricta.

1674 351 1876 408 LIBER
1910 350 2232 412 TERTIUS.

3426 365 3566 422 i5“

1985 473 2102 540 ejus
2128 471 2438 538 evertimus,
2475 473 2565 544 qui
2611 475 2906 532 naturalem
2938 474 3231 533 fatuitatem
3271 478 3394 535 ideo
3434 481 3568 538 dici-

1981 578 2116 627 mus,
2163 565 2286 634 quia
2331 577 2622 623 nascuntur
2663 569 2907 626 homines
2955 568 3082 625 fatui
3130 589 3142 625 :
3189 587 3254 626 ex
3284 571 3567 629 accidente

1980 655 2184 711 scilicet
2211 659 2357 720 vitio,
2381 675 2447 714 ex
2472 676 2578 730 quo
2607 661 2911 731 hujusmodi
2938 664 3087 734 origo
3109 665 3301 720 merito
3327 668 3568 723 trahere-

1981 755 2087 813 tur,
2116 763 2220 803 non
2242 752 2364 820 quia
2393 767 2552 821 prava
2579 762 2662 808 est
2686 755 2930 824 primitus
2962 756 3189 811 humana
3213 756 3449 812 instituta
3475 773 3568 812 na-

1981 848 2114 906 tura,
2169 841 2302 895 sicut
2353 843 2546 912 desipit
2598 844 2938 902 Manichacus.
2985 849 3060 902 Ac
3088 863 3185 919 per
3233 848 3353 916 hoc,
3407 850 3566 904 etiam

1977 932 2121 1004 quod
2140 945 2531 1003 consequenter
2558 935 2816 1008 adjungit,
2842 939 3084 994 eamdem
3109 940 3305 995 fatuam
3332 955 3450 996 esse
3475 957 3569 996 na-

1981 1032 2188 1089 turam;
2219 1039 2316 1079 nos
2344 1035 2562 1095 propter
2587 1027 2791 1094 vitium,
2817 1044 2939 1084 cum
2966 1045 3072 1100 quo
3099 1039 3256 1086 natus
3281 1041 3364 1087 est
3392 1031 3567 1088 fatuus

1980 1117 2141 1172 homo
2161 1160 2176 1185 ,
2210 1132 2314 1173 non
2358 1127 2578 1190 propter
2607 1121 2748 1190 quod
2777 1122 2827 1176 in
2856 1123 2945 1178 illo
2976 1132 3058 1178 est
3086 1125 3352 1194 opificium
3383 1133 3569 1180 condi-

1979 1210 2108 1265 toris
2153 1209 2298 1276 boni,
2328 1227 2511 1266 verum
2553 1227 2673 1268 esse
2699 1215 3061 1271 concedimus.
3107 1215 3275 1272 Natus
3311 1228 3395 1273 est
3423 1219 3567 1273 enim

1977 1301 2172 1371 fatuus,
2194 1303 2466 1360 accidente
2488 1305 2652 1371 vitio;
2686 1305 2848 1362 homo
2874 1319 3052 1363 autem
3073 1318 3286 1365 creatus
3311 1319 3412 1375 est,
3442 1324 3569 1379 ope-

1975 1406 2128 1451 rante
2155 1397 2280 1451 Deo.
2312 1398 2512 1453 Deinde
2533 1399 2674 1469 quod
2700 1399 2867 1468 addit,
2895 1402 3050 1456 fatua:
3073 1411 3251 1457 autem
3283 1403 3361 1458 rei
3389 1412 3569 1456 aucto-

1976 1504 2090 1544 rem
2120 1504 2224 1544 non
2253 1505 2374 1545 essc
2402 1492 2698 1560 sapientem
2721 1535 2734 1558 ,
2770 1503 2826 1548 ut
2852 1507 2938 1548 res
2972 1495 3085 1564 ipsa
3114 1495 3274 1550 homo
3302 1496 3566 1565 intelliga-

1976 1589 2090 1648 tur;
2141 1597 2246 1636 non
2287 1597 2404 1637 esse
2433 1597 2766 1654 consequens
2795 1584 3042 1640 dicimus.
3073 1587 3203 1656 Ejus
3243 1587 3438 1657 quippe
3465 1585 3566 1641 ho-

1975 1675 2137 1728 minis
2163 1675 2254 1745 qui
2307 1675 2482 1731 fatuus
2511 1686 2668 1732 natus
2697 1687 2798 1745 est,
2843 1678 3007 1733 Deum
3048 1680 3293 1745 dicimus,
3325 1681 3568 1751 quamvis

1975 1783 2082 1823 non
2109 1769 2349 1824 dicamus
2385 1770 2552 1842 ipsius
2593 1771 2870 1840 faluitatis,
2912 1781 3206 1829 auctorem.
3253 1774 3382 1841 Quae
3415 1774 3568 1829 fatui-

1975 1869 2056 1915 tas
2086 1876 2191 1915 non
2218 1871 2301 1916 est
2329 1871 2517 1916 natura
2539 1872 2696 1934 atque
2717 1863 3035 1932 substantia,
3065 1882 3183 1935 quae
3203 1880 3308 1921 non
3333 1868 3569 1921 nascitur

1975 1953 2076 2008 nisi
2106 1963 2321 2009 creante
2348 1955 2492 2021 Deo;
2535 1955 2629 2010 sed
2670 1956 2906 2026 ejusdem
2935 1967 3138 2014 naturae
3169 1960 3353 2014 vitium
3377 2002 3390 2024 ,
3423 1959 3566 2030 quod

1974 2046 2166 2102 accidit
2192 2047 2400 2102 sinente
2428 2047 2539 2103 Deo
2568 2065 2581 2101 :
2609 2048 2754 2118 justo
2795 2059 2971 2105 autem
3011 2051 3211 2121 judicio
3239 2052 3404 2107 Deum
3445 2053 3514 2106 ita
3543 2052 3562 2084 ¹

1974 2140 2174 2206 sinere,
2203 2156 2308 2194 non
2335 2140 2514 2212 utique
2542 2141 2870 2198 dubitamus.
2903 2144 2979 2200 Ita
3004 2145 3329 2201 destruimus
3359 2155 3413 2201 et
3447 2145 3560 2200 Ma-

1975 2231 2212 2288 nichtcos
2243 2233 2412 2288 malos
2457 2235 2622 2289 ruinae
2664 2251 2774 2290 sua:
2813 2245 3126 2306 structores,
3167 2247 3222 2294 et
3253 2239 3564 2310 Pelagianos

1974 2324 2389 2379 Manichzeorum
2422 2324 2596 2382 fatuos
2622 2327 2913 2398 adjutores.

2045 2415 2224 2471 CLXI.
2265 2416 2382 2473 JUL.
2424 2418 2616 2474 Primae
2648 2420 2806 2491 igitur
2833 2421 3160 2478 definitionis
3187 2438 3379 2478 eversu
3400 2467 3415 2491 ,
3444 2425 3564 2480 cul-

1974 2509 2118 2564 mina
2151 2511 2268 2581 ejus
2302 2513 2356 2566 in
2386 2513 2558 2568 solum
2584 2529 2784 2569 cuneus
2805 2517 3025 2570 rationis
3055 2515 3260 2572 effudit.
3294 2516 3434 2586 Quid
3461 2518 3561 2588 igi-

1977 2610 2062 2656 tur
2086 2603 2155 2658 de
2185 2613 2236 2658 te
2261 2619 2466 2674 speras.
2497 2606 2652 2676 cujus
2678 2607 2778 2662 tria
2813 2609 2885 2663 ita
2921 2618 3046 2663 sunt
3075 2611 3127 2664 in
3166 2609 3390 2678 lubrico,
3429 2611 3566 2666 sicut

1974 2694 2114 2750 illius
2139 2695 2338 2750 unum?
2367 2697 2505 2752 Dicis
2531 2701 2671 2752 enim
2702 2699 2894 2768 primo,
2934 2701 3178 2756 naturale
3209 2717 3329 2757 esse
3377 2717 3565 2772 pecca-

1975 2793 2118 2850 tum;
2138 2787 2391 2852 secundo,
2417 2788 2614 2844 bonum
2638 2790 2824 2856 Deum,
2847 2791 2940 2861 qui
2966 2792 3127 2859 mala,
3149 2792 3201 2847 id
3226 2801 3310 2848 est
3325 2785 3560 2863 peccata,

1973 2877 2188 2943 condat,
2212 2879 2479 2947 informet,
2505 2882 2786 2947 extendat;
2805 2884 2960 2939 tertio
2979 2899 3128 2952 vero,
3145 2900 3257 2941 rem
3277 2886 3567 2941 voluntatis

1975 2971 2270 3028 immixtam
2291 2989 2410 3029 esse
2426 2975 2740 3030 seminibus.
2757 2975 2884 3032 Rrec
2913 2993 3043 3048 ergo
3071 2979 3171 3032 tria
3195 2977 3565 3034 definitionum

1975 3070 2186 3118 tuarum
2208 3067 2378 3135 capita
2399 3066 2605 3137 singula
2627 3067 2768 3138 apud
2789 3079 2960 3124 semet
2978 3070 3224 3124 vacillant
3249 3089 3261 3124 :
3289 3070 3563 3136 vacillant,

1975 3154 2179 3226 inquio,
2225 3156 2332 3210 imo
2357 3166 2414 3212 ut
2442 3157 2595 3213 funes
2629 3175 2661 3215 e
2699 3159 2917 3229 sabulo,
2947 3160 3254 3216 dilabuntur
3278 3172 3566 3234 antequam

1975 3256 2185 3303 coeant.
2214 3247 2390 3305 Unum
2414 3265 2562 3322 ergo,
2595 3251 2648 3306 id
2673 3261 2774 3319 est,
2805 3253 3047 3309 naturale
3072 3264 3352 3324 peccatum
3371 3255 3483 3326 jam
3509 3256 3566 3312 in

1973 3341 2287 3410 Manichaeo,
2319 3361 2386 3400 ex
2411 3345 2616 3401 directo
2642 3346 2858 3418 quidem
2885 3348 3214 3405 destructum
3245 3350 3390 3419 jacet
3418 3370 3430 3406 :
3465 3352 3568 3408 alia

1974 3445 2155 3492 autem
2184 3437 2290 3492 duo
2316 3452 2435 3508 qua:
2460 3439 2729 3510 opinionis
2752 3450 2946 3496 vestrae
2976 3451 3100 3496 sunt
3127 3445 3362 3512 propria,
3400 3443 3565 3499 Mani-

1975 3529 2127 3584 cbaeo
2155 3530 2377 3586 totidem
2409 3532 2710 3602 intereunte
2734 3575 2750 3600 ,
2779 3535 2874 3589 sed
2897 3542 3152 3589 consueta
3183 3537 3204 3566 ²
3234 3533 3565 3591 ceciderunt.

1976 3622 2109 3676 Nam
2150 3623 2195 3677 si
2253 3623 2342 3678 ille
2380 3638 2501 3680 reos
2548 3624 2694 3680 nasci
2752 3623 3030 3693 homines,
3081 3641 3180 3682 nec
3227 3642 3323 3697 per
3370 3626 3568 3682 malam

1976 3723 2261 3782 naturam,
2318 3729 2416 3770 nec
2487 3729 2581 3784 per
2647 3714 2947 3785 principem
3005 3718 3346 3773 tenebrarum
3399 3719 3571 3789 potuit

1977 3805 2278 3871 vindicare;
2331 3812 2532 3876 quanto
2575 3806 2744 3876 magis
2783 3821 2878 3862 vos
2918 3808 3086 3874 stulti,
3130 3808 3219 3877 qui
3271 3807 3339 3862 ad
3387 3817 3568 3863 osten-

1976 3897 2150 3954 denda
2206 3898 2537 3954 nascentium
2599 3897 2823 3954 crimina
2873 3899 3125 3969 junxistis
3169 3900 3569 3956 accusationem

1978 3991 2109 4046 Dei?
2137 3991 2216 4047 Ac
2245 4007 2342 4062 per
2367 3990 2470 4046 hoc
2491 4032 2506 4057 ,
2545 3991 2682 4046 sicut
2720 4006 2826 4046 non
2876 4000 3052 4061 potest
3075 4003 3264 4048 natura
3293 4007 3413 4049 esse
3441 4008 3567 4065 pec-

1977 4093 2192 4152 catum,
2240 4099 2346 4156 quo
2389 4083 2610 4139 fulmine
2643 4083 2918 4139 Manichazi
2959 4083 3150 4156 dogma
3197 4085 3442 4152 dissiliit;
3497 4086 3570 4140 ita

1977 4180 2225 4246 recurrit,
2269 4187 2329 4234 ut
2370 4179 2511 4250 quod
2558 4187 2831 4250 peccatum
2873 4187 2979 4246 est,
3021 4180 3263 4235 naturale
3296 4195 3416 4236 esse
3462 4195 3570 4235 non

1979 4277 2165 4344 possit.
2212 4273 2320 4330 Res
2368 4275 2512 4328 cnim
2555 4273 2844 4329 voluntatis
2893 4288 3001 4329 non
3050 4275 3239 4329 transit
3287 4274 3339 4330 in
3382 4273 3570 4330 condi-

1980 4369 2175 4424 tionem
2203 4368 2514 4424 substantia:
2549 4387 2562 4422 :
2594 4368 2737 4440 quod
2759 4378 2812 4424 tu
2843 4366 3041 4423 factum
3069 4368 3365 4424 arbitraris.
3407 4368 3571 4422 Multo

1980 4470 2157 4516 autem
2179 4461 2589 4532 magis-constat
2609 4503 2624 4527 ,
2659 4461 2828 4516 Deum
2869 4459 3066 4515 bonum
3097 4461 3269 4515 malos
3299 4474 3570 4531 nunquam

1979 4569 2184 4610 creare.
2217 4555 2478 4625 Apparuit
2498 4554 2699 4625 itaque,
2725 4563 3000 4624 peccatum
3023 4554 3075 4608 in
3105 4562 3382 4623 nascente,
3411 4569 3570 4625 quem

1981 4644 2122 4700 Deus
2146 4653 2314 4712 creat,
2341 4659 2462 4701 esse
2487 4661 2592 4700 non
2618 4659 2796 4714 posse.

2051 4736 2187 4792 Anc.
2230 4735 2305 4790 Ita
2342 4744 2550 4790 constat
2588 4735 2754 4822 Deum
2791 4734 2988 4790 bonum
3026 4735 3198 4791 malos
3227 4751 3334 4792 non
3363 4751 3567 4806 creare,

1980 4825 2425 4897 quemadmodum
2471 4835 2680 4883 constat
2717 4827 2883 4883 Deum
2915 4827 3209 4900 sapientem
3252 4826 3429 4886 fatuos
3465 4844 3573 4884 non

1981 4934 2184 4975 creare.
2213 4918 2269 4974 Si
2291 4919 2434 4975 enim
2458 4919 2674 4987 dixeris,
2698 4920 2857 4976 Creat
2877 4921 3088 4990 sapiens
3109 4921 3278 4974 fatuos
3309 4939 3322 4974 :
3347 4935 3572 4990 respon-

1983 5013 2192 5069 debitur
2226 5015 2341 5082 tibi,
2368 5015 2475 5071 Cur
2503 5029 2608 5070 non
2638 5029 2766 5086 ergo
2791 5021 2846 5070 et
2869 5014 3041 5070 bonus
3069 5012 3274 5068 malos?
3304 5011 3453 5069 Unde
3498 5012 3576 5067 fa-

1983 5115 2101 5162 ctus
2140 5108 2372 5163 intentus
2419 5123 2539 5164 cum
2585 5107 2861 5179 quaasieris
2904 5105 3047 5162 unde
3087 5114 3375 5162 nascantur
3420 5104 3572 5173 fatui,
3613 5149 3622 5158 ς

1984 5215 2118 5271 quos
2154 5211 2332 5254 tamen
2360 5199 2603 5253 homines
2646 5200 2784 5253 Deus
2827 5207 3003 5264 creat;
3044 5197 3114 5252 ibi
3157 5197 3295 5252 forte
3334 5197 3574 5251 invenies

1984 5291 2203 5363 originis
2221 5291 2431 5356 vitium,
2459 5289 2546 5360 qui
2569 5288 2723 5345 fateri
2753 5303 2859 5344 non
2881 5289 2962 5343 vis
2991 5288 3248 5358 originale
3273 5297 3572 5357 peccatum.

1970 5368 2066 5439 ‘An
2091 5399 2220 5440 vero
2241 5391 2454 5453 paratus
2469 5395 2529 5437 es
2547 5380 2744 5444 dicere,
2763 5379 2911 5435 nullo
2924 5379 3081 5434 ullius
3098 5377 3434 5450 praecedente
3451 5391 3569 5448 peo-

1983 5488 2126 5546 cato,
2154 5481 2313 5533 etiam
2343 5476 2514 5531 fatuos
2541 5475 2682 5530 nasci
2723 5473 2774 5528 in
2802 5474 2887 5528 illa
2913 5473 3141 5544 paradisi
3184 5471 3439 5527 felicitate
3476 5483 3575 5541 po-

1987 5576 2170 5639 tuisse,
2199 5571 2288 5643 qui
2315 5569 2534 5636 erudiri,
2567 5583 2673 5625 non
2704 5567 2824 5622 dico
2851 5563 3052 5630 ferulis,
3084 5563 3180 5620 sed
3221 5577 3322 5620 nec
3346 5561 3576 5620 fustibus

1985 5669 2241 5741 possent?
2265 5664 2418 5735 Quod
2447 5665 2491 5720 si
2522 5679 2628 5720 non
2647 5663 2798 5730 dicis,
2825 5677 2892 5718 ne
2907 5673 3121 5717 omnem
3141 5656 3439 5716 fatuitatem
3461 5655 3579 5718 haec

2052 5827 2069 5862 ί
2107 5836 2184 5877 Ms.
2205 5829 2348 5886 Port.,
2372 5820 2483 5874 ista.

2053 5893 2077 5927 ί
2104 5888 2599 5954 πωκαοαωαω.
