  <div class='ocr_page' id='page_1' title='image "/cluster/home/n/w/nwhite01/storage/ocr_20150623/44-45/uva.x000217727/665.png"; bbox 0 0 4058 6528; ppageno 0'>
   <div class='ocr_carea' id='block_1_1' title="bbox 480 407 620 466">
    <p class='ocr_par' dir='ltr' id='par_1_1' title="bbox 480 407 620 466">
     <span class='ocr_line' id='line_1_1' title="bbox 480 407 620 466; baseline -0.014 0"><span class='ocrx_word' id='word_1_1' title='bbox 480 407 620 466; x_wconf 67' lang='grc'><strong>1319</strong></span> 
     </span>
    </p>
   </div>
   <div class='ocr_carea' id='block_1_2' title="bbox 473 512 2072 584">
    <p class='ocr_par' dir='ltr' id='par_1_2' title="bbox 473 512 2072 584">
     <span class='ocr_line' id='line_1_2' title="bbox 473 512 2072 584; baseline -0.011 -2"><span class='ocrx_word' id='word_1_2' title='bbox 473 525 592 582; x_wconf 86' lang='lat' dir='ltr'><strong>des.</strong></span> <span class='ocrx_word' id='word_1_3' title='bbox 633 520 741 578; x_wconf 85' lang='lat' dir='ltr'><strong>Sed</strong></span> <span class='ocrx_word' id='word_1_4' title='bbox 770 521 816 578; x_wconf 92' lang='lat' dir='ltr'><strong>si</strong></span> <span class='ocrx_word' id='word_1_5' title='bbox 861 518 966 574; x_wconf 84' lang='lat' dir='ltr'><strong>hoc</strong></span> <span class='ocrx_word' id='word_1_6' title='bbox 993 517 1127 573; x_wconf 82' lang='lat' dir='ltr'><strong>dixit</strong></span> <span class='ocrx_word' id='word_1_7' title='bbox 1168 514 1524 579; x_wconf 71' lang='lat' dir='ltr'><strong>Manichacus;</strong></span> <span class='ocrx_word' id='word_1_8' title='bbox 1567 512 1694 584; x_wconf 90' lang='lat' dir='ltr'><strong>quid</strong></span> <span class='ocrx_word' id='word_1_9' title='bbox 1729 512 1924 566; x_wconf 88' lang='lat' dir='ltr'><strong>mirum</strong></span> <span class='ocrx_word' id='word_1_10' title='bbox 1968 515 2072 576; x_wconf 84' lang='lat' dir='ltr'><strong>est,</strong></span> 
     </span>
    </p>
   </div>
   <div class='ocr_carea' id='block_1_3' title="bbox 477 603 2071 688">
    <p class='ocr_par' dir='ltr' id='par_1_3' title="bbox 477 603 2071 688">
     <span class='ocr_line' id='line_1_3' title="bbox 477 603 2071 688; baseline -0.011 -15"><span class='ocrx_word' id='word_1_11' title='bbox 477 614 620 688; x_wconf 89' lang='lat' dir='ltr'><strong>quod</strong></span> <span class='ocrx_word' id='word_1_12' title='bbox 640 629 700 670; x_wconf 87' lang='lat' dir='ltr'><strong>se</strong></span> <span class='ocrx_word' id='word_1_13' title='bbox 743 614 858 684; x_wconf 88' lang='lat' dir='ltr'><strong>ipse</strong></span> <span class='ocrx_word' id='word_1_14' title='bbox 883 609 1183 666; x_wconf 70' lang='lat' dir='ltr'><strong>destruxit?</strong></span> <span class='ocrx_word' id='word_1_15' title='bbox 1229 607 1288 662; x_wconf 90' lang='lat' dir='ltr'><strong>Si</strong></span> <span class='ocrx_word' id='word_1_16' title='bbox 1314 607 1456 662; x_wconf 92' lang='lat' dir='ltr'><strong>enim</strong></span> <span class='ocrx_word' id='word_1_17' title='bbox 1504 606 1642 662; x_wconf 90' lang='lat' dir='ltr'><strong>sicut</strong></span> <span class='ocrx_word' id='word_1_18' title='bbox 1667 603 1899 658; x_wconf 86' lang='lat' dir='ltr'><strong>hominis</strong></span> <span class='ocrx_word' id='word_1_19' title='bbox 1924 617 2071 666; x_wconf 89' lang='lat' dir='ltr'><strong>caro,</strong></span> 
     </span>
    </p>
   </div>
   <div class='ocr_carea' id='block_1_4' title="bbox 476 695 2070 766">
    <p class='ocr_par' dir='ltr' id='par_1_4' title="bbox 476 695 2070 766">
     <span class='ocr_line' id='line_1_4' title="bbox 476 695 2070 766; baseline -0.011 -1"><span class='ocrx_word' id='word_1_20' title='bbox 476 719 634 766; x_wconf 78' lang='lat' dir='ltr'><strong>etiam</strong></span> <span class='ocrx_word' id='word_1_21' title='bbox 679 705 911 761; x_wconf 86' lang='lat' dir='ltr'><strong>hominis</strong></span> <span class='ocrx_word' id='word_1_22' title='bbox 940 703 1117 758; x_wconf 90' lang='lat' dir='ltr'><strong>anima</strong></span> <span class='ocrx_word' id='word_1_23' title='bbox 1149 702 1384 756; x_wconf 89' lang='lat' dir='ltr'><strong>nascitur</strong></span> <span class='ocrx_word' id='word_1_24' title='bbox 1407 703 1520 756; x_wconf 91' lang='lat' dir='ltr'><strong>sive</strong></span> <span class='ocrx_word' id='word_1_25' title='bbox 1569 699 1710 754; x_wconf 89' lang='lat' dir='ltr'><strong>bona</strong></span> <span class='ocrx_word' id='word_1_26' title='bbox 1745 698 1859 754; x_wconf 86' lang='lat' dir='ltr'><strong>sive</strong></span> <span class='ocrx_word' id='word_1_27' title='bbox 1902 695 2070 762; x_wconf 88' lang='lat' dir='ltr'><strong>mala;</strong></span> 
     </span>
    </p>
   </div>
   <div class='ocr_carea' id='block_1_5' title="bbox 475 788 2068 854">
    <p class='ocr_par' dir='ltr' id='par_1_5' title="bbox 475 788 2068 854">
     <span class='ocr_line' id='line_1_5' title="bbox 475 788 2068 854; baseline -0.008 0"><span class='ocrx_word' id='word_1_28' title='bbox 475 799 607 854; x_wconf 89' lang='lat' dir='ltr'><strong>duas</strong></span> <span class='ocrx_word' id='word_1_29' title='bbox 636 796 780 852; x_wconf 90' lang='lat' dir='ltr'><strong>enim</strong></span> <span class='ocrx_word' id='word_1_30' title='bbox 807 795 964 850; x_wconf 88' lang='lat' dir='ltr'><strong>simul</strong></span> <span class='ocrx_word' id='word_1_31' title='bbox 985 795 1188 848; x_wconf 88' lang='lat' dir='ltr'><strong>animas</strong></span> <span class='ocrx_word' id='word_1_32' title='bbox 1213 793 1266 848; x_wconf 92' lang='lat' dir='ltr'><strong>in</strong></span> <span class='ocrx_word' id='word_1_33' title='bbox 1301 793 1516 846; x_wconf 91' lang='lat' dir='ltr'><strong>homine</strong></span> <span class='ocrx_word' id='word_1_34' title='bbox 1547 807 1652 846; x_wconf 87' lang='lat' dir='ltr'><strong>uno</strong></span> <span class='ocrx_word' id='word_1_35' title='bbox 1681 805 1801 846; x_wconf 87' lang='lat' dir='ltr'><strong>esse</strong></span> <span class='ocrx_word' id='word_1_36' title='bbox 1821 788 2068 853; x_wconf 88' lang='lat' dir='ltr'><strong>delirant,</strong></span> 
     </span>
    </p>
   </div>
   <div class='ocr_carea' id='block_1_6' title="bbox 477 880 2072 954">
    <p class='ocr_par' dir='ltr' id='par_1_6' title="bbox 477 880 2072 954">
     <span class='ocr_line' id='line_1_6' title="bbox 477 880 2072 954; baseline -0.008 -8"><span class='ocrx_word' id='word_1_37' title='bbox 477 903 638 946; x_wconf 89' lang='lat' dir='ltr'><strong>unam</strong></span> <span class='ocrx_word' id='word_1_38' title='bbox 677 888 893 950; x_wconf 89' lang='lat' dir='ltr'><strong>malam,</strong></span> <span class='ocrx_word' id='word_1_39' title='bbox 931 886 1151 942; x_wconf 88' lang='lat' dir='ltr'><strong>alteram</strong></span> <span class='ocrx_word' id='word_1_40' title='bbox 1195 885 1412 950; x_wconf 83' lang='lat' dir='ltr'><strong>bonam,</strong></span> <span class='ocrx_word' id='word_1_41' title='bbox 1456 883 1524 938; x_wconf 91' lang='lat' dir='ltr'><strong>de</strong></span> <span class='ocrx_word' id='word_1_42' title='bbox 1551 885 1664 939; x_wconf 90' lang='lat' dir='ltr'><strong>suis</strong></span> <span class='ocrx_word' id='word_1_43' title='bbox 1691 881 1964 954; x_wconf 79' lang='lat' dir='ltr'><strong>principiis</strong></span> <span class='ocrx_word' id='word_1_44' title='bbox 1993 880 2072 935; x_wconf 88' lang='lat' dir='ltr'><strong>di-</strong></span> 
     </span>
    </p>
   </div>
   <div class='ocr_carea' id='block_1_7' title="bbox 475 973 2073 1047">
    <p class='ocr_par' dir='ltr' id='par_1_7' title="bbox 475 973 2073 1047">
     <span class='ocr_line' id='line_1_7' title="bbox 475 973 2073 1047; baseline -0.005 -13"><span class='ocrx_word' id='word_1_45' title='bbox 475 981 646 1038; x_wconf 83' lang='lat' dir='ltr'><strong>versis</strong></span> <span class='ocrx_word' id='word_1_46' title='bbox 689 985 1000 1034; x_wconf 88' lang='lat' dir='ltr'><strong>emanantes</strong></span> <span class='ocrx_word' id='word_1_47' title='bbox 1027 995 1040 1032; x_wconf 92' lang='lat'><strong>:</strong></span> <span class='ocrx_word' id='word_1_48' title='bbox 1071 978 1116 1032; x_wconf 92' lang='lat' dir='ltr'><strong>si</strong></span> <span class='ocrx_word' id='word_1_49' title='bbox 1145 991 1272 1047; x_wconf 85' lang='lat' dir='ltr'><strong>ergo</strong></span> <span class='ocrx_word' id='word_1_50' title='bbox 1327 975 1566 1030; x_wconf 89' lang='lat' dir='ltr'><strong>nascitur</strong></span> <span class='ocrx_word' id='word_1_51' title='bbox 1607 975 1805 1039; x_wconf 88' lang='lat' dir='ltr'><strong>anima,</strong></span> <span class='ocrx_word' id='word_1_52' title='bbox 1859 973 2073 1044; x_wconf 80' lang='lat' dir='ltr'><strong>quando</strong></span> 
     </span>
    </p>
   </div>
   <div class='ocr_carea' id='block_1_8' title="bbox 475 1070 2072 1142">
    <p class='ocr_par' dir='ltr' id='par_1_8' title="bbox 475 1070 2072 1142">
     <span class='ocr_line' id='line_1_8' title="bbox 475 1070 2072 1142; baseline -0.003 -13"><span class='ocrx_word' id='word_1_53' title='bbox 475 1074 710 1130; x_wconf 89' lang='lat' dir='ltr'><strong>nascitur</strong></span> <span class='ocrx_word' id='word_1_54' title='bbox 748 1087 908 1138; x_wconf 90' lang='lat' dir='ltr'><strong>caro;</strong></span> <span class='ocrx_word' id='word_1_55' title='bbox 953 1072 1336 1142; x_wconf 79' lang='lat' dir='ltr'><strong>profecto-nec</strong></span> <span class='ocrx_word' id='word_1_56' title='bbox 1377 1071 1511 1126; x_wconf 87' lang='lat' dir='ltr'><strong>mala</strong></span> <span class='ocrx_word' id='word_1_57' title='bbox 1557 1070 1645 1124; x_wconf 89' lang='lat' dir='ltr'><strong>illa</strong></span> <span class='ocrx_word' id='word_1_58' title='bbox 1695 1079 1779 1126; x_wconf 93' lang='lat' dir='ltr'><strong>est</strong></span> <span class='ocrx_word' id='word_1_59' title='bbox 1823 1070 1934 1124; x_wconf 90' lang='lat' dir='ltr'><strong>Deo</strong></span> <span class='ocrx_word' id='word_1_60' title='bbox 1975 1083 2072 1124; x_wconf 84' lang='lat' dir='ltr'><strong>co-</strong></span> 
     </span>
    </p>
   </div>
   <div class='ocr_carea' id='block_1_9' title="bbox 473 1161 2074 1235">
    <p class='ocr_par' dir='ltr' id='par_1_9' title="bbox 473 1161 2074 1235">
     <span class='ocr_line' id='line_1_9' title="bbox 473 1161 2074 1235; baseline -0.002 -15"><span class='ocrx_word' id='word_1_61' title='bbox 473 1176 695 1230; x_wconf 70' lang='lat' dir='ltr'><strong>mterna,</strong></span> <span class='ocrx_word' id='word_1_62' title='bbox 723 1180 824 1221; x_wconf 89' lang='lat' dir='ltr'><strong>nec</strong></span> <span class='ocrx_word' id='word_1_63' title='bbox 843 1173 1026 1220; x_wconf 86' lang='lat' dir='ltr'><strong>contra</strong></span> <span class='ocrx_word' id='word_1_64' title='bbox 1057 1164 1324 1235; x_wconf 84' lang='lat' dir='ltr'><strong>principes</strong></span> <span class='ocrx_word' id='word_1_65' title='bbox 1359 1163 1699 1219; x_wconf 90' lang='lat' dir='ltr'><strong>tenebrarum</strong></span> <span class='ocrx_word' id='word_1_66' title='bbox 1741 1162 1904 1228; x_wconf 89' lang='lat' dir='ltr'><strong>bona,</strong></span> <span class='ocrx_word' id='word_1_67' title='bbox 1934 1161 2074 1216; x_wconf 88' lang='lat' dir='ltr'><strong>sicut</strong></span> 
     </span>
    </p>
   </div>
   <div class='ocr_carea' id='block_1_10' title="bbox 473 1253 2070 1330">
    <p class='ocr_par' dir='ltr' id='par_1_10' title="bbox 473 1253 2070 1330">
     <span class='ocr_line' id='line_1_10' title="bbox 473 1253 2070 1330; baseline -0.003 -16"><span class='ocrx_word' id='word_1_68' title='bbox 473 1260 588 1330; x_wconf 86' lang='lat' dir='ltr'><strong>ejus</strong></span> <span class='ocrx_word' id='word_1_69' title='bbox 617 1267 760 1314; x_wconf 88' lang='lat' dir='ltr'><strong>secta</strong></span> <span class='ocrx_word' id='word_1_70' title='bbox 795 1258 1009 1328; x_wconf 76' lang='lat' dir='ltr'><strong>desipit,</strong></span> <span class='ocrx_word' id='word_1_71' title='bbox 1043 1257 1108 1312; x_wconf 90' lang='lat' dir='ltr'><strong>ab</strong></span> <span class='ocrx_word' id='word_1_72' title='bbox 1139 1266 1343 1312; x_wconf 70' lang='lat' dir='ltr'><strong>reterno</strong></span> <span class='ocrx_word' id='word_1_73' title='bbox 1383 1255 1539 1311; x_wconf 88' lang='lat' dir='ltr'><strong>Patre</strong></span> <span class='ocrx_word' id='word_1_74' title='bbox 1563 1255 1774 1326; x_wconf 86' lang='lat' dir='ltr'><strong>prolata</strong></span> <span class='ocrx_word' id='word_1_75' title='bbox 1816 1262 1920 1309; x_wconf 91' lang='lat' dir='ltr'><strong>est.</strong></span> <span class='ocrx_word' id='word_1_76' title='bbox 1961 1253 2070 1310; x_wconf 87' lang='lat' dir='ltr'><strong>Sed</strong></span> 
     </span>
    </p>
   </div>
   <div class='ocr_carea' id='block_1_11' title="bbox 473 1347 2072 1422">
    <p class='ocr_par' dir='ltr' id='par_1_11' title="bbox 473 1347 2072 1422">
     <span class='ocr_line' id='line_1_11' title="bbox 473 1347 2072 1422; baseline 0 -16"><span class='ocrx_word' id='word_1_77' title='bbox 473 1365 688 1422; x_wconf 88' lang='lat' dir='ltr'><strong>quoquo</strong></span> <span class='ocrx_word' id='word_1_78' title='bbox 709 1349 870 1406; x_wconf 90' lang='lat' dir='ltr'><strong>modo</strong></span> <span class='ocrx_word' id='word_1_79' title='bbox 895 1349 1039 1404; x_wconf 91' lang='lat' dir='ltr'><strong>dicat</strong></span> <span class='ocrx_word' id='word_1_80' title='bbox 1073 1349 1396 1404; x_wconf 82' lang='lat' dir='ltr'><strong>Manichacus</strong></span> <span class='ocrx_word' id='word_1_81' title='bbox 1425 1349 1630 1404; x_wconf 89' lang='lat' dir='ltr'><strong>animas</strong></span> <span class='ocrx_word' id='word_1_82' title='bbox 1657 1349 1828 1416; x_wconf 89' lang='lat' dir='ltr'><strong>nasci,</strong></span> <span class='ocrx_word' id='word_1_83' title='bbox 1868 1347 1935 1403; x_wconf 91' lang='lat' dir='ltr'><strong>ad</strong></span> <span class='ocrx_word' id='word_1_84' title='bbox 1974 1363 2072 1406; x_wconf 86' lang='lat' dir='ltr'><strong>nos</strong></span> 
     </span>
    </p>
   </div>
   <div class='ocr_carea' id='block_1_12' title="bbox 473 1439 2071 1513">
    <p class='ocr_par' dir='ltr' id='par_1_12' title="bbox 473 1439 2071 1513">
     <span class='ocr_line' id='line_1_12' title="bbox 473 1439 2071 1513; baseline -0.003 -15"><span class='ocrx_word' id='word_1_85' title='bbox 473 1443 598 1513; x_wconf 90' lang='lat' dir='ltr'><strong>quid</strong></span> <span class='ocrx_word' id='word_1_86' title='bbox 630 1443 881 1512; x_wconf 89' lang='lat' dir='ltr'><strong>pertinet,</strong></span> <span class='ocrx_word' id='word_1_87' title='bbox 913 1442 1005 1512; x_wconf 90' lang='lat' dir='ltr'><strong>qui</strong></span> <span class='ocrx_word' id='word_1_88' title='bbox 1031 1441 1194 1496; x_wconf 86' lang='lat' dir='ltr'><strong>verba</strong></span> <span class='ocrx_word' id='word_1_89' title='bbox 1224 1439 1313 1495; x_wconf 90' lang='lat' dir='ltr'><strong>illa</strong></span> <span class='ocrx_word' id='word_1_90' title='bbox 1343 1440 1592 1508; x_wconf 88' lang='lat' dir='ltr'><strong>Domini,</strong></span> <span class='ocrx_word' id='word_1_91' title='bbox 1627 1440 1778 1506; x_wconf 81' lang='lat' dir='ltr'><strong>Quod</strong></span> <span class='ocrx_word' id='word_1_92' title='bbox 1805 1450 1979 1496; x_wconf 83' lang='lat' dir='ltr'><strong>natum</strong></span> <span class='ocrx_word' id='word_1_93' title='bbox 2000 1449 2071 1496; x_wconf 80' lang='lat' dir='ltr'><strong>est</strong></span> 
     </span>
    </p>
   </div>
   <div class='ocr_carea' id='block_1_13' title="bbox 471 1531 2070 1604">
    <p class='ocr_par' dir='ltr' id='par_1_13' title="bbox 471 1531 2070 1604">
     <span class='ocr_line' id='line_1_13' title="bbox 471 1531 2070 1604; baseline -0.001 -16"><span class='ocrx_word' id='word_1_94' title='bbox 471 1550 538 1588; x_wconf 73' lang='lat' dir='ltr'><strong>ea;</strong></span> <span class='ocrx_word' id='word_1_95' title='bbox 562 1550 734 1600; x_wconf 83' lang='lat' dir='ltr'><strong>carne,</strong></span> <span class='ocrx_word' id='word_1_96' title='bbox 756 1549 875 1587; x_wconf 86' lang='lat' dir='ltr'><strong>caro</strong></span> <span class='ocrx_word' id='word_1_97' title='bbox 895 1541 1000 1597; x_wconf 84' lang='lat' dir='ltr'><strong>est;</strong></span> <span class='ocrx_word' id='word_1_98' title='bbox 1044 1540 1088 1585; x_wconf 84' lang='lat' dir='ltr'><strong>et</strong></span> <span class='ocrx_word' id='word_1_99' title='bbox 1108 1531 1242 1602; x_wconf 82' lang='lat' dir='ltr'><strong>quod</strong></span> <span class='ocrx_word' id='word_1_100' title='bbox 1270 1541 1446 1585; x_wconf 86' lang='lat' dir='ltr'><strong>natum</strong></span> <span class='ocrx_word' id='word_1_101' title='bbox 1485 1539 1556 1586; x_wconf 86' lang='lat' dir='ltr'><strong>est</strong></span> <span class='ocrx_word' id='word_1_102' title='bbox 1585 1531 1648 1587; x_wconf 77' lang='lat' dir='ltr'><strong>de</strong></span> <span class='ocrx_word' id='word_1_103' title='bbox 1668 1533 1873 1604; x_wconf 88' lang='lat' dir='ltr'><strong>spiritu,</strong></span> <span class='ocrx_word' id='word_1_104' title='bbox 1911 1533 2070 1602; x_wconf 76' lang='lat' dir='ltr'><strong>spiri-</strong></span> 
     </span>
    </p>
   </div>
   <div class='ocr_carea' id='block_1_14' title="bbox 473 1621 2068 1697">
    <p class='ocr_par' dir='ltr' id='par_1_14' title="bbox 473 1621 2068 1697">
     <span class='ocr_line' id='line_1_14' title="bbox 473 1621 2068 1697; baseline 0 -18"><span class='ocrx_word' id='word_1_105' title='bbox 473 1635 554 1679; x_wconf 90' lang='lat' dir='ltr'><strong>tus</strong></span> <span class='ocrx_word' id='word_1_106' title='bbox 580 1635 656 1680; x_wconf 87' lang='lat' dir='ltr'><strong>est</strong></span> <span class='ocrx_word' id='word_1_107' title='bbox 679 1623 856 1697; x_wconf 83' lang='lat' dir='ltr'><strong>(Joan.</strong></span> <span class='ocrx_word' id='word_1_108' title='bbox 892 1639 968 1690; x_wconf 87' lang='lat' dir='ltr'>III,</span> <span class='ocrx_word' id='word_1_109' title='bbox 1001 1621 1096 1692; x_wconf 84' lang='lat'><strong>6);</strong></span> <span class='ocrx_word' id='word_1_110' title='bbox 1141 1638 1248 1677; x_wconf 86' lang='lat' dir='ltr'><strong>non</strong></span> <span class='ocrx_word' id='word_1_111' title='bbox 1275 1638 1396 1676; x_wconf 89' lang='lat' dir='ltr'><strong>cum</strong></span> <span class='ocrx_word' id='word_1_112' title='bbox 1429 1621 1592 1676; x_wconf 91' lang='lat' dir='ltr'><strong>homo</strong></span> <span class='ocrx_word' id='word_1_113' title='bbox 1629 1637 1696 1678; x_wconf 81' lang='lat' dir='ltr'><strong>ex</strong></span> <span class='ocrx_word' id='word_1_114' title='bbox 1725 1623 1940 1678; x_wconf 87' lang='lat' dir='ltr'><strong>homine</strong></span> <span class='ocrx_word' id='word_1_115' title='bbox 1969 1639 2068 1679; x_wconf 84' lang='lat' dir='ltr'><strong>na-</strong></span> 
     </span>
    </p>
   </div>
   <div class='ocr_carea' id='block_1_15' title="bbox 471 1715 2070 1785">
    <p class='ocr_par' dir='ltr' id='par_1_15' title="bbox 471 1715 2070 1785">
     <span class='ocr_line' id='line_1_15' title="bbox 471 1715 2070 1785; baseline -0.001 -12"><span class='ocrx_word' id='word_1_116' title='bbox 471 1720 657 1782; x_wconf 85' lang='lat' dir='ltr'><strong>scitur,</strong></span> <span class='ocrx_word' id='word_1_117' title='bbox 676 1716 770 1772; x_wconf 91' lang='lat' dir='ltr'><strong>sed</strong></span> <span class='ocrx_word' id='word_1_118' title='bbox 788 1731 908 1771; x_wconf 91' lang='lat' dir='ltr'><strong>cum</strong></span> <span class='ocrx_word' id='word_1_119' title='bbox 923 1731 987 1770; x_wconf 83' lang='lat' dir='ltr'><strong>ex</strong></span> <span class='ocrx_word' id='word_1_120' title='bbox 1011 1715 1104 1770; x_wconf 91' lang='lat' dir='ltr'><strong>Dei</strong></span> <span class='ocrx_word' id='word_1_121' title='bbox 1125 1715 1312 1785; x_wconf 87' lang='lat' dir='ltr'><strong>spiritu</strong></span> <span class='ocrx_word' id='word_1_122' title='bbox 1339 1719 1654 1780; x_wconf 87' lang='lat' dir='ltr'><strong>renascitur,</strong></span> <span class='ocrx_word' id='word_1_123' title='bbox 1689 1715 1805 1770; x_wconf 88' lang='lat' dir='ltr'><strong>ﬁeri</strong></span> <span class='ocrx_word' id='word_1_124' title='bbox 1825 1717 2070 1772; x_wconf 83' lang='lat' dir='ltr'><strong>novimus</strong></span> 
     </span>
    </p>
   </div>
   <div class='ocr_carea' id='block_1_16' title="bbox 472 1806 2069 1876">
    <p class='ocr_par' dir='ltr' id='par_1_16' title="bbox 472 1806 2069 1876">
     <span class='ocr_line' id='line_1_16' title="bbox 472 1806 2069 1876; baseline -0.001 -12"><span class='ocrx_word' id='word_1_125' title='bbox 472 1819 527 1864; x_wconf 92' lang='lat' dir='ltr'><strong>et</strong></span> <span class='ocrx_word' id='word_1_126' title='bbox 552 1808 832 1864; x_wconf 85' lang='lat' dir='ltr'><strong>tenemus?</strong></span> <span class='ocrx_word' id='word_1_127' title='bbox 875 1806 992 1862; x_wconf 87' lang='lat' dir='ltr'><strong>Non</strong></span> <span class='ocrx_word' id='word_1_128' title='bbox 1022 1807 1166 1861; x_wconf 91' lang='lat' dir='ltr'><strong>enim</strong></span> <span class='ocrx_word' id='word_1_129' title='bbox 1197 1807 1560 1876; x_wconf 88' lang='lat' dir='ltr'><strong>evangelicus,</strong></span> <span class='ocrx_word' id='word_1_130' title='bbox 1612 1808 1726 1876; x_wconf 89' lang='lat' dir='ltr'><strong>ipse</strong></span> <span class='ocrx_word' id='word_1_131' title='bbox 1757 1815 1900 1861; x_wconf 91' lang='lat' dir='ltr'><strong>totus</strong></span> <span class='ocrx_word' id='word_1_132' title='bbox 1921 1808 2069 1862; x_wconf 90' lang='lat' dir='ltr'><strong>locus</strong></span> 
     </span>
    </p>
   </div>
   <div class='ocr_carea' id='block_1_17' title="bbox 471 1899 2070 1972">
    <p class='ocr_par' dir='ltr' id='par_1_17' title="bbox 471 1899 2070 1972">
     <span class='ocr_line' id='line_1_17' title="bbox 471 1899 2070 1972; baseline 0.002 -17"><span class='ocrx_word' id='word_1_133' title='bbox 471 1901 615 1956; x_wconf 87' lang='lat' dir='ltr'><strong>aliud</strong></span> <span class='ocrx_word' id='word_1_134' title='bbox 661 1899 919 1970; x_wconf 85' lang='lat' dir='ltr'><strong>permittit</strong></span> <span class='ocrx_word' id='word_1_135' title='bbox 963 1900 1206 1971; x_wconf 80' lang='lat' dir='ltr'><strong>intelligi.</strong></span> <span class='ocrx_word' id='word_1_136' title='bbox 1256 1901 1448 1967; x_wconf 56' lang='lat' dir='ltr'><strong>Quaere</strong></span> <span class='ocrx_word' id='word_1_137' title='bbox 1488 1915 1616 1971; x_wconf 86' lang='lat' dir='ltr'><strong>ergo</strong></span> <span class='ocrx_word' id='word_1_138' title='bbox 1655 1901 1847 1970; x_wconf 87' lang='lat' dir='ltr'><strong>quibus</strong></span> <span class='ocrx_word' id='word_1_139' title='bbox 1897 1903 2070 1972; x_wconf 91' lang='lat' dir='ltr'><strong>possis</strong></span> 
     </span>
    </p>
   </div>
   <div class='ocr_carea' id='block_1_18' title="bbox 473 1993 2070 2067">
    <p class='ocr_par' dir='ltr' id='par_1_18' title="bbox 473 1993 2070 2067">
     <span class='ocr_line' id='line_1_18' title="bbox 473 1993 2070 2067; baseline 0.004 -19"><span class='ocrx_word' id='word_1_140' title='bbox 473 1993 752 2050; x_wconf 74' lang='lat' dir='ltr'><strong>Manichtei</strong></span> <span class='ocrx_word' id='word_1_141' title='bbox 773 1995 870 2050; x_wconf 85' lang='lat' dir='ltr'><strong>has</strong></span> <span class='ocrx_word' id='word_1_142' title='bbox 901 1995 1107 2052; x_wconf 85' lang='lat' dir='ltr'><strong>fabulas</strong></span> <span class='ocrx_word' id='word_1_143' title='bbox 1130 1995 1398 2063; x_wconf 83' lang='lat' dir='ltr'><strong>vendere;</strong></span> <span class='ocrx_word' id='word_1_144' title='bbox 1437 2005 1491 2052; x_wconf 89' lang='lat' dir='ltr'><strong>et</strong></span> <span class='ocrx_word' id='word_1_145' title='bbox 1519 1996 1694 2066; x_wconf 86' lang='lat' dir='ltr'><strong>potius</strong></span> <span class='ocrx_word' id='word_1_146' title='bbox 1721 2005 1940 2067; x_wconf 88' lang='lat' dir='ltr'><strong>propter</strong></span> <span class='ocrx_word' id='word_1_147' title='bbox 1979 1997 2070 2054; x_wconf 85' lang='lat' dir='ltr'><strong>illa</strong></span> 
     </span>
    </p>
   </div>
   <div class='ocr_carea' id='block_1_19' title="bbox 471 2088 2070 2160">
    <p class='ocr_par' dir='ltr' id='par_1_19' title="bbox 471 2088 2070 2160">
     <span class='ocr_line' id='line_1_19' title="bbox 471 2088 2070 2160; baseline 0.003 -19"><span class='ocrx_word' id='word_1_148' title='bbox 471 2103 590 2157; x_wconf 73' lang='lat' dir='ltr'><strong>qua:</strong></span> <span class='ocrx_word' id='word_1_149' title='bbox 619 2089 868 2158; x_wconf 87' lang='lat' dir='ltr'><strong>superius</strong></span> <span class='ocrx_word' id='word_1_150' title='bbox 907 2089 1034 2155; x_wconf 86' lang='lat' dir='ltr'><strong>dixi,</strong></span> <span class='ocrx_word' id='word_1_151' title='bbox 1071 2089 1340 2160; x_wconf 90' lang='lat' dir='ltr'><strong>quomodo</strong></span> <span class='ocrx_word' id='word_1_152' title='bbox 1385 2088 1802 2144; x_wconf 71' lang='lat' dir='ltr'><strong>Manichaaorum</strong></span> <span class='ocrx_word' id='word_1_153' title='bbox 1853 2104 1960 2146; x_wconf 87' lang='lat' dir='ltr'><strong>non</strong></span> <span class='ocrx_word' id='word_1_154' title='bbox 1997 2089 2070 2146; x_wconf 84' lang='lat' dir='ltr'><strong>sis</strong></span> 
     </span>
    </p>
   </div>
   <div class='ocr_carea' id='block_1_20' title="bbox 471 2179 954 2250">
    <p class='ocr_par' dir='ltr' id='par_1_20' title="bbox 471 2179 954 2250">
     <span class='ocr_line' id='line_1_20' title="bbox 471 2179 954 2250; baseline 0 -18"><span class='ocrx_word' id='word_1_155' title='bbox 471 2179 684 2250; x_wconf 69' lang='lat' dir='ltr'><strong>adiutor</strong></span> <span class='ocrx_word' id='word_1_156' title='bbox 707 2180 954 2235; x_wconf 87' lang='lat' dir='ltr'><strong>ostende.</strong></span> 
     </span>
    </p>
   </div>
   <div class='ocr_carea' id='block_1_21' title="bbox 541 2269 2068 2342">
    <p class='ocr_par' dir='ltr' id='par_1_21' title="bbox 541 2269 2068 2342">
     <span class='ocr_line' id='line_1_21' title="bbox 541 2269 2068 2342; baseline 0.001 -17"><span class='ocrx_word' id='word_1_157' title='bbox 541 2269 820 2326; x_wconf 79' lang='lat' dir='ltr'><strong>CLXXIII.</strong></span> <span class='ocrx_word' id='word_1_158' title='bbox 849 2270 970 2326; x_wconf 74' lang='lat' dir='ltr'><strong>Jun.</strong></span> <span class='ocrx_word' id='word_1_159' title='bbox 999 2269 1293 2342; x_wconf 88' lang='lat' dir='ltr'><strong>Cognoscis</strong></span> <span class='ocrx_word' id='word_1_160' title='bbox 1331 2285 1550 2341; x_wconf 89' lang='lat' dir='ltr'><strong>nempe,</strong></span> <span class='ocrx_word' id='word_1_161' title='bbox 1591 2270 1860 2342; x_wconf 87' lang='lat' dir='ltr'><strong>quomodo</strong></span> <span class='ocrx_word' id='word_1_162' title='bbox 1888 2272 2068 2342; x_wconf 84' lang='lat' dir='ltr'><strong>signa-</strong></span> 
     </span>
    </p>
   </div>
   <div class='ocr_carea' id='block_1_22' title="bbox 469 2365 2070 2433">
    <p class='ocr_par' dir='ltr' id='par_1_22' title="bbox 469 2365 2070 2433">
     <span class='ocr_line' id='line_1_22' title="bbox 469 2365 2070 2433; baseline 0.001 -14"><span class='ocrx_word' id='word_1_163' title='bbox 469 2365 676 2421; x_wconf 88' lang='lat' dir='ltr'><strong>tissime</strong></span> <span class='ocrx_word' id='word_1_164' title='bbox 697 2365 1022 2421; x_wconf 74' lang='lat' dir='ltr'><strong>Manichmus</strong></span> <span class='ocrx_word' id='word_1_165' title='bbox 1053 2365 1327 2420; x_wconf 84' lang='lat' dir='ltr'><strong>traducem</strong></span> <span class='ocrx_word' id='word_1_166' title='bbox 1357 2365 1642 2422; x_wconf 89' lang='lat' dir='ltr'><strong>conﬁrmet</strong></span> <span class='ocrx_word' id='word_1_167' title='bbox 1666 2367 1986 2433; x_wconf 88' lang='lat' dir='ltr'><strong>animarum,</strong></span> <span class='ocrx_word' id='word_1_168' title='bbox 2015 2373 2070 2421; x_wconf 87' lang='lat' dir='ltr'><strong>et</strong></span> 
     </span>
    </p>
   </div>
   <div class='ocr_carea' id='block_1_23' title="bbox 468 2456 2069 2529">
    <p class='ocr_par' dir='ltr' id='par_1_23' title="bbox 468 2456 2069 2529">
     <span class='ocr_line' id='line_1_23' title="bbox 468 2456 2069 2529; baseline 0 -17"><span class='ocrx_word' id='word_1_169' title='bbox 468 2473 574 2529; x_wconf 89' lang='lat' dir='ltr'><strong>quo</strong></span> <span class='ocrx_word' id='word_1_170' title='bbox 605 2459 909 2514; x_wconf 90' lang='lat' dir='ltr'><strong>testimonio</strong></span> <span class='ocrx_word' id='word_1_171' title='bbox 939 2467 1117 2514; x_wconf 88' lang='lat' dir='ltr'><strong>utatur</strong></span> <span class='ocrx_word' id='word_1_172' title='bbox 1145 2457 1212 2513; x_wconf 89' lang='lat' dir='ltr'><strong>ad</strong></span> <span class='ocrx_word' id='word_1_173' title='bbox 1240 2457 1686 2528; x_wconf 82' lang='lat' dir='ltr'><strong>vituperationem</strong></span> <span class='ocrx_word' id='word_1_174' title='bbox 1729 2457 1926 2522; x_wconf 89' lang='lat' dir='ltr'><strong>carnis,</strong></span> <span class='ocrx_word' id='word_1_175' title='bbox 1978 2456 2069 2512; x_wconf 89' lang='lat' dir='ltr'><strong>illo</strong></span> 
     </span>
    </p>
   </div>
   <div class='ocr_carea' id='block_1_24' title="bbox 467 2549 2070 2624">
    <p class='ocr_par' dir='ltr' id='par_1_24' title="bbox 467 2549 2070 2624">
     <span class='ocr_line' id='line_1_24' title="bbox 467 2549 2070 2624; baseline -0.002 -16"><span class='ocrx_word' id='word_1_176' title='bbox 467 2553 712 2608; x_wconf 78' lang='lat' dir='ltr'><strong>videlicet</strong></span> <span class='ocrx_word' id='word_1_177' title='bbox 743 2552 883 2624; x_wconf 90' lang='lat' dir='ltr'><strong>quod</strong></span> <span class='ocrx_word' id='word_1_178' title='bbox 915 2554 967 2608; x_wconf 93' lang='lat' dir='ltr'><strong>in</strong></span> <span class='ocrx_word' id='word_1_179' title='bbox 1013 2568 1107 2608; x_wconf 88' lang='lat' dir='ltr'><strong>ore</strong></span> <span class='ocrx_word' id='word_1_180' title='bbox 1150 2559 1332 2608; x_wconf 89' lang='lat' dir='ltr'><strong>vestro</strong></span> <span class='ocrx_word' id='word_1_181' title='bbox 1372 2559 1638 2618; x_wconf 84' lang='lat' dir='ltr'><strong>versatur,</strong></span> <span class='ocrx_word' id='word_1_182' title='bbox 1667 2551 1720 2606; x_wconf 93' lang='lat' dir='ltr'><strong>id</strong></span> <span class='ocrx_word' id='word_1_183' title='bbox 1761 2559 1864 2618; x_wconf 91' lang='lat' dir='ltr'><strong>est,</strong></span> <span class='ocrx_word' id='word_1_184' title='bbox 1918 2549 2070 2617; x_wconf 81' lang='lat' dir='ltr'><strong>Quod</strong></span> 
     </span>
    </p>
   </div>
   <div class='ocr_carea' id='block_1_25' title="bbox 468 2645 2068 2716">
    <p class='ocr_par' dir='ltr' id='par_1_25' title="bbox 468 2645 2068 2716">
     <span class='ocr_line' id='line_1_25' title="bbox 468 2645 2068 2716; baseline -0.001 -15"><span class='ocrx_word' id='word_1_185' title='bbox 468 2647 694 2701; x_wconf 81' lang='lat' dir='ltr'><strong>nascitur</strong></span> <span class='ocrx_word' id='word_1_186' title='bbox 719 2645 783 2700; x_wconf 84' lang='lat' dir='ltr'><strong>de</strong></span> <span class='ocrx_word' id='word_1_187' title='bbox 805 2663 978 2716; x_wconf 85' lang='lat' dir='ltr'><strong>carne,</strong></span> <span class='ocrx_word' id='word_1_188' title='bbox 1009 2663 1128 2700; x_wconf 82' lang='lat' dir='ltr'><strong>caro</strong></span> <span class='ocrx_word' id='word_1_189' title='bbox 1151 2655 1260 2711; x_wconf 85' lang='lat' dir='ltr'><strong>est;</strong></span> <span class='ocrx_word' id='word_1_190' title='bbox 1285 2655 1332 2700; x_wconf 87' lang='lat' dir='ltr'><strong>et</strong></span> <span class='ocrx_word' id='word_1_191' title='bbox 1359 2645 1496 2716; x_wconf 85' lang='lat' dir='ltr'><strong>quod</strong></span> <span class='ocrx_word' id='word_1_192' title='bbox 1527 2645 1590 2700; x_wconf 84' lang='lat' dir='ltr'><strong>de</strong></span> <span class='ocrx_word' id='word_1_193' title='bbox 1607 2645 1792 2716; x_wconf 87' lang='lat' dir='ltr'><strong>spiritu</strong></span> <span class='ocrx_word' id='word_1_194' title='bbox 1814 2687 1830 2713; x_wconf 93' lang='lat'><strong>,</strong></span> <span class='ocrx_word' id='word_1_195' title='bbox 1860 2645 2068 2716; x_wconf 80' lang='lat' dir='ltr'><strong>spiritus</strong></span> 
     </span>
    </p>
   </div>
   <div class='ocr_carea' id='block_1_26' title="bbox 467 2735 962 2811">
    <p class='ocr_par' dir='ltr' id='par_1_26' title="bbox 467 2735 962 2811">
     <span class='ocr_line' id='line_1_26' title="bbox 467 2735 962 2811; baseline 0 -19"><span class='ocrx_word' id='word_1_196' title='bbox 467 2744 540 2793; x_wconf 80' lang='lat' dir='ltr'><strong>est</strong></span> <span class='ocrx_word' id='word_1_197' title='bbox 574 2735 751 2808; x_wconf 85' lang='lat' dir='ltr'><strong>(Joan.</strong></span> <span class='ocrx_word' id='word_1_198' title='bbox 777 2754 856 2806; x_wconf 87' lang='grc' dir='ltr'><strong>ιιι,</strong></span> <span class='ocrx_word' id='word_1_199' title='bbox 883 2735 962 2811; x_wconf 86' lang='grc'><strong>6).</strong></span> 
     </span>
    </p>
   </div>
   <div class='ocr_carea' id='block_1_27' title="bbox 541 2829 2062 2902">
    <p class='ocr_par' dir='ltr' id='par_1_27' title="bbox 541 2829 2062 2902">
     <span class='ocr_line' id='line_1_27' title="bbox 541 2829 2062 2902; baseline -0.002 -15"><span class='ocrx_word' id='word_1_200' title='bbox 541 2833 676 2888; x_wconf 80' lang='lat' dir='ltr'><strong>Anc.</strong></span> <span class='ocrx_word' id='word_1_201' title='bbox 703 2831 822 2887; x_wconf 87' lang='lat' dir='ltr'><strong>Jam</strong></span> <span class='ocrx_word' id='word_1_202' title='bbox 844 2831 955 2886; x_wconf 80' lang='lat' dir='ltr'><strong>dixi</strong></span> <span class='ocrx_word' id='word_1_203' title='bbox 981 2831 1252 2902; x_wconf 91' lang='lat' dir='ltr'><strong>quomodo</strong></span> <span class='ocrx_word' id='word_1_204' title='bbox 1281 2845 1380 2886; x_wconf 91' lang='lat' dir='ltr'><strong>nos</strong></span> <span class='ocrx_word' id='word_1_205' title='bbox 1405 2830 1738 2901; x_wconf 65' lang='lat' dir='ltr'><strong>accipiamus,</strong></span> <span class='ocrx_word' id='word_1_206' title='bbox 1761 2829 1876 2884; x_wconf 81' lang='lat' dir='ltr'><strong>haec</strong></span> <span class='ocrx_word' id='word_1_207' title='bbox 1899 2829 2062 2885; x_wconf 87' lang='lat' dir='ltr'><strong>verba</strong></span> 
     </span>
    </p>
   </div>
   <div class='ocr_carea' id='block_1_28' title="bbox 465 2923 2066 2996">
    <p class='ocr_par' dir='ltr' id='par_1_28' title="bbox 465 2923 2066 2996">
     <span class='ocr_line' id='line_1_28' title="bbox 465 2923 2066 2996; baseline -0.002 -16"><span class='ocrx_word' id='word_1_208' title='bbox 465 2923 812 2996; x_wconf 87' lang='lat' dir='ltr'><strong>evangelica;</strong></span> <span class='ocrx_word' id='word_1_209' title='bbox 844 2923 1096 2994; x_wconf 88' lang='lat' dir='ltr'><strong>quoniam</strong></span> <span class='ocrx_word' id='word_1_210' title='bbox 1129 2939 1233 2978; x_wconf 91' lang='lat' dir='ltr'><strong>non</strong></span> <span class='ocrx_word' id='word_1_211' title='bbox 1259 2924 1700 2994; x_wconf 86' lang='lat' dir='ltr'><strong>generationem,-</strong></span> <span class='ocrx_word' id='word_1_212' title='bbox 1719 2923 1812 2977; x_wconf 92' lang='lat' dir='ltr'><strong>scd</strong></span> <span class='ocrx_word' id='word_1_213' title='bbox 1841 2937 2066 2992; x_wconf 77' lang='lat' dir='ltr'><strong>regene-</strong></span> 
     </span>
    </p>
   </div>
   <div class='ocr_carea' id='block_1_29' title="bbox 465 3015 2064 3086">
    <p class='ocr_par' dir='ltr' id='par_1_29' title="bbox 465 3015 2064 3086">
     <span class='ocr_line' id='line_1_29' title="bbox 465 3015 2064 3086; baseline -0.001 -15"><span class='ocrx_word' id='word_1_214' title='bbox 465 3021 730 3072; x_wconf 83' lang='lat' dir='ltr'><strong>rationem</strong></span> <span class='ocrx_word' id='word_1_215' title='bbox 783 3016 1000 3072; x_wconf 90' lang='lat' dir='ltr'><strong>docent.</strong></span> <span class='ocrx_word' id='word_1_216' title='bbox 1049 3016 1128 3072; x_wconf 91' lang='lat' dir='ltr'><strong>Tu</strong></span> <span class='ocrx_word' id='word_1_217' title='bbox 1171 3015 1278 3084; x_wconf 83' lang='lat' dir='ltr'><strong>die,</strong></span> <span class='ocrx_word' id='word_1_218' title='bbox 1325 3017 1370 3070; x_wconf 91' lang='lat' dir='ltr'><strong>si</strong></span> <span class='ocrx_word' id='word_1_219' title='bbox 1425 3024 1595 3086; x_wconf 82' lang='lat' dir='ltr'><strong>potes,</strong></span> <span class='ocrx_word' id='word_1_220' title='bbox 1643 3015 1910 3086; x_wconf 88' lang='lat' dir='ltr'><strong>quomodo</strong></span> <span class='ocrx_word' id='word_1_221' title='bbox 1958 3030 2064 3070; x_wconf 91' lang='lat' dir='ltr'><strong>non</strong></span> 
     </span>
    </p>
   </div>
   <div class='ocr_carea' id='block_1_30' title="bbox 467 3108 2065 3181">
    <p class='ocr_par' dir='ltr' id='par_1_30' title="bbox 467 3108 2065 3181">
     <span class='ocr_line' id='line_1_30' title="bbox 467 3108 2065 3181; baseline -0.003 -16"><span class='ocrx_word' id='word_1_222' title='bbox 467 3109 691 3181; x_wconf 87' lang='lat' dir='ltr'><strong>adjuves</strong></span> <span class='ocrx_word' id='word_1_223' title='bbox 717 3109 997 3164; x_wconf 79' lang='lat' dir='ltr'><strong>Manichaci</strong></span> <span class='ocrx_word' id='word_1_224' title='bbox 1027 3109 1187 3164; x_wconf 89' lang='lat' dir='ltr'><strong>verba</strong></span> <span class='ocrx_word' id='word_1_225' title='bbox 1231 3109 1484 3178; x_wconf 82' lang='lat' dir='ltr'><strong>sacrilega</strong></span> <span class='ocrx_word' id='word_1_226' title='bbox 1529 3109 1598 3163; x_wconf 90' lang='lat' dir='ltr'><strong>de</strong></span> <span class='ocrx_word' id='word_1_227' title='bbox 1631 3108 2065 3177; x_wconf 88' lang='lat' dir='ltr'><strong>concupiscentia</strong></span> 
     </span>
    </p>
   </div>
   <div class='ocr_carea' id='block_1_31' title="bbox 465 3199 2064 3272">
    <p class='ocr_par' dir='ltr' id='par_1_31' title="bbox 465 3199 2064 3272">
     <span class='ocr_line' id='line_1_31' title="bbox 465 3199 2064 3272; baseline -0.001 -16"><span class='ocrx_word' id='word_1_228' title='bbox 465 3203 664 3268; x_wconf 82' lang='lat' dir='ltr'><strong>carnis,</strong></span> <span class='ocrx_word' id='word_1_229' title='bbox 689 3217 846 3272; x_wconf 89' lang='lat' dir='ltr'><strong>quam</strong></span> <span class='ocrx_word' id='word_1_230' title='bbox 869 3209 1151 3270; x_wconf 88' lang='lat' dir='ltr'><strong>propterea</strong></span> <span class='ocrx_word' id='word_1_231' title='bbox 1183 3207 1242 3255; x_wconf 91' lang='lat' dir='ltr'><strong>tu</strong></span> <span class='ocrx_word' id='word_1_232' title='bbox 1279 3214 1442 3270; x_wconf 87' lang='lat' dir='ltr'><strong>negas</strong></span> <span class='ocrx_word' id='word_1_233' title='bbox 1465 3199 1530 3254; x_wconf 90' lang='lat' dir='ltr'><strong>de</strong></span> <span class='ocrx_word' id='word_1_234' title='bbox 1559 3209 1748 3254; x_wconf 89' lang='lat' dir='ltr'><strong>natura</strong></span> <span class='ocrx_word' id='word_1_235' title='bbox 1776 3200 1935 3268; x_wconf 90' lang='lat' dir='ltr'><strong>primi</strong></span> <span class='ocrx_word' id='word_1_236' title='bbox 1962 3199 2064 3254; x_wconf 88' lang='lat' dir='ltr'><strong>ho-</strong></span> 
     </span>
    </p>
   </div>
   <div class='ocr_carea' id='block_1_32' title="bbox 463 3290 2066 3362">
    <p class='ocr_par' dir='ltr' id='par_1_32' title="bbox 463 3290 2066 3362">
     <span class='ocr_line' id='line_1_32' title="bbox 463 3290 2066 3362; baseline -0.001 -14"><span class='ocrx_word' id='word_1_237' title='bbox 463 3293 625 3349; x_wconf 87' lang='lat' dir='ltr'><strong>mims</strong></span> <span class='ocrx_word' id='word_1_238' title='bbox 653 3291 1087 3362; x_wconf 62' lang='lat' dir='ltr'><strong>praevaricatione</strong></span> <span class='ocrx_word' id='word_1_239' title='bbox 1105 3290 1286 3346; x_wconf 88' lang='lat' dir='ltr'><strong>vitiata</strong></span> <span class='ocrx_word' id='word_1_240' title='bbox 1317 3291 1370 3344; x_wconf 90' lang='lat' dir='ltr'><strong>in</strong></span> <span class='ocrx_word' id='word_1_241' title='bbox 1400 3299 1640 3346; x_wconf 87' lang='lat' dir='ltr'><strong>nostram</strong></span> <span class='ocrx_word' id='word_1_242' title='bbox 1665 3301 1914 3346; x_wconf 83' lang='lat' dir='ltr'><strong>naturam</strong></span> <span class='ocrx_word' id='word_1_243' title='bbox 1939 3306 2066 3362; x_wconf 89' lang='lat' dir='ltr'><strong>pro-</strong></span> 
     </span>
    </p>
   </div>
   <div class='ocr_carea' id='block_1_33' title="bbox 464 3381 2065 3455">
    <p class='ocr_par' dir='ltr' id='par_1_33' title="bbox 464 3381 2065 3455">
     <span class='ocr_line' id='line_1_33' title="bbox 464 3381 2065 3455; baseline 0 -17"><span class='ocrx_word' id='word_1_244' title='bbox 464 3384 748 3455; x_wconf 75' lang='lat' dir='ltr'><strong>pagatione</strong></span> <span class='ocrx_word' id='word_1_245' title='bbox 809 3381 1177 3450; x_wconf 87' lang='lat' dir='ltr'><strong>descendere,</strong></span> <span class='ocrx_word' id='word_1_246' title='bbox 1252 3389 1311 3436; x_wconf 89' lang='lat' dir='ltr'><strong>ut</strong></span> <span class='ocrx_word' id='word_1_247' title='bbox 1369 3397 1488 3438; x_wconf 89' lang='lat' dir='ltr'><strong>eam</strong></span> <span class='ocrx_word' id='word_1_248' title='bbox 1551 3391 1765 3454; x_wconf 89' lang='lat' dir='ltr'><strong>putetur</strong></span> <span class='ocrx_word' id='word_1_249' title='bbox 1813 3383 1902 3439; x_wconf 90' lang='lat' dir='ltr'><strong>ille</strong></span> <span class='ocrx_word' id='word_1_250' title='bbox 1954 3383 2065 3438; x_wconf 89' lang='lat' dir='ltr'><strong>Deo</strong></span> 
     </span>
    </p>
   </div>
   <div class='ocr_carea' id='block_1_34' title="bbox 463 3474 2064 3546">
    <p class='ocr_par' dir='ltr' id='par_1_34' title="bbox 463 3474 2064 3546">
     <span class='ocr_line' id='line_1_34' title="bbox 463 3474 2064 3546; baseline -0.001 -14"><span class='ocrx_word' id='word_1_251' title='bbox 463 3485 746 3532; x_wconf 54' lang='lat' dir='ltr'><strong>coaeternus</strong></span> <span class='ocrx_word' id='word_1_252' title='bbox 769 3475 1110 3531; x_wconf 89' lang='lat' dir='ltr'><strong>tenebrarnm</strong></span> <span class='ocrx_word' id='word_1_253' title='bbox 1131 3475 1274 3546; x_wconf 82' lang='lat' dir='ltr'><strong>genti</strong></span> <span class='ocrx_word' id='word_1_254' title='bbox 1303 3475 1600 3530; x_wconf 87' lang='lat' dir='ltr'><strong>rectissime</strong></span> <span class='ocrx_word' id='word_1_255' title='bbox 1623 3474 1898 3546; x_wconf 88' lang='lat' dir='ltr'><strong>deputare.</strong></span> <span class='ocrx_word' id='word_1_256' title='bbox 1931 3475 2064 3530; x_wconf 87' lang='lat' dir='ltr'><strong>lusi-</strong></span> 
     </span>
    </p>
   </div>
   <div class='ocr_carea' id='block_1_35' title="bbox 465 3565 2065 3640">
    <p class='ocr_par' dir='ltr' id='par_1_35' title="bbox 465 3565 2065 3640">
     <span class='ocr_line' id='line_1_35' title="bbox 465 3565 2065 3640; baseline -0.001 -18"><span class='ocrx_word' id='word_1_257' title='bbox 465 3568 798 3640; x_wconf 80' lang='lat' dir='ltr'><strong>pientissime</strong></span> <span class='ocrx_word' id='word_1_258' title='bbox 828 3567 1026 3638; x_wconf 86' lang='lat' dir='ltr'><strong>quippe</strong></span> <span class='ocrx_word' id='word_1_259' title='bbox 1055 3574 1108 3622; x_wconf 87' lang='lat' dir='ltr'><strong>et</strong></span> <span class='ocrx_word' id='word_1_260' title='bbox 1135 3565 1595 3636; x_wconf 90' lang='lat' dir='ltr'><strong>impudentissime</strong></span> <span class='ocrx_word' id='word_1_261' title='bbox 1623 3566 1719 3622; x_wconf 88' lang='lat' dir='ltr'><strong>abs</strong></span> <span class='ocrx_word' id='word_1_262' title='bbox 1751 3575 1801 3621; x_wconf 87' lang='lat' dir='ltr'><strong>te</strong></span> <span class='ocrx_word' id='word_1_263' title='bbox 1841 3577 2065 3637; x_wconf 84' lang='lat' dir='ltr'><strong>negatur</strong></span> 
     </span>
    </p>
   </div>
   <div class='ocr_carea' id='block_1_36' title="bbox 464 3658 2064 3730">
    <p class='ocr_par' dir='ltr' id='par_1_36' title="bbox 464 3658 2064 3730">
     <span class='ocr_line' id='line_1_36' title="bbox 464 3658 2064 3730; baseline -0.002 -14"><span class='ocrx_word' id='word_1_264' title='bbox 464 3662 684 3728; x_wconf 87' lang='lat' dir='ltr'><strong>malum,</strong></span> <span class='ocrx_word' id='word_1_265' title='bbox 713 3675 820 3730; x_wconf 93' lang='lat' dir='ltr'><strong>quo</strong></span> <span class='ocrx_word' id='word_1_266' title='bbox 843 3673 972 3714; x_wconf 89' lang='lat' dir='ltr'><strong>caro</strong></span> <span class='ocrx_word' id='word_1_267' title='bbox 1016 3659 1348 3728; x_wconf 87' lang='lat' dir='ltr'><strong>concupiscit</strong></span> <span class='ocrx_word' id='word_1_268' title='bbox 1390 3659 1646 3714; x_wconf 88' lang='lat' dir='ltr'><strong>adversus</strong></span> <span class='ocrx_word' id='word_1_269' title='bbox 1691 3658 1959 3728; x_wconf 87' lang='lat' dir='ltr'><strong>spiritum,</strong></span> <span class='ocrx_word' id='word_1_270' title='bbox 2009 3665 2064 3714; x_wconf 89' lang='lat' dir='ltr'><strong>et</strong></span> 
     </span>
    </p>
   </div>
   <div class='ocr_carea' id='block_1_37' title="bbox 465 3749 1866 3822">
    <p class='ocr_par' dir='ltr' id='par_1_37' title="bbox 465 3749 1866 3822">
     <span class='ocr_line' id='line_1_37' title="bbox 465 3749 1866 3822; baseline -0.005 -12"><span class='ocrx_word' id='word_1_271' title='bbox 465 3761 648 3810; x_wconf 70' lang='lat' dir='ltr'><strong>contra</strong></span> <span class='ocrx_word' id='word_1_272' title='bbox 675 3749 818 3822; x_wconf 91' lang='lat' dir='ltr'><strong>quod</strong></span> <span class='ocrx_word' id='word_1_273' title='bbox 842 3759 1098 3822; x_wconf 91' lang='lat' dir='ltr'><strong>geruntur</strong></span> <span class='ocrx_word' id='word_1_274' title='bbox 1125 3750 1379 3806; x_wconf 89' lang='lat' dir='ltr'><strong>interiora</strong></span> <span class='ocrx_word' id='word_1_275' title='bbox 1405 3750 1546 3806; x_wconf 86' lang='lat' dir='ltr'><strong>bella</strong></span> <span class='ocrx_word' id='word_1_276' title='bbox 1573 3759 1866 3806; x_wconf 89' lang='lat' dir='ltr'><strong>castorum.</strong></span> 
     </span>
    </p>
   </div>
   <div class='ocr_carea' id='block_1_38' title="bbox 535 3840 2062 3912">
    <p class='ocr_par' dir='ltr' id='par_1_38' title="bbox 535 3840 2062 3912">
     <span class='ocr_line' id='line_1_38' title="bbox 535 3840 2062 3912; baseline -0.001 -14"><span class='ocrx_word' id='word_1_277' title='bbox 535 3841 813 3899; x_wconf 75' lang='lat' dir='ltr'><strong>CLXXIV.</strong></span> <span class='ocrx_word' id='word_1_278' title='bbox 873 3842 994 3897; x_wconf 72' lang='lat' dir='ltr'><strong>Jun.</strong></span> <span class='ocrx_word' id='word_1_279' title='bbox 1041 3841 1170 3898; x_wconf 91' lang='lat' dir='ltr'><strong>Ideo</strong></span> <span class='ocrx_word' id='word_1_280' title='bbox 1221 3857 1328 3896; x_wconf 93' lang='lat' dir='ltr'><strong>non</strong></span> <span class='ocrx_word' id='word_1_281' title='bbox 1376 3841 1554 3896; x_wconf 89' lang='lat' dir='ltr'><strong>solum</strong></span> <span class='ocrx_word' id='word_1_282' title='bbox 1597 3841 1918 3912; x_wconf 89' lang='lat' dir='ltr'><strong>eloquendo,</strong></span> <span class='ocrx_word' id='word_1_283' title='bbox 1966 3840 2062 3896; x_wconf 92' lang='lat' dir='ltr'><strong>sed</strong></span> 
     </span>
    </p>
   </div>
   <div class='ocr_carea' id='block_1_39' title="bbox 463 3933 2062 4007">
    <p class='ocr_par' dir='ltr' id='par_1_39' title="bbox 463 3933 2062 4007">
     <span class='ocr_line' id='line_1_39' title="bbox 463 3933 2062 4007; baseline -0.004 -13"><span class='ocrx_word' id='word_1_284' title='bbox 463 3939 624 3994; x_wconf 88' lang='lat' dir='ltr'><strong>etiam</strong></span> <span class='ocrx_word' id='word_1_285' title='bbox 673 3934 966 4007; x_wconf 86' lang='lat' dir='ltr'><strong>repetendo</strong></span> <span class='ocrx_word' id='word_1_286' title='bbox 1025 3933 1273 4000; x_wconf 86' lang='lat' dir='ltr'><strong>inculcat,</strong></span> <span class='ocrx_word' id='word_1_287' title='bbox 1319 3933 1584 4004; x_wconf 80' lang='lat' dir='ltr'><strong>dogmatis</strong></span> <span class='ocrx_word' id='word_1_288' title='bbox 1631 3934 1715 3988; x_wconf 91' lang='lat' dir='ltr'><strong>sui</strong></span> <span class='ocrx_word' id='word_1_289' title='bbox 1762 3948 1883 3988; x_wconf 87' lang='lat' dir='ltr'><strong>esse</strong></span> <span class='ocrx_word' id='word_1_290' title='bbox 1932 3949 2062 4005; x_wconf 88' lang='lat' dir='ltr'><strong>pro-</strong></span> 
     </span>
    </p>
   </div>
   <div class='ocr_carea' id='block_1_40' title="bbox 463 4024 2062 4100">
    <p class='ocr_par' dir='ltr' id='par_1_40' title="bbox 463 4024 2062 4100">
     <span class='ocr_line' id='line_1_40' title="bbox 463 4024 2062 4100; baseline -0.004 -16"><span class='ocrx_word' id='word_1_291' title='bbox 463 4030 664 4100; x_wconf 73' lang='lat' dir='ltr'><strong>prium,</strong></span> <span class='ocrx_word' id='word_1_292' title='bbox 694 4026 968 4082; x_wconf 86' lang='lat' dir='ltr'><strong>traducem</strong></span> <span class='ocrx_word' id='word_1_293' title='bbox 997 4026 1300 4100; x_wconf 85' lang='lat' dir='ltr'><strong>animarum</strong></span> <span class='ocrx_word' id='word_1_294' title='bbox 1337 4035 1525 4095; x_wconf 90' lang='lat' dir='ltr'><strong>putare</strong></span> <span class='ocrx_word' id='word_1_295' title='bbox 1557 4024 1735 4095; x_wconf 91' lang='lat' dir='ltr'><strong>:quod</strong></span> <span class='ocrx_word' id='word_1_296' title='bbox 1761 4026 1921 4078; x_wconf 88' lang='lat' dir='ltr'><strong>etiam</strong></span> <span class='ocrx_word' id='word_1_297' title='bbox 1965 4039 2062 4094; x_wconf 86' lang='lat' dir='ltr'><strong>per</strong></span> 
     </span>
    </p>
   </div>
   <div class='ocr_carea' id='block_1_41' title="bbox 463 4117 2060 4192">
    <p class='ocr_par' dir='ltr' id='par_1_41' title="bbox 463 4117 2060 4192">
     <span class='ocr_line' id='line_1_41' title="bbox 463 4117 2060 4192; baseline -0.003 -18"><span class='ocrx_word' id='word_1_298' title='bbox 463 4119 869 4175; x_wconf 73' lang='lat' dir='ltr'><strong>similitudinem</strong></span> <span class='ocrx_word' id='word_1_299' title='bbox 903 4117 1273 4192; x_wconf 88' lang='lat' dir='ltr'><strong>generantium</strong></span> <span class='ocrx_word' id='word_1_300' title='bbox 1304 4131 1590 4187; x_wconf 88' lang='lat' dir='ltr'><strong>corporum</strong></span> <span class='ocrx_word' id='word_1_301' title='bbox 1639 4117 1938 4188; x_wconf 84' lang='lat' dir='ltr'><strong>approbare</strong></span> <span class='ocrx_word' id='word_1_302' title='bbox 1966 4130 2060 4170; x_wconf 86' lang='lat' dir='ltr'><strong>co-</strong></span> 
     </span>
    </p>
   </div>
   <div class='ocr_carea' id='block_1_42' title="bbox 466 4208 2058 4280">
    <p class='ocr_par' dir='ltr' id='par_1_42' title="bbox 466 4208 2058 4280">
     <span class='ocr_line' id='line_1_42' title="bbox 466 4208 2058 4280; baseline -0.004 -12"><span class='ocrx_word' id='word_1_303' title='bbox 466 4224 614 4268; x_wconf 78' lang='lat' dir='ltr'><strong>natur</strong></span> <span class='ocrx_word' id='word_1_304' title='bbox 681 4231 700 4266; x_wconf 79' lang='grc' dir='ltr'>ι</span> <span class='ocrx_word' id='word_1_305' title='bbox 736 4211 886 4268; x_wconf 90' lang='lat' dir='ltr'><strong>Sicut</strong></span> <span class='ocrx_word' id='word_1_306' title='bbox 923 4211 1137 4274; x_wconf 70' lang='lat' dir='ltr'><strong>animm,</strong></span> <span class='ocrx_word' id='word_1_307' title='bbox 1175 4229 1195 4262; x_wconf 74' lang='grc' dir='ltr'><strong><em>ι</em></strong></span> <span class='ocrx_word' id='word_1_308' title='bbox 1227 4209 1418 4280; x_wconf 89' lang='lat' dir='ltr'><strong>inquit,</strong></span> <span class='ocrx_word' id='word_1_309' title='bbox 1457 4228 1476 4260; x_wconf 75' lang='grc' dir='ltr'>ι</span> <span class='ocrx_word' id='word_1_310' title='bbox 1507 4209 1796 4280; x_wconf 83' lang='lat' dir='ltr'><strong>gignuntur</strong></span> <span class='ocrx_word' id='word_1_311' title='bbox 1835 4209 1902 4262; x_wconf 90' lang='lat' dir='ltr'><strong>ab</strong></span> <span class='ocrx_word' id='word_1_312' title='bbox 1941 4208 2058 4262; x_wconf 83' lang='lat' dir='ltr'><strong>ani-</strong></span> 
     </span>
    </p>
   </div>
   <div class='ocr_carea' id='block_1_43' title="bbox 466 4293 2058 4374">
    <p class='ocr_par' dir='ltr' id='par_1_43' title="bbox 466 4293 2058 4374">
     <span class='ocr_line' id='line_1_43' title="bbox 466 4293 2058 4374; baseline -0.003 -15"><span class='ocrx_word' id='word_1_313' title='bbox 466 4307 674 4368; x_wconf 78' lang='lat' dir='ltr'><strong>mabus,</strong></span> <span class='ocrx_word' id='word_1_314' title='bbox 707 4293 779 4358; x_wconf 83' lang='lat' dir='ltr'><strong>ita</strong></span> <span class='ocrx_word' id='word_1_315' title='bbox 817 4303 1126 4374; x_wconf 89' lang='lat' dir='ltr'><strong>ﬁgmentum</strong></span> <span class='ocrx_word' id='word_1_316' title='bbox 1157 4301 1398 4370; x_wconf 91' lang='lat' dir='ltr'><strong>corporis</strong></span> <span class='ocrx_word' id='word_1_317' title='bbox 1421 4317 1452 4352; x_wconf 88' lang='lat' dir='ltr'><strong>a</strong></span> <span class='ocrx_word' id='word_1_318' title='bbox 1477 4301 1718 4368; x_wconf 90' lang='lat' dir='ltr'><strong>corporis</strong></span> <span class='ocrx_word' id='word_1_319' title='bbox 1743 4308 1931 4354; x_wconf 88' lang='lat' dir='ltr'><strong>natura</strong></span> <span class='ocrx_word' id='word_1_320' title='bbox 1973 4299 2058 4354; x_wconf 92' lang='lat' dir='ltr'><strong>di-</strong></span> 
     </span>
    </p>
   </div>
   <div class='ocr_carea' id='block_1_44' title="bbox 465 4391 2052 4468">
    <p class='ocr_par' dir='ltr' id='par_1_44' title="bbox 465 4391 2052 4468">
     <span class='ocr_line' id='line_1_44' title="bbox 465 4391 2052 4468; baseline -0.006 -14"><span class='ocrx_word' id='word_1_321' title='bbox 465 4399 701 4468; x_wconf 80' lang='lat' dir='ltr'><strong>geritur;</strong></span> <span class='ocrx_word' id='word_1_322' title='bbox 725 4407 779 4452; x_wconf 91' lang='lat' dir='ltr'><strong>et</strong></span> <span class='ocrx_word' id='word_1_323' title='bbox 800 4397 937 4450; x_wconf 89' lang='lat' dir='ltr'><strong>sicut</strong></span> <span class='ocrx_word' id='word_1_324' title='bbox 963 4411 1087 4450; x_wconf 89' lang='lat' dir='ltr'><strong>caro</strong></span> <span class='ocrx_word' id='word_1_325' title='bbox 1112 4395 1180 4450; x_wconf 91' lang='lat' dir='ltr'><strong>de</strong></span> <span class='ocrx_word' id='word_1_326' title='bbox 1205 4408 1386 4458; x_wconf 90' lang='lat' dir='ltr'><strong>carne,</strong></span> <span class='ocrx_word' id='word_1_327' title='bbox 1411 4393 1481 4446; x_wconf 91' lang='lat' dir='ltr'><strong>ita</strong></span> <span class='ocrx_word' id='word_1_328' title='bbox 1509 4395 1684 4448; x_wconf 89' lang='lat' dir='ltr'><strong>anima</strong></span> <span class='ocrx_word' id='word_1_329' title='bbox 1711 4391 1778 4446; x_wconf 91' lang='lat' dir='ltr'><strong>de</strong></span> <span class='ocrx_word' id='word_1_330' title='bbox 1807 4393 2004 4447; x_wconf 86' lang='lat' dir='ltr'><strong>anima.</strong></span> <span class='ocrx_word' id='word_1_331' title='bbox 2032 4411 2052 4445; x_wconf 71' lang='grc' dir='ltr'>ι</span> 
     </span>
    </p>
   </div>
   <div class='ocr_carea' id='block_1_45' title="bbox 463 4485 2058 4564">
    <p class='ocr_par' dir='ltr' id='par_1_45' title="bbox 463 4485 2058 4564">
     <span class='ocr_line' id='line_1_45' title="bbox 463 4485 2058 4564; baseline -0.006 -17"><span class='ocrx_word' id='word_1_332' title='bbox 463 4491 565 4547; x_wconf 84' lang='lat' dir='ltr'><strong>Sed</strong></span> <span class='ocrx_word' id='word_1_333' title='bbox 598 4503 880 4564; x_wconf 78' lang='lat' dir='ltr'><strong>pergamus</strong></span> <span class='ocrx_word' id='word_1_334' title='bbox 906 4488 974 4543; x_wconf 90' lang='lat' dir='ltr'><strong>ad</strong></span> <span class='ocrx_word' id='word_1_335' title='bbox 1001 4487 1223 4557; x_wconf 88' lang='lat' dir='ltr'><strong>reliqua.</strong></span> <span class='ocrx_word' id='word_1_336' title='bbox 1244 4503 1264 4538; x_wconf 79' lang='grc' dir='ltr'>ι</span> <span class='ocrx_word' id='word_1_337' title='bbox 1293 4485 1440 4540; x_wconf 85' lang='lat' dir='ltr'><strong>Sicut</strong></span> <span class='ocrx_word' id='word_1_338' title='bbox 1465 4501 1594 4556; x_wconf 81' lang='lat' dir='ltr'><strong>ergo</strong></span> <span class='ocrx_word' id='word_1_339' title='bbox 1633 4493 1816 4539; x_wconf 81' lang='lat' dir='ltr'><strong>auctor</strong></span> <span class='ocrx_word' id='word_1_340' title='bbox 1851 4485 2058 4541; x_wconf 78' lang='lat' dir='ltr'><strong>anima-</strong></span> 
     </span>
    </p>
   </div>
   <div class='ocr_carea' id='block_1_46' title="bbox 464 4579 2056 4649">
    <p class='ocr_par' dir='ltr' id='par_1_46' title="bbox 464 4579 2056 4649">
     <span class='ocr_line' id='line_1_46' title="bbox 464 4579 2056 4649; baseline -0.004 -11"><span class='ocrx_word' id='word_1_341' title='bbox 464 4601 580 4638; x_wconf 89' lang='lat' dir='ltr'><strong>rum</strong></span> <span class='ocrx_word' id='word_1_342' title='bbox 599 4585 736 4638; x_wconf 87' lang='lat' dir='ltr'><strong>Deus</strong></span> <span class='ocrx_word' id='word_1_343' title='bbox 752 4589 854 4648; x_wconf 88' lang='lat' dir='ltr'><strong>est,</strong></span> <span class='ocrx_word' id='word_1_344' title='bbox 871 4581 940 4635; x_wconf 90' lang='lat' dir='ltr'><strong>ita</strong></span> <span class='ocrx_word' id='word_1_345' title='bbox 957 4595 1240 4649; x_wconf 88' lang='lat' dir='ltr'><strong>corporum</strong></span> <span class='ocrx_word' id='word_1_346' title='bbox 1257 4588 1442 4632; x_wconf 90' lang='lat' dir='ltr'><strong>auctor</strong></span> <span class='ocrx_word' id='word_1_347' title='bbox 1458 4593 1553 4648; x_wconf 90' lang='lat' dir='ltr'><strong>per</strong></span> <span class='ocrx_word' id='word_1_348' title='bbox 1569 4579 2056 4648; x_wconf 85' lang='lat' dir='ltr'><strong>concupiscentiam</strong></span> 
     </span>
    </p>
   </div>
   <div class='ocr_carea' id='block_1_47' title="bbox 464 4670 2058 4740">
    <p class='ocr_par' dir='ltr' id='par_1_47' title="bbox 464 4670 2058 4740">
     <span class='ocr_line' id='line_1_47' title="bbox 464 4670 2058 4740; baseline -0.003 -12"><span class='ocrx_word' id='word_1_349' title='bbox 464 4676 707 4729; x_wconf 86' lang='lat' dir='ltr'><strong>diabolus</strong></span> <span class='ocrx_word' id='word_1_350' title='bbox 731 4683 832 4738; x_wconf 85' lang='lat' dir='ltr'><strong>est,</strong></span> <span class='ocrx_word' id='word_1_351' title='bbox 859 4681 916 4727; x_wconf 92' lang='lat' dir='ltr'><strong>ut</strong></span> <span class='ocrx_word' id='word_1_352' title='bbox 943 4674 993 4726; x_wconf 91' lang='lat' dir='ltr'><strong>in</strong></span> <span class='ocrx_word' id='word_1_353' title='bbox 1016 4671 1302 4726; x_wconf 88' lang='lat' dir='ltr'><strong>viseatorio</strong></span> <span class='ocrx_word' id='word_1_354' title='bbox 1323 4670 1520 4724; x_wconf 88' lang='lat' dir='ltr'><strong>diaboli</strong></span> <span class='ocrx_word' id='word_1_355' title='bbox 1553 4685 1650 4740; x_wconf 92' lang='lat' dir='ltr'><strong>per</strong></span> <span class='ocrx_word' id='word_1_356' title='bbox 1670 4673 2058 4740; x_wconf 80' lang='lat' dir='ltr'><strong>concupiscen-</strong></span> 
     </span>
    </p>
   </div>
   <div class='ocr_carea' id='block_1_48' title="bbox 467 4762 2054 4832">
    <p class='ocr_par' dir='ltr' id='par_1_48' title="bbox 467 4762 2054 4832">
     <span class='ocr_line' id='line_1_48' title="bbox 467 4762 2054 4832; baseline -0.001 -12"><span class='ocrx_word' id='word_1_357' title='bbox 467 4767 590 4820; x_wconf 90' lang='lat' dir='ltr'><strong>tiam</strong></span> <span class='ocrx_word' id='word_1_358' title='bbox 622 4765 880 4830; x_wconf 82' lang='lat' dir='ltr'><strong>mulieris,</strong></span> <span class='ocrx_word' id='word_1_359' title='bbox 907 4763 1048 4819; x_wconf 89' lang='lat' dir='ltr'><strong>unde</strong></span> <span class='ocrx_word' id='word_1_360' title='bbox 1073 4762 1317 4817; x_wconf 88' lang='lat' dir='ltr'><strong>diabolus</strong></span> <span class='ocrx_word' id='word_1_361' title='bbox 1347 4771 1660 4832; x_wconf 86' lang='lat' dir='ltr'><strong>aucupatur,</strong></span> <span class='ocrx_word' id='word_1_362' title='bbox 1695 4779 1802 4818; x_wconf 87' lang='lat' dir='ltr'><strong>non</strong></span> <span class='ocrx_word' id='word_1_363' title='bbox 1828 4763 2054 4828; x_wconf 84' lang='lat' dir='ltr'><strong>animas,</strong></span> 
     </span>
    </p>
   </div>
   <div class='ocr_carea' id='block_1_49' title="bbox 463 4859 888 4926">
    <p class='ocr_par' dir='ltr' id='par_1_49' title="bbox 463 4859 888 4926">
     <span class='ocr_line' id='line_1_49' title="bbox 463 4859 888 4926; baseline -0.012 -13"><span class='ocrx_word' id='word_1_364' title='bbox 463 4859 556 4913; x_wconf 90' lang='lat' dir='ltr'><strong>sed</strong></span> <span class='ocrx_word' id='word_1_365' title='bbox 585 4871 832 4926; x_wconf 83' lang='lat' dir='ltr'><strong>corpora.</strong></span> <span class='ocrx_word' id='word_1_366' title='bbox 868 4874 888 4908; x_wconf 77' lang='grc' dir='ltr'><strong><em>ι</em></strong></span> 
     </span>
    </p>
   </div>
   <div class='ocr_carea' id='block_1_50' title="bbox 539 4947 2056 5018">
    <p class='ocr_par' dir='ltr' id='par_1_50' title="bbox 539 4947 2056 5018">
     <span class='ocr_line' id='line_1_50' title="bbox 539 4947 2056 5018; baseline -0.003 -12"><span class='ocrx_word' id='word_1_367' title='bbox 539 4953 673 5006; x_wconf 75' lang='lat' dir='ltr'><strong>Anc.</strong></span> <span class='ocrx_word' id='word_1_368' title='bbox 701 4948 818 5003; x_wconf 89' lang='lat' dir='ltr'><strong>Non</strong></span> <span class='ocrx_word' id='word_1_369' title='bbox 845 4962 1093 5017; x_wconf 88' lang='lat' dir='ltr'><strong>corpora,</strong></span> <span class='ocrx_word' id='word_1_370' title='bbox 1118 4947 1213 5002; x_wconf 89' lang='lat' dir='ltr'><strong>sed</strong></span> <span class='ocrx_word' id='word_1_371' title='bbox 1254 4947 1461 5002; x_wconf 87' lang='lat' dir='ltr'><strong>animas</strong></span> <span class='ocrx_word' id='word_1_372' title='bbox 1501 4947 1756 5018; x_wconf 89' lang='lat' dir='ltr'><strong>aucupari</strong></span> <span class='ocrx_word' id='word_1_373' title='bbox 1783 4947 2056 5002; x_wconf 87' lang='lat' dir='ltr'><strong>diabolum</strong></span> 
     </span>
    </p>
   </div>
   <div class='ocr_carea' id='block_1_51' title="bbox 469 5038 2061 5114">
    <p class='ocr_par' dir='ltr' id='par_1_51' title="bbox 469 5038 2061 5114">
     <span class='ocr_line' id='line_1_51' title="bbox 469 5038 2061 5114; baseline -0.003 -17"><span class='ocrx_word' id='word_1_374' title='bbox 469 5043 641 5114; x_wconf 88' lang='lat' dir='ltr'><strong>potuit</strong></span> <span class='ocrx_word' id='word_1_375' title='bbox 669 5041 846 5096; x_wconf 90' lang='lat' dir='ltr'><strong>dicere</strong></span> <span class='ocrx_word' id='word_1_376' title='bbox 873 5038 1195 5095; x_wconf 58' lang='lat' dir='ltr'><strong>Manichacus</strong></span> <span class='ocrx_word' id='word_1_377' title='bbox 1221 5057 1232 5092; x_wconf 94' lang='lat'><strong>:</strong></span> <span class='ocrx_word' id='word_1_378' title='bbox 1259 5055 1481 5112; x_wconf 86' lang='lat' dir='ltr'><strong>corpora</strong></span> <span class='ocrx_word' id='word_1_379' title='bbox 1507 5041 1648 5096; x_wconf 89' lang='lat' dir='ltr'><strong>enim</strong></span> <span class='ocrx_word' id='word_1_380' title='bbox 1678 5039 1807 5094; x_wconf 87' lang='lat' dir='ltr'><strong>dicit</strong></span> <span class='ocrx_word' id='word_1_381' title='bbox 1837 5039 1904 5094; x_wconf 88' lang='lat' dir='ltr'><strong>ad</strong></span> <span class='ocrx_word' id='word_1_382' title='bbox 1929 5053 2061 5108; x_wconf 86' lang='lat' dir='ltr'><strong>gen-</strong></span> 
     </span>
    </p>
   </div>
   <div class='ocr_carea' id='block_1_52' title="bbox 468 5131 2056 5202">
    <p class='ocr_par' dir='ltr' id='par_1_52' title="bbox 468 5131 2056 5202">
     <span class='ocr_line' id='line_1_52' title="bbox 468 5131 2056 5202; baseline -0.003 -12"><span class='ocrx_word' id='word_1_383' title='bbox 468 5137 536 5190; x_wconf 90' lang='lat' dir='ltr'><strong>tis</strong></span> <span class='ocrx_word' id='word_1_384' title='bbox 567 5134 902 5190; x_wconf 84' lang='lat' dir='ltr'><strong>tenebrarum</strong></span> <span class='ocrx_word' id='word_1_385' title='bbox 927 5141 1192 5200; x_wconf 89' lang='lat' dir='ltr'><strong>naturam,</strong></span> <span class='ocrx_word' id='word_1_386' title='bbox 1216 5133 1357 5189; x_wconf 89' lang='lat' dir='ltr'><strong>unde</strong></span> <span class='ocrx_word' id='word_1_387' title='bbox 1381 5143 1463 5188; x_wconf 88' lang='lat' dir='ltr'><strong>est</strong></span> <span class='ocrx_word' id='word_1_388' title='bbox 1487 5140 1542 5188; x_wconf 92' lang='lat' dir='ltr'><strong>et</strong></span> <span class='ocrx_word' id='word_1_389' title='bbox 1568 5131 1832 5196; x_wconf 85' lang='lat' dir='ltr'><strong>diabolus,</strong></span> <span class='ocrx_word' id='word_1_390' title='bbox 1887 5133 2056 5202; x_wconf 90' lang='lat' dir='ltr'><strong>perti-</strong></span> 
     </span>
    </p>
   </div>
   <div class='ocr_carea' id='block_1_53' title="bbox 465 5225 2060 5296">
    <p class='ocr_par' dir='ltr' id='par_1_53' title="bbox 465 5225 2060 5296">
     <span class='ocr_line' id='line_1_53' title="bbox 465 5225 2060 5296; baseline 0 -14"><span class='ocrx_word' id='word_1_391' title='bbox 465 5245 612 5284; x_wconf 84' lang='lat' dir='ltr'><strong>nere.</strong></span> <span class='ocrx_word' id='word_1_392' title='bbox 631 5225 857 5283; x_wconf 79' lang='lat' dir='ltr'><strong>Proinde</strong></span> <span class='ocrx_word' id='word_1_393' title='bbox 879 5227 1167 5283; x_wconf 90' lang='lat' dir='ltr'><strong>secundum</strong></span> <span class='ocrx_word' id='word_1_394' title='bbox 1188 5227 1560 5292; x_wconf 73' lang='lat' dir='ltr'><strong>Maniclueum,</strong></span> <span class='ocrx_word' id='word_1_395' title='bbox 1578 5242 1680 5280; x_wconf 88' lang='lat' dir='ltr'><strong>non</strong></span> <span class='ocrx_word' id='word_1_396' title='bbox 1699 5241 1922 5296; x_wconf 85' lang='lat' dir='ltr'><strong>corpora</strong></span> <span class='ocrx_word' id='word_1_397' title='bbox 1939 5243 2060 5296; x_wconf 35' lang='lat' dir='ltr'><strong>quae.</strong></span> 
     </span>
    </p>
   </div>
   <div class='ocr_carea' id='block_1_54' title="bbox 465 5321 2050 5392">
    <p class='ocr_par' dir='ltr' id='par_1_54' title="bbox 465 5321 2050 5392">
     <span class='ocr_line' id='line_1_54' title="bbox 465 5321 2050 5392; baseline 0.001 -16"><span class='ocrx_word' id='word_1_398' title='bbox 465 5321 632 5392; x_wconf 80' lang='lat' dir='ltr'><strong>ipsius</strong></span> <span class='ocrx_word' id='word_1_399' title='bbox 655 5332 812 5391; x_wconf 89' lang='lat' dir='ltr'><strong>sunt,</strong></span> <span class='ocrx_word' id='word_1_400' title='bbox 857 5322 954 5378; x_wconf 87' lang='lat' dir='ltr'><strong>sed</strong></span> <span class='ocrx_word' id='word_1_401' title='bbox 983 5322 1191 5377; x_wconf 89' lang='lat' dir='ltr'><strong>animas</strong></span> <span class='ocrx_word' id='word_1_402' title='bbox 1219 5322 1388 5376; x_wconf 88' lang='lat' dir='ltr'><strong>bonas</strong></span> <span class='ocrx_word' id='word_1_403' title='bbox 1413 5335 1534 5390; x_wconf 64' lang='lat' dir='ltr'><strong>quae</strong></span> <span class='ocrx_word' id='word_1_404' title='bbox 1562 5321 1728 5389; x_wconf 89' lang='lat' dir='ltr'><strong>ipsius</strong></span> <span class='ocrx_word' id='word_1_405' title='bbox 1767 5335 1875 5374; x_wconf 90' lang='lat' dir='ltr'><strong>non</strong></span> <span class='ocrx_word' id='word_1_406' title='bbox 1906 5331 2050 5390; x_wconf 88' lang='lat' dir='ltr'><strong>sunt,</strong></span> 
     </span>
    </p>
   </div>
   <div class='ocr_carea' id='block_1_55' title="bbox 461 5411 2056 5483">
    <p class='ocr_par' dir='ltr' id='par_1_55' title="bbox 461 5411 2056 5483">
     <span class='ocr_line' id='line_1_55' title="bbox 461 5411 2056 5483; baseline -0.001 -12"><span class='ocrx_word' id='word_1_407' title='bbox 461 5416 647 5472; x_wconf 72' lang='lat' dir='ltr'><strong>dicitur</strong></span> <span class='ocrx_word' id='word_1_408' title='bbox 697 5415 940 5471; x_wconf 89' lang='lat' dir='ltr'><strong>diabolus</strong></span> <span class='ocrx_word' id='word_1_409' title='bbox 989 5415 1261 5483; x_wconf 86' lang='lat' dir='ltr'><strong>aucupari.</strong></span> <span class='ocrx_word' id='word_1_410' title='bbox 1309 5412 1413 5468; x_wconf 89' lang='lat' dir='ltr'><strong>Sed</strong></span> <span class='ocrx_word' id='word_1_411' title='bbox 1461 5411 1596 5467; x_wconf 91' lang='lat' dir='ltr'><strong>ﬁdes</strong></span> <span class='ocrx_word' id='word_1_412' title='bbox 1639 5422 1821 5467; x_wconf 88' lang='lat' dir='ltr'><strong>nostra</strong></span> <span class='ocrx_word' id='word_1_413' title='bbox 1855 5413 2056 5470; x_wconf 89' lang='lat' dir='ltr'><strong>bonum</strong></span> 
     </span>
    </p>
   </div>
   <div class='ocr_carea' id='block_1_56' title="bbox 464 5506 1924 5573">
    <p class='ocr_par' dir='ltr' id='par_1_56' title="bbox 464 5506 1924 5573">
     <span class='ocr_line' id='line_1_56' title="bbox 464 5506 1924 5573; baseline -0.001 -11"><span class='ocrx_word' id='word_1_414' title='bbox 464 5507 629 5564; x_wconf 90' lang='lat' dir='ltr'><strong>Deum</strong></span> <span class='ocrx_word' id='word_1_415' title='bbox 659 5519 957 5564; x_wconf 81' lang='lat' dir='ltr'><strong>creatorem</strong></span> <span class='ocrx_word' id='word_1_416' title='bbox 986 5516 1040 5560; x_wconf 90' lang='lat' dir='ltr'><strong>et</strong></span> <span class='ocrx_word' id='word_1_417' title='bbox 1066 5506 1362 5560; x_wconf 89' lang='lat' dir='ltr'><strong>animarum</strong></span> <span class='ocrx_word' id='word_1_418' title='bbox 1391 5513 1726 5573; x_wconf 86' lang='lat' dir='ltr'><strong>etcorpcrum</strong></span> <span class='ocrx_word' id='word_1_419' title='bbox 1757 5506 1924 5560; x_wconf 87' lang='lat' dir='ltr'><strong>novit.</strong></span> 
     </span>
    </p>
   </div>
   <div class='ocr_carea' id='block_1_57' title="bbox 532 5597 2054 5670">
    <p class='ocr_par' dir='ltr' id='par_1_57' title="bbox 532 5597 2054 5670">
     <span class='ocr_line' id='line_1_57' title="bbox 532 5597 2054 5670; baseline -0.001 -12"><span class='ocrx_word' id='word_1_420' title='bbox 532 5599 788 5658; x_wconf 75' lang='lat' dir='ltr'><strong>CLXXV.</strong></span> <span class='ocrx_word' id='word_1_421' title='bbox 817 5601 934 5658; x_wconf 67' lang='grc' dir='ltr'><strong>ιω..</strong></span> <span class='ocrx_word' id='word_1_422' title='bbox 971 5619 990 5652; x_wconf 75' lang='grc' dir='ltr'>ι</span> <span class='ocrx_word' id='word_1_423' title='bbox 1024 5597 1149 5655; x_wconf 81' lang='lat' dir='ltr'><strong>Sive</strong></span> <span class='ocrx_word' id='word_1_424' title='bbox 1178 5615 1274 5669; x_wconf 90' lang='lat' dir='ltr'><strong>per</strong></span> <span class='ocrx_word' id='word_1_425' title='bbox 1301 5598 1495 5664; x_wconf 90' lang='lat' dir='ltr'><strong>visum,</strong></span> <span class='ocrx_word' id='word_1_426' title='bbox 1524 5600 1635 5655; x_wconf 85' lang='lat' dir='ltr'><strong>sive</strong></span> <span class='ocrx_word' id='word_1_427' title='bbox 1665 5615 1760 5670; x_wconf 89' lang='lat' dir='ltr'><strong>per</strong></span> <span class='ocrx_word' id='word_1_428' title='bbox 1783 5611 1992 5657; x_wconf 88' lang='lat' dir='ltr'><strong>tactum.</strong></span> <span class='ocrx_word' id='word_1_429' title='bbox 2011 5603 2054 5670; x_wconf 71' lang='grc'><strong>³,</strong></span> 
     </span>
    </p>
   </div>
   <div class='ocr_carea' id='block_1_58' title="bbox 461 5691 2058 5769">
    <p class='ocr_par' dir='ltr' id='par_1_58' title="bbox 461 5691 2058 5769">
     <span class='ocr_line' id='line_1_58' title="bbox 461 5691 2058 5769; baseline 0.001 -19"><span class='ocrx_word' id='word_1_430' title='bbox 461 5693 577 5753; x_wconf 80' lang='lat' dir='ltr'><strong>sive</strong></span> <span class='ocrx_word' id='word_1_431' title='bbox 621 5711 716 5768; x_wconf 89' lang='lat' dir='ltr'><strong>per</strong></span> <span class='ocrx_word' id='word_1_432' title='bbox 757 5695 1020 5760; x_wconf 86' lang='lat' dir='ltr'><strong>auditum,</strong></span> <span class='ocrx_word' id='word_1_433' title='bbox 1063 5692 1178 5750; x_wconf 87' lang='lat' dir='ltr'><strong>sive</strong></span> <span class='ocrx_word' id='word_1_434' title='bbox 1202 5708 1298 5764; x_wconf 89' lang='lat' dir='ltr'><strong>per</strong></span> <span class='ocrx_word' id='word_1_435' title='bbox 1327 5691 1626 5761; x_wconf 89' lang='lat' dir='ltr'><strong>odoratum,</strong></span> <span class='ocrx_word' id='word_1_436' title='bbox 1674 5694 1787 5752; x_wconf 80' lang='lat' dir='ltr'><strong>sive</strong></span> <span class='ocrx_word' id='word_1_437' title='bbox 1820 5711 1918 5769; x_wconf 89' lang='lat' dir='ltr'><strong>per</strong></span> <span class='ocrx_word' id='word_1_438' title='bbox 1961 5713 2058 5768; x_wconf 83' lang='lat' dir='ltr'><strong>gu-</strong></span> 
     </span>
    </p>
   </div>
   <div class='ocr_carea' id='block_1_59' title="bbox 525 5911 1536 5980">
    <p class='ocr_par' dir='ltr' id='par_1_59' title="bbox 525 5911 1536 5980">
     <span class='ocr_line' id='line_1_59' title="bbox 525 5911 1536 5980; baseline -0.005 -10"><span class='ocrx_word' id='word_1_439' title='bbox 525 5913 544 5946; x_wconf 86' lang='grc'>⁸</span> <span class='ocrx_word' id='word_1_440' title='bbox 579 5919 632 5970; x_wconf 78' lang='lat' dir='ltr'><strong>tu</strong></span> <span class='ocrx_word' id='word_1_441' title='bbox 651 5911 798 5968; x_wconf 71' lang='lat' dir='ltr'><strong>editis</strong></span> <span class='ocrx_word' id='word_1_442' title='bbox 819 5911 1090 5978; x_wconf 77' lang='lat' dir='ltr'><strong>exciderat,</strong></span> <span class='ocrx_word' id='word_1_443' title='bbox 1109 5912 1211 5968; x_wconf 73' lang='lat' dir='ltr'><strong>sive</strong></span> <span class='ocrx_word' id='word_1_444' title='bbox 1229 5925 1320 5980; x_wconf 70' lang='lat' dir='ltr'><strong>per</strong></span> <span class='ocrx_word' id='word_1_445' title='bbox 1341 5919 1536 5969; x_wconf 73' lang='grc' dir='ltr'><strong>ιασιωπ.</strong></span> 
     </span>
    </p>
   </div>
   <div class='ocr_carea' id='block_1_60' title="bbox 2033 6047 2072 6058">
    <p class='ocr_par' dir='ltr' id='par_1_60' title="bbox 2033 6047 2072 6058">
     <span class='ocr_line' id='line_1_60' title="bbox 2033 6047 2072 6058; baseline 0 -2"><span class='ocrx_word' id='word_1_446' title='bbox 2033 6047 2072 6058; x_wconf 72' lang='grc' dir='ltr'><strong>ν.-</strong></span> 
     </span>
    </p>
   </div>
   <div class='ocr_carea' id='block_1_61' title="bbox 1159 387 3090 466">
    <p class='ocr_par' dir='ltr' id='par_1_61' title="bbox 1159 387 3090 466">
     <span class='ocr_line' id='line_1_61' title="bbox 1159 387 3090 466; baseline -0.001 -8"><span class='ocrx_word' id='word_1_447' title='bbox 1159 399 1403 458; x_wconf 84' lang='lat' dir='ltr'><strong>OPERIS</strong></span> <span class='ocrx_word' id='word_1_448' title='bbox 1441 395 1854 454; x_wconf 77' lang='lat' dir='ltr'><strong>IMPERFECTI</strong></span> <span class='ocrx_word' id='word_1_449' title='bbox 1892 387 2170 451; x_wconf 73' lang='lat' dir='ltr'><strong>CONTRA</strong></span> <span class='ocrx_word' id='word_1_450' title='bbox 2207 393 2574 466; x_wconf 77' lang='lat' dir='ltr'><strong>JULIANUM,</strong></span> <span class='ocrx_word' id='word_1_451' title='bbox 2615 399 2674 456; x_wconf 89' lang='lat' dir='ltr'><strong>S.</strong></span> <span class='ocrx_word' id='word_1_452' title='bbox 2719 399 3090 459; x_wconf 74' lang='lat' dir='ltr'><strong>AUGUSTINI</strong></span> 
     </span>
    </p>
   </div>
   <div class='ocr_carea' id='block_1_62' title="bbox 3641 403 3794 461">
    <p class='ocr_par' dir='ltr' id='par_1_62' title="bbox 3641 403 3794 461">
     <span class='ocr_line' id='line_1_62' title="bbox 3641 403 3794 461; baseline 0.013 -2"><span class='ocrx_word' id='word_1_453' title='bbox 3641 403 3794 461; x_wconf 72' lang='lat' dir='ltr'><strong>i520</strong></span> 
     </span>
    </p>
   </div>
   <div class='ocr_carea' id='block_1_63' title="bbox 2182 511 3786 588">
    <p class='ocr_par' dir='ltr' id='par_1_63' title="bbox 2182 511 3786 588">
     <span class='ocr_line' id='line_1_63' title="bbox 2182 511 3786 588; baseline 0.006 -23"><span class='ocrx_word' id='word_1_454' title='bbox 2182 519 2343 566; x_wconf 89' lang='lat' dir='ltr'><strong>stum.</strong></span> <span class='ocrx_word' id='word_1_455' title='bbox 2375 511 2530 570; x_wconf 90' lang='lat' dir='ltr'><strong>Tolle</strong></span> <span class='ocrx_word' id='word_1_456' title='bbox 2557 513 2789 586; x_wconf 90' lang='lat' dir='ltr'><strong>denique</strong></span> <span class='ocrx_word' id='word_1_457' title='bbox 2817 515 3063 587; x_wconf 69' lang='lat' dir='ltr'><strong>malignae</strong></span> <span class='ocrx_word' id='word_1_458' title='bbox 3093 515 3252 586; x_wconf 87' lang='lat' dir='ltr'><strong>hujus</strong></span> <span class='ocrx_word' id='word_1_459' title='bbox 3281 515 3467 586; x_wconf 86' lang='lat' dir='ltr'><strong>stirpis</strong></span> <span class='ocrx_word' id='word_1_460' title='bbox 3512 517 3786 588; x_wconf 88' lang='lat' dir='ltr'><strong>radicem,</strong></span> 
     </span>
    </p>
   </div>
   <div class='ocr_carea' id='block_1_64' title="bbox 2181 604 3790 679">
    <p class='ocr_par' dir='ltr' id='par_1_64' title="bbox 2181 604 3790 679">
     <span class='ocr_line' id='line_1_64' title="bbox 2181 604 3790 679; baseline 0.006 -21"><span class='ocrx_word' id='word_1_461' title='bbox 2181 611 2236 658; x_wconf 87' lang='lat' dir='ltr'><strong>et</strong></span> <span class='ocrx_word' id='word_1_462' title='bbox 2277 604 2453 660; x_wconf 87' lang='lat' dir='ltr'><strong>statim</strong></span> <span class='ocrx_word' id='word_1_463' title='bbox 2495 615 2545 661; x_wconf 91' lang='lat' dir='ltr'><strong>te</strong></span> <span class='ocrx_word' id='word_1_464' title='bbox 2587 607 2756 676; x_wconf 86' lang='lat' dir='ltr'><strong>ipsam</strong></span> <span class='ocrx_word' id='word_1_465' title='bbox 2803 609 3132 678; x_wconf 90' lang='lat' dir='ltr'><strong>spiritualem</strong></span> <span class='ocrx_word' id='word_1_466' title='bbox 3173 608 3579 679; x_wconf 87' lang='lat' dir='ltr'><strong>contemplaris.</strong></span> <span class='ocrx_word' id='word_1_467' title='bbox 3607 610 3790 667; x_wconf 72' lang='lat' dir='ltr'><strong>Radix</strong></span> 
     </span>
    </p>
   </div>
   <div class='ocr_carea' id='block_1_65' title="bbox 2177 696 3782 772">
    <p class='ocr_par' dir='ltr' id='par_1_65' title="bbox 2177 696 3782 772">
     <span class='ocr_line' id='line_1_65' title="bbox 2177 696 3782 772; baseline 0.005 -24"><span class='ocrx_word' id='word_1_468' title='bbox 2177 696 2332 760; x_wconf 83' lang='lat' dir='ltr'><strong>enim,</strong></span> <span class='ocrx_word' id='word_1_469' title='bbox 2372 697 2445 752; x_wconf 86' lang='lat' dir='ltr'><strong>ait</strong></span> <span class='ocrx_word' id='word_1_470' title='bbox 2471 697 2764 768; x_wconf 86' lang='lat' dir='ltr'><strong>Scriptura,</strong></span> <span class='ocrx_word' id='word_1_471' title='bbox 2791 702 3016 754; x_wconf 86' lang='lat' dir='ltr'><strong>omnium</strong></span> <span class='ocrx_word' id='word_1_472' title='bbox 3047 701 3294 756; x_wconf 87' lang='lat' dir='ltr'><strong>malorum</strong></span> <span class='ocrx_word' id='word_1_473' title='bbox 3315 703 3730 772; x_wconf 79' lang='lat' dir='ltr'><strong>concupiscentia</strong></span> <span class='ocrx_word' id='word_1_474' title='bbox 3759 723 3782 756; x_wconf 71' lang='grc' dir='ltr'>ι</span> 
     </span>
    </p>
   </div>
   <div class='ocr_carea' id='block_1_66' title="bbox 2179 786 3786 866">
    <p class='ocr_par' dir='ltr' id='par_1_66' title="bbox 2179 786 3786 866">
     <span class='ocr_line' id='line_1_66' title="bbox 2179 786 3786 866; baseline 0.007 -25"><span class='ocrx_word' id='word_1_475' title='bbox 2179 786 2224 860; x_wconf 84' lang='grc' dir='ltr'><strong>(ἰ</strong></span> <span class='ocrx_word' id='word_1_476' title='bbox 2266 787 2401 842; x_wconf 83' lang='lat' dir='ltr'><strong>Tim.</strong></span> <span class='ocrx_word' id='word_1_477' title='bbox 2433 805 2507 856; x_wconf 77' lang='lat' dir='ltr'><strong>vi,</strong></span> <span class='ocrx_word' id='word_1_478' title='bbox 2561 791 2671 864; x_wconf 77' lang='grc'><strong>10).</strong></span> <span class='ocrx_word' id='word_1_479' title='bbox 2723 792 2878 848; x_wconf 81' lang='lat' dir='ltr'><strong>Vides</strong></span> <span class='ocrx_word' id='word_1_480' title='bbox 2903 809 3008 864; x_wconf 91' lang='lat' dir='ltr'><strong>quo</strong></span> <span class='ocrx_word' id='word_1_481' title='bbox 3029 794 3217 863; x_wconf 88' lang='lat' dir='ltr'><strong>spiritu</strong></span> <span class='ocrx_word' id='word_1_482' title='bbox 3265 803 3320 850; x_wconf 89' lang='lat' dir='ltr'><strong>et</strong></span> <span class='ocrx_word' id='word_1_483' title='bbox 3359 804 3583 866; x_wconf 92' lang='lat' dir='ltr'><strong>propter</strong></span> <span class='ocrx_word' id='word_1_484' title='bbox 3635 797 3786 866; x_wconf 85' lang='lat' dir='ltr'><strong>quod</strong></span> 
     </span>
    </p>
   </div>
   <div class='ocr_carea' id='block_1_67' title="bbox 2178 879 3780 957">
    <p class='ocr_par' dir='ltr' id='par_1_67' title="bbox 2178 879 3780 957">
     <span class='ocr_line' id='line_1_67' title="bbox 2178 879 3780 957; baseline 0.006 -23"><span class='ocrx_word' id='word_1_485' title='bbox 2178 879 2366 952; x_wconf 80' lang='lat' dir='ltr'><strong>dogma</strong></span> <span class='ocrx_word' id='word_1_486' title='bbox 2401 883 2722 940; x_wconf 73' lang='lat' dir='ltr'><strong>Manichacus</strong></span> <span class='ocrx_word' id='word_1_487' title='bbox 2759 886 3244 957; x_wconf 90' lang='lat' dir='ltr'><strong>concupiscentiam</strong></span> <span class='ocrx_word' id='word_1_488' title='bbox 3287 889 3468 944; x_wconf 84' lang='lat' dir='ltr'><strong>carnis</strong></span> <span class='ocrx_word' id='word_1_489' title='bbox 3513 889 3780 957; x_wconf 83' lang='lat' dir='ltr'><strong>incessat,</strong></span> 
     </span>
    </p>
   </div>
   <div class='ocr_carea' id='block_1_68' title="bbox 2178 971 3782 1052">
    <p class='ocr_par' dir='ltr' id='par_1_68' title="bbox 2178 971 3782 1052">
     <span class='ocr_line' id='line_1_68' title="bbox 2178 971 3782 1052; baseline 0.009 -27"><span class='ocrx_word' id='word_1_490' title='bbox 2178 971 2316 1028; x_wconf 90' lang='lat' dir='ltr'><strong>hanc</strong></span> <span class='ocrx_word' id='word_1_491' title='bbox 2339 973 2522 1030; x_wconf 88' lang='lat' dir='ltr'><strong>dicens</strong></span> <span class='ocrx_word' id='word_1_492' title='bbox 2545 991 2665 1032; x_wconf 89' lang='lat' dir='ltr'><strong>esse</strong></span> <span class='ocrx_word' id='word_1_493' title='bbox 2693 977 2862 1049; x_wconf 84' lang='lat' dir='ltr'><strong>legem</strong></span> <span class='ocrx_word' id='word_1_494' title='bbox 2895 980 3120 1050; x_wconf 86' lang='lat' dir='ltr'><strong>peccati,</strong></span> <span class='ocrx_word' id='word_1_495' title='bbox 3161 997 3280 1051; x_wconf 69' lang='lat' dir='ltr'><strong>qua:</strong></span> <span class='ocrx_word' id='word_1_496' title='bbox 3309 981 3354 1035; x_wconf 92' lang='lat' dir='ltr'><strong>si</strong></span> <span class='ocrx_word' id='word_1_497' title='bbox 3381 995 3412 1038; x_wconf 87' lang='lat' dir='ltr'><strong>a</strong></span> <span class='ocrx_word' id='word_1_498' title='bbox 3455 982 3782 1052; x_wconf 83' lang='lat' dir='ltr'><strong>corporibus</strong></span> 
     </span>
    </p>
   </div>
   <div class='ocr_carea' id='block_1_69' title="bbox 2177 1061 3774 1143">
    <p class='ocr_par' dir='ltr' id='par_1_69' title="bbox 2177 1061 3774 1143">
     <span class='ocr_line' id='line_1_69' title="bbox 2177 1061 3774 1143; baseline 0.007 -26"><span class='ocrx_word' id='word_1_499' title='bbox 2177 1061 2496 1134; x_wconf 85' lang='lat' dir='ltr'><strong>auferretur,</strong></span> <span class='ocrx_word' id='word_1_500' title='bbox 2523 1068 2852 1138; x_wconf 86' lang='lat' dir='ltr'><strong>spiritualem</strong></span> <span class='ocrx_word' id='word_1_501' title='bbox 2877 1085 2937 1126; x_wconf 90' lang='lat' dir='ltr'><strong>se</strong></span> <span class='ocrx_word' id='word_1_502' title='bbox 2969 1071 3072 1124; x_wconf 86' lang='lat' dir='ltr'><strong>lilia</strong></span> <span class='ocrx_word' id='word_1_503' title='bbox 3105 1071 3240 1143; x_wconf 86' lang='lat' dir='ltr'><strong>ejus,</strong></span> <span class='ocrx_word' id='word_1_504' title='bbox 3267 1072 3336 1126; x_wconf 90' lang='lat' dir='ltr'><strong>ad</strong></span> <span class='ocrx_word' id='word_1_505' title='bbox 3365 1087 3525 1143; x_wconf 90' lang='lat' dir='ltr'><strong>quam</strong></span> <span class='ocrx_word' id='word_1_506' title='bbox 3563 1073 3774 1138; x_wconf 85' lang='lat' dir='ltr'><strong>scribit,</strong></span> 
     </span>
    </p>
   </div>
   <div class='ocr_carea' id='block_1_70' title="bbox 2175 1153 3776 1234">
    <p class='ocr_par' dir='ltr' id='par_1_70' title="bbox 2175 1153 3776 1234">
     <span class='ocr_line' id='line_1_70' title="bbox 2175 1153 3776 1234; baseline 0.007 -25"><span class='ocrx_word' id='word_1_507' title='bbox 2175 1153 2368 1210; x_wconf 82' lang='lat' dir='ltr'><strong>factam</strong></span> <span class='ocrx_word' id='word_1_508' title='bbox 2408 1157 2631 1214; x_wconf 88' lang='lat' dir='ltr'><strong>videret.</strong></span> <span class='ocrx_word' id='word_1_509' title='bbox 2661 1160 2829 1228; x_wconf 87' lang='lat' dir='ltr'><strong>Quam</strong></span> <span class='ocrx_word' id='word_1_510' title='bbox 2861 1162 3165 1230; x_wconf 80' lang='lat' dir='ltr'><strong>Opinionem</strong></span> <span class='ocrx_word' id='word_1_511' title='bbox 3195 1163 3390 1234; x_wconf 85' lang='lat' dir='ltr'><strong>quibus</strong></span> <span class='ocrx_word' id='word_1_512' title='bbox 3414 1164 3662 1234; x_wconf 77' lang='lat' dir='ltr'><strong>Apostoli</strong></span> <span class='ocrx_word' id='word_1_513' title='bbox 3691 1165 3776 1220; x_wconf 85' lang='lat' dir='ltr'><strong>ni-</strong></span> 
     </span>
    </p>
   </div>
   <div class='ocr_carea' id='block_1_71' title="bbox 2178 1249 3774 1312">
    <p class='ocr_par' dir='ltr' id='par_1_71' title="bbox 2178 1249 3774 1312">
     <span class='ocr_line' id='line_1_71' title="bbox 2178 1249 3774 1312; baseline 0.008 -11"><span class='ocrx_word' id='word_1_514' title='bbox 2178 1253 2318 1302; x_wconf 86' lang='lat' dir='ltr'><strong>tatur</strong></span> <span class='ocrx_word' id='word_1_515' title='bbox 2361 1249 2682 1308; x_wconf 90' lang='lat' dir='ltr'><strong>conﬁrmare</strong></span> <span class='ocrx_word' id='word_1_516' title='bbox 2733 1253 3014 1310; x_wconf 81' lang='lat' dir='ltr'><strong>sententiis</strong></span> <span class='ocrx_word' id='word_1_517' title='bbox 3055 1255 3334 1310; x_wconf 88' lang='lat' dir='ltr'><strong>audiamus</strong></span> <span class='ocrx_word' id='word_1_518' title='bbox 3365 1273 3378 1310; x_wconf 94' lang='lat'><strong>:</strong></span> <span class='ocrx_word' id='word_1_519' title='bbox 3413 1273 3434 1310; x_wconf 74' lang='lat' dir='ltr'><strong>t</strong></span> <span class='ocrx_word' id='word_1_520' title='bbox 3465 1253 3600 1312; x_wconf 81' lang='lat' dir='ltr'><strong>Caro</strong></span> <span class='ocrx_word' id='word_1_521' title='bbox 3625 1258 3774 1312; x_wconf 86' lang='lat' dir='ltr'><strong>enim</strong></span> 
     </span>
    </p>
   </div>
   <div class='ocr_carea' id='block_1_72' title="bbox 2174 1338 3872 1418">
    <p class='ocr_par' dir='ltr' id='par_1_72' title="bbox 2174 1338 3872 1418">
     <span class='ocr_line' id='line_1_72' title="bbox 2174 1338 3872 1418; baseline 0.006 -26"><span class='ocrx_word' id='word_1_522' title='bbox 2174 1338 2471 1396; x_wconf 77' lang='lat' dir='ltr'><strong>adversatur</strong></span> <span class='ocrx_word' id='word_1_523' title='bbox 2495 1343 2718 1414; x_wconf 82' lang='lat' dir='ltr'><strong>spiritui,</strong></span> <span class='ocrx_word' id='word_1_524' title='bbox 2749 1345 2872 1415; x_wconf 87' lang='lat' dir='ltr'><strong>quia</strong></span> <span class='ocrx_word' id='word_1_525' title='bbox 2913 1345 3019 1401; x_wconf 89' lang='lat' dir='ltr'><strong>ﬁlia</strong></span> <span class='ocrx_word' id='word_1_526' title='bbox 3065 1348 3516 1418; x_wconf 64' lang='lat' dir='ltr'><strong>concupiscentia</strong></span> <span class='ocrx_word' id='word_1_527' title='bbox 3559 1356 3680 1416; x_wconf 88' lang='lat' dir='ltr'><strong>est;</strong></span> <span class='ocrx_word' id='word_1_528' title='bbox 3713 1361 3766 1403; x_wconf 77' lang='lat' dir='ltr'><strong>et</strong></span> <span class='ocrx_word' id='word_1_529' title='bbox 3867 1371 3872 1374; x_wconf 95' lang='grc'>·</span> 
     </span>
    </p>
   </div>
   <div class='ocr_carea' id='block_1_73' title="bbox 2173 1433 3716 1510">
    <p class='ocr_par' dir='ltr' id='par_1_73' title="bbox 2173 1433 3716 1510">
     <span class='ocr_line' id='line_1_73' title="bbox 2173 1433 3716 1510; baseline 0.004 -24"><span class='ocrx_word' id='word_1_530' title='bbox 2173 1433 2380 1504; x_wconf 77' lang='lat' dir='ltr'><strong>spiritus</strong></span> <span class='ocrx_word' id='word_1_531' title='bbox 2398 1435 2538 1489; x_wconf 85' lang='lat' dir='ltr'><strong>carni</strong></span> <span class='ocrx_word' id='word_1_532' title='bbox 2569 1435 2766 1506; x_wconf 83' lang='lat' dir='ltr'><strong>(Galat.</strong></span> <span class='ocrx_word' id='word_1_533' title='bbox 2791 1454 2844 1504; x_wconf 91' lang='lat' dir='ltr'><strong>v,</strong></span> <span class='ocrx_word' id='word_1_534' title='bbox 2879 1439 2988 1508; x_wconf 77' lang='lat' dir='ltr'><strong>i7),</strong></span> <span class='ocrx_word' id='word_1_535' title='bbox 3016 1439 3141 1510; x_wconf 85' lang='lat' dir='ltr'><strong>quia</strong></span> <span class='ocrx_word' id='word_1_536' title='bbox 3171 1439 3312 1494; x_wconf 88' lang='lat' dir='ltr'><strong>ﬁlius</strong></span> <span class='ocrx_word' id='word_1_537' title='bbox 3333 1439 3531 1495; x_wconf 67' lang='lat' dir='ltr'><strong>animm</strong></span> <span class='ocrx_word' id='word_1_538' title='bbox 3551 1449 3658 1496; x_wconf 89' lang='lat' dir='ltr'><strong>est.</strong></span> <span class='ocrx_word' id='word_1_539' title='bbox 3697 1459 3716 1492; x_wconf 77' lang='grc' dir='ltr'><strong><em>ι</em></strong></span> 
     </span>
    </p>
   </div>
   <div class='ocr_carea' id='block_1_74' title="bbox 2245 1513 3806 1606">
    <p class='ocr_par' dir='ltr' id='par_1_74' title="bbox 2245 1513 3806 1606">
     <span class='ocr_line' id='line_1_74' title="bbox 2245 1513 3806 1606; baseline 0.004 -25"><span class='ocrx_word' id='word_1_540' title='bbox 2245 1527 2380 1584; x_wconf 81' lang='lat' dir='ltr'><strong>Anc.</strong></span> <span class='ocrx_word' id='word_1_541' title='bbox 2429 1529 2570 1586; x_wconf 86' lang='lat' dir='ltr'><strong>Duas</strong></span> <span class='ocrx_word' id='word_1_542' title='bbox 2603 1531 2930 1586; x_wconf 85' lang='lat' dir='ltr'><strong>substantias</strong></span> <span class='ocrx_word' id='word_1_543' title='bbox 2981 1533 3033 1587; x_wconf 90' lang='lat' dir='ltr'><strong>in</strong></span> <span class='ocrx_word' id='word_1_544' title='bbox 3082 1533 3260 1596; x_wconf 82' lang='lat' dir='ltr'><strong>verbis</strong></span> <span class='ocrx_word' id='word_1_545' title='bbox 3305 1533 3556 1606; x_wconf 77' lang='lat' dir='ltr'><strong>Apostoli</strong></span> <span class='ocrx_word' id='word_1_546' title='bbox 3603 1513 3806 1588; x_wconf 38' lang='lat' dir='ltr'><strong>Mani?</strong></span> 
     </span>
    </p>
   </div>
   <div class='ocr_carea' id='block_1_75' title="bbox 2173 1617 3766 1694">
    <p class='ocr_par' dir='ltr' id='par_1_75' title="bbox 2173 1617 3766 1694">
     <span class='ocr_line' id='line_1_75' title="bbox 2173 1617 3766 1694; baseline 0.006 -23"><span class='ocrx_word' id='word_1_547' title='bbox 2173 1617 2355 1673; x_wconf 68' lang='lat' dir='ltr'><strong>chaaus</strong></span> <span class='ocrx_word' id='word_1_548' title='bbox 2378 1621 2650 1690; x_wconf 87' lang='lat' dir='ltr'><strong>Opinatur,</strong></span> <span class='ocrx_word' id='word_1_549' title='bbox 2683 1639 2842 1678; x_wconf 90' lang='lat' dir='ltr'><strong>unam</strong></span> <span class='ocrx_word' id='word_1_550' title='bbox 2885 1624 3103 1694; x_wconf 90' lang='lat' dir='ltr'><strong>bonam,</strong></span> <span class='ocrx_word' id='word_1_551' title='bbox 3127 1625 3350 1680; x_wconf 86' lang='lat' dir='ltr'><strong>alteram</strong></span> <span class='ocrx_word' id='word_1_552' title='bbox 3393 1625 3592 1681; x_wconf 87' lang='lat' dir='ltr'><strong>malam</strong></span> <span class='ocrx_word' id='word_1_553' title='bbox 3618 1643 3633 1680; x_wconf 91' lang='lat'><strong>:</strong></span> <span class='ocrx_word' id='word_1_554' title='bbox 3663 1641 3766 1681; x_wconf 89' lang='lat' dir='ltr'><strong>non</strong></span> 
     </span>
    </p>
   </div>
   <div class='ocr_carea' id='block_1_76' title="bbox 2175 1711 3768 1782">
    <p class='ocr_par' dir='ltr' id='par_1_76' title="bbox 2175 1711 3768 1782">
     <span class='ocr_line' id='line_1_76' title="bbox 2175 1711 3768 1782; baseline 0.006 -18"><span class='ocrx_word' id='word_1_555' title='bbox 2175 1725 2334 1764; x_wconf 89' lang='lat' dir='ltr'><strong>unam</strong></span> <span class='ocrx_word' id='word_1_556' title='bbox 2358 1711 2552 1768; x_wconf 89' lang='lat' dir='ltr'><strong>bonam</strong></span> <span class='ocrx_word' id='word_1_557' title='bbox 2575 1715 2926 1770; x_wconf 87' lang='lat' dir='ltr'><strong>substantiam</strong></span> <span class='ocrx_word' id='word_1_558' title='bbox 2947 1758 2960 1782; x_wconf 88' lang='lat'><strong>,</strong></span> <span class='ocrx_word' id='word_1_559' title='bbox 3003 1727 3056 1772; x_wconf 91' lang='lat' dir='ltr'><strong>et</strong></span> <span class='ocrx_word' id='word_1_560' title='bbox 3081 1717 3306 1773; x_wconf 88' lang='lat' dir='ltr'><strong>alteram</strong></span> <span class='ocrx_word' id='word_1_561' title='bbox 3331 1717 3490 1774; x_wconf 64' lang='lat' dir='ltr'><strong>bona:</strong></span> <span class='ocrx_word' id='word_1_562' title='bbox 3515 1718 3768 1774; x_wconf 83' lang='lat' dir='ltr'><strong>substan-</strong></span> 
     </span>
    </p>
   </div>
   <div class='ocr_carea' id='block_1_77' title="bbox 2175 1802 3770 1882">
    <p class='ocr_par' dir='ltr' id='par_1_77' title="bbox 2175 1802 3770 1882">
     <span class='ocr_line' id='line_1_77' title="bbox 2175 1802 3770 1882; baseline 0.008 -26"><span class='ocrx_word' id='word_1_563' title='bbox 2175 1802 2262 1858; x_wconf 81' lang='lat' dir='ltr'><strong>tiae</strong></span> <span class='ocrx_word' id='word_1_564' title='bbox 2292 1803 2514 1872; x_wconf 91' lang='lat' dir='ltr'><strong>vitium,</strong></span> <span class='ocrx_word' id='word_1_565' title='bbox 2564 1821 2631 1860; x_wconf 82' lang='lat' dir='ltr'><strong>ex</strong></span> <span class='ocrx_word' id='word_1_566' title='bbox 2675 1808 2834 1877; x_wconf 88' lang='lat' dir='ltr'><strong>primi</strong></span> <span class='ocrx_word' id='word_1_567' title='bbox 2873 1809 3105 1864; x_wconf 88' lang='lat' dir='ltr'><strong>hominis</strong></span> <span class='ocrx_word' id='word_1_568' title='bbox 3151 1819 3369 1880; x_wconf 87' lang='lat' dir='ltr'><strong>peccato</strong></span> <span class='ocrx_word' id='word_1_569' title='bbox 3417 1811 3770 1882; x_wconf 78' lang='lat' dir='ltr'><strong>generatione</strong></span> 
     </span>
    </p>
   </div>
   <div class='ocr_carea' id='block_1_78' title="bbox 2173 1899 3770 1974">
    <p class='ocr_par' dir='ltr' id='par_1_78' title="bbox 2173 1899 3770 1974">
     <span class='ocr_line' id='line_1_78' title="bbox 2173 1899 3770 1974; baseline 0.006 -25"><span class='ocrx_word' id='word_1_570' title='bbox 2173 1903 2526 1964; x_wconf 88' lang='lat' dir='ltr'><strong>contractum,</strong></span> <span class='ocrx_word' id='word_1_571' title='bbox 2576 1899 2794 1954; x_wconf 88' lang='lat' dir='ltr'><strong>secundi</strong></span> <span class='ocrx_word' id='word_1_572' title='bbox 2831 1899 3068 1957; x_wconf 84' lang='lat' dir='ltr'><strong>hominis</strong></span> <span class='ocrx_word' id='word_1_573' title='bbox 3111 1901 3317 1973; x_wconf 82' lang='lat' dir='ltr'><strong>justitia</strong></span> <span class='ocrx_word' id='word_1_574' title='bbox 3361 1904 3770 1974; x_wconf 83' lang='lat' dir='ltr'><strong>regeneratione</strong></span> 
     </span>
    </p>
   </div>
   <div class='ocr_carea' id='block_1_79' title="bbox 2174 1989 3772 2064">
    <p class='ocr_par' dir='ltr' id='par_1_79' title="bbox 2174 1989 3772 2064">
     <span class='ocr_line' id='line_1_79' title="bbox 2174 1989 3772 2064; baseline 0.006 -22"><span class='ocrx_word' id='word_1_575' title='bbox 2174 1989 2468 2046; x_wconf 88' lang='lat' dir='ltr'><strong>sanandum</strong></span> <span class='ocrx_word' id='word_1_576' title='bbox 2503 2009 2515 2044; x_wconf 94' lang='lat'>:</span> <span class='ocrx_word' id='word_1_577' title='bbox 2548 1991 2692 2062; x_wconf 88' lang='lat' dir='ltr'><strong>quod</strong></span> <span class='ocrx_word' id='word_1_578' title='bbox 2739 2001 2792 2048; x_wconf 91' lang='lat' dir='ltr'><strong>et</strong></span> <span class='ocrx_word' id='word_1_579' title='bbox 2832 2005 3016 2050; x_wconf 89' lang='lat' dir='ltr'><strong>contra</strong></span> <span class='ocrx_word' id='word_1_580' title='bbox 3077 1994 3420 2064; x_wconf 62' lang='lat' dir='ltr'><strong>Manichaos,</strong></span> <span class='ocrx_word' id='word_1_581' title='bbox 3475 2005 3530 2052; x_wconf 89' lang='lat' dir='ltr'><strong>et</strong></span> <span class='ocrx_word' id='word_1_582' title='bbox 3583 2007 3772 2052; x_wconf 84' lang='lat' dir='ltr'><strong>contra</strong></span> 
     </span>
    </p>
   </div>
   <div class='ocr_carea' id='block_1_80' title="bbox 2175 2083 3772 2156">
    <p class='ocr_par' dir='ltr' id='par_1_80' title="bbox 2175 2083 3772 2156">
     <span class='ocr_line' id='line_1_80' title="bbox 2175 2083 3772 2156; baseline 0.008 -23"><span class='ocrx_word' id='word_1_583' title='bbox 2175 2093 2290 2145; x_wconf 83' lang='lat' dir='ltr'><strong>vos,</strong></span> <span class='ocrx_word' id='word_1_584' title='bbox 2341 2090 2592 2152; x_wconf 88' lang='lat' dir='ltr'><strong>tanquam</strong></span> <span class='ocrx_word' id='word_1_585' title='bbox 2643 2083 3050 2142; x_wconf 85' lang='lat' dir='ltr'><strong>invictissimum</strong></span> <span class='ocrx_word' id='word_1_586' title='bbox 3092 2087 3282 2156; x_wconf 86' lang='lat' dir='ltr'><strong>telum,</strong></span> <span class='ocrx_word' id='word_1_587' title='bbox 3322 2088 3590 2145; x_wconf 85' lang='lat' dir='ltr'><strong>catholica</strong></span> <span class='ocrx_word' id='word_1_588' title='bbox 3639 2089 3772 2146; x_wconf 82' lang='lat' dir='ltr'><strong>ﬁdes</strong></span> 
     </span>
    </p>
   </div>
   <div class='ocr_carea' id='block_1_81' title="bbox 2173 2171 3262 2250">
    <p class='ocr_par' dir='ltr' id='par_1_81' title="bbox 2173 2171 3262 2250">
     <span class='ocr_line' id='line_1_81' title="bbox 2173 2171 3262 2250; baseline 0.01 -25"><span class='ocrx_word' id='word_1_589' title='bbox 2173 2171 2382 2230; x_wconf 82' lang='lat' dir='ltr'><strong>fortiter</strong></span> <span class='ocrx_word' id='word_1_590' title='bbox 2402 2172 2553 2244; x_wconf 87' lang='lat' dir='ltr'><strong>jacit,</strong></span> <span class='ocrx_word' id='word_1_591' title='bbox 2591 2185 2646 2232; x_wconf 92' lang='lat' dir='ltr'><strong>et</strong></span> <span class='ocrx_word' id='word_1_592' title='bbox 2671 2185 2924 2249; x_wconf 90' lang='lat' dir='ltr'><strong>utrosque</strong></span> <span class='ocrx_word' id='word_1_593' title='bbox 2950 2182 3262 2250; x_wconf 88' lang='lat' dir='ltr'><strong>prosternit.</strong></span> 
     </span>
    </p>
   </div>
   <div class='ocr_carea' id='block_1_82' title="bbox 2243 2263 3770 2342">
    <p class='ocr_par' dir='ltr' id='par_1_82' title="bbox 2243 2263 3770 2342">
     <span class='ocr_line' id='line_1_82' title="bbox 2243 2263 3770 2342; baseline 0.01 -23"><span class='ocrx_word' id='word_1_594' title='bbox 2243 2263 2524 2320; x_wconf 74' lang='lat' dir='ltr'><strong>CLXXVI.</strong></span> <span class='ocrx_word' id='word_1_595' title='bbox 2565 2267 2686 2326; x_wconf 71' lang='lat' dir='ltr'><strong>Jun.</strong></span> <span class='ocrx_word' id='word_1_596' title='bbox 2727 2268 2984 2342; x_wconf 85' lang='lat' dir='ltr'><strong>lntelligis</strong></span> <span class='ocrx_word' id='word_1_597' title='bbox 3031 2283 3263 2330; x_wconf 89' lang='lat' dir='ltr'><strong>retectas</strong></span> <span class='ocrx_word' id='word_1_598' title='bbox 3320 2289 3441 2332; x_wconf 84' lang='lat' dir='ltr'><strong>esse</strong></span> <span class='ocrx_word' id='word_1_599' title='bbox 3491 2277 3770 2335; x_wconf 68' lang='lat' dir='ltr'><strong>Manichai</strong></span> 
     </span>
    </p>
   </div>
   <div class='ocr_carea' id='block_1_83' title="bbox 2172 2357 3766 2436">
    <p class='ocr_par' dir='ltr' id='par_1_83' title="bbox 2172 2357 3766 2436">
     <span class='ocr_line' id='line_1_83' title="bbox 2172 2357 3766 2436; baseline 0.01 -26"><span class='ocrx_word' id='word_1_600' title='bbox 2172 2357 2435 2428; x_wconf 77' lang='lat' dir='ltr'><strong>dogmatis</strong></span> <span class='ocrx_word' id='word_1_601' title='bbox 2473 2361 2756 2432; x_wconf 88' lang='lat' dir='ltr'><strong>medullas,</strong></span> <span class='ocrx_word' id='word_1_602' title='bbox 2805 2367 2998 2436; x_wconf 86' lang='lat' dir='ltr'><strong>quibus</strong></span> <span class='ocrx_word' id='word_1_603' title='bbox 3041 2368 3175 2424; x_wconf 88' lang='lat' dir='ltr'><strong>ﬁdes</strong></span> <span class='ocrx_word' id='word_1_604' title='bbox 3221 2379 3399 2426; x_wconf 89' lang='lat' dir='ltr'><strong>vestra</strong></span> <span class='ocrx_word' id='word_1_605' title='bbox 3449 2375 3766 2430; x_wconf 84' lang='lat' dir='ltr'><strong>concrescit.</strong></span> 
     </span>
    </p>
   </div>
   <div class='ocr_carea' id='block_1_84' title="bbox 2173 2449 3766 2539">
    <p class='ocr_par' dir='ltr' id='par_1_84' title="bbox 2173 2449 3766 2539">
     <span class='ocr_line' id='line_1_84' title="bbox 2173 2449 3766 2539; baseline 0.01 -33"><span class='ocrx_word' id='word_1_606' title='bbox 2173 2449 2291 2506; x_wconf 84' lang='lat' dir='ltr'><strong>Jam</strong></span> <span class='ocrx_word' id='word_1_607' title='bbox 2316 2469 2445 2510; x_wconf 87' lang='lat' dir='ltr'><strong>vero</strong></span> <span class='ocrx_word' id='word_1_608' title='bbox 2489 2471 2610 2522; x_wconf 88' lang='lat' dir='ltr'><strong>nos,</strong></span> <span class='ocrx_word' id='word_1_609' title='bbox 2661 2457 2712 2512; x_wconf 93' lang='lat' dir='ltr'><strong>id</strong></span> <span class='ocrx_word' id='word_1_610' title='bbox 2761 2467 2872 2524; x_wconf 89' lang='lat' dir='ltr'><strong>est,</strong></span> <span class='ocrx_word' id='word_1_611' title='bbox 2927 2459 3254 2532; x_wconf 87' lang='lat' dir='ltr'><strong>Catholicos,</strong></span> <span class='ocrx_word' id='word_1_612' title='bbox 3311 2465 3482 2536; x_wconf 78' lang='lat' dir='ltr'><strong>pergit</strong></span> <span class='ocrx_word' id='word_1_613' title='bbox 3523 2483 3766 2539; x_wconf 80' lang='lat' dir='ltr'><strong>arguere.</strong></span> 
     </span>
    </p>
   </div>
   <div class='ocr_carea' id='block_1_85' title="bbox 2179 2546 3768 2632">
    <p class='ocr_par' dir='ltr' id='par_1_85' title="bbox 2179 2546 3768 2632">
     <span class='ocr_line' id='line_1_85' title="bbox 2179 2546 3768 2632; baseline 0.013 -34"><span class='ocrx_word' id='word_1_614' title='bbox 2179 2564 2198 2598; x_wconf 75' lang='grc' dir='ltr'>ι</span> <span class='ocrx_word' id='word_1_615' title='bbox 2221 2546 2397 2616; x_wconf 86' lang='lat' dir='ltr'><strong>Quare</strong></span> <span class='ocrx_word' id='word_1_616' title='bbox 2421 2549 2542 2604; x_wconf 88' lang='lat' dir='ltr'><strong>vide</strong></span> <span class='ocrx_word' id='word_1_617' title='bbox 2569 2565 2728 2621; x_wconf 90' lang='lat' dir='ltr'><strong>quam</strong></span> <span class='ocrx_word' id='word_1_618' title='bbox 2755 2553 2906 2608; x_wconf 87' lang='lat' dir='ltr'><strong>stulti</strong></span> <span class='ocrx_word' id='word_1_619' title='bbox 2927 2565 3070 2620; x_wconf 88' lang='lat' dir='ltr'><strong>sunt,</strong></span> <span class='ocrx_word' id='word_1_620' title='bbox 3095 2557 3188 2626; x_wconf 89' lang='lat' dir='ltr'><strong>qui</strong></span> <span class='ocrx_word' id='word_1_621' title='bbox 3207 2557 3394 2614; x_wconf 87' lang='lat' dir='ltr'><strong>dicunt</strong></span> <span class='ocrx_word' id='word_1_622' title='bbox 3416 2557 3519 2615; x_wconf 88' lang='lat' dir='ltr'><strong>hoc</strong></span> <span class='ocrx_word' id='word_1_623' title='bbox 3545 2559 3768 2632; x_wconf 84' lang='lat' dir='ltr'><strong>ﬁgmen-</strong></span> 
     </span>
    </p>
   </div>
   <div class='ocr_carea' id='block_1_86' title="bbox 2175 2640 3770 2721">
    <p class='ocr_par' dir='ltr' id='par_1_86' title="bbox 2175 2640 3770 2721">
     <span class='ocr_line' id='line_1_86' title="bbox 2175 2640 3770 2721; baseline 0.011 -29"><span class='ocrx_word' id='word_1_624' title='bbox 2175 2647 2284 2694; x_wconf 91' lang='lat' dir='ltr'><strong>tum</strong></span> <span class='ocrx_word' id='word_1_625' title='bbox 2311 2654 2342 2694; x_wconf 88' lang='lat' dir='ltr'><strong>a</strong></span> <span class='ocrx_word' id='word_1_626' title='bbox 2385 2640 2496 2696; x_wconf 90' lang='lat' dir='ltr'><strong>Deo</strong></span> <span class='ocrx_word' id='word_1_627' title='bbox 2534 2642 2676 2698; x_wconf 94' lang='lat' dir='ltr'><strong>bono</strong></span> <span class='ocrx_word' id='word_1_628' title='bbox 2713 2659 2836 2701; x_wconf 90' lang='lat' dir='ltr'><strong>esse</strong></span> <span class='ocrx_word' id='word_1_629' title='bbox 2873 2647 3180 2718; x_wconf 90' lang='lat' dir='ltr'><strong>conditum,</strong></span> <span class='ocrx_word' id='word_1_630' title='bbox 3223 2650 3366 2721; x_wconf 90' lang='lat' dir='ltr'><strong>quod</strong></span> <span class='ocrx_word' id='word_1_631' title='bbox 3405 2653 3546 2708; x_wconf 88' lang='lat' dir='ltr'><strong>certi</strong></span> <span class='ocrx_word' id='word_1_632' title='bbox 3589 2663 3716 2709; x_wconf 87' lang='lat' dir='ltr'><strong>sunt</strong></span> <span class='ocrx_word' id='word_1_633' title='bbox 3739 2669 3770 2708; x_wconf 90' lang='lat' dir='ltr'><strong>a</strong></span> 
     </span>
    </p>
   </div>
   <div class='ocr_carea' id='block_1_87' title="bbox 2171 2731 3085 2810">
    <p class='ocr_par' dir='ltr' id='par_1_87' title="bbox 2171 2731 3085 2810">
     <span class='ocr_line' id='line_1_87' title="bbox 2171 2731 3085 2810; baseline 0.009 -22"><span class='ocrx_word' id='word_1_634' title='bbox 2171 2731 2360 2802; x_wconf 85' lang='lat' dir='ltr'><strong>spiritu</strong></span> <span class='ocrx_word' id='word_1_635' title='bbox 2387 2735 2836 2805; x_wconf 67' lang='lat' dir='ltr'><strong>concupiscentiae</strong></span> <span class='ocrx_word' id='word_1_636' title='bbox 2866 2740 3028 2810; x_wconf 85' lang='lat' dir='ltr'><strong>gigni.</strong></span> <span class='ocrx_word' id='word_1_637' title='bbox 3064 2759 3085 2796; x_wconf 71' lang='grc' dir='ltr'><strong>ι</strong></span> 
     </span>
    </p>
   </div>
   <div class='ocr_carea' id='block_1_88' title="bbox 2241 2827 3770 2907">
    <p class='ocr_par' dir='ltr' id='par_1_88' title="bbox 2241 2827 3770 2907">
     <span class='ocr_line' id='line_1_88' title="bbox 2241 2827 3770 2907; baseline 0.01 -27"><span class='ocrx_word' id='word_1_638' title='bbox 2241 2827 2379 2882; x_wconf 81' lang='lat' dir='ltr'><strong>Anc.</strong></span> <span class='ocrx_word' id='word_1_639' title='bbox 2411 2827 2470 2882; x_wconf 91' lang='lat' dir='ltr'><strong>In</strong></span> <span class='ocrx_word' id='word_1_640' title='bbox 2491 2828 2596 2884; x_wconf 91' lang='lat' dir='ltr'><strong>hoc</strong></span> <span class='ocrx_word' id='word_1_641' title='bbox 2623 2845 2656 2884; x_wconf 87' lang='lat' dir='ltr'><strong>a</strong></span> <span class='ocrx_word' id='word_1_642' title='bbox 2685 2831 2992 2900; x_wconf 68' lang='lat' dir='ltr'><strong>Manichaeis</strong></span> <span class='ocrx_word' id='word_1_643' title='bbox 3013 2835 3170 2890; x_wconf 89' lang='lat' dir='ltr'><strong>simul</strong></span> <span class='ocrx_word' id='word_1_644' title='bbox 3196 2836 3490 2907; x_wconf 85' lang='lat' dir='ltr'><strong>arguimur,</strong></span> <span class='ocrx_word' id='word_1_645' title='bbox 3513 2849 3572 2895; x_wconf 88' lang='lat' dir='ltr'><strong>et</strong></span> <span class='ocrx_word' id='word_1_646' title='bbox 3599 2854 3694 2895; x_wconf 90' lang='lat' dir='ltr'><strong>vos</strong></span> <span class='ocrx_word' id='word_1_647' title='bbox 3713 2848 3770 2895; x_wconf 90' lang='lat' dir='ltr'><strong>et</strong></span> 
     </span>
    </p>
   </div>
   <div class='ocr_carea' id='block_1_89' title="bbox 2170 2921 3768 3006">
    <p class='ocr_par' dir='ltr' id='par_1_89' title="bbox 2170 2921 3768 3006">
     <span class='ocr_line' id='line_1_89' title="bbox 2170 2921 3768 3006; baseline 0.011 -34"><span class='ocrx_word' id='word_1_648' title='bbox 2170 2931 2292 2996; x_wconf 85' lang='lat' dir='ltr'><strong>nos,</strong></span> <span class='ocrx_word' id='word_1_649' title='bbox 2323 2921 2576 2990; x_wconf 90' lang='lat' dir='ltr'><strong>quoniam</strong></span> <span class='ocrx_word' id='word_1_650' title='bbox 2609 2921 2918 2994; x_wconf 88' lang='lat' dir='ltr'><strong>ﬁgmentum</strong></span> <span class='ocrx_word' id='word_1_651' title='bbox 2949 2932 3128 2984; x_wconf 88' lang='lat' dir='ltr'><strong>carnis</strong></span> <span class='ocrx_word' id='word_1_652' title='bbox 3165 2945 3196 2984; x_wconf 90' lang='lat' dir='ltr'><strong>a</strong></span> <span class='ocrx_word' id='word_1_653' title='bbox 3227 2931 3336 2986; x_wconf 90' lang='lat' dir='ltr'><strong>Deo</strong></span> <span class='ocrx_word' id='word_1_654' title='bbox 3375 2932 3520 2988; x_wconf 89' lang='lat' dir='ltr'><strong>bono</strong></span> <span class='ocrx_word' id='word_1_655' title='bbox 3557 2935 3768 3006; x_wconf 85' lang='lat' dir='ltr'><strong>utrique</strong></span> 
     </span>
    </p>
   </div>
   <div class='ocr_carea' id='block_1_90' title="bbox 2169 3012 3766 3098">
    <p class='ocr_par' dir='ltr' id='par_1_90' title="bbox 2169 3012 3766 3098">
     <span class='ocr_line' id='line_1_90' title="bbox 2169 3012 3766 3098; baseline 0.012 -33"><span class='ocrx_word' id='word_1_656' title='bbox 2169 3012 2443 3068; x_wconf 89' lang='lat' dir='ltr'><strong>conditum</strong></span> <span class='ocrx_word' id='word_1_657' title='bbox 2489 3014 2761 3072; x_wconf 89' lang='lat' dir='ltr'><strong>dicimus:</strong></span> <span class='ocrx_word' id='word_1_658' title='bbox 2790 3019 3044 3089; x_wconf 79' lang='lat' dir='ltr'><strong>Spiritum</strong></span> <span class='ocrx_word' id='word_1_659' title='bbox 3087 3037 3216 3078; x_wconf 88' lang='lat' dir='ltr'><strong>vero</strong></span> <span class='ocrx_word' id='word_1_660' title='bbox 3269 3026 3766 3098; x_wconf 62' lang='lat' dir='ltr'><strong>concupiscentia,</strong></span> 
     </span>
    </p>
   </div>
   <div class='ocr_carea' id='block_1_91' title="bbox 2169 3103 3768 3184">
    <p class='ocr_par' dir='ltr' id='par_1_91' title="bbox 2169 3103 3768 3184">
     <span class='ocr_line' id='line_1_91' title="bbox 2169 3103 3768 3184; baseline 0.011 -26"><span class='ocrx_word' id='word_1_661' title='bbox 2169 3103 2446 3160; x_wconf 77' lang='lat' dir='ltr'><strong>Manicluei</strong></span> <span class='ocrx_word' id='word_1_662' title='bbox 2488 3107 2842 3166; x_wconf 80' lang='lat' dir='ltr'><strong>substantiam</strong></span> <span class='ocrx_word' id='word_1_663' title='bbox 2871 3127 2992 3168; x_wconf 89' lang='lat' dir='ltr'><strong>esse</strong></span> <span class='ocrx_word' id='word_1_664' title='bbox 3037 3113 3223 3170; x_wconf 86' lang='lat' dir='ltr'><strong>dicunt</strong></span> <span class='ocrx_word' id='word_1_665' title='bbox 3271 3117 3492 3184; x_wconf 86' lang='lat' dir='ltr'><strong>malam,</strong></span> <span class='ocrx_word' id='word_1_666' title='bbox 3540 3135 3652 3175; x_wconf 90' lang='lat' dir='ltr'><strong>non</strong></span> <span class='ocrx_word' id='word_1_667' title='bbox 3693 3121 3768 3175; x_wconf 86' lang='lat' dir='ltr'><strong>vi-</strong></span> 
     </span>
    </p>
   </div>
   <div class='ocr_carea' id='block_1_92' title="bbox 2171 3195 3769 3279">
    <p class='ocr_par' dir='ltr' id='par_1_92' title="bbox 2171 3195 3769 3279">
     <span class='ocr_line' id='line_1_92' title="bbox 2171 3195 3769 3279; baseline 0.012 -30"><span class='ocrx_word' id='word_1_668' title='bbox 2171 3195 2302 3250; x_wconf 90' lang='lat' dir='ltr'><strong>tium</strong></span> <span class='ocrx_word' id='word_1_669' title='bbox 2328 3197 2638 3255; x_wconf 73' lang='lat' dir='ltr'><strong>substantize</strong></span> <span class='ocrx_word' id='word_1_670' title='bbox 2661 3200 2833 3270; x_wconf 83' lang='lat' dir='ltr'><strong>bonae,</strong></span> <span class='ocrx_word' id='word_1_671' title='bbox 2868 3219 2974 3274; x_wconf 90' lang='lat' dir='ltr'><strong>quo</strong></span> <span class='ocrx_word' id='word_1_672' title='bbox 2997 3219 3124 3262; x_wconf 89' lang='lat' dir='ltr'><strong>caro</strong></span> <span class='ocrx_word' id='word_1_673' title='bbox 3150 3209 3482 3279; x_wconf 89' lang='lat' dir='ltr'><strong>concupiscit</strong></span> <span class='ocrx_word' id='word_1_674' title='bbox 3509 3209 3769 3268; x_wconf 88' lang='lat' dir='ltr'><strong>adversus</strong></span> 
     </span>
    </p>
   </div>
   <div class='ocr_carea' id='block_1_93' title="bbox 2170 3287 3769 3370">
    <p class='ocr_par' dir='ltr' id='par_1_93' title="bbox 2170 3287 3769 3370">
     <span class='ocr_line' id='line_1_93' title="bbox 2170 3287 3769 3370; baseline 0.013 -30"><span class='ocrx_word' id='word_1_675' title='bbox 2170 3287 2448 3356; x_wconf 89' lang='lat' dir='ltr'><strong>spiritum;</strong></span> <span class='ocrx_word' id='word_1_676' title='bbox 2479 3291 2624 3361; x_wconf 89' lang='lat' dir='ltr'><strong>quod</strong></span> <span class='ocrx_word' id='word_1_677' title='bbox 2649 3292 2715 3348; x_wconf 87' lang='lat' dir='ltr'><strong>ad</strong></span> <span class='ocrx_word' id='word_1_678' title='bbox 2743 3310 2837 3350; x_wconf 89' lang='lat' dir='ltr'><strong>eos</strong></span> <span class='ocrx_word' id='word_1_679' title='bbox 2865 3295 3267 3368; x_wconf 87' lang='lat' dir='ltr'><strong>redarguendos</strong></span> <span class='ocrx_word' id='word_1_680' title='bbox 3293 3300 3522 3356; x_wconf 84' lang='lat' dir='ltr'><strong>dicimus</strong></span> <span class='ocrx_word' id='word_1_681' title='bbox 3553 3317 3674 3370; x_wconf 89' lang='lat' dir='ltr'><strong>nos,</strong></span> <span class='ocrx_word' id='word_1_682' title='bbox 3717 3311 3769 3360; x_wconf 90' lang='lat' dir='ltr'><strong>et</strong></span> 
     </span>
    </p>
   </div>
   <div class='ocr_carea' id='block_1_94' title="bbox 2169 3379 3762 3465">
    <p class='ocr_par' dir='ltr' id='par_1_94' title="bbox 2169 3379 3762 3465">
     <span class='ocr_line' id='line_1_94' title="bbox 2169 3379 3762 3465; baseline 0.012 -33"><span class='ocrx_word' id='word_1_683' title='bbox 2169 3379 2234 3434; x_wconf 90' lang='lat' dir='ltr'><strong>ad</strong></span> <span class='ocrx_word' id='word_1_684' title='bbox 2261 3395 2356 3436; x_wconf 89' lang='lat' dir='ltr'><strong>eos</strong></span> <span class='ocrx_word' id='word_1_685' title='bbox 2381 3381 2712 3452; x_wconf 86' lang='lat' dir='ltr'><strong>adjuvandos</strong></span> <span class='ocrx_word' id='word_1_686' title='bbox 2751 3388 2957 3458; x_wconf 87' lang='lat' dir='ltr'><strong>negatis</strong></span> <span class='ocrx_word' id='word_1_687' title='bbox 2999 3403 3114 3444; x_wconf 89' lang='lat' dir='ltr'><strong>vos.</strong></span> <span class='ocrx_word' id='word_1_688' title='bbox 3167 3389 3302 3446; x_wconf 81' lang='lat' dir='ltr'><strong>Nam</strong></span> <span class='ocrx_word' id='word_1_689' title='bbox 3341 3391 3464 3462; x_wconf 86' lang='lat' dir='ltr'><strong>quia</strong></span> <span class='ocrx_word' id='word_1_690' title='bbox 3509 3395 3762 3465; x_wconf 83' lang='lat' dir='ltr'><strong>concupi-</strong></span> 
     </span>
    </p>
   </div>
   <div class='ocr_carea' id='block_1_95' title="bbox 2169 3474 3768 3556">
    <p class='ocr_par' dir='ltr' id='par_1_95' title="bbox 2169 3474 3768 3556">
     <span class='ocr_line' id='line_1_95' title="bbox 2169 3474 3768 3556; baseline 0.011 -30"><span class='ocrx_word' id='word_1_691' title='bbox 2169 3474 2449 3543; x_wconf 88' lang='lat' dir='ltr'><strong>scentiam,</strong></span> <span class='ocrx_word' id='word_1_692' title='bbox 2501 3492 2604 3546; x_wconf 89' lang='lat' dir='ltr'><strong>qua</strong></span> <span class='ocrx_word' id='word_1_693' title='bbox 2651 3493 2776 3533; x_wconf 90' lang='lat' dir='ltr'><strong>caro</strong></span> <span class='ocrx_word' id='word_1_694' title='bbox 2817 3483 3147 3551; x_wconf 84' lang='lat' dir='ltr'><strong>concupiscit</strong></span> <span class='ocrx_word' id='word_1_695' title='bbox 3190 3483 3445 3540; x_wconf 86' lang='lat' dir='ltr'><strong>adversus</strong></span> <span class='ocrx_word' id='word_1_696' title='bbox 3497 3487 3768 3556; x_wconf 85' lang='lat' dir='ltr'><strong>spiritum,</strong></span> 
     </span>
    </p>
   </div>
   <div class='ocr_carea' id='block_1_96' title="bbox 2169 3567 3770 3644">
    <p class='ocr_par' dir='ltr' id='par_1_96' title="bbox 2169 3567 3770 3644">
     <span class='ocr_line' id='line_1_96' title="bbox 2169 3567 3770 3644; baseline 0.009 -25"><span class='ocrx_word' id='word_1_697' title='bbox 2169 3567 2327 3620; x_wconf 89' lang='lat' dir='ltr'><strong>etiam</strong></span> <span class='ocrx_word' id='word_1_698' title='bbox 2357 3567 2507 3622; x_wconf 91' lang='lat' dir='ltr'><strong>vobis</strong></span> <span class='ocrx_word' id='word_1_699' title='bbox 2535 3571 2905 3626; x_wconf 86' lang='lat' dir='ltr'><strong>resistentibus</strong></span> <span class='ocrx_word' id='word_1_700' title='bbox 2931 3575 3128 3628; x_wconf 71' lang='lat' dir='ltr'><strong>nihlum</strong></span> <span class='ocrx_word' id='word_1_701' title='bbox 3156 3589 3277 3631; x_wconf 88' lang='lat' dir='ltr'><strong>esse</strong></span> <span class='ocrx_word' id='word_1_702' title='bbox 3301 3578 3656 3644; x_wconf 86' lang='lat' dir='ltr'><strong>convincunt;</strong></span> <span class='ocrx_word' id='word_1_703' title='bbox 3715 3579 3770 3634; x_wconf 89' lang='lat' dir='ltr'><strong>si</strong></span> 
     </span>
    </p>
   </div>
   <div class='ocr_carea' id='block_1_97' title="bbox 2169 3664 3770 3734">
    <p class='ocr_par' dir='ltr' id='par_1_97' title="bbox 2169 3664 3770 3734">
     <span class='ocr_line' id='line_1_97' title="bbox 2169 3664 3770 3734; baseline 0.007 -22"><span class='ocrx_word' id='word_1_704' title='bbox 2169 3675 2276 3714; x_wconf 89' lang='lat' dir='ltr'><strong>non</strong></span> <span class='ocrx_word' id='word_1_705' title='bbox 2307 3671 2408 3724; x_wconf 89' lang='lat' dir='ltr'><strong>est,</strong></span> <span class='ocrx_word' id='word_1_706' title='bbox 2462 3669 2522 3716; x_wconf 93' lang='lat' dir='ltr'><strong>ut</strong></span> <span class='ocrx_word' id='word_1_707' title='bbox 2559 3664 2775 3732; x_wconf 85' lang='lat' dir='ltr'><strong>putatis,</strong></span> <span class='ocrx_word' id='word_1_708' title='bbox 2824 3665 2978 3720; x_wconf 74' lang='lat' dir='ltr'><strong>bona:</strong></span> <span class='ocrx_word' id='word_1_709' title='bbox 3016 3667 3328 3723; x_wconf 76' lang='lat' dir='ltr'><strong>substantia:</strong></span> <span class='ocrx_word' id='word_1_710' title='bbox 3375 3669 3580 3734; x_wconf 86' lang='lat' dir='ltr'><strong>vitium,</strong></span> <span class='ocrx_word' id='word_1_711' title='bbox 3622 3670 3770 3724; x_wconf 81' lang='lat' dir='ltr'><strong>mala</strong></span> 
     </span>
    </p>
   </div>
   <div class='ocr_carea' id='block_1_98' title="bbox 2169 3752 3771 3832">
    <p class='ocr_par' dir='ltr' id='par_1_98' title="bbox 2169 3752 3771 3832">
     <span class='ocr_line' id='line_1_98' title="bbox 2169 3752 3771 3832; baseline 0.009 -28"><span class='ocrx_word' id='word_1_712' title='bbox 2169 3752 2462 3808; x_wconf 87' lang='lat' dir='ltr'><strong>substantia</strong></span> <span class='ocrx_word' id='word_1_713' title='bbox 2510 3754 2887 3824; x_wconf 85' lang='lat' dir='ltr'><strong>deputabitur;</strong></span> <span class='ocrx_word' id='word_1_714' title='bbox 2925 3759 3066 3829; x_wconf 90' lang='lat' dir='ltr'><strong>quod</strong></span> <span class='ocrx_word' id='word_1_715' title='bbox 3093 3769 3176 3814; x_wconf 89' lang='lat' dir='ltr'><strong>est</strong></span> <span class='ocrx_word' id='word_1_716' title='bbox 3212 3759 3403 3832; x_wconf 83' lang='lat' dir='ltr'><strong>dogma</strong></span> <span class='ocrx_word' id='word_1_717' title='bbox 3447 3761 3771 3818; x_wconf 67' lang='lat' dir='ltr'><strong>Manichmo-</strong></span> 
     </span>
    </p>
   </div>
   <div class='ocr_carea' id='block_1_99' title="bbox 2167 3846 3616 3923">
    <p class='ocr_par' dir='ltr' id='par_1_99' title="bbox 2167 3846 3616 3923">
     <span class='ocr_line' id='line_1_99' title="bbox 2167 3846 3616 3923; baseline 0.009 -25"><span class='ocrx_word' id='word_1_718' title='bbox 2167 3860 2307 3911; x_wconf 90' lang='lat' dir='ltr'><strong>rum,</strong></span> <span class='ocrx_word' id='word_1_719' title='bbox 2341 3846 2620 3903; x_wconf 83' lang='lat' dir='ltr'><strong>catholicae</strong></span> <span class='ocrx_word' id='word_1_720' title='bbox 2643 3849 2762 3906; x_wconf 87' lang='lat' dir='ltr'><strong>ﬁdei</strong></span> <span class='ocrx_word' id='word_1_721' title='bbox 2791 3851 2940 3906; x_wconf 90' lang='lat' dir='ltr'><strong>vobis</strong></span> <span class='ocrx_word' id='word_1_722' title='bbox 2965 3852 3295 3923; x_wconf 85' lang='lat' dir='ltr'><strong>adjutoribus</strong></span> <span class='ocrx_word' id='word_1_723' title='bbox 3321 3854 3616 3911; x_wconf 88' lang='lat' dir='ltr'><strong>inimicum.</strong></span> 
     </span>
    </p>
   </div>
   <div class='ocr_carea' id='block_1_100' title="bbox 2237 3937 3769 4016">
    <p class='ocr_par' dir='ltr' id='par_1_100' title="bbox 2237 3937 3769 4016">
     <span class='ocr_line' id='line_1_100' title="bbox 2237 3937 3769 4016; baseline 0.01 -23"><span class='ocrx_word' id='word_1_724' title='bbox 2237 3937 2536 3996; x_wconf 79' lang='lat' dir='ltr'><strong>CLXXVII.</strong></span> <span class='ocrx_word' id='word_1_725' title='bbox 2567 3941 2685 3998; x_wconf 72' lang='lat' dir='ltr'><strong>Jun.</strong></span> <span class='ocrx_word' id='word_1_726' title='bbox 2731 3962 2752 3996; x_wconf 67' lang='grc' dir='ltr'>ι</span> <span class='ocrx_word' id='word_1_727' title='bbox 2789 3944 2922 3999; x_wconf 88' lang='lat' dir='ltr'><strong>Cum</strong></span> <span class='ocrx_word' id='word_1_728' title='bbox 2974 3947 3156 4002; x_wconf 88' lang='lat' dir='ltr'><strong>animo</strong></span> <span class='ocrx_word' id='word_1_729' title='bbox 3199 3947 3412 4004; x_wconf 88' lang='lat' dir='ltr'><strong>nolente</strong></span> <span class='ocrx_word' id='word_1_730' title='bbox 3443 3960 3658 4016; x_wconf 89' lang='lat' dir='ltr'><strong>coeunt,</strong></span> <span class='ocrx_word' id='word_1_731' title='bbox 3713 3961 3769 4008; x_wconf 87' lang='lat' dir='ltr'><strong>et</strong></span> 
     </span>
    </p>
   </div>
   <div class='ocr_carea' id='block_1_101' title="bbox 2165 4033 3769 4114">
    <p class='ocr_par' dir='ltr' id='par_1_101' title="bbox 2165 4033 3769 4114">
     <span class='ocr_line' id='line_1_101' title="bbox 2165 4033 3769 4114; baseline 0.011 -29"><span class='ocrx_word' id='word_1_732' title='bbox 2165 4033 2386 4087; x_wconf 88' lang='lat' dir='ltr'><strong>secretis</strong></span> <span class='ocrx_word' id='word_1_733' title='bbox 2407 4034 2700 4104; x_wconf 72' lang='lat' dir='ltr'><strong>pudor-ibus</strong></span> <span class='ocrx_word' id='word_1_734' title='bbox 2741 4047 2966 4107; x_wconf 86' lang='lat' dir='ltr'><strong>gerunt,</strong></span> <span class='ocrx_word' id='word_1_735' title='bbox 3017 4043 3130 4110; x_wconf 57' lang='lat' dir='ltr'><strong>quo”</strong></span> <span class='ocrx_word' id='word_1_736' title='bbox 3153 4051 3394 4114; x_wconf 88' lang='lat' dir='ltr'><strong>tempore</strong></span> <span class='ocrx_word' id='word_1_737' title='bbox 3417 4043 3542 4100; x_wconf 90' lang='lat' dir='ltr'><strong>odio</strong></span> <span class='ocrx_word' id='word_1_738' title='bbox 3567 4046 3769 4102; x_wconf 87' lang='lat' dir='ltr'><strong>habent</strong></span> 
     </span>
    </p>
   </div>
   <div class='ocr_carea' id='block_1_102' title="bbox 2165 4125 3766 4206">
    <p class='ocr_par' dir='ltr' id='par_1_102' title="bbox 2165 4125 3766 4206">
     <span class='ocr_line' id='line_1_102' title="bbox 2165 4125 3766 4206; baseline 0.009 -26"><span class='ocrx_word' id='word_1_739' title='bbox 2165 4125 2360 4194; x_wconf 88' lang='lat' dir='ltr'><strong>lucem,</strong></span> <span class='ocrx_word' id='word_1_740' title='bbox 2393 4129 2470 4182; x_wconf 91' lang='lat' dir='ltr'><strong>uti</strong></span> <span class='ocrx_word' id='word_1_741' title='bbox 2515 4144 2582 4182; x_wconf 91' lang='lat' dir='ltr'><strong>ne</strong></span> <span class='ocrx_word' id='word_1_742' title='bbox 2623 4129 3030 4186; x_wconf 84' lang='lat' dir='ltr'><strong>manifestenlur</strong></span> <span class='ocrx_word' id='word_1_743' title='bbox 3061 4148 3222 4203; x_wconf 85' lang='lat' dir='ltr'><strong>opera</strong></span> <span class='ocrx_word' id='word_1_744' title='bbox 3249 4151 3454 4190; x_wconf 88' lang='lat' dir='ltr'><strong>eorum.</strong></span> <span class='ocrx_word' id='word_1_745' title='bbox 3497 4137 3664 4206; x_wconf 90' lang='lat' dir='ltr'><strong>Cujus</strong></span> <span class='ocrx_word' id='word_1_746' title='bbox 3689 4139 3766 4194; x_wconf 88' lang='lat' dir='ltr'><strong>rei</strong></span> 
     </span>
    </p>
   </div>
   <div class='ocr_carea' id='block_1_103' title="bbox 2163 4220 3764 4301">
    <p class='ocr_par' dir='ltr' id='par_1_103' title="bbox 2163 4220 3764 4301">
     <span class='ocr_line' id='line_1_103' title="bbox 2163 4220 3764 4301; baseline 0.009 -30"><span class='ocrx_word' id='word_1_747' title='bbox 2163 4220 2331 4288; x_wconf 89' lang='lat' dir='ltr'><strong>gratia</strong></span> <span class='ocrx_word' id='word_1_748' title='bbox 2363 4221 2438 4274; x_wconf 86' lang='lat' dir='ltr'><strong>ait</strong></span> <span class='ocrx_word' id='word_1_749' title='bbox 2463 4221 2768 4290; x_wconf 80' lang='lat' dir='ltr'><strong>Apostolus,</strong></span> <span class='ocrx_word' id='word_1_750' title='bbox 2802 4223 2922 4278; x_wconf 85' lang='lat' dir='ltr'><strong>Non</strong></span> <span class='ocrx_word' id='word_1_751' title='bbox 2953 4235 3024 4279; x_wconf 82' lang='lat' dir='ltr'><strong>est</strong></span> <span class='ocrx_word' id='word_1_752' title='bbox 3053 4227 3262 4282; x_wconf 77' lang='lat' dir='ltr'><strong>volentis</strong></span> <span class='ocrx_word' id='word_1_753' title='bbox 3300 4227 3477 4298; x_wconf 85' lang='lat' dir='ltr'><strong>(Rom.</strong></span> <span class='ocrx_word' id='word_1_754' title='bbox 3511 4247 3592 4297; x_wconf 73' lang='grc' dir='ltr'><strong>ιι,</strong></span> <span class='ocrx_word' id='word_1_755' title='bbox 3629 4232 3764 4301; x_wconf 80' lang='grc'><strong>16);</strong></span> 
     </span>
    </p>
   </div>
   <div class='ocr_carea' id='block_1_104' title="bbox 2164 4305 3760 4394">
    <p class='ocr_par' dir='ltr' id='par_1_104' title="bbox 2164 4305 3760 4394">
     <span class='ocr_line' id='line_1_104' title="bbox 2164 4305 3760 4394; baseline 0.008 -28"><span class='ocrx_word' id='word_1_756' title='bbox 2164 4320 2223 4366; x_wconf 89' lang='lat' dir='ltr'><strong>ut</strong></span> <span class='ocrx_word' id='word_1_757' title='bbox 2249 4313 2617 4380; x_wconf 74' lang='lat' dir='ltr'><strong>subaud‘iatur,</strong></span> <span class='ocrx_word' id='word_1_758' title='bbox 2651 4315 2752 4370; x_wconf 92' lang='lat' dir='ltr'><strong>hoc</strong></span> <span class='ocrx_word' id='word_1_759' title='bbox 2773 4305 2925 4386; x_wconf 39' lang='lat' dir='ltr'><strong>opus;</strong></span> <span class='ocrx_word' id='word_1_760' title='bbox 2950 4319 3072 4374; x_wconf 88' lang='lat' dir='ltr'><strong>Sive</strong></span> <span class='ocrx_word' id='word_1_761' title='bbox 3101 4320 3242 4376; x_wconf 87' lang='lat' dir='ltr'><strong>enim</strong></span> <span class='ocrx_word' id='word_1_762' title='bbox 3265 4322 3462 4377; x_wconf 88' lang='lat' dir='ltr'><strong>bonum</strong></span> <span class='ocrx_word' id='word_1_763' title='bbox 3489 4339 3760 4394; x_wconf 84' lang='lat' dir='ltr'><strong>geramus,</strong></span> 
     </span>
    </p>
   </div>
   <div class='ocr_carea' id='block_1_105' title="bbox 2165 4406 3764 4486">
    <p class='ocr_par' dir='ltr' id='par_1_105' title="bbox 2165 4406 3764 4486">
     <span class='ocr_line' id='line_1_105' title="bbox 2165 4406 3764 4486; baseline 0.006 -28"><span class='ocrx_word' id='word_1_764' title='bbox 2165 4419 2272 4458; x_wconf 84' lang='lat' dir='ltr'><strong>non</strong></span> <span class='ocrx_word' id='word_1_765' title='bbox 2297 4412 2380 4459; x_wconf 91' lang='lat' dir='ltr'><strong>est</strong></span> <span class='ocrx_word' id='word_1_766' title='bbox 2404 4406 2579 4460; x_wconf 91' lang='lat' dir='ltr'><strong>carnis</strong></span> <span class='ocrx_word' id='word_1_767' title='bbox 2604 4423 2618 4472; x_wconf 93' lang='lat'><strong>;</strong></span> <span class='ocrx_word' id='word_1_768' title='bbox 2647 4407 2769 4477; x_wconf 85' lang='lat' dir='ltr'><strong>quia</strong></span> <span class='ocrx_word' id='word_1_769' title='bbox 2803 4411 3070 4478; x_wconf 80' lang='lat' dir='ltr'><strong>manifesta</strong></span> <span class='ocrx_word' id='word_1_770' title='bbox 3097 4422 3212 4466; x_wconf 87' lang='lat' dir='ltr'><strong>sunt</strong></span> <span class='ocrx_word' id='word_1_771' title='bbox 3245 4431 3398 4482; x_wconf 85' lang='lat' dir='ltr'><strong>opera</strong></span> <span class='ocrx_word' id='word_1_772' title='bbox 3427 4417 3618 4478; x_wconf 82' lang='lat' dir='ltr'><strong>carnis,</strong></span> <span class='ocrx_word' id='word_1_773' title='bbox 3649 4431 3764 4486; x_wconf 64' lang='lat' dir='ltr'><strong>qua</strong></span> 
     </span>
    </p>
   </div>
   <div class='ocr_carea' id='block_1_106' title="bbox 2163 4497 3764 4575">
    <p class='ocr_par' dir='ltr' id='par_1_106' title="bbox 2163 4497 3764 4575">
     <span class='ocr_line' id='line_1_106' title="bbox 2163 4497 3764 4575; baseline 0.009 -27"><span class='ocrx_word' id='word_1_774' title='bbox 2163 4505 2280 4548; x_wconf 83' lang='lat' dir='ltr'><strong>sunt</strong></span> <span class='ocrx_word' id='word_1_775' title='bbox 2304 4497 2594 4566; x_wconf 83' lang='lat' dir='ltr'><strong>fornicatio,</strong></span> <span class='ocrx_word' id='word_1_776' title='bbox 2623 4508 2753 4566; x_wconf 89' lang='lat' dir='ltr'><strong>etc.,</strong></span> <span class='ocrx_word' id='word_1_777' title='bbox 2807 4503 2920 4557; x_wconf 90' lang='lat' dir='ltr'><strong>sive</strong></span> <span class='ocrx_word' id='word_1_778' title='bbox 2961 4505 3158 4558; x_wconf 83' lang='lat' dir='ltr'><strong>malum</strong></span> <span class='ocrx_word' id='word_1_779' title='bbox 3197 4521 3448 4575; x_wconf 84' lang='lat' dir='ltr'><strong>geramus</strong></span> <span class='ocrx_word' id='word_1_780' title='bbox 3469 4509 3512 4572; x_wconf 76' lang='grc' dir='ltr'><strong>ί,</strong></span> <span class='ocrx_word' id='word_1_781' title='bbox 3547 4519 3764 4562; x_wconf 87' lang='lat' dir='ltr'><strong>nonest</strong></span> 
     </span>
    </p>
   </div>
   <div class='ocr_carea' id='block_1_107' title="bbox 2164 4588 3762 4672">
    <p class='ocr_par' dir='ltr' id='par_1_107' title="bbox 2164 4588 3762 4672">
     <span class='ocr_line' id='line_1_107' title="bbox 2164 4588 3762 4672; baseline 0.01 -32"><span class='ocrx_word' id='word_1_782' title='bbox 2164 4588 2394 4654; x_wconf 56' lang='lat' dir='ltr'><strong>animus;</strong></span> <span class='ocrx_word' id='word_1_783' title='bbox 2442 4591 2562 4661; x_wconf 90' lang='lat' dir='ltr'><strong>quia</strong></span> <span class='ocrx_word' id='word_1_784' title='bbox 2585 4591 2783 4662; x_wconf 84' lang='lat' dir='ltr'><strong>[ructus</strong></span> <span class='ocrx_word' id='word_1_785' title='bbox 2811 4595 3054 4666; x_wconf 81' lang='lat' dir='ltr'><strong>Spiritus,</strong></span> <span class='ocrx_word' id='word_1_786' title='bbox 3100 4613 3222 4666; x_wconf 73' lang='lat' dir='ltr'><strong>pax,</strong></span> <span class='ocrx_word' id='word_1_787' title='bbox 3253 4600 3503 4669; x_wconf 81' lang='lat' dir='ltr'><strong>gaudium</strong></span> <span class='ocrx_word' id='word_1_788' title='bbox 3527 4611 3604 4654; x_wconf 83' lang='lat' dir='ltr'><strong>est</strong></span> <span class='ocrx_word' id='word_1_789' title='bbox 3637 4601 3762 4672; x_wconf 79' lang='lat' dir='ltr'><strong>(Ga-</strong></span> 
     </span>
    </p>
   </div>
   <div class='ocr_carea' id='block_1_108' title="bbox 2165 4679 3762 4762">
    <p class='ocr_par' dir='ltr' id='par_1_108' title="bbox 2165 4679 3762 4762">
     <span class='ocr_line' id='line_1_108' title="bbox 2165 4679 3762 4762; baseline 0.009 -30"><span class='ocrx_word' id='word_1_790' title='bbox 2165 4679 2256 4732; x_wconf 80' lang='lat' dir='ltr'><strong>tat.</strong></span> <span class='ocrx_word' id='word_1_791' title='bbox 2289 4696 2342 4746; x_wconf 91' lang='lat' dir='ltr'><strong>v,</strong></span> <span class='ocrx_word' id='word_1_792' title='bbox 2377 4682 2464 4748; x_wconf 84' lang='grc'><strong>19,</strong></span> <span class='ocrx_word' id='word_1_793' title='bbox 2497 4683 2612 4754; x_wconf 62' lang='grc'><strong>22).</strong></span> <span class='ocrx_word' id='word_1_794' title='bbox 2643 4685 2882 4756; x_wconf 88' lang='lat' dir='ltr'><strong>Denique</strong></span> <span class='ocrx_word' id='word_1_795' title='bbox 2905 4687 3101 4742; x_wconf 80' lang='lat' dir='ltr'><strong>clamat</strong></span> <span class='ocrx_word' id='word_1_796' title='bbox 3129 4697 3182 4744; x_wconf 88' lang='lat' dir='ltr'><strong>et</strong></span> <span class='ocrx_word' id='word_1_797' title='bbox 3205 4691 3274 4744; x_wconf 90' lang='lat' dir='ltr'><strong>ad</strong></span> <span class='ocrx_word' id='word_1_798' title='bbox 3313 4691 3590 4746; x_wconf 85' lang='lat' dir='ltr'><strong>Romanos</strong></span> <span class='ocrx_word' id='word_1_799' title='bbox 3620 4695 3762 4762; x_wconf 80' lang='lat' dir='ltr'><strong>Apo-</strong></span> 
     </span>
    </p>
   </div>
   <div class='ocr_carea' id='block_1_109' title="bbox 2164 4774 3758 4858">
    <p class='ocr_par' dir='ltr' id='par_1_109' title="bbox 2164 4774 3758 4858">
     <span class='ocr_line' id='line_1_109' title="bbox 2164 4774 3758 4858; baseline 0.008 -31"><span class='ocrx_word' id='word_1_800' title='bbox 2164 4774 2333 4828; x_wconf 86' lang='lat' dir='ltr'><strong>stolus</strong></span> <span class='ocrx_word' id='word_1_801' title='bbox 2365 4793 2379 4830; x_wconf 90' lang='lat'><strong>:</strong></span> <span class='ocrx_word' id='word_1_802' title='bbox 2413 4775 2534 4832; x_wconf 83' lang='lat' dir='ltr'><strong>Non</strong></span> <span class='ocrx_word' id='word_1_803' title='bbox 2573 4778 2756 4832; x_wconf 85' lang='lat' dir='ltr'><strong>bonum</strong></span> <span class='ocrx_word' id='word_1_804' title='bbox 2785 4780 2920 4851; x_wconf 82' lang='lat' dir='ltr'><strong>quod</strong></span> <span class='ocrx_word' id='word_1_805' title='bbox 2959 4783 3090 4849; x_wconf 81' lang='lat' dir='ltr'><strong>volo,</strong></span> <span class='ocrx_word' id='word_1_806' title='bbox 3125 4799 3256 4854; x_wconf 83' lang='lat' dir='ltr'><strong>ago;</strong></span> <span class='ocrx_word' id='word_1_807' title='bbox 3285 4785 3376 4837; x_wconf 84' lang='lat' dir='ltr'><strong>sed</strong></span> <span class='ocrx_word' id='word_1_808' title='bbox 3400 4788 3596 4840; x_wconf 83' lang='lat' dir='ltr'><strong>malum</strong></span> <span class='ocrx_word' id='word_1_809' title='bbox 3639 4803 3758 4858; x_wconf 75' lang='lat' dir='ltr'><strong>ape-</strong></span> 
     </span>
    </p>
   </div>
   <div class='ocr_carea' id='block_1_110' title="bbox 2163 4871 3758 4948">
    <p class='ocr_par' dir='ltr' id='par_1_110' title="bbox 2163 4871 3758 4948">
     <span class='ocr_line' id='line_1_110' title="bbox 2163 4871 3758 4948; baseline 0.008 -28"><span class='ocrx_word' id='word_1_810' title='bbox 2163 4884 2268 4933; x_wconf 81' lang='lat' dir='ltr'><strong>ror,</strong></span> <span class='ocrx_word' id='word_1_811' title='bbox 2323 4871 2460 4938; x_wconf 83' lang='lat' dir='ltr'><strong>quod</strong></span> <span class='ocrx_word' id='word_1_812' title='bbox 2509 4871 2752 4926; x_wconf 77' lang='lat' dir='ltr'><strong>exltorreo</strong></span> <span class='ocrx_word' id='word_1_813' title='bbox 2809 4871 2830 4945; x_wconf 88' lang='lat'>(</span> <span class='ocrx_word' id='word_1_814' title='bbox 2863 4871 3011 4926; x_wconf 83' lang='lat' dir='ltr'><strong>Rom.</strong></span> <span class='ocrx_word' id='word_1_815' title='bbox 3041 4891 3133 4942; x_wconf 85' lang='lat' dir='ltr'><strong>vn,</strong></span> <span class='ocrx_word' id='word_1_816' title='bbox 3163 4875 3292 4948; x_wconf 75' lang='grc'><strong>19).</strong></span> <span class='ocrx_word' id='word_1_817' title='bbox 3349 4876 3556 4933; x_wconf 81' lang='lat' dir='ltr'><strong>Videtis</strong></span> <span class='ocrx_word' id='word_1_818' title='bbox 3575 4895 3758 4933; x_wconf 87' lang='lat' dir='ltr'><strong>vocem</strong></span> 
     </span>
    </p>
   </div>
   <div class='ocr_carea' id='block_1_111' title="bbox 2163 4962 3760 5039">
    <p class='ocr_par' dir='ltr' id='par_1_111' title="bbox 2163 4962 3760 5039">
     <span class='ocr_line' id='line_1_111' title="bbox 2163 4962 3760 5039; baseline 0.008 -23"><span class='ocrx_word' id='word_1_819' title='bbox 2163 4962 2355 5017; x_wconf 71' lang='lat' dir='ltr'><strong>anima:</strong></span> <span class='ocrx_word' id='word_1_820' title='bbox 2415 4967 2779 5032; x_wconf 86' lang='lat' dir='ltr'><strong>contumacis,</strong></span> <span class='ocrx_word' id='word_1_821' title='bbox 2864 4978 3046 5022; x_wconf 87' lang='lat' dir='ltr'><strong>contra</strong></span> <span class='ocrx_word' id='word_1_822' title='bbox 3121 4973 3609 5039; x_wconf 86' lang='lat' dir='ltr'><strong>concupiscentiam</strong></span> <span class='ocrx_word' id='word_1_823' title='bbox 3661 4973 3760 5028; x_wconf 87' lang='lat' dir='ltr'><strong>de-</strong></span> 
     </span>
    </p>
   </div>
   <div class='ocr_carea' id='block_1_112' title="bbox 2165 5051 3760 5136">
    <p class='ocr_par' dir='ltr' id='par_1_112' title="bbox 2165 5051 3760 5136">
     <span class='ocr_line' id='line_1_112' title="bbox 2165 5051 3760 5136; baseline 0.008 -29"><span class='ocrx_word' id='word_1_824' title='bbox 2165 5051 2469 5111; x_wconf 86' lang='lat' dir='ltr'><strong>fendentem</strong></span> <span class='ocrx_word' id='word_1_825' title='bbox 2533 5057 2832 5113; x_wconf 83' lang='lat' dir='ltr'><strong>libertatem</strong></span> <span class='ocrx_word' id='word_1_826' title='bbox 2906 5062 3117 5116; x_wconf 47' lang='lat' dir='ltr'><strong>animai.</strong></span> <span class='ocrx_word' id='word_1_827' title='bbox 3177 5062 3402 5119; x_wconf 89' lang='lat' dir='ltr'><strong>Dolebat</strong></span> <span class='ocrx_word' id='word_1_828' title='bbox 3459 5065 3607 5121; x_wconf 90' lang='lat' dir='ltr'><strong>enim</strong></span> <span class='ocrx_word' id='word_1_829' title='bbox 3637 5067 3760 5136; x_wconf 84' lang='lat' dir='ltr'><strong>quia</strong></span> 
     </span>
    </p>
   </div>
   <div class='ocr_carea' id='block_1_113' title="bbox 2162 5149 3760 5222">
    <p class='ocr_par' dir='ltr' id='par_1_113' title="bbox 2162 5149 3760 5222">
     <span class='ocr_line' id='line_1_113' title="bbox 2162 5149 3760 5222; baseline 0.007 -21"><span class='ocrx_word' id='word_1_830' title='bbox 2162 5158 2461 5218; x_wconf 88' lang='lat' dir='ltr'><strong>peccatum,</strong></span> <span class='ocrx_word' id='word_1_831' title='bbox 2492 5149 2544 5204; x_wconf 88' lang='lat' dir='ltr'><strong>id</strong></span> <span class='ocrx_word' id='word_1_832' title='bbox 2573 5159 2675 5214; x_wconf 85' lang='lat' dir='ltr'><strong>est,</strong></span> <span class='ocrx_word' id='word_1_833' title='bbox 2721 5151 2966 5207; x_wconf 82' lang='lat' dir='ltr'><strong>diabolus</strong></span> <span class='ocrx_word' id='word_1_834' title='bbox 3007 5166 3321 5222; x_wconf 86' lang='lat' dir='ltr'><strong>operaretur</strong></span> <span class='ocrx_word' id='word_1_835' title='bbox 3365 5157 3417 5210; x_wconf 88' lang='lat' dir='ltr'><strong>in</strong></span> <span class='ocrx_word' id='word_1_836' title='bbox 3455 5171 3516 5212; x_wconf 88' lang='lat' dir='ltr'><strong>se</strong></span> <span class='ocrx_word' id='word_1_837' title='bbox 3544 5173 3760 5212; x_wconf 86' lang='lat' dir='ltr'><strong>omnem</strong></span> 
     </span>
    </p>
   </div>
   <div class='ocr_carea' id='block_1_114' title="bbox 2162 5243 3759 5318">
    <p class='ocr_par' dir='ltr' id='par_1_114' title="bbox 2162 5243 3759 5318">
     <span class='ocr_line' id='line_1_114' title="bbox 2162 5243 3759 5318; baseline 0.005 -20"><span class='ocrx_word' id='word_1_838' title='bbox 2162 5245 2666 5314; x_wconf 87' lang='lat' dir='ltr'><strong>concupiscentiam.</strong></span> <span class='ocrx_word' id='word_1_839' title='bbox 2719 5243 2930 5318; x_wconf 85' lang='lat' dir='ltr'><strong>Legalis</strong></span> <span class='ocrx_word' id='word_1_840' title='bbox 2969 5249 3259 5304; x_wconf 86' lang='lat' dir='ltr'><strong>auctoritas</strong></span> <span class='ocrx_word' id='word_1_841' title='bbox 3311 5251 3511 5305; x_wconf 86' lang='lat' dir='ltr'><strong>indicat</strong></span> <span class='ocrx_word' id='word_1_842' title='bbox 3559 5253 3759 5306; x_wconf 88' lang='lat' dir='ltr'><strong>malum</strong></span> 
     </span>
    </p>
   </div>
   <div class='ocr_carea' id='block_1_115' title="bbox 2163 5336 3758 5411">
    <p class='ocr_par' dir='ltr' id='par_1_115' title="bbox 2163 5336 3758 5411">
     <span class='ocr_line' id='line_1_115' title="bbox 2163 5336 3758 5411; baseline 0.003 -19"><span class='ocrx_word' id='word_1_843' title='bbox 2163 5336 2298 5405; x_wconf 86' lang='lat' dir='ltr'><strong>ejus,</strong></span> <span class='ocrx_word' id='word_1_844' title='bbox 2339 5351 2461 5391; x_wconf 90' lang='lat' dir='ltr'><strong>cum</strong></span> <span class='ocrx_word' id='word_1_845' title='bbox 2493 5353 2681 5392; x_wconf 90' lang='lat' dir='ltr'><strong>omnes</strong></span> <span class='ocrx_word' id='word_1_846' title='bbox 2701 5339 2816 5408; x_wconf 90' lang='lat' dir='ltr'><strong>ejus</strong></span> <span class='ocrx_word' id='word_1_847' title='bbox 2861 5353 2990 5393; x_wconf 88' lang='lat' dir='ltr'><strong>usus</strong></span> <span class='ocrx_word' id='word_1_848' title='bbox 3017 5340 3302 5410; x_wconf 85' lang='lat' dir='ltr'><strong>vituperat,</strong></span> <span class='ocrx_word' id='word_1_849' title='bbox 3331 5357 3466 5411; x_wconf 90' lang='lat' dir='ltr'><strong>quos</strong></span> <span class='ocrx_word' id='word_1_850' title='bbox 3493 5357 3624 5397; x_wconf 87' lang='lat' dir='ltr'><strong>caro</strong></span> <span class='ocrx_word' id='word_1_851' title='bbox 3655 5343 3758 5397; x_wconf 79' lang='lat' dir='ltr'><strong>mi-</strong></span> 
     </span>
    </p>
   </div>
   <div class='ocr_carea' id='block_1_116' title="bbox 2163 5429 3757 5504">
    <p class='ocr_par' dir='ltr' id='par_1_116' title="bbox 2163 5429 3757 5504">
     <span class='ocr_line' id='line_1_116' title="bbox 2163 5429 3757 5504; baseline 0.003 -21"><span class='ocrx_word' id='word_1_852' title='bbox 2163 5438 2310 5484; x_wconf 87' lang='lat' dir='ltr'><strong>ratur</strong></span> <span class='ocrx_word' id='word_1_853' title='bbox 2327 5439 2383 5484; x_wconf 89' lang='lat' dir='ltr'><strong>et</strong></span> <span class='ocrx_word' id='word_1_854' title='bbox 2409 5429 2588 5484; x_wconf 87' lang='lat' dir='ltr'><strong>laudat</strong></span> <span class='ocrx_word' id='word_1_855' title='bbox 2615 5447 2628 5483; x_wconf 90' lang='lat'>:</span> <span class='ocrx_word' id='word_1_856' title='bbox 2659 5432 2836 5485; x_wconf 90' lang='lat' dir='ltr'><strong>omnis</strong></span> <span class='ocrx_word' id='word_1_857' title='bbox 2875 5432 3018 5486; x_wconf 91' lang='lat' dir='ltr'><strong>enim</strong></span> <span class='ocrx_word' id='word_1_858' title='bbox 3049 5431 3348 5487; x_wconf 85' lang='lat' dir='ltr'><strong>amaritudo</strong></span> <span class='ocrx_word' id='word_1_859' title='bbox 3367 5435 3757 5504; x_wconf 85' lang='lat' dir='ltr'><strong>concupiscen-</strong></span> 
     </span>
    </p>
   </div>
   <div class='ocr_carea' id='block_1_117' title="bbox 2165 5519 3760 5592">
    <p class='ocr_par' dir='ltr' id='par_1_117' title="bbox 2165 5519 3760 5592">
     <span class='ocr_line' id='line_1_117' title="bbox 2165 5519 3760 5592; baseline 0.006 -20"><span class='ocrx_word' id='word_1_860' title='bbox 2165 5519 2252 5574; x_wconf 70' lang='lat' dir='ltr'><strong>tire</strong></span> <span class='ocrx_word' id='word_1_861' title='bbox 2280 5520 2456 5575; x_wconf 87' lang='lat' dir='ltr'><strong>suavis</strong></span> <span class='ocrx_word' id='word_1_862' title='bbox 2484 5530 2568 5576; x_wconf 89' lang='lat' dir='ltr'><strong>est</strong></span> <span class='ocrx_word' id='word_1_863' title='bbox 2591 5521 2823 5588; x_wconf 64' lang='lat' dir='ltr'><strong>animae;</strong></span> <span class='ocrx_word' id='word_1_864' title='bbox 2870 5539 2966 5592; x_wconf 91' lang='lat' dir='ltr'><strong>per</strong></span> <span class='ocrx_word' id='word_1_865' title='bbox 2998 5539 3155 5592; x_wconf 86' lang='lat' dir='ltr'><strong>quam</strong></span> <span class='ocrx_word' id='word_1_866' title='bbox 3197 5524 3432 5578; x_wconf 90' lang='lat' dir='ltr'><strong>nutritur</strong></span> <span class='ocrx_word' id='word_1_867' title='bbox 3455 5527 3658 5592; x_wconf 85' lang='lat' dir='ltr'><strong>anima,</strong></span> <span class='ocrx_word' id='word_1_868' title='bbox 3703 5535 3760 5582; x_wconf 88' lang='lat' dir='ltr'><strong>et</strong></span> 
     </span>
    </p>
   </div>
   <div class='ocr_carea' id='block_1_118' title="bbox 2162 5611 3761 5686">
    <p class='ocr_par' dir='ltr' id='par_1_118' title="bbox 2162 5611 3761 5686">
     <span class='ocr_line' id='line_1_118' title="bbox 2162 5611 3761 5686; baseline 0.005 -19"><span class='ocrx_word' id='word_1_869' title='bbox 2162 5611 2229 5668; x_wconf 87' lang='lat' dir='ltr'><strong>ad</strong></span> <span class='ocrx_word' id='word_1_870' title='bbox 2263 5613 2498 5685; x_wconf 88' lang='lat' dir='ltr'><strong>vigorem</strong></span> <span class='ocrx_word' id='word_1_871' title='bbox 2541 5615 2765 5670; x_wconf 89' lang='lat' dir='ltr'><strong>accitur.</strong></span> <span class='ocrx_word' id='word_1_872' title='bbox 2825 5616 3062 5686; x_wconf 90' lang='lat' dir='ltr'><strong>Denique</strong></span> <span class='ocrx_word' id='word_1_873' title='bbox 3091 5619 3388 5672; x_wconf 90' lang='lat' dir='ltr'><strong>coercentis</strong></span> <span class='ocrx_word' id='word_1_874' title='bbox 3423 5634 3484 5673; x_wconf 85' lang='lat' dir='ltr'><strong>se</strong></span> <span class='ocrx_word' id='word_1_875' title='bbox 3519 5619 3587 5674; x_wconf 86' lang='lat' dir='ltr'><strong>ab</strong></span> <span class='ocrx_word' id='word_1_876' title='bbox 3611 5619 3761 5676; x_wconf 86' lang='lat' dir='ltr'><strong>omni</strong></span> 
     </span>
    </p>
   </div>
   <div class='ocr_carea' id='block_1_119' title="bbox 2162 5706 3762 5781">
    <p class='ocr_par' dir='ltr' id='par_1_119' title="bbox 2162 5706 3762 5781">
     <span class='ocr_line' id='line_1_119' title="bbox 2162 5706 3762 5781; baseline 0.004 -19"><span class='ocrx_word' id='word_1_877' title='bbox 2162 5721 2264 5764; x_wconf 86' lang='lat' dir='ltr'><strong>usu</strong></span> <span class='ocrx_word' id='word_1_878' title='bbox 2303 5706 2750 5778; x_wconf 71' lang='lat' dir='ltr'><strong>concupiscentiae</strong></span> <span class='ocrx_word' id='word_1_879' title='bbox 2787 5709 3001 5766; x_wconf 83' lang='lat' dir='ltr'><strong>animus</strong></span> <span class='ocrx_word' id='word_1_880' title='bbox 3024 5709 3224 5781; x_wconf 87' lang='lat' dir='ltr'><strong>vigilat,</strong></span> <span class='ocrx_word' id='word_1_881' title='bbox 3261 5707 3481 5780; x_wconf 88' lang='lat' dir='ltr'><strong>ditatur,</strong></span> <span class='ocrx_word' id='word_1_882' title='bbox 3533 5719 3590 5768; x_wconf 89' lang='lat' dir='ltr'><strong>et</strong></span> <span class='ocrx_word' id='word_1_883' title='bbox 3639 5725 3762 5768; x_wconf 80' lang='lat' dir='ltr'><strong>cre-</strong></span> 
     </span>
    </p>
   </div>
   <div class='ocr_carea' id='block_1_120' title="bbox 2229 5861 3762 5926">
    <p class='ocr_par' dir='ltr' id='par_1_120' title="bbox 2229 5861 3762 5926">
     <span class='ocr_line' id='line_1_120' title="bbox 2229 5861 3762 5926; baseline 0.004 -14"><span class='ocrx_word' id='word_1_884' title='bbox 2229 5866 2246 5898; x_wconf 79' lang='grc'>¹</span> <span class='ocrx_word' id='word_1_885' title='bbox 2281 5863 2412 5913; x_wconf 84' lang='lat' dir='ltr'><strong>Prior</strong></span> <span class='ocrx_word' id='word_1_886' title='bbox 2453 5863 2684 5926; x_wconf 78' lang='lat' dir='ltr'><strong>vignierii</strong></span> <span class='ocrx_word' id='word_1_887' title='bbox 2710 5863 2860 5915; x_wconf 87' lang='lat' dir='ltr'><strong>editio</strong></span> <span class='ocrx_word' id='word_1_888' title='bbox 2891 5873 2945 5916; x_wconf 89' lang='lat' dir='ltr'><strong>et</strong></span> <span class='ocrx_word' id='word_1_889' title='bbox 2963 5871 3071 5916; x_wconf 74' lang='lat' dir='ltr'><strong>Mss.</strong></span> <span class='ocrx_word' id='word_1_890' title='bbox 3105 5871 3216 5916; x_wconf 71' lang='grc' dir='ltr'><strong>ιω.</strong></span> <span class='ocrx_word' id='word_1_891' title='bbox 3243 5873 3297 5917; x_wconf 88' lang='lat' dir='ltr'><strong>et</strong></span> <span class='ocrx_word' id='word_1_892' title='bbox 3314 5861 3438 5917; x_wconf 86' lang='lat' dir='ltr'><strong>Clar.</strong></span> <span class='ocrx_word' id='word_1_893' title='bbox 3463 5876 3478 5916; x_wconf 90' lang='lat'><strong>:</strong></span> <span class='ocrx_word' id='word_1_894' title='bbox 3503 5862 3608 5918; x_wconf 75' lang='lat' dir='ltr'><strong>sive</strong></span> <span class='ocrx_word' id='word_1_895' title='bbox 3627 5863 3762 5918; x_wconf 63' lang='lat' dir='ltr'><strong>aliud</strong></span> 
     </span>
    </p>
   </div>
   <div class='ocr_carea' id='block_1_121' title="bbox 2168 5927 3396 5996">
    <p class='ocr_par' dir='ltr' id='par_1_121' title="bbox 2168 5927 3396 5996">
     <span class='ocr_line' id='line_1_121' title="bbox 2168 5927 3396 5996; baseline 0.001 -16"><span class='ocrx_word' id='word_1_896' title='bbox 2168 5929 2341 5982; x_wconf 78' lang='lat' dir='ltr'><strong>bonum</strong></span> <span class='ocrx_word' id='word_1_897' title='bbox 2359 5937 2748 5992; x_wconf 57' lang='lat' dir='ltr'><strong>gem-arm&quot;...</strong></span> <span class='ocrx_word' id='word_1_898' title='bbox 2771 5927 2870 5984; x_wconf 80' lang='lat' dir='ltr'><strong>sive</strong></span> <span class='ocrx_word' id='word_1_899' title='bbox 2891 5927 3075 5982; x_wconf 79' lang='lat' dir='ltr'><strong>malum</strong></span> <span class='ocrx_word' id='word_1_900' title='bbox 3092 5941 3396 5996; x_wconf 65' lang='lat' dir='ltr'><strong>gener-anus.</strong></span> 
     </span>
    </p>
   </div>
  </div>
