3980 6532
235 370 363 429 1321

231 487 331 536 scit
441 496 536 550 per
578 493 730 532 usum
776 491 950 530 autem
1003 470 1443 542 concupiscentia
1487 465 1798 524 consuevit‘

231 574 563 625 decrescere.
605 585 622 619 ι
650 565 990 634 lntelligisnc,
1021 562 1106 616 vel
1127 576 1247 616 sero
1270 558 1682 631 deprehendisse
1705 569 1801 608 nos

233 658 372 711 unde
399 671 502 710 non
534 654 705 708 solum
727 667 958 722 saperes,
989 639 1080 705 sed
1112 650 1269 705 etiam
1301 643 1630 718 loquereris?
1656 651 1802 698 tanto

230 750 373 804 enim
416 746 724 814 magistrum
766 753 912 797 tuum
962 757 1144 796 amore
1187 737 1573 810 complecteris,
1614 743 1672 789 ut
1697 747 1802 787 non

233 841 402 894 solum
441 835 719 891 itineribus
764 834 900 903 ejus,
933 833 1026 888 sed
1075 831 1234 887 etiam
1268 829 1501 898 vestigiis
1546 824 1802 879 insistas:

231 932 371 1001 quod
402 941 454 985 tu
481 929 726 983 omnibus
754 927 965 995 scriptis
990 923 1208 988 asseris,
1236 923 1368 975 sicut
1398 927 1451 972 et
1479 918 1552 972 illi
1583 931 1714 986 quos
1735 913 1802 968 ad

235 1020 518 1079 Marcellini
550 1033 741 1072 nomen
765 1015 999 1079 edidisti,
1031 1013 1174 1078 libri,
1207 1021 1260 1066 et
1285 1009 1645 1077 islitcstantur
1670 1019 1805 1074 quos

233 1114 297 1167 ad
329 1111 596 1165 Valerium
627 1106 924 1172 destinasti,
974 1105 1127 1158 istam
1151 1100 1395 1155 videlicet
1425 1096 1808 1164 concupiscen-

235 1206 362 1258 tiam
391 1201 586 1262 carnis,
627 1213 783 1267 quam
814 1197 973 1250 etiam
1002 1191 1298 1263 pudendam
1345 1204 1524 1254 vocas,
1573 1202 1669 1258 per
1693 1186 1806 1255 dia.

236 1295 418 1350 bolum
439 1291 716 1346 admixtam
745 1301 865 1342 esse
893 1282 1133 1338 hmnanis
1157 1279 1489 1350 corporibus.

311 1388 444 1440 Anc.
482 1382 561 1436 Tu
597 1379 738 1434 enim
781 1390 882 1446 qua
923 1373 1243 1443 impudentia
1278 1367 1571 1439 pudendam
1621 1377 1803 1433 negas,

237 1484 422 1532 contra
465 1486 624 1542 quam
689 1481 850 1533 nunc,
905 1461 1330 1534 quandoquidem
1387 1459 1527 1512 illaut
1583 1456 1807 1509 libenter

235 1563 442 1626 laudas,
474 1562 637 1614 miror
665 1557 710 1612 si
740 1555 965 1610 fideliter
985 1551 1224 1607 dimicas.
1252 1546 1474 1617 Quando
1500 1554 1672 1598 autem
1709 1542 1808 1597 mi-

236 1652 472 1708 sceharis
502 1647 675 1710 uxori,
706 1644 947 1716 quamvis
969 1641 1102 1697 nihil
1140 1638 1373 1695 timendo
1399 1636 1513 1689 usui
1540 1646 1806 1688 concessa:

235 1742 523 1811 voluptatis
565 1738 846 1803 inhiabas,
901 1741 1167 1790 secretum
1218 1737 1394 1783 tamen
1445 1721 1808 1781 erubescendo

233 1809 531 1904 quaerebas.
571 1825 802 1883 Proinde
840 1825 939 1879 ista
969 1833 1058 1877 tua
1101 1827 1366 1887 suscepta,
1399 1816 1442 1870 si
1487 1816 1536 1869 in
1565 1809 1808 1884 paradiso

240 1918 512 1978 hominum
559 1918 782 1973 felicitas
826 1920 1180 1985 permaneret,
1220 1918 1309 1963 aut
1347 1907 1486 1962 nulla
1532 1905 1600 1959 ibi
1646 1912 1805 1968 esset,

236 2023 330 2067 aut
355 2011 529 2065 nullos
558 2022 686 2062 suos
714 2015 888 2060 motus
911 2011 1094 2059 contra
1124 2011 1306 2056 nutum
1337 1996 1620 2052 voluntatis
1656 2008 1809 2049 exse-

237 2090 404 2168 reret,
435 2101 626 2171 quibus
651 2110 868 2153 necesse
897 2101 1039 2148 esset
1062 2091 1340 2156 obsistere,
1377 2096 1435 2141 ut
1472 2086 1544 2140 illi
1575 2082 1808 2140 felicitati

241 2195 490 2249 honestas
530 2203 760 2260 congrua
801 2184 1132 2240 redderetur.
1176 2179 1282 2236 Sed
1312 2178 1558 2249 quoniam
1602 2175 1656 2229 in
1695 2174 1811 2242 ejus

241 2283 482 2338 laudibus
521 2295 588 2336 eo
623 2291 790 2348 usque
821 2287 1135 2346 progressus
1177 2286 1257 2336 es,
1302 2280 1359 2323 ut
1385 2266 1655 2321 libidinem
1683 2279 1812 2334 qna-

241 2375 345 2429 lem
383 2386 524 2427 nunc
551 2385 671 2425 esse
709 2368 987 2432 sentimus,
1030 2363 1188 2418 talem
1232 2361 1284 2414 in
1310 2358 1555 2431 paradiso
1584 2355 1808 2409 futuram

241 2464 404 2519 [uisse
450 2459 772 2524 contendas,
813 2455 914 2511 sibi
970 2451 1340 2509 reluctantium
1390 2444 1810 2502 sollicitantem'

238 2556 402 2611 corda
428 2562 722 2618 castorum;
744 2548 860 2620 quis
886 2563 990 2603 non
1019 2544 1217 2611 videat,
1239 2540 1379 2613 quod
1409 2555 1512 2593 non
1534 2536 1810 2608 sapientia,

243 2661 352 2702 non
375 2641 693 2714 eloquentia,
720 2639 812 2695 sed
840 2634 1163 2707 impudentia
1192 2631 1321 2688 mihi
1351 2629 1575 2696 resistis,
1615 2627 1733 2699 quia
1762 2634 1814 2681 te

243 2737 446 2790 victum
493 2730 728 2788 conﬁteri
774 2740 1025 2799 perverso
1077 2723 1280 2795 pudore
1329 2716 1660 2792 prohiberis?
1709 2715 1815 2771 Nos

241 2841 373 2898 ergo
397 2823 570 2880 carnis
589 2817 1086 2890 concupiscentiam,
1117 2829 1216 2869 nec
1239 2810 1586 2867 substantiam
1614 2817 1814 2862 naturre

242 2918 396 2974 mal-.e
421 2931 540 2972 esse
560 2914 805 2978 dicimus,
833 2907 972 2980 quod
994 2907 1178 2962 dicunt
1195 2902 1496 2965 Manichzci;
1521 2913 1618 2953 nec
1642 2897 1817 2952 omnis

243 3010 359 3079 ejus
378 3022 508 3062 usus
533 3004 846 3075 reprobatur
869 3016 898 3054 a
922 2997 1096 3062 nobis,
1131 2996 1264 3050 sicut
1291 3008 1321 3048 a
1346 2990 1643 3047 Manichacis
1671 3007 1684 3040 :
1719 3002 1816 3042 nec

243 3115 362 3154 eam
400 3110 586 3152 rursus
627 3096 818 3150 bonam
843 3090 1091 3154 dicimus,
1120 3083 1260 3157 quod
1288 3083 1470 3142 dicunt
1511 3079 1813 3148 Pelagiani:

243 3207 344 3248 nec
364 3191 478 3260 ejus
507 3196 687 3244 contra
707 3185 948 3255 spiritum
976 3189 1151 3234 motus
1173 3167 1412 3232 laudatur
1431 3188 1459 3226 a
1480 3172 1653 3236 nobis,
1682 3170 1817 3223 sicut

245 3299 276 3337 a
307 3279 635 3351 Pelagianis:
659 3274 756 3332 sed
785 3274 1007 3335 dicimus
1035 3286 1152 3327 eam
1190 3282 1312 3324 esse
1344 3266 1527 3320 vitium
1568 3263 1816 3319 substan-

248 3375 334 3429 tia:
362 3373 534 3434 bonae,
569 3367 711 3440 quod
744 3366 796 3421 in
839 3373 1074 3419 nostram
1118 3369 1356 3417 naturam
1385 3373 1478 3428 per
1503 3356 1817 3427 praevarica-

248 3466 446 3519 tionem
471 3460 622 3531 primi
645 3455 873 3512 hominis
898 3468 1107 3509 versnm
1129 3460 1232 3518 est,
1257 3448 1398 3518 quod
1429 3448 1607 3502 dicunt
1631 3444 1818 3501 catho-

250 3557 340 3611 lici
368 3554 680 3619 Christiani;
717 3552 934 3622 ejusque
959 3548 1083 3604 mali
1121 3561 1249 3602 usus
1287 3545 1462 3598 licitus
1487 3551 1540 3596 et
1565 3541 1820 3596 honestus

251 3650 541 3702 liberorum
572 3643 1015 3716 procreandorum
1043 3653 1201 3695 causa
1240 3634 1562 3706 approbatur
1589 3647 1618 3685 a
1646 3630 1817 3696 nobis,

251 3741 391 3794 sicut
413 3752 442 3791 a
462 3736 734 3792 catholicis
759 3731 1090 3788 Christianis.
1114 3728 1188 3784 Ita
1225 3737 1277 3784 et
1302 3724 1617 3781 Manichasos
1642 3732 1693 3776 et
1722 3721 1821 3777 Pe-

251 3824 488 3894 lagianos
523 3835 850 3891 superamus,
887 3828 1046 3887 atque
1081 3815 1588 3882 vitamus;.quorum
1617 3809 1694 3862 sic
1731 3822 1820 3862 cro

250 3929 421 3978 rores,
451 3922 794 3982 utrorumque
813 3908 1011 3964 diversi
1035 3915 1178 3970 sunt,
1199 3913 1257 3959 ut
1280 3903 1366 3973 qui
1395 3901 1602 3955 videtur
1628 3898 1820 3964 minor,

251 4005 364 4074 ipse
411 4005 548 4058 illius
577 4003 665 4073 qui
697 4001 904 4057 videtur
945 3998 1132 4068 major,
1163 3995 1557 4051 demonstretur
1592 3991 1820 4060 adjutor.

249 4093 397 4162 Quod
424 4094 567 4149 enim
597 4078 793 4148 malum
817 4104 937 4146 esse
964 4089 1094 4144 satis
1129 4086 1400 4142 evidenter
1428 4090 1664 4152 apparet,
1697 4079 1822 4134 dum

251 4183 520 4254 Pelagiani
550 4191 746 4254 negant
766 4196 883 4238 esse
904 4179 1086 4234 vitium
1117 4177 1270 4231 bona:
1295 4172 1623 4238 substantiae,
1653 4170 1821 4224 litani-

253 4272 433 4327 chazos
466 4271 733 4342 adjuvant,
762 4271 851 4340 qui
877 4269 1060 4322 vitium
1088 4267 1260 4336 ipsum
1285 4263 1476 4318 malam
1500 4263 1680 4318 dicunt
1707 4275 1826 4316 esse

253 4362 624 4428 substantiam,
656 4362 779 4418 boni
807 4359 900 4414 Dei
929 4357 1235 4413 substantia:
1259 4362 1599 4412 coaeternam.

327 4451 649 4507 CLXXVIII.
687 4451 806 4507 ιω..
844 4449 993 4504 Hanc
1033 4462 1150 4502 esse
1203 4445 1402 4516 peccati
1443 4443 1626 4510 ﬁliam,
1670 4449 1827 4512 atque

255 4543 483 4598 aliorum
514 4550 844 4610 peccatorum
881 4546 1126 4604 matrem,
1154 4546 1203 4591 et
1245 4536 1310 4590 de
1340 4549 1401 4589 ea
1427 4531 1674 4603 conqueri
1701 4545 1828 4600 apo-

255 4633 454 4688 stolum
495 4631 732 4697 Paulum,
764 4645 882 4685 cum
921 4629 1066 4694 dicit,
1108 4627 1229 4682 Scio
1263 4625 1380 4696 quia
1420 4641 1519 4678 non
1561 4622 1748 4677 habitat
1773 4623 1828 4676 in

253 4739 408 4776 carne
444 4737 556 4776 mea
599 4721 812 4785 bonum;
859 4729 931 4787 et,
982 4719 1102 4773 Non
1148 4716 1281 4788 quod
1328 4713 1440 4768 volo
1486 4716 1691 4779 bonum,
1736 4715 1828 4767 hoc

253 4831 388 4885 ago;
430 4813 522 4869 sed
547 4813 684 4884 quod
719 4813 854 4880 odio,
896 4811 1025 4866 illud
1057 4810 1188 4882 facio
1236 4807 1406 4880 (Rom.
1444 4821 1538 4873 vn,
1573 4806 1658 4873 18,
1694 4806 1825 4876 15):

253 4906 397 4975 quod
436 4921 648 4976 semper
688 4921 716 4958 a
745 4903 1028 4959 Catholicis
1068 4903 1137 4956 ita
1179 4900 1474 4970 expositum
1505 4906 1606 4962 est,
1639 4906 1697 4951 ut
1724 4912 1827 4950 non

254 4998 320 5049 ad
346 5003 547 5050 natura:
575 4994 868 5061 infamiam,
899 4993 992 5050 sed
1017 4992 1083 5048 ad
1114 4989 1507 5047 consuetudinis
1544 4987 1830 5042 referretur

257 5086 530 5140 invidiam.
1501 5076 1503 5079 ’

331 5179 465 5231 Anc.
506 5177 580 5231 Ita
607 5191 737 5232 vero
764 5174 1057 5231 catholicus
1094 5181 1150 5228 tu
1180 5184 1260 5238 es,
1303 5178 1356 5225 et
1391 5166 1702 5224 Ambrosius
1742 5181 1832 5220 ca-

259 5267 488 5322 tholicus
507 5283 608 5322 non
631 5269 749 5323 est?
770 5268 886 5321 Non
913 5280 1078 5335 usque
1095 5265 1227 5319 adeo
1248 5267 1572 5317 evanuerunt
1590 5257 1832 5313 homines

257 5368 448 5414 vcstr.e
483 5362 728 5431 contagio
753 5360 1020 5424 vanitatis,
1060 5370 1420 5428 quoscumque
1459 5353 1703 5422 decipere
1732 5365 1828 5419 po-

258 5450 453 5516 tuistis,
484 5459 542 5504 ut
580 5450 682 5505 hoc
711 5449 942 5504 audeant
970 5448 1022 5502 in
1049 5447 1280 5501 animum
1311 5431 1576 5499 inducere.
1605 5441 1833 5496 Proinde

257 5539 532 5609 pauliSper
557 5539 792 5593 attende.
837 5537 1162 5591 Discordiam
1196 5534 1371 5590 carnis
1413 5541 1466 5589 et
1504 5531 1738 5603 spiritus,
1767 5531 1831 5584 tle

319 5679 336 5709 ε
372 5677 509 5734 mliti,
535 5675 760 5725 desueuit.
785 5674 1188 5740 Emeudanturex
1212 5670 1555 5740 nmnuscriptis.

319 5740 342 5769 ²
378 5743 438 5786 E3
461 5732 888 5798 ntanttseriptnrttm
914 5738 1007 5784 [illa
1030 5735 1246 5786 addimus
1266 5769 1280 5792 ,
1304 5732 1642 5782 sollicitatttctn.

544 5825 769 5884 Ssxcr.
823 5826 861 5880 Α
877 5839 1094 5882 t'uusr.
1134 5817 1225 5877 Χ.

1571 351 1771 410 ιΙΒῖἰῐὶ
1809 349 2120 410 ΤΕῘΠῚΠΞ.

3347 360 3480 418 {3‘12

1908 481 2011 533 qua
2031 467 2282 536 scriptum
2312 478 2412 534 est,
2444 468 2562 524 Scio
2587 471 2704 540 quia
2734 489 2828 525 non
2861 473 3049 527 habitat
3078 476 3129 528 in
3159 492 3255 540 me,
3281 476 3374 530 hoc
3404 485 3479 531 est

1907 554 1960 606 in
1984 570 2135 610 carne
2161 573 2289 622 mea,
2321 557 2504 613 bonum
2527 576 2544 614 :
2571 561 2696 615 velle
2730 564 2862 618 enim
2900 565 3095 635 adjaect
3133 568 3256 620 milii
3272 584 3290 630 ;
3320 570 3477 638 perfi-

1906 661 2018 698 cere
2053 657 2216 702 autem
2253 651 2455 716 bonum,
2488 669 2606 718 non,
2639 664 2694 709 et
2733 666 2924 710 caatera
2954 656 3288 727 hujusmodi;
3321 670 3482 730 atque

1909 733 2036 788 illud
2090 738 2256 791 multo
2301 741 2658 807 manifestius,
2709 743 2838 798 Cura
2885 749 3190 816 concupiscit
3237 750 3477 805 adversus

1907 824 2159 893 spiritum,
2208 828 2413 896 spiritus
2453 839 2617 884 autent
2662 833 2897 889 adversus
2938 853 3136 891 carnem
3160 853 3180 892 :
3207 839 3311 893 lucc
3349 840 3482 892 enim

1907 915 2118 970 invicem
2171 917 2533 986 adversantur;
2574 931 2628 974 ut
2673 940 2773 976 non
2814 941 2872 977 ea
2925 942 3039 994 qua:
3080 927 3231 981 vultis
3283 925 3483 997 faciatis

1910 1004 2105 1075 (Gatat.
2134 1021 2188 1070 v,
2222 1006 2310 1077 l7)
2338 1025 2352 1062 :
2378 1024 2497 1064 esse
2542 1012 2595 1065 in
2639 1011 2937 1067 hominibus
2985 1029 3086 1069 nec
3131 1031 3227 1070 nos
3265 1018 3480 1072 dubita-

1908 1111 2046 1162 mus,
2077 1111 2178 1150 nec
2206 1111 2319 1158 vos,
2344 1114 2443 1152 nec
2471 1100 2744 1155 Manichaci
2769 1120 2782 1156 :
2809 1102 2903 1157 sed
2933 1104 3073 1159 unde
3099 1106 3164 1159 sit
3189 1107 3238 1161 in
3267 1108 3483 1162 homine

1910 1198 2017 1237 uno
2055 1185 2152 1238 ista
2173 1184 2456 1251 discordia,
2487 1185 2611 1241 inde
2647 1188 2906 1243 dissensio
2934 1199 3038 1256 est,
3076 1201 3132 1245 et
3164 1202 3273 1248 tres
3304 1195 3482 1263 profe-

1909 1283 2099 1328 runtur
2119 1275 2171 1328 in
2200 1276 2298 1330 liae
2321 1276 2654 1332 dissensione
2677 1279 2981 1346 sententiae;
3023 1296 3126 1335 una
3152 1291 3353 1350 nostra,
3388 1301 3484 1340 ve.

1909 1373 2020 1419 stra
2045 1366 2233 1433 altera,
2257 1367 2410 1422 tertia
2449 1367 2878 1424 Manichazorum.
2915 1371 3020 1426 Sed
3045 1387 3114 1428 ne
3149 1383 3480 1444 arroganter,

1910 1455 1995 1510 vel
2037 1455 2297 1512 fallaciter
2338 1455 2492 1511 vobis
2539 1457 2716 1513 dicere
2762 1458 3033 1512 videamur
3080 1470 3314 1515 nostram
3359 1479 3482 1517 csse

1871 1545 2242 1613 catholicam,
2291 1547 2378 1601 ille
2420 1561 2539 1602 eam
2583 1547 2839 1618 proferat,
2885 1550 3036 1617 cujus
3078 1549 3236 1605 ﬁdem
3282 1560 3337 1606 et
3373 1567 3479 1620 pu—

1909 1636 2174 1691 rissimum
2206 1636 2258 1692 in
2295 1635 2584 1707 Scripturis
2622 1652 2860 1702 sensum,
2905 1638 3041 1694 sicut
3080 1653 3202 1694 eum
3231 1641 3486 1710 praedicat

1908 1736 2085 1783 vester
2111 1728 2222 1798 ipse
2264 1727 2525 1798 Pelagius,
2567 1743 2633 1783 ne
2673 1727 2918 1782 inimicus
2955 1728 3166 1798 quidem
3201 1744 3363 1784 ausus
3401 1739 3488 1785 est

1910 1819 2301 1888 reprehendere
2322 1819 2422 1892 (τι).
2453 1820 2588 1874 Dicit
2607 1834 2735 1888 ergo
2751 1820 3086 1886 Ambrosius,
3117 1823 3253 1875 hanc
3280 1821 3486 1878 discor-

1911 1908 2050 1964 diam
2079 1910 2255 1964 carnis
2297 1919 2350 1964 et
2391 1909 2627 1981 spiritus,
2672 1923 2768 1978 per
2804 1909 3289 1980 prmvaricationem
3329 1911 3486 1980 primi

1913 1998 2140 2054 hominis
2164 1998 2420 2053 accidisse
2442 2008 2635 2053 nostra:
2660 2007 2863 2053 natura:
2886 1998 3019 2072 (Lib.
3047 1999 3079 2054 7
3107 2000 3160 2053 in
3185 1999 3309 2053 Luc.
3341 2002 3438 2068 xu)
3467 2018 3483 2055 :

1911 2104 2006 2144 vos
2025 2099 2200 2144 autem
2233 2089 2428 2155 dicitis,
2455 2105 2520 2144 ex
2546 2090 2595 2144 vi
2622 2090 3019 2145 consuetudinis
3045 2105 3062 2145 :
3100 2091 3372 2146 Maniclnci
3399 2091 3486 2146 di-

1913 2191 2057 2246 cunt,
2092 2196 2158 2235 ex
2183 2181 2557 2236 commixtione
2585 2180 2807 2236 duarum
2848 2189 3153 2235 naturarum
3184 2190 3483 2238 coarterna-

1913 2287 2052 2338 rum,
2084 2271 2208 2326 boni
2252 2272 2454 2328 scilicet
2498 2281 2552 2327 et
2591 2272 2734 2326 mali.
2775 2272 3018 2327 Poteram
3041 2272 3149 2343 jam
3184 2272 3382 2340 dicere,
3429 2284 3489 2330 ut

1913 2364 2073 2433 eligat
2097 2363 2286 2418 horum
2317 2365 2474 2419 trium
2496 2364 2632 2434 quod
2655 2366 2898 2429 voluerit,
2925 2367 3014 2436 qtti
3041 2367 3153 2420 vult
3187 2367 3485 2424 catholicus

1915 2469 2250 2524 permanere.
2279 2455 2464 2525 Neque
2491 2456 2632 2510 enim
2654 2456 2840 2512 timere
2858 2455 3047 2523 debeo,
3079 2471 3146 2512 ne
3165 2457 3484 2514 Manichaeos

1916 2545 2138 2614 quisque
2177 2544 2382 2615 fugiens
2423 2560 2520 2599 vos
2574 2555 2845 2615 praeponat
2887 2545 3188 2601 Ambrosio.
3242 2549 3347 2603 Sed
3395 2565 3491 2605 ve-

1916 2645 2078 2689 stram
2105 2636 2445 2704 sententiam,
2485 2651 2586 2706 qua
2622 2636 2798 2692 dicitis
2825 2636 2928 2691 hoc
2955 2637 3152 2692 malum
3182 2639 3235 2694 vi
3265 2655 3491 2696 consue-

1919 2726 2112 2781 tudinis
2136 2727 2445 2793 inolescere,
2479 2742 2600 2784 esse
2635 2729 2974 2784 vanissimam
3003 2729 3260 2800 judicat‘,
3292 2734 3381 2803 qui
3411 2733 3493 2789 vi-

1917 2815 2007 2870 det
2025 2818 2139 2872 sine
2158 2815 2262 2872 hoc
2287 2819 2426 2872 malo
2451 2819 2716 2873 neminem
2756 2819 2922 2874 nasci.
2953 2819 3074 2874 Mox
3101 2821 3242 2876 enim
3267 2831 3325 2876 ut
3348 2822 3493 2893 quis-

1918 2921 2021 2977 que
2050 2909 2254 2964 ratione
2296 2909 2369 2962 uti
2412 2909 2651 2978 eruperit,
2687 2909 2731 2963 si
2771 2909 3130 2981 concupiverit
3169 2913 3486 2979 castitatem,

1917 3001 2392 3070 concupiscentiam
2413 3001 2606 3065 carnis,
2635 3017 2752 3071 qua:
2773 3001 2944 3056 fuerat
2971 3011 3128 3057 relate
3156 3004 3348 3074 snpita,
3377 3006 3489 3060 vcl-

1919 3099 1978 3144 ut
2021 3091 2360 3160 evigilantem
2393 3100 2878 3160 repugnantemque
2920 3092 3031 3161 jam
3073 3093 3264 3159 sentit;
3309 3103 3364 3149 et
3399 3103 3496 3150 aut

1917 3182 2087 3236 victus
2115 3182 2453 3248 abstrahitur,
2501 3191 2591 3236 aut
2626 3198 2693 3238 ne
2727 3184 2777 3236 in
2808 3183 2927 3253 ejus
2954 3185 3160 3239 labatur
3185 3201 3487 3255 assensum,

1919 3273 2171 3328 adversus
2206 3289 2346 3339 eam,
2375 3275 2419 3328 si
2450 3273 2567 3344 pius
2601 3283 2704 3342 est,
2737 3275 2960 3330 Domino
2986 3275 3269 3346 adjuvante
3306 3279 3497 3334 confli-

1919 3367 2015 3435 git.
2064 3364 2215 3432 Quod
2259 3365 2302 3418 si
2345 3381 2450 3419 non
2499 3365 2657 3420 vultis
2691 3366 2954 3436 accipere,
3001 3367 3127 3438 quid
3167 3368 3218 3422 in
3269 3386 3354 3425 me
3395 3386 3499 3427 sa:-

1921 3457 2082 3510 vitis?
2120 3454 2461 3521 Manichmos,
2501 3455 2948 3528 Ambrosiumque
2976 3458 3308 3524 eommittite,
3339 3469 3497 3530 atque

1924 3548 1974 3601 in
2005 3547 2308 3617 spectaculo
2335 3546 2494 3617 hujus
2516 3548 2842 3615 certaminis,
2869 3549 2913 3603 si
2940 3549 3192 3605 catholici
3223 3551 3371 3617 estis,
3411 3553 3498 3607 cui

1923 3637 2061 3708 parti
2097 3637 2321 3692 faventis
2361 3638 2560 3708 eligite.
2607 3638 2740 3692 Puto
2765 3636 2907 3706 quod
2935 3652 2965 3692 a
2996 3639 3145 3693 vobis
3169 3640 3338 3695 victor
3362 3642 3496 3696 Am-

1923 3731 2132 3787 brosius
2152 3731 2458 3801 judicatur:
2487 3729 2579 3785 sed
2606 3730 2728 3800 quia
2755 3743 2858 3784 non
2887 3731 3018 3785 estis
3041 3730 3307 3797 catholici,
3337 3733 3497 3787 etiam

1924 3823 2002 3878 sic
2026 3822 2196 3879 securi
2224 3830 2522 3891 spectamus
2544 3835 2560 3884 ;
2590 3829 2643 3876 et
2666 3834 2762 3875 vos
2787 3819 2928 3875 enim
2961 3828 3017 3876 et
3042 3820 3359 3877 Manichacus
3382 3824 3499 3879 sine

1924 3913 2085 3970 dubio
2112 3913 2273 3968 vineit
2295 3913 2626 3968 Ambrosius.

1995 4002 2272 4059 CLXXIX.
2312 4003 2430 4058 Jun.
2463 4001 2542 4057 Tu
2585 4010 2760 4058 tamen
2785 4001 3222 4072 argumentando,
3265 4011 3320 4059 et
3349 4005 3500 4059 testi-

1925 4093 2102 4149 monia
2138 4093 2530 4162 Scripturarum
2555 4090 2878 4160 usurpando,
2901 4091 2968 4147 de
2992 4091 3093 4147 hac
3119 4093 3266 4147 illum
3300 4109 3501 4149 concu-

1926 4183 2202 4255 piscentia,
2229 4197 2386 4252 qnam
2417 4181 2584 4252 legem
2611 4181 2810 4251 peccati
2835 4195 3014 4248 vocas,
3042 4185 3130 4236 ρι’
3155 4197 3344 4238 omnes
3379 4200 3502 4240 san-

1926 4285 2043 4331 ctos
2065 4283 2170 4329 tam
2199 4273 2428 4344 pollutos
2455 4287 2613 4342 quam
2639 4281 2958 4342 conquestos
2992 4269 3155 4329 fuisse
3191 4273 3500 4330 confirmas.

1997 4367 2133 4422 Auc.
2171 4363 2287 4420 Non
2320 4363 2626 4434 polluuntur
2654 4362 2758 4418 hoc
2794 4362 2934 4418 malo
2968 4363 3157 4432 sancti,
3197 4380 3331 4434 quos
3366 4381 3504 4420 eon-

1928 4463 2036 4510 stat
2076 4469 2196 4511 esse
2223 4453 2308 4510 vel
2334 4454 2497 4510 fuisse
2535 4453 2855 4508 fortissimos
2900 4453 3060 4523 hujus
3099 4456 3221 4510 mali
3265 4455 3504 4511 debella-

1931 4559 2074 4604 tores
2111 4547 2246 4603 :sed
2285 4561 2354 4602 ne
2395 4547 2497 4601 isto
2547 4545 2688 4600 malo
2726 4545 3126 4614 inexpiabiliter
3175 4547 3506 4615 polluantur,

1931 4637 2152 4693 timeant
2180 4636 2354 4706 potius
2385 4635 2502 4702 ejus
2529 4634 2968 4704 impudentissimi
2998 4633 3322 4691 laudatores.

2000 4724 2258 4782 CLXXX.
2295 4724 2416 4780 ιω..
2456 4723 2594 4792 Quid
2633 4723 2951 4778 Manichacus
2985 4722 3145 4779 dicit?
3187 4741 3206 4776 ι
3237 4725 3340 4780 Per
3377 4739 3508 4780 con-

1931 4816 2308 4888 cupiscentiam
2336 4828 2616 4884 corporum
2641 4823 2824 4868 auctor
2843 4814 3081 4870 diabolus
3109 4823 3190 4870 est
3216 4831 3344 4885 :per
3369 4817 3508 4874 hanc

1931 4908 2172 4966 diabolus
2196 4921 2441 4978 corpora,
2471 4921 2578 4961 non
2608 4907 2810 4961 animas
2831 4917 3140 4976 aucupatur.
3169 4909 3340 4974 Tolle,
3372 4930 3390 4964 ι
3427 4913 3509 4966 in-

1932 5002 2068 5071 quit,
2109 4998 2396 5068 rmalignre
2441 4997 2623 5066 stirpis
2663 4996 2920 5063 radicem,
2964 5005 3020 5052 et
3059 4999 3348 5068 spiritualis
3388 5001 3506 5054 fies.

1934 5092 2008 5148 De
2045 5091 2144 5145 hac
2167 5087 2452 5160 Apostolus
2488 5087 2682 5155 clamat
2725 5086 2792 5141 ad
2826 5087 3134 5143 Romanos:
3168 5088 3288 5142 Non
3319 5091 3502 5144 bonum

1933 5183 2068 5254 quod
2093 5182 2226 5249 volo,
2245 5179 2332 5235 sed
2350 5179 2538 5233 malum
2556 5193 2736 5249 aperor
2751 5178 2884 5245 quod
2902 5179 3142 5232 car/torreo
3168 5197 3188 5231 ›
3217 5178 3392 5248 (Rom.
3410 5196 3506 5245 vn,

1936 5275 2044 5330 Nos
2100 5271 2260 5327 etiam
2323 5269 2515 5324 stultos
2578 5275 2752 5332 vocat,
2815 5267 2913 5336 qui.
2979 5267 3218 5322 dicamus
3291 5267 3501 5337 figmen

1938 5375 2047 5422 tum
2077 5363 2178 5417 hoc
2201 5360 2438 5432 corporis
2473 5358 2540 5413 ad
2565 5359 2731 5414 Deum
2768 5357 3054 5427 pertinere,
3082 5356 3222 5427 quod
3253 5371 3348 5426 per
3373 5371 3475 5412 con
3502 5387 3507 5392 -

2001 5478 2126 5542 {sic
2157 5482 2266 5542 Mss.
2297 5473 2584 5542 vignierius,
2622 5469 2670 5521 vi
2703 5467 3052 5521 consuetudinis
3077 5466 3379 5529 mitescere,
3409 5482 3510 5520 esse

1937 5537 2237 5590 vanissimam
2249 5535 2447 5585 indicat.

2001 5603 2022 5662 ξ
2056 5598 2342 5662 viguierius,
2376 5592 2558 5662 peccati
2587 5605 2742 5655 vocas,
2765 5603 2924 5662 anates
2945 5595 3146 5662 sanctos,
3165 5590 3339 5640 omissa
3363 5594 3508 5653 parti-

1939 5661 2064 5719 cula,
2087 5653 2164 5715 εἴ,
2186 5653 2650 5720 (ιυίιῐηγὶηξῐὶωἱιηιιξ
2673 5653 2737 5704 ex
2757 5653 2922 5720 codice
2945 5658 3201 5720 certarum.

2005 5711 2077 5786 (α)
2111 5711 2224 5771 vide
2248 5732 2390 5782 supra
2414 5717 2586 5766 librum
2609 5716 2672 5765 de
2692 5715 2846 5764 Gratia
2865 5713 3052 5770 Christi,
3077 5725 3158 5760 nn.
3186 5711 3263 5771 46,
3297 5713 3364 5763 l7.

2587 5795 3191 5882 (Quarantc-dcux.)
