  <div class='ocr_page' id='page_1' title='image "/cluster/home/n/w/nwhite01/storage/ocr_20150623/44-45/uva.x000217727/667.png"; bbox 0 0 3980 6502; ppageno 0'>
   <div class='ocr_carea' id='block_1_1' title="bbox 532 433 672 488">
    <p class='ocr_par' dir='ltr' id='par_1_1' title="bbox 532 433 672 488">
     <span class='ocr_line' id='line_1_1' title="bbox 532 433 672 488; baseline 0.007 -1"><span class='ocrx_word' id='word_1_1' title='bbox 532 433 557 487; x_wconf 71' lang='grc' dir='ltr'>ί</span> <span class='ocrx_word' id='word_1_2' title='bbox 567 433 672 488; x_wconf 75' lang='lat'><strong>5‘23</strong></span> 
     </span>
    </p>
   </div>
   <div class='ocr_carea' id='block_1_2' title="bbox 528 535 2098 616">
    <p class='ocr_par' dir='ltr' id='par_1_2' title="bbox 528 535 2098 616">
     <span class='ocr_line' id='line_1_2' title="bbox 528 535 2098 616; baseline -0.011 -15"><span class='ocrx_word' id='word_1_3' title='bbox 528 545 906 616; x_wconf 86' lang='lat' dir='ltr'><strong>cnpiscentiam</strong></span> <span class='ocrx_word' id='word_1_4' title='bbox 943 549 1246 612; x_wconf 78' lang='lat' dir='ltr'><strong>generatum</strong></span> <span class='ocrx_word' id='word_1_5' title='bbox 1294 555 1414 593; x_wconf 86' lang='lat' dir='ltr'><strong>esse</strong></span> <span class='ocrx_word' id='word_1_6' title='bbox 1456 538 1730 591; x_wconf 82' lang='lat' dir='ltr'><strong>fateamur.</strong></span> <span class='ocrx_word' id='word_1_7' title='bbox 1769 535 1932 590; x_wconf 79' lang='lat' dir='ltr'><strong>Vides</strong></span> <span class='ocrx_word' id='word_1_8' title='bbox 1971 549 2098 602; x_wconf 80' lang='lat' dir='ltr'><strong>ergo</strong></span> 
     </span>
    </p>
   </div>
   <div class='ocr_carea' id='block_1_3' title="bbox 529 625 2100 708">
    <p class='ocr_par' dir='ltr' id='par_1_3' title="bbox 529 625 2100 708">
     <span class='ocr_line' id='line_1_3' title="bbox 529 625 2100 708; baseline -0.01 -17"><span class='ocrx_word' id='word_1_9' title='bbox 529 649 723 708; x_wconf 79' lang='lat' dir='ltr'><strong>quanta</strong></span> <span class='ocrx_word' id='word_1_10' title='bbox 761 636 851 688; x_wconf 93' lang='lat' dir='ltr'><strong>tibi</strong></span> <span class='ocrx_word' id='word_1_11' title='bbox 891 634 959 687; x_wconf 90' lang='lat' dir='ltr'><strong>sit</strong></span> <span class='ocrx_word' id='word_1_12' title='bbox 991 641 1042 686; x_wconf 88' lang='lat' dir='ltr'><strong>et</strong></span> <span class='ocrx_word' id='word_1_13' title='bbox 1079 629 1365 684; x_wconf 72' lang='lat' dir='ltr'><strong>Maniehmo</strong></span> <span class='ocrx_word' id='word_1_14' title='bbox 1404 629 1456 682; x_wconf 91' lang='lat' dir='ltr'><strong>in</strong></span> <span class='ocrx_word' id='word_1_15' title='bbox 1501 627 1667 682; x_wconf 78' lang='lat' dir='ltr'><strong>nostri</strong></span> <span class='ocrx_word' id='word_1_16' title='bbox 1707 625 2100 696; x_wconf 79' lang='lat' dir='ltr'><strong>impugnatiou&#39;c</strong></span> 
     </span>
    </p>
   </div>
   <div class='ocr_carea' id='block_1_4' title="bbox 527 715 2101 791">
    <p class='ocr_par' dir='ltr' id='par_1_4' title="bbox 527 715 2101 791">
     <span class='ocr_line' id='line_1_4' title="bbox 527 715 2101 791; baseline -0.01 -10"><span class='ocrx_word' id='word_1_17' title='bbox 527 724 841 788; x_wconf 78' lang='lat' dir='ltr'><strong>concordia;</strong></span> <span class='ocrx_word' id='word_1_18' title='bbox 889 725 1006 791; x_wconf 86' lang='lat' dir='ltr'><strong>ejus</strong></span> <span class='ocrx_word' id='word_1_19' title='bbox 1031 721 1253 775; x_wconf 79' lang='lat' dir='ltr'><strong>dimicas</strong></span> <span class='ocrx_word' id='word_1_20' title='bbox 1296 719 1495 784; x_wconf 82' lang='lat' dir='ltr'><strong>verbis,</strong></span> <span class='ocrx_word' id='word_1_21' title='bbox 1547 718 1662 787; x_wconf 90' lang='lat' dir='ltr'><strong>ejus</strong></span> <span class='ocrx_word' id='word_1_22' title='bbox 1707 715 1893 772; x_wconf 90' lang='lat' dir='ltr'><strong>niteris</strong></span> <span class='ocrx_word' id='word_1_23' title='bbox 1941 729 2101 784; x_wconf 69' lang='lat' dir='ltr'><strong>argn~</strong></span> 
     </span>
    </p>
   </div>
   <div class='ocr_carea' id='block_1_5' title="bbox 525 803 2102 880">
    <p class='ocr_par' dir='ltr' id='par_1_5' title="bbox 525 803 2102 880">
     <span class='ocr_line' id='line_1_5' title="bbox 525 803 2102 880; baseline -0.007 -9"><span class='ocrx_word' id='word_1_24' title='bbox 525 815 720 872; x_wconf 87' lang='lat' dir='ltr'><strong>mentis</strong></span> <span class='ocrx_word' id='word_1_25' title='bbox 751 822 964 869; x_wconf 87' lang='lat' dir='ltr'><strong>:et-ncs</strong></span> <span class='ocrx_word' id='word_1_26' title='bbox 993 812 1202 866; x_wconf 88' lang='lat' dir='ltr'><strong>mentiri</strong></span> <span class='ocrx_word' id='word_1_27' title='bbox 1229 811 1384 876; x_wconf 92' lang='lat' dir='ltr'><strong>dicis,</strong></span> <span class='ocrx_word' id='word_1_28' title='bbox 1421 810 1508 880; x_wconf 87' lang='lat' dir='ltr'><strong>qui</strong></span> <span class='ocrx_word' id='word_1_29' title='bbox 1538 818 1592 864; x_wconf 91' lang='lat' dir='ltr'><strong>te</strong></span> <span class='ocrx_word' id='word_1_30' title='bbox 1617 807 1934 878; x_wconf 83' lang='lat' dir='ltr'><strong>discipuium</strong></span> <span class='ocrx_word' id='word_1_31' title='bbox 1963 803 2102 860; x_wconf 87' lang='lat' dir='ltr'><strong>illius</strong></span> 
     </span>
    </p>
   </div>
   <div class='ocr_carea' id='block_1_6' title="bbox 525 895 2103 969">
    <p class='ocr_par' dir='ltr' id='par_1_6' title="bbox 525 895 2103 969">
     <span class='ocr_line' id='line_1_6' title="bbox 525 895 2103 969; baseline -0.008 -8"><span class='ocrx_word' id='word_1_32' title='bbox 525 923 633 960; x_wconf 91' lang='lat' dir='ltr'><strong>non</strong></span> <span class='ocrx_word' id='word_1_33' title='bbox 663 905 832 960; x_wconf 92' lang='lat' dir='ltr'><strong>solum</strong></span> <span class='ocrx_word' id='word_1_34' title='bbox 849 903 1043 964; x_wconf 78' lang='lat' dir='ltr'><strong>fuisse,</strong></span> <span class='ocrx_word' id='word_1_35' title='bbox 1073 911 1134 956; x_wconf 90' lang='lat' dir='ltr'><strong>ut</strong></span> <span class='ocrx_word' id='word_1_36' title='bbox 1159 901 1273 969; x_wconf 91' lang='lat' dir='ltr'><strong>ipse</strong></span> <span class='ocrx_word' id='word_1_37' title='bbox 1309 900 1519 966; x_wconf 84' lang='lat' dir='ltr'><strong>scribis,</strong></span> <span class='ocrx_word' id='word_1_38' title='bbox 1549 899 1642 954; x_wconf 89' lang='lat' dir='ltr'><strong>sed</strong></span> <span class='ocrx_word' id='word_1_39' title='bbox 1682 899 1842 953; x_wconf 89' lang='lat' dir='ltr'><strong>etiam</strong></span> <span class='ocrx_word' id='word_1_40' title='bbox 1883 911 2002 951; x_wconf 89' lang='lat' dir='ltr'><strong>esse</strong></span> <span class='ocrx_word' id='word_1_41' title='bbox 2031 895 2103 950; x_wconf 87' lang='lat' dir='ltr'><strong>di-</strong></span> 
     </span>
    </p>
   </div>
   <div class='ocr_carea' id='block_1_7' title="bbox 525 989 2100 1072">
    <p class='ocr_par' dir='ltr' id='par_1_7' title="bbox 525 989 2100 1072">
     <span class='ocr_line' id='line_1_7' title="bbox 525 989 2100 1072; baseline -0.007 -21"><span class='ocrx_word' id='word_1_42' title='bbox 525 1010 730 1051; x_wconf 82' lang='lat' dir='ltr'><strong>camus.</strong></span> <span class='ocrx_word' id='word_1_43' title='bbox 772 995 839 1049; x_wconf 86' lang='lat' dir='ltr'><strong>Et</strong></span> <span class='ocrx_word' id='word_1_44' title='bbox 873 995 935 1047; x_wconf 83' lang='lat' dir='ltr'><strong>in</strong></span> <span class='ocrx_word' id='word_1_45' title='bbox 983 993 1084 1046; x_wconf 91' lang='lat' dir='ltr'><strong>hoc</strong></span> <span class='ocrx_word' id='word_1_46' title='bbox 1117 1001 1296 1046; x_wconf 86' lang='lat' dir='ltr'><strong>tamen</strong></span> <span class='ocrx_word' id='word_1_47' title='bbox 1339 991 1427 1046; x_wconf 90' lang='lat' dir='ltr'><strong>ille</strong></span> <span class='ocrx_word' id='word_1_48' title='bbox 1475 990 1804 1060; x_wconf 88' lang='lat' dir='ltr'><strong>prudentior,</strong></span> <span class='ocrx_word' id='word_1_49' title='bbox 1849 989 1937 1059; x_wconf 86' lang='lat' dir='ltr'><strong>qui</strong></span> <span class='ocrx_word' id='word_1_50' title='bbox 1979 1002 2100 1072; x_wconf 78' lang='lat' dir='ltr'><strong>cum</strong></span> 
     </span>
    </p>
   </div>
   <div class='ocr_carea' id='block_1_8' title="bbox 526 1077 2104 1152">
    <p class='ocr_par' dir='ltr' id='par_1_8' title="bbox 526 1077 2104 1152">
     <span class='ocr_line' id='line_1_8' title="bbox 526 1077 2104 1152; baseline -0.004 -14"><span class='ocrx_word' id='word_1_51' title='bbox 526 1085 665 1139; x_wconf 89' lang='lat' dir='ltr'><strong>hanc</strong></span> <span class='ocrx_word' id='word_1_52' title='bbox 713 1083 1197 1152; x_wconf 75' lang='lat' dir='ltr'><strong>concupiscentiam</strong></span> <span class='ocrx_word' id='word_1_53' title='bbox 1243 1081 1420 1138; x_wconf 87' lang='lat' dir='ltr'><strong>carnis</strong></span> <span class='ocrx_word' id='word_1_54' title='bbox 1463 1096 1492 1134; x_wconf 91' lang='lat' dir='ltr'><strong>a</strong></span> <span class='ocrx_word' id='word_1_55' title='bbox 1535 1081 1744 1133; x_wconf 75' lang='lat' dir='ltr'><strong>diabolo</strong></span> <span class='ocrx_word' id='word_1_56' title='bbox 1793 1077 2104 1134; x_wconf 87' lang='lat' dir='ltr'><strong>credidisset</strong></span> 
     </span>
    </p>
   </div>
   <div class='ocr_carea' id='block_1_9' title="bbox 525 1168 2102 1238">
    <p class='ocr_par' dir='ltr' id='par_1_9' title="bbox 525 1168 2102 1238">
     <span class='ocr_line' id='line_1_9' title="bbox 525 1168 2102 1238; baseline -0.003 -15"><span class='ocrx_word' id='word_1_57' title='bbox 525 1171 838 1234; x_wconf 85' lang='lat' dir='ltr'><strong>immissam,</strong></span> <span class='ocrx_word' id='word_1_58' title='bbox 868 1171 1082 1238; x_wconf 80' lang='lat' dir='ltr'><strong>collegit</strong></span> <span class='ocrx_word' id='word_1_59' title='bbox 1107 1169 1464 1224; x_wconf 83' lang='lat' dir='ltr'><strong>conﬁtendum</strong></span> <span class='ocrx_word' id='word_1_60' title='bbox 1499 1184 1618 1222; x_wconf 85' lang='lat' dir='ltr'><strong>esse</strong></span> <span class='ocrx_word' id='word_1_61' title='bbox 1654 1168 1720 1222; x_wconf 88' lang='lat' dir='ltr'><strong>ad</strong></span> <span class='ocrx_word' id='word_1_62' title='bbox 1757 1168 1848 1222; x_wconf 86' lang='lat' dir='ltr'><strong>Dei</strong></span> <span class='ocrx_word' id='word_1_63' title='bbox 1885 1182 2102 1236; x_wconf 83' lang='lat' dir='ltr'><strong>operam</strong></span> 
     </span>
    </p>
   </div>
   <div class='ocr_carea' id='block_1_10' title="bbox 526 1257 2102 1332">
    <p class='ocr_par' dir='ltr' id='par_1_10' title="bbox 526 1257 2102 1332">
     <span class='ocr_line' id='line_1_10' title="bbox 526 1257 2102 1332; baseline -0.001 -18"><span class='ocrx_word' id='word_1_64' title='bbox 526 1277 632 1315; x_wconf 89' lang='lat' dir='ltr'><strong>non</strong></span> <span class='ocrx_word' id='word_1_65' title='bbox 666 1262 952 1332; x_wconf 80' lang='lat' dir='ltr'><strong>pertinere,</strong></span> <span class='ocrx_word' id='word_1_66' title='bbox 981 1260 1232 1330; x_wconf 84' lang='lat' dir='ltr'><strong>quidquid</strong></span> <span class='ocrx_word' id='word_1_67' title='bbox 1272 1257 1341 1313; x_wconf 90' lang='lat' dir='ltr'><strong>de</strong></span> <span class='ocrx_word' id='word_1_68' title='bbox 1379 1260 1637 1314; x_wconf 85' lang='lat' dir='ltr'><strong>diabolica</strong></span> <span class='ocrx_word' id='word_1_69' title='bbox 1675 1259 2102 1328; x_wconf 78' lang='lat' dir='ltr'><strong>concupiscentia</strong></span> 
     </span>
    </p>
   </div>
   <div class='ocr_carea' id='block_1_11' title="bbox 525 1351 1117 1420">
    <p class='ocr_par' dir='ltr' id='par_1_11' title="bbox 525 1351 1117 1420">
     <span class='ocr_line' id='line_1_11' title="bbox 525 1351 1117 1420; baseline 0.007 -18"><span class='ocrx_word' id='word_1_70' title='bbox 525 1360 804 1420; x_wconf 81' lang='lat' dir='ltr'><strong>appareret</strong></span> <span class='ocrx_word' id='word_1_71' title='bbox 831 1351 1117 1418; x_wconf 83' lang='lat' dir='ltr'><strong>prolatum.</strong></span> 
     </span>
    </p>
   </div>
   <div class='ocr_carea' id='block_1_12' title="bbox 595 1436 2104 1504">
    <p class='ocr_par' dir='ltr' id='par_1_12' title="bbox 595 1436 2104 1504">
     <span class='ocr_line' id='line_1_12' title="bbox 595 1436 2104 1504; baseline 0 -12"><span class='ocrx_word' id='word_1_72' title='bbox 595 1441 730 1493; x_wconf 74' lang='grc' dir='ltr'><strong>Αυο.</strong></span> <span class='ocrx_word' id='word_1_73' title='bbox 769 1436 963 1492; x_wconf 90' lang='lat' dir='ltr'><strong>Contra</strong></span> <span class='ocrx_word' id='word_1_74' title='bbox 999 1440 1099 1492; x_wconf 90' lang='lat' dir='ltr'><strong>hoc</strong></span> <span class='ocrx_word' id='word_1_75' title='bbox 1136 1445 1302 1492; x_wconf 91' lang='lat' dir='ltr'><strong>totum</strong></span> <span class='ocrx_word' id='word_1_76' title='bbox 1343 1437 1484 1490; x_wconf 83' lang='lat' dir='ltr'><strong>valet</strong></span> <span class='ocrx_word' id='word_1_77' title='bbox 1523 1436 1768 1504; x_wconf 86' lang='lat' dir='ltr'><strong>superior</strong></span> <span class='ocrx_word' id='word_1_78' title='bbox 1791 1445 1970 1491; x_wconf 90' lang='lat' dir='ltr'><strong>nostra</strong></span> <span class='ocrx_word' id='word_1_79' title='bbox 2009 1451 2104 1492; x_wconf 84' lang='lat' dir='ltr'><strong>re-</strong></span> 
     </span>
    </p>
   </div>
   <div class='ocr_carea' id='block_1_13' title="bbox 527 1527 2104 1600">
    <p class='ocr_par' dir='ltr' id='par_1_13' title="bbox 527 1527 2104 1600">
     <span class='ocr_line' id='line_1_13' title="bbox 527 1527 2104 1600; baseline 0.001 -18"><span class='ocrx_word' id='word_1_80' title='bbox 527 1530 762 1599; x_wconf 83' lang='lat' dir='ltr'><strong>sponsio,</strong></span> <span class='ocrx_word' id='word_1_81' title='bbox 789 1537 842 1582; x_wconf 91' lang='lat' dir='ltr'><strong>ct</strong></span> <span class='ocrx_word' id='word_1_82' title='bbox 870 1543 990 1582; x_wconf 90' lang='lat' dir='ltr'><strong>cum</strong></span> <span class='ocrx_word' id='word_1_83' title='bbox 1008 1529 1024 1560; x_wconf 85' lang='grc'>¹</span> <span class='ocrx_word' id='word_1_84' title='bbox 1067 1527 1167 1582; x_wconf 86' lang='lat' dir='ltr'><strong>hac</strong></span> <span class='ocrx_word' id='word_1_85' title='bbox 1193 1527 1308 1580; x_wconf 74' lang='lat' dir='ltr'><strong>alia:</strong></span> <span class='ocrx_word' id='word_1_86' title='bbox 1337 1527 1657 1596; x_wconf 89' lang='lat' dir='ltr'><strong>superiores,</strong></span> <span class='ocrx_word' id='word_1_87' title='bbox 1690 1542 1822 1597; x_wconf 90' lang='lat' dir='ltr'><strong>quas</strong></span> <span class='ocrx_word' id='word_1_88' title='bbox 1851 1527 1990 1598; x_wconf 86' lang='lat' dir='ltr'><strong>legat</strong></span> <span class='ocrx_word' id='word_1_89' title='bbox 2011 1529 2104 1600; x_wconf 88' lang='lat' dir='ltr'><strong>qui</strong></span> 
     </span>
    </p>
   </div>
   <div class='ocr_carea' id='block_1_14' title="bbox 525 1618 686 1671">
    <p class='ocr_par' dir='ltr' id='par_1_14' title="bbox 525 1618 686 1671">
     <span class='ocr_line' id='line_1_14' title="bbox 525 1618 686 1671; baseline -0.006 -2"><span class='ocrx_word' id='word_1_90' title='bbox 525 1618 686 1671; x_wconf 81' lang='lat' dir='ltr'><strong>volet.</strong></span> 
     </span>
    </p>
   </div>
   <div class='ocr_carea' id='block_1_15' title="bbox 597 1705 2103 1778">
    <p class='ocr_par' dir='ltr' id='par_1_15' title="bbox 597 1705 2103 1778">
     <span class='ocr_line' id='line_1_15' title="bbox 597 1705 2103 1778; baseline 0.002 -18"><span class='ocrx_word' id='word_1_91' title='bbox 597 1705 875 1763; x_wconf 86' lang='lat' dir='ltr'><strong>CLXXXI.</strong></span> <span class='ocrx_word' id='word_1_92' title='bbox 927 1706 1044 1761; x_wconf 77' lang='lat' dir='ltr'><strong>IUL.</strong></span> <span class='ocrx_word' id='word_1_93' title='bbox 1093 1707 1172 1760; x_wconf 87' lang='lat' dir='ltr'><strong>Tu</strong></span> <span class='ocrx_word' id='word_1_94' title='bbox 1221 1715 1399 1762; x_wconf 90' lang='lat' dir='ltr'><strong>autem</strong></span> <span class='ocrx_word' id='word_1_95' title='bbox 1450 1705 1689 1762; x_wconf 89' lang='lat' dir='ltr'><strong>hebetior</strong></span> <span class='ocrx_word' id='word_1_96' title='bbox 1737 1707 1828 1778; x_wconf 88' lang='lat' dir='ltr'><strong>qtti</strong></span> <span class='ocrx_word' id='word_1_97' title='bbox 1875 1707 2103 1764; x_wconf 89' lang='lat' dir='ltr'><strong>fructum</strong></span> 
     </span>
    </p>
   </div>
   <div class='ocr_carea' id='block_1_16' title="bbox 525 1795 2108 1874">
    <p class='ocr_par' dir='ltr' id='par_1_16' title="bbox 525 1795 2108 1874">
     <span class='ocr_line' id='line_1_16' title="bbox 525 1795 2108 1874; baseline 0.003 -25"><span class='ocrx_word' id='word_1_98' title='bbox 525 1797 970 1865; x_wconf 66' lang='lat' dir='ltr'><strong>concupiscentia:</strong></span> <span class='ocrx_word' id='word_1_99' title='bbox 1013 1797 1284 1874; x_wconf 49' lang='lat' dir='ltr'><strong>diabolica:</strong></span> <span class='ocrx_word' id='word_1_100' title='bbox 1327 1795 1597 1851; x_wconf 82' lang='lat' dir='ltr'><strong>hominem</strong></span> <span class='ocrx_word' id='word_1_101' title='bbox 1637 1797 1840 1860; x_wconf 83' lang='lat' dir='ltr'><strong>dicens.</strong></span> <span class='ocrx_word' id='word_1_102' title='bbox 1889 1799 1982 1854; x_wconf 87' lang='lat' dir='ltr'><strong>Dei</strong></span> <span class='ocrx_word' id='word_1_103' title='bbox 2031 1809 2108 1854; x_wconf 86' lang='lat' dir='ltr'><strong>ta-</strong></span> 
     </span>
    </p>
   </div>
   <div class='ocr_carea' id='block_1_17' title="bbox 526 1886 2104 1958">
    <p class='ocr_par' dir='ltr' id='par_1_17' title="bbox 526 1886 2104 1958">
     <span class='ocr_line' id='line_1_17' title="bbox 526 1886 2104 1958; baseline 0.001 -18"><span class='ocrx_word' id='word_1_104' title='bbox 526 1902 650 1941; x_wconf 86' lang='lat' dir='ltr'><strong>nten</strong></span> <span class='ocrx_word' id='word_1_105' title='bbox 678 1902 798 1940; x_wconf 90' lang='lat' dir='ltr'><strong>cum</strong></span> <span class='ocrx_word' id='word_1_106' title='bbox 827 1886 1086 1941; x_wconf 79' lang='lat' dir='ltr'><strong>adscribis</strong></span> <span class='ocrx_word' id='word_1_107' title='bbox 1111 1886 1396 1956; x_wconf 89' lang='lat' dir='ltr'><strong>operibus;</strong></span> <span class='ocrx_word' id='word_1_108' title='bbox 1437 1903 1541 1942; x_wconf 91' lang='lat' dir='ltr'><strong>non</strong></span> <span class='ocrx_word' id='word_1_109' title='bbox 1568 1888 1716 1958; x_wconf 88' lang='lat' dir='ltr'><strong>quasi</strong></span> <span class='ocrx_word' id='word_1_110' title='bbox 1744 1888 1810 1943; x_wconf 91' lang='lat' dir='ltr'><strong>de</strong></span> <span class='ocrx_word' id='word_1_111' title='bbox 1840 1889 1981 1944; x_wconf 90' lang='lat' dir='ltr'><strong>malo</strong></span> <span class='ocrx_word' id='word_1_112' title='bbox 2009 1889 2104 1942; x_wconf 89' lang='lat' dir='ltr'><strong>bo-</strong></span> 
     </span>
    </p>
   </div>
   <div class='ocr_carea' id='block_1_18' title="bbox 513 1975 2102 2048">
    <p class='ocr_par' dir='ltr' id='par_1_18' title="bbox 513 1975 2102 2048">
     <span class='ocr_line' id='line_1_18' title="bbox 513 1975 2102 2048; baseline 0.004 -21"><span class='ocrx_word' id='word_1_113' title='bbox 513 1991 652 2028; x_wconf 65' lang='lat' dir='ltr'><strong>num</strong></span> <span class='ocrx_word' id='word_1_114' title='bbox 681 1976 896 2042; x_wconf 87' lang='lat' dir='ltr'><strong>factum,</strong></span> <span class='ocrx_word' id='word_1_115' title='bbox 931 1977 1024 2030; x_wconf 90' lang='lat' dir='ltr'><strong>sed</strong></span> <span class='ocrx_word' id='word_1_116' title='bbox 1053 1977 1249 2030; x_wconf 89' lang='lat' dir='ltr'><strong>malum</strong></span> <span class='ocrx_word' id='word_1_117' title='bbox 1277 1985 1330 2032; x_wconf 87' lang='lat' dir='ltr'><strong>ct</strong></span> <span class='ocrx_word' id='word_1_118' title='bbox 1357 1975 1422 2032; x_wconf 89' lang='lat' dir='ltr'><strong>de</strong></span> <span class='ocrx_word' id='word_1_119' title='bbox 1455 1977 1590 2032; x_wconf 87' lang='lat' dir='ltr'><strong>mala</strong></span> <span class='ocrx_word' id='word_1_120' title='bbox 1617 1977 1797 2033; x_wconf 80' lang='lat' dir='ltr'><strong>radice</strong></span> <span class='ocrx_word' id='word_1_121' title='bbox 1821 1980 2102 2048; x_wconf 84' lang='lat' dir='ltr'><strong>prolatum,</strong></span> 
     </span>
    </p>
   </div>
   <div class='ocr_carea' id='block_1_19' title="bbox 525 2063 2106 2138">
    <p class='ocr_par' dir='ltr' id='par_1_19' title="bbox 525 2063 2106 2138">
     <span class='ocr_line' id='line_1_19' title="bbox 525 2063 2106 2138; baseline 0.005 -20"><span class='ocrx_word' id='word_1_122' title='bbox 525 2063 722 2120; x_wconf 87' lang='lat' dir='ltr'><strong>habere</strong></span> <span class='ocrx_word' id='word_1_123' title='bbox 751 2074 926 2120; x_wconf 88' lang='lat' dir='ltr'><strong>tamen</strong></span> <span class='ocrx_word' id='word_1_124' title='bbox 957 2074 1225 2121; x_wconf 85' lang='lat' dir='ltr'><strong>auctorem</strong></span> <span class='ocrx_word' id='word_1_125' title='bbox 1261 2066 1482 2135; x_wconf 88' lang='lat' dir='ltr'><strong>bonum,</strong></span> <span class='ocrx_word' id='word_1_126' title='bbox 1509 2082 1670 2138; x_wconf 85' lang='lat' dir='ltr'><strong>quem</strong></span> <span class='ocrx_word' id='word_1_127' title='bbox 1707 2067 1940 2126; x_wconf 87' lang='lat' dir='ltr'><strong>fructum</strong></span> <span class='ocrx_word' id='word_1_128' title='bbox 1969 2071 2106 2126; x_wconf 78' lang='lat' dir='ltr'><strong>radi-</strong></span> 
     </span>
    </p>
   </div>
   <div class='ocr_carea' id='block_1_20' title="bbox 524 2153 1411 2212">
    <p class='ocr_par' dir='ltr' id='par_1_20' title="bbox 524 2153 1411 2212">
     <span class='ocr_line' id='line_1_20' title="bbox 524 2153 1411 2212; baseline 0 -2"><span class='ocrx_word' id='word_1_129' title='bbox 524 2155 604 2210; x_wconf 89' lang='lat' dir='ltr'><strong>cis</strong></span> <span class='ocrx_word' id='word_1_130' title='bbox 631 2170 739 2209; x_wconf 70' lang='lat' dir='ltr'><strong>suae</strong></span> <span class='ocrx_word' id='word_1_131' title='bbox 767 2155 1010 2210; x_wconf 85' lang='lat' dir='ltr'><strong>diabolus</strong></span> <span class='ocrx_word' id='word_1_132' title='bbox 1029 2157 1128 2210; x_wconf 88' lang='lat' dir='ltr'><strong>sibi</strong></span> <span class='ocrx_word' id='word_1_133' title='bbox 1157 2153 1411 2212; x_wconf 86' lang='lat' dir='ltr'><strong>vindicet.</strong></span> 
     </span>
    </p>
   </div>
   <div class='ocr_carea' id='block_1_21' title="bbox 593 2247 2108 2322">
    <p class='ocr_par' dir='ltr' id='par_1_21' title="bbox 593 2247 2108 2322">
     <span class='ocr_line' id='line_1_21' title="bbox 593 2247 2108 2322; baseline 0.004 -20"><span class='ocrx_word' id='word_1_134' title='bbox 593 2249 732 2304; x_wconf 82' lang='lat' dir='ltr'><strong>Aoc.</strong></span> <span class='ocrx_word' id='word_1_135' title='bbox 775 2249 976 2302; x_wconf 89' lang='lat' dir='ltr'><strong>Bonum</strong></span> <span class='ocrx_word' id='word_1_136' title='bbox 1029 2247 1243 2318; x_wconf 84' lang='lat' dir='ltr'><strong>aliquod</strong></span> <span class='ocrx_word' id='word_1_137' title='bbox 1285 2257 1368 2303; x_wconf 89' lang='lat' dir='ltr'><strong>est</strong></span> <span class='ocrx_word' id='word_1_138' title='bbox 1414 2248 1606 2318; x_wconf 89' lang='lat' dir='ltr'><strong>homo,</strong></span> <span class='ocrx_word' id='word_1_139' title='bbox 1659 2251 1820 2306; x_wconf 90' lang='lat' dir='ltr'><strong>etiam</strong></span> <span class='ocrx_word' id='word_1_140' title='bbox 1871 2252 2108 2322; x_wconf 81' lang='lat' dir='ltr'><strong>quisquis</strong></span> 
     </span>
    </p>
   </div>
   <div class='ocr_carea' id='block_1_22' title="bbox 521 2339 2108 2412">
    <p class='ocr_par' dir='ltr' id='par_1_22' title="bbox 521 2339 2108 2412">
     <span class='ocr_line' id='line_1_22' title="bbox 521 2339 2108 2412; baseline 0.003 -19"><span class='ocrx_word' id='word_1_141' title='bbox 521 2339 742 2410; x_wconf 83' lang='lat' dir='ltr'><strong>majoris</strong></span> <span class='ocrx_word' id='word_1_142' title='bbox 760 2339 930 2394; x_wconf 67' lang='lat' dir='ltr'><strong>aetatis</strong></span> <span class='ocrx_word' id='word_1_143' title='bbox 957 2349 1038 2394; x_wconf 91' lang='lat' dir='ltr'><strong>est</strong></span> <span class='ocrx_word' id='word_1_144' title='bbox 1066 2339 1235 2394; x_wconf 88' lang='lat' dir='ltr'><strong>malus</strong></span> <span class='ocrx_word' id='word_1_145' title='bbox 1263 2339 1442 2394; x_wconf 88' lang='lat' dir='ltr'><strong>homo.</strong></span> <span class='ocrx_word' id='word_1_146' title='bbox 1466 2339 1582 2396; x_wconf 87' lang='lat' dir='ltr'><strong>Non</strong></span> <span class='ocrx_word' id='word_1_147' title='bbox 1605 2343 1746 2398; x_wconf 87' lang='lat' dir='ltr'><strong>enim</strong></span> <span class='ocrx_word' id='word_1_148' title='bbox 1770 2342 1910 2412; x_wconf 91' lang='lat' dir='ltr'><strong>quod</strong></span> <span class='ocrx_word' id='word_1_149' title='bbox 1937 2344 2108 2398; x_wconf 81' lang='lat' dir='ltr'><strong>malus</strong></span> 
     </span>
    </p>
   </div>
   <div class='ocr_carea' id='block_1_23' title="bbox 525 2431 2179 2506">
    <p class='ocr_par' dir='ltr' id='par_1_23' title="bbox 525 2431 2179 2506">
     <span class='ocr_line' id='line_1_23' title="bbox 525 2431 2179 2506; baseline 0.001 -21"><span class='ocrx_word' id='word_1_150' title='bbox 525 2432 686 2486; x_wconf 89' lang='lat' dir='ltr'><strong>homo</strong></span> <span class='ocrx_word' id='word_1_151' title='bbox 723 2441 824 2497; x_wconf 88' lang='lat' dir='ltr'><strong>est,</strong></span> <span class='ocrx_word' id='word_1_152' title='bbox 859 2431 1033 2486; x_wconf 81' lang='lat' dir='ltr'><strong>aufert</strong></span> <span class='ocrx_word' id='word_1_153' title='bbox 1071 2433 1120 2486; x_wconf 91' lang='lat' dir='ltr'><strong>ei</strong></span> <span class='ocrx_word' id='word_1_154' title='bbox 1154 2434 1175 2465; x_wconf 81' lang='lat'>&#39;</span> <span class='ocrx_word' id='word_1_155' title='bbox 1197 2432 1338 2503; x_wconf 93' lang='lat' dir='ltr'><strong>quod</strong></span> <span class='ocrx_word' id='word_1_156' title='bbox 1379 2433 1576 2488; x_wconf 88' lang='lat' dir='ltr'><strong>bonum</strong></span> <span class='ocrx_word' id='word_1_157' title='bbox 1603 2434 1818 2505; x_wconf 85' lang='lat' dir='ltr'><strong>aliquod</strong></span> <span class='ocrx_word' id='word_1_158' title='bbox 1858 2443 1958 2502; x_wconf 90' lang='lat' dir='ltr'><strong>est,</strong></span> <span class='ocrx_word' id='word_1_159' title='bbox 1987 2438 2108 2506; x_wconf 88' lang='lat' dir='ltr'><strong>quia</strong></span> <span class='ocrx_word' id='word_1_160' title='bbox 2177 2485 2179 2487; x_wconf 85' lang='lat'><strong>.</strong></span> 
     </span>
    </p>
   </div>
   <div class='ocr_carea' id='block_1_24' title="bbox 525 2523 2110 2597">
    <p class='ocr_par' dir='ltr' id='par_1_24' title="bbox 525 2523 2110 2597">
     <span class='ocr_line' id='line_1_24' title="bbox 525 2523 2110 2597; baseline 0.003 -19"><span class='ocrx_word' id='word_1_161' title='bbox 525 2523 686 2578; x_wconf 86' lang='lat' dir='ltr'><strong>homo</strong></span> <span class='ocrx_word' id='word_1_162' title='bbox 711 2532 831 2578; x_wconf 88' lang='lat' dir='ltr'><strong>est:</strong></span> <span class='ocrx_word' id='word_1_163' title='bbox 861 2523 1014 2593; x_wconf 81' lang='lat' dir='ltr'><strong>cujus</strong></span> <span class='ocrx_word' id='word_1_164' title='bbox 1059 2532 1280 2586; x_wconf 79' lang='lat' dir='ltr'><strong>naturae.</strong></span> <span class='ocrx_word' id='word_1_165' title='bbox 1331 2523 1386 2579; x_wconf 89' lang='lat' dir='ltr'><strong>id</strong></span> <span class='ocrx_word' id='word_1_166' title='bbox 1429 2533 1534 2593; x_wconf 88' lang='lat' dir='ltr'><strong>est,</strong></span> <span class='ocrx_word' id='word_1_167' title='bbox 1563 2526 1688 2582; x_wconf 91' lang='lat' dir='ltr'><strong>boni</strong></span> <span class='ocrx_word' id='word_1_168' title='bbox 1730 2528 1886 2597; x_wconf 86' lang='lat' dir='ltr'><strong>hujus</strong></span> <span class='ocrx_word' id='word_1_169' title='bbox 1925 2538 2110 2584; x_wconf 87' lang='lat' dir='ltr'><strong>auctor</strong></span> 
     </span>
    </p>
   </div>
   <div class='ocr_carea' id='block_1_25' title="bbox 526 2615 2110 2688">
    <p class='ocr_par' dir='ltr' id='par_1_25' title="bbox 526 2615 2110 2688">
     <span class='ocr_line' id='line_1_25' title="bbox 526 2615 2110 2688; baseline 0.003 -18"><span class='ocrx_word' id='word_1_170' title='bbox 526 2626 609 2670; x_wconf 89' lang='lat' dir='ltr'><strong>est</strong></span> <span class='ocrx_word' id='word_1_171' title='bbox 634 2617 796 2681; x_wconf 82' lang='lat' dir='ltr'><strong>Deus,</strong></span> <span class='ocrx_word' id='word_1_172' title='bbox 835 2631 1183 2685; x_wconf 58' lang='lat' dir='ltr'><strong>quacumque</strong></span> <span class='ocrx_word' id='word_1_173' title='bbox 1225 2615 1362 2670; x_wconf 89' lang='lat' dir='ltr'><strong>mala</strong></span> <span class='ocrx_word' id='word_1_174' title='bbox 1393 2615 1476 2671; x_wconf 92' lang='lat' dir='ltr'><strong>vel</strong></span> <span class='ocrx_word' id='word_1_175' title='bbox 1503 2617 1720 2688; x_wconf 81' lang='lat' dir='ltr'><strong>originis</strong></span> <span class='ocrx_word' id='word_1_176' title='bbox 1747 2619 1996 2684; x_wconf 85' lang='lat' dir='ltr'><strong>attrahat,</strong></span> <span class='ocrx_word' id='word_1_177' title='bbox 2027 2619 2110 2674; x_wconf 90' lang='lat' dir='ltr'><strong>vel</strong></span> 
     </span>
    </p>
   </div>
   <div class='ocr_carea' id='block_1_26' title="bbox 525 2705 2112 2781">
    <p class='ocr_par' dir='ltr' id='par_1_26' title="bbox 525 2705 2112 2781">
     <span class='ocr_line' id='line_1_26' title="bbox 525 2705 2112 2781; baseline 0.005 -23"><span class='ocrx_word' id='word_1_178' title='bbox 525 2707 816 2760; x_wconf 86' lang='lat' dir='ltr'><strong>voluntatis</strong></span> <span class='ocrx_word' id='word_1_179' title='bbox 853 2705 1111 2776; x_wconf 75' lang='lat' dir='ltr'><strong>adjiciat;</strong></span> <span class='ocrx_word' id='word_1_180' title='bbox 1139 2722 1244 2762; x_wconf 89' lang='lat' dir='ltr'><strong>non</strong></span> <span class='ocrx_word' id='word_1_181' title='bbox 1281 2707 1423 2762; x_wconf 80' lang='lat' dir='ltr'><strong>enim</strong></span> <span class='ocrx_word' id='word_1_182' title='bbox 1453 2709 1766 2765; x_wconf 80' lang='lat' dir='ltr'><strong>substantiae</strong></span> <span class='ocrx_word' id='word_1_183' title='bbox 1803 2720 2112 2781; x_wconf 70' lang='lat' dir='ltr'><strong>naturmque</strong></span> 
     </span>
    </p>
   </div>
   <div class='ocr_carea' id='block_1_27' title="bbox 526 2797 2112 2868">
    <p class='ocr_par' dir='ltr' id='par_1_27' title="bbox 526 2797 2112 2868">
     <span class='ocr_line' id='line_1_27' title="bbox 526 2797 2112 2868; baseline 0.002 -16"><span class='ocrx_word' id='word_1_184' title='bbox 526 2807 652 2852; x_wconf 91' lang='lat' dir='ltr'><strong>sunt</strong></span> <span class='ocrx_word' id='word_1_185' title='bbox 689 2797 846 2862; x_wconf 88' lang='lat' dir='ltr'><strong>vitia;</strong></span> <span class='ocrx_word' id='word_1_186' title='bbox 895 2797 963 2852; x_wconf 89' lang='lat' dir='ltr'><strong>ab</strong></span> <span class='ocrx_word' id='word_1_187' title='bbox 1005 2811 1072 2852; x_wconf 87' lang='lat' dir='ltr'><strong>eo</strong></span> <span class='ocrx_word' id='word_1_188' title='bbox 1114 2797 1378 2854; x_wconf 86' lang='lat' dir='ltr'><strong>salvatore</strong></span> <span class='ocrx_word' id='word_1_189' title='bbox 1421 2797 1678 2866; x_wconf 88' lang='lat' dir='ltr'><strong>sananda,</strong></span> <span class='ocrx_word' id='word_1_190' title='bbox 1727 2817 1831 2868; x_wconf 92' lang='lat' dir='ltr'><strong>quo</strong></span> <span class='ocrx_word' id='word_1_191' title='bbox 1869 2809 2112 2856; x_wconf 88' lang='lat' dir='ltr'><strong>creatore</strong></span> 
     </span>
    </p>
   </div>
   <div class='ocr_carea' id='block_1_28' title="bbox 523 2888 2110 2962">
    <p class='ocr_par' dir='ltr' id='par_1_28' title="bbox 523 2888 2110 2962">
     <span class='ocr_line' id='line_1_28' title="bbox 523 2888 2110 2962; baseline 0.003 -18"><span class='ocrx_word' id='word_1_192' title='bbox 523 2889 736 2946; x_wconf 87' lang='lat' dir='ltr'><strong>condita</strong></span> <span class='ocrx_word' id='word_1_193' title='bbox 760 2898 862 2952; x_wconf 87' lang='lat' dir='ltr'><strong>est,</strong></span> <span class='ocrx_word' id='word_1_194' title='bbox 889 2889 1090 2944; x_wconf 82' lang='lat' dir='ltr'><strong>eisdem</strong></span> <span class='ocrx_word' id='word_1_195' title='bbox 1121 2889 1262 2944; x_wconf 80' lang='lat' dir='ltr'><strong>vitiis</strong></span> <span class='ocrx_word' id='word_1_196' title='bbox 1284 2888 1466 2944; x_wconf 89' lang='lat' dir='ltr'><strong>vitiata</strong></span> <span class='ocrx_word' id='word_1_197' title='bbox 1489 2899 1696 2946; x_wconf 86' lang='lat' dir='ltr'><strong>natura.</strong></span> <span class='ocrx_word' id='word_1_198' title='bbox 1725 2891 1836 2947; x_wconf 91' lang='lat' dir='ltr'><strong>lloe</strong></span> <span class='ocrx_word' id='word_1_199' title='bbox 1861 2900 1942 2946; x_wconf 89' lang='lat' dir='ltr'><strong>est</strong></span> <span class='ocrx_word' id='word_1_200' title='bbox 1970 2891 2110 2962; x_wconf 82' lang='lat' dir='ltr'><strong>quod</strong></span> 
     </span>
    </p>
   </div>
   <div class='ocr_carea' id='block_1_29' title="bbox 525 2979 2112 3049">
    <p class='ocr_par' dir='ltr' id='par_1_29' title="bbox 525 2979 2112 3049">
     <span class='ocr_line' id='line_1_29' title="bbox 525 2979 2112 3049; baseline 0.001 -14"><span class='ocrx_word' id='word_1_201' title='bbox 525 2989 580 3035; x_wconf 88' lang='lat' dir='ltr'><strong>et</strong></span> <span class='ocrx_word' id='word_1_202' title='bbox 614 2979 930 3035; x_wconf 76' lang='lat' dir='ltr'><strong>lianichaeos</strong></span> <span class='ocrx_word' id='word_1_203' title='bbox 955 2980 1166 3044; x_wconf 80' lang='lat' dir='ltr'><strong>evertit,</strong></span> <span class='ocrx_word' id='word_1_204' title='bbox 1202 2988 1258 3034; x_wconf 91' lang='lat' dir='ltr'><strong>et</strong></span> <span class='ocrx_word' id='word_1_205' title='bbox 1296 2995 1432 3035; x_wconf 91' lang='lat' dir='ltr'><strong>vos:</strong></span> <span class='ocrx_word' id='word_1_206' title='bbox 1461 2981 1551 3049; x_wconf 90' lang='lat' dir='ltr'><strong>qui</strong></span> <span class='ocrx_word' id='word_1_207' title='bbox 1599 2997 1703 3036; x_wconf 91' lang='lat' dir='ltr'><strong>non</strong></span> <span class='ocrx_word' id='word_1_208' title='bbox 1743 2997 1974 3048; x_wconf 89' lang='lat' dir='ltr'><strong>mecum,</strong></span> <span class='ocrx_word' id='word_1_209' title='bbox 2013 2981 2112 3036; x_wconf 85' lang='lat' dir='ltr'><strong>sed</strong></span> 
     </span>
    </p>
   </div>
   <div class='ocr_carea' id='block_1_30' title="bbox 525 3069 2111 3139">
    <p class='ocr_par' dir='ltr' id='par_1_30' title="bbox 525 3069 2111 3139">
     <span class='ocr_line' id='line_1_30' title="bbox 525 3069 2111 3139; baseline 0.001 -15"><span class='ocrx_word' id='word_1_210' title='bbox 525 3085 647 3124; x_wconf 89' lang='lat' dir='ltr'><strong>eum</strong></span> <span class='ocrx_word' id='word_1_211' title='bbox 678 3070 961 3124; x_wconf 84' lang='lat' dir='ltr'><strong>Ambrosio</strong></span> <span class='ocrx_word' id='word_1_212' title='bbox 986 3069 1238 3134; x_wconf 85' lang='lat' dir='ltr'><strong>certatis;</strong></span> <span class='ocrx_word' id='word_1_213' title='bbox 1267 3085 1424 3139; x_wconf 88' lang='lat' dir='ltr'><strong>quem</strong></span> <span class='ocrx_word' id='word_1_214' title='bbox 1453 3071 1756 3127; x_wconf 64' lang='lat' dir='ltr'><strong>Manichtuis</strong></span> <span class='ocrx_word' id='word_1_215' title='bbox 1783 3071 1835 3126; x_wconf 93' lang='lat' dir='ltr'><strong>in</strong></span> <span class='ocrx_word' id='word_1_216' title='bbox 1863 3071 1966 3127; x_wconf 82' lang='lat' dir='ltr'><strong>hoc</strong></span> <span class='ocrx_word' id='word_1_217' title='bbox 1991 3086 2111 3126; x_wconf 86' lang='lat' dir='ltr'><strong>cer-</strong></span> 
     </span>
    </p>
   </div>
   <div class='ocr_carea' id='block_1_31' title="bbox 527 3158 1927 3229">
    <p class='ocr_par' dir='ltr' id='par_1_31' title="bbox 527 3158 1927 3229">
     <span class='ocr_line' id='line_1_31' title="bbox 527 3158 1927 3229; baseline 0 -15"><span class='ocrx_word' id='word_1_218' title='bbox 527 3158 728 3214; x_wconf 81' lang='lat' dir='ltr'><strong>tamine</strong></span> <span class='ocrx_word' id='word_1_219' title='bbox 757 3159 1001 3228; x_wconf 88' lang='lat' dir='ltr'><strong>opposui,</strong></span> <span class='ocrx_word' id='word_1_220' title='bbox 1029 3159 1082 3214; x_wconf 90' lang='lat' dir='ltr'><strong>in</strong></span> <span class='ocrx_word' id='word_1_221' title='bbox 1104 3173 1211 3229; x_wconf 89' lang='lat' dir='ltr'><strong>quo</strong></span> <span class='ocrx_word' id='word_1_222' title='bbox 1235 3167 1290 3213; x_wconf 90' lang='lat' dir='ltr'><strong>et</strong></span> <span class='ocrx_word' id='word_1_223' title='bbox 1315 3159 1458 3228; x_wconf 92' lang='lat' dir='ltr'><strong>ipsos</strong></span> <span class='ocrx_word' id='word_1_224' title='bbox 1483 3160 1646 3214; x_wconf 89' lang='lat' dir='ltr'><strong>vincit</strong></span> <span class='ocrx_word' id='word_1_225' title='bbox 1665 3161 1706 3226; x_wconf 84' lang='grc'>³,</span> <span class='ocrx_word' id='word_1_226' title='bbox 1729 3169 1785 3216; x_wconf 91' lang='lat' dir='ltr'><strong>et</strong></span> <span class='ocrx_word' id='word_1_227' title='bbox 1813 3177 1927 3216; x_wconf 89' lang='lat' dir='ltr'><strong>vos.</strong></span> 
     </span>
    </p>
   </div>
   <div class='ocr_carea' id='block_1_32' title="bbox 595 3249 2112 3318">
    <p class='ocr_par' dir='ltr' id='par_1_32' title="bbox 595 3249 2112 3318">
     <span class='ocr_line' id='line_1_32' title="bbox 595 3249 2112 3318; baseline 0.003 -12"><span class='ocrx_word' id='word_1_228' title='bbox 595 3249 900 3306; x_wconf 86' lang='lat' dir='ltr'><strong>CLXXXII.</strong></span> <span class='ocrx_word' id='word_1_229' title='bbox 939 3249 1058 3305; x_wconf 68' lang='lat' dir='ltr'><strong>Jun.</strong></span> <span class='ocrx_word' id='word_1_230' title='bbox 1101 3250 1228 3305; x_wconf 86' lang='lat' dir='ltr'><strong>Tuis</strong></span> <span class='ocrx_word' id='word_1_231' title='bbox 1255 3251 1400 3305; x_wconf 89' lang='lat' dir='ltr'><strong>enim</strong></span> <span class='ocrx_word' id='word_1_232' title='bbox 1438 3252 1796 3318; x_wconf 88' lang='lat' dir='ltr'><strong>sermonibus,</strong></span> <span class='ocrx_word' id='word_1_233' title='bbox 1827 3268 2018 3308; x_wconf 88' lang='lat' dir='ltr'><strong>omnes</strong></span> <span class='ocrx_word' id='word_1_234' title='bbox 2043 3252 2112 3310; x_wconf 84' lang='lat' dir='ltr'><strong>de</strong></span> 
     </span>
    </p>
   </div>
   <div class='ocr_carea' id='block_1_33' title="bbox 525 3340 2112 3411">
    <p class='ocr_par' dir='ltr' id='par_1_33' title="bbox 525 3340 2112 3411">
     <span class='ocr_line' id='line_1_33' title="bbox 525 3340 2112 3411; baseline 0.001 -14"><span class='ocrx_word' id='word_1_235' title='bbox 525 3341 954 3411; x_wconf 86' lang='lat' dir='ltr'><strong>concupiscentia</strong></span> <span class='ocrx_word' id='word_1_236' title='bbox 991 3349 1145 3395; x_wconf 92' lang='lat' dir='ltr'><strong>natos</strong></span> <span class='ocrx_word' id='word_1_237' title='bbox 1167 3340 1412 3395; x_wconf 91' lang='lat' dir='ltr'><strong>diabolus</strong></span> <span class='ocrx_word' id='word_1_238' title='bbox 1439 3341 1588 3410; x_wconf 90' lang='lat' dir='ltr'><strong>quasi</strong></span> <span class='ocrx_word' id='word_1_239' title='bbox 1615 3355 1725 3395; x_wconf 72' lang='lat' dir='ltr'><strong>sum</strong></span> <span class='ocrx_word' id='word_1_240' title='bbox 1764 3341 1972 3398; x_wconf 90' lang='lat' dir='ltr'><strong>arboris</strong></span> <span class='ocrx_word' id='word_1_241' title='bbox 1997 3343 2112 3398; x_wconf 86' lang='lat' dir='ltr'><strong>fru-</strong></span> 
     </span>
    </p>
   </div>
   <div class='ocr_carea' id='block_1_34' title="bbox 523 3415 2112 3504">
    <p class='ocr_par' dir='ltr' id='par_1_34' title="bbox 523 3415 2112 3504">
     <span class='ocr_line' id='line_1_34' title="bbox 523 3415 2112 3504; baseline 0 -16"><span class='ocrx_word' id='word_1_242' title='bbox 523 3445 646 3488; x_wconf 89' lang='lat' dir='ltr'><strong>ctus</strong></span> <span class='ocrx_word' id='word_1_243' title='bbox 686 3415 1078 3501; x_wconf 19' lang='lat' dir='ltr'><strong>jure&#39;decerpit</strong></span> <span class='ocrx_word' id='word_1_244' title='bbox 1114 3431 1210 3504; x_wconf 91' lang='lat' dir='ltr'><strong>(a).</strong></span> <span class='ocrx_word' id='word_1_245' title='bbox 1261 3429 1434 3502; x_wconf 65' lang='lat' dir='ltr'><strong>Eque</strong></span> <span class='ocrx_word' id='word_1_246' title='bbox 1472 3432 1630 3502; x_wconf 79' lang='lat' dir='ltr'><strong>igitur</strong></span> <span class='ocrx_word' id='word_1_247' title='bbox 1675 3431 2012 3502; x_wconf 82' lang='lat' dir='ltr'><strong>blasphemas</strong></span> <span class='ocrx_word' id='word_1_248' title='bbox 2053 3443 2112 3488; x_wconf 91' lang='lat' dir='ltr'><strong>ut</strong></span> 
     </span>
    </p>
   </div>
   <div class='ocr_carea' id='block_1_35' title="bbox 521 3521 2111 3594">
    <p class='ocr_par' dir='ltr' id='par_1_35' title="bbox 521 3521 2111 3594">
     <span class='ocr_line' id='line_1_35' title="bbox 521 3521 2111 3594; baseline 0 -14"><span class='ocrx_word' id='word_1_249' title='bbox 521 3522 867 3587; x_wconf 70' lang='lat' dir='ltr'><strong>Manichacus,</strong></span> <span class='ocrx_word' id='word_1_250' title='bbox 897 3521 985 3592; x_wconf 91' lang='lat' dir='ltr'><strong>qui</strong></span> <span class='ocrx_word' id='word_1_251' title='bbox 1023 3521 1504 3594; x_wconf 84' lang='lat' dir='ltr'><strong>concupiscentiam</strong></span> <span class='ocrx_word' id='word_1_252' title='bbox 1529 3524 1704 3580; x_wconf 89' lang='lat' dir='ltr'><strong>carnis</strong></span> <span class='ocrx_word' id='word_1_253' title='bbox 1727 3538 1760 3578; x_wconf 92' lang='lat' dir='ltr'><strong>a</strong></span> <span class='ocrx_word' id='word_1_254' title='bbox 1786 3523 1900 3580; x_wconf 87' lang='lat' dir='ltr'><strong>Deo</strong></span> <span class='ocrx_word' id='word_1_255' title='bbox 1927 3524 2111 3580; x_wconf 86' lang='lat' dir='ltr'><strong>condi-</strong></span> 
     </span>
    </p>
   </div>
   <div class='ocr_carea' id='block_1_36' title="bbox 525 3612 1014 3676">
    <p class='ocr_par' dir='ltr' id='par_1_36' title="bbox 525 3612 1014 3676">
     <span class='ocr_line' id='line_1_36' title="bbox 525 3612 1014 3676; baseline -0.008 -6"><span class='ocrx_word' id='word_1_256' title='bbox 525 3623 632 3670; x_wconf 85' lang='lat' dir='ltr'><strong>tam</strong></span> <span class='ocrx_word' id='word_1_257' title='bbox 663 3612 1014 3676; x_wconf 77' lang='lat' dir='ltr'><strong>vindicemus.</strong></span> 
     </span>
    </p>
   </div>
   <div class='ocr_carea' id='block_1_37' title="bbox 549 3701 2108 3780">
    <p class='ocr_par' dir='ltr' id='par_1_37' title="bbox 549 3701 2108 3780">
     <span class='ocr_line' id='line_1_37' title="bbox 549 3701 2108 3780; baseline 0.001 -20"><span class='ocrx_word' id='word_1_258' title='bbox 549 3729 556 3736; x_wconf 84' lang='lat'><strong><em>-</em></strong></span> <span class='ocrx_word' id='word_1_259' title='bbox 595 3705 732 3760; x_wconf 80' lang='lat' dir='ltr'><strong>Anc.</strong></span> <span class='ocrx_word' id='word_1_260' title='bbox 771 3703 826 3759; x_wconf 91' lang='lat' dir='ltr'><strong>Si</strong></span> <span class='ocrx_word' id='word_1_261' title='bbox 852 3701 920 3758; x_wconf 88' lang='lat' dir='ltr'><strong>ad</strong></span> <span class='ocrx_word' id='word_1_262' title='bbox 943 3717 1160 3758; x_wconf 87' lang='lat' dir='ltr'><strong>causam</strong></span> <span class='ocrx_word' id='word_1_263' title='bbox 1181 3703 1365 3759; x_wconf 89' lang='lat' dir='ltr'><strong>venire</strong></span> <span class='ocrx_word' id='word_1_264' title='bbox 1390 3703 1668 3780; x_wconf 83' lang='lat' dir='ltr'><strong>voluisses,</strong></span> <span class='ocrx_word' id='word_1_265' title='bbox 1693 3718 1790 3760; x_wconf 90' lang='lat' dir='ltr'><strong>cur</strong></span> <span class='ocrx_word' id='word_1_266' title='bbox 1807 3704 2108 3775; x_wconf 82' lang='lat' dir='ltr'><strong>baptizandi</strong></span> 
     </span>
    </p>
   </div>
   <div class='ocr_carea' id='block_1_38' title="bbox 525 3792 2108 3860">
    <p class='ocr_par' dir='ltr' id='par_1_38' title="bbox 525 3792 2108 3860">
     <span class='ocr_line' id='line_1_38' title="bbox 525 3792 2108 3860; baseline 0.002 -9"><span class='ocrx_word' id='word_1_267' title='bbox 525 3803 580 3851; x_wconf 91' lang='lat' dir='ltr'><strong>et</strong></span> <span class='ocrx_word' id='word_1_268' title='bbox 605 3792 973 3859; x_wconf 77' lang='lat' dir='ltr'><strong>exsul‘llentur,</strong></span> <span class='ocrx_word' id='word_1_269' title='bbox 1000 3799 1054 3848; x_wconf 91' lang='lat' dir='ltr'><strong>et</strong></span> <span class='ocrx_word' id='word_1_270' title='bbox 1082 3794 1384 3850; x_wconf 81' lang='lat' dir='ltr'><strong>exorcismo</strong></span> <span class='ocrx_word' id='word_1_271' title='bbox 1415 3793 1737 3850; x_wconf 87' lang='lat' dir='ltr'><strong>mundentur</strong></span> <span class='ocrx_word' id='word_1_272' title='bbox 1761 3794 2007 3860; x_wconf 82' lang='lat' dir='ltr'><strong>infantes,</strong></span> <span class='ocrx_word' id='word_1_273' title='bbox 2035 3797 2108 3854; x_wconf 93' lang='lat' dir='ltr'><strong>ibi</strong></span> 
     </span>
    </p>
   </div>
   <div class='ocr_carea' id='block_1_39' title="bbox 527 3883 2109 3957">
    <p class='ocr_par' dir='ltr' id='par_1_39' title="bbox 527 3883 2109 3957">
     <span class='ocr_line' id='line_1_39' title="bbox 527 3883 2109 3957; baseline 0.001 -17"><span class='ocrx_word' id='word_1_274' title='bbox 527 3886 860 3957; x_wconf 85' lang='lat' dir='ltr'><strong>apertissime</strong></span> <span class='ocrx_word' id='word_1_275' title='bbox 890 3901 994 3938; x_wconf 91' lang='lat' dir='ltr'><strong>non</strong></span> <span class='ocrx_word' id='word_1_276' title='bbox 1033 3885 1208 3940; x_wconf 87' lang='lat' dir='ltr'><strong>solum</strong></span> <span class='ocrx_word' id='word_1_277' title='bbox 1237 3883 1482 3950; x_wconf 88' lang='lat' dir='ltr'><strong>eruditis,</strong></span> <span class='ocrx_word' id='word_1_278' title='bbox 1521 3901 1702 3939; x_wconf 87' lang='lat' dir='ltr'><strong>verum</strong></span> <span class='ocrx_word' id='word_1_279' title='bbox 1729 3885 1890 3940; x_wconf 89' lang='lat' dir='ltr'><strong>etiam</strong></span> <span class='ocrx_word' id='word_1_280' title='bbox 1933 3885 2109 3942; x_wconf 91' lang='lat' dir='ltr'><strong>idiotis</strong></span> 
     </span>
    </p>
   </div>
   <div class='ocr_carea' id='block_1_40' title="bbox 524 3973 2106 4044">
    <p class='ocr_par' dir='ltr' id='par_1_40' title="bbox 524 3973 2106 4044">
     <span class='ocr_line' id='line_1_40' title="bbox 524 3973 2106 4044; baseline 0.001 -14"><span class='ocrx_word' id='word_1_281' title='bbox 524 3975 800 4030; x_wconf 88' lang='lat' dir='ltr'><strong>catholicis</strong></span> <span class='ocrx_word' id='word_1_282' title='bbox 824 3974 1138 4029; x_wconf 83' lang='lat' dir='ltr'><strong>Christianis</strong></span> <span class='ocrx_word' id='word_1_283' title='bbox 1163 3989 1333 4029; x_wconf 87' lang='lat' dir='ltr'><strong>novus</strong></span> <span class='ocrx_word' id='word_1_284' title='bbox 1361 3973 1638 4030; x_wconf 74' lang='lat' dir='ltr'><strong>hmreticus</strong></span> <span class='ocrx_word' id='word_1_285' title='bbox 1665 3990 1972 4044; x_wconf 86' lang='lat' dir='ltr'><strong>apparercs.</strong></span> <span class='ocrx_word' id='word_1_286' title='bbox 1991 3975 2106 4032; x_wconf 83' lang='lat' dir='ltr'><strong>Sed</strong></span> 
     </span>
    </p>
   </div>
   <div class='ocr_carea' id='block_1_41' title="bbox 524 4065 2106 4139">
    <p class='ocr_par' dir='ltr' id='par_1_41' title="bbox 524 4065 2106 4139">
     <span class='ocr_line' id='line_1_41' title="bbox 524 4065 2106 4139; baseline 0.002 -18"><span class='ocrx_word' id='word_1_287' title='bbox 524 4068 646 4138; x_wconf 89' lang='lat' dir='ltr'><strong>quia</strong></span> <span class='ocrx_word' id='word_1_288' title='bbox 687 4067 738 4124; x_wconf 91' lang='lat' dir='ltr'><strong>id</strong></span> <span class='ocrx_word' id='word_1_289' title='bbox 777 4081 846 4123; x_wconf 91' lang='lat' dir='ltr'><strong>ex</strong></span> <span class='ocrx_word' id='word_1_290' title='bbox 885 4067 1022 4122; x_wconf 89' lang='lat' dir='ltr'><strong>libro</strong></span> <span class='ocrx_word' id='word_1_291' title='bbox 1051 4081 1173 4122; x_wconf 86' lang='lat' dir='ltr'><strong>meo</strong></span> <span class='ocrx_word' id='word_1_292' title='bbox 1221 4066 1315 4121; x_wconf 85' lang='lat' dir='ltr'><strong>tibi</strong></span> <span class='ocrx_word' id='word_1_293' title='bbox 1356 4065 1568 4138; x_wconf 87' lang='lat' dir='ltr'><strong>quidem</strong></span> <span class='ocrx_word' id='word_1_294' title='bbox 1601 4067 1920 4138; x_wconf 84' lang='lat' dir='ltr'><strong>proposuisti</strong></span> <span class='ocrx_word' id='word_1_295' title='bbox 1957 4070 2106 4139; x_wconf 87' lang='lat' dir='ltr'><strong>quasi</strong></span> 
     </span>
    </p>
   </div>
   <div class='ocr_carea' id='block_1_42' title="bbox 522 4149 2106 4230">
    <p class='ocr_par' dir='ltr' id='par_1_42' title="bbox 522 4149 2106 4230">
     <span class='ocr_line' id='line_1_42' title="bbox 522 4149 2106 4230; baseline 0.003 -14"><span class='ocrx_word' id='word_1_296' title='bbox 522 4159 896 4228; x_wconf 85' lang='lat' dir='ltr'><strong>refellendum,</strong></span> <span class='ocrx_word' id='word_1_297' title='bbox 940 4159 1036 4215; x_wconf 88' lang='lat' dir='ltr'><strong>sed</strong></span> <span class='ocrx_word' id='word_1_298' title='bbox 1075 4168 1400 4230; x_wconf 85' lang='lat' dir='ltr'><strong>pertractare</strong></span> <span class='ocrx_word' id='word_1_299' title='bbox 1442 4159 1513 4214; x_wconf 92' lang='lat' dir='ltr'><strong>ita</strong></span> <span class='ocrx_word' id='word_1_300' title='bbox 1557 4159 1797 4227; x_wconf 77' lang='lat' dir='ltr'><strong>timuiSti,</strong></span> <span class='ocrx_word' id='word_1_301' title='bbox 1845 4149 1902 4217; x_wconf 83' lang='lat' dir='ltr'><strong>ut</strong></span> <span class='ocrx_word' id='word_1_302' title='bbox 1937 4161 2106 4220; x_wconf 78' lang='lat' dir='ltr'><strong>fallaci</strong></span> 
     </span>
    </p>
   </div>
   <div class='ocr_carea' id='block_1_43' title="bbox 523 4249 2108 4322">
    <p class='ocr_par' dir='ltr' id='par_1_43' title="bbox 523 4249 2108 4322">
     <span class='ocr_line' id='line_1_43' title="bbox 523 4249 2108 4322; baseline 0.003 -16"><span class='ocrx_word' id='word_1_303' title='bbox 523 4251 842 4322; x_wconf 83' lang='lat' dir='ltr'><strong>loquacitate</strong></span> <span class='ocrx_word' id='word_1_304' title='bbox 881 4250 1097 4316; x_wconf 84' lang='lat' dir='ltr'><strong>vitares,</strong></span> <span class='ocrx_word' id='word_1_305' title='bbox 1141 4259 1198 4306; x_wconf 91' lang='lat' dir='ltr'><strong>et</strong></span> <span class='ocrx_word' id='word_1_306' title='bbox 1225 4249 1387 4306; x_wconf 84' lang='lat' dir='ltr'><strong>multa</strong></span> <span class='ocrx_word' id='word_1_307' title='bbox 1423 4249 1668 4316; x_wconf 65' lang='lat' dir='ltr'><strong>dicendo,</strong></span> <span class='ocrx_word' id='word_1_308' title='bbox 1713 4251 1838 4322; x_wconf 91' lang='lat' dir='ltr'><strong>quid</strong></span> <span class='ocrx_word' id='word_1_309' title='bbox 1881 4255 2108 4312; x_wconf 84' lang='lat' dir='ltr'><strong>tacueris</strong></span> 
     </span>
    </p>
   </div>
   <div class='ocr_carea' id='block_1_44' title="bbox 522 4333 2105 4412">
    <p class='ocr_par' dir='ltr' id='par_1_44' title="bbox 522 4333 2105 4412">
     <span class='ocr_line' id='line_1_44' title="bbox 522 4333 2105 4412; baseline 0.003 -16"><span class='ocrx_word' id='word_1_310' title='bbox 522 4333 798 4412; x_wconf 78' lang='lat' dir='ltr'><strong>aperires;</strong></span> <span class='ocrx_word' id='word_1_311' title='bbox 830 4341 1143 4410; x_wconf 77' lang='lat' dir='ltr'><strong>Apostolum</strong></span> <span class='ocrx_word' id='word_1_312' title='bbox 1185 4339 1278 4394; x_wconf 88' lang='lat' dir='ltr'><strong>tibi</strong></span> <span class='ocrx_word' id='word_1_313' title='bbox 1319 4340 1540 4411; x_wconf 87' lang='lat' dir='ltr'><strong>replico,</strong></span> <span class='ocrx_word' id='word_1_314' title='bbox 1583 4342 1713 4397; x_wconf 85' lang='lat' dir='ltr'><strong>velis</strong></span> <span class='ocrx_word' id='word_1_315' title='bbox 1745 4344 1900 4412; x_wconf 86' lang='lat' dir='ltr'><strong>nolis,</strong></span> <span class='ocrx_word' id='word_1_316' title='bbox 1933 4354 1987 4400; x_wconf 91' lang='lat' dir='ltr'><strong>et</strong></span> <span class='ocrx_word' id='word_1_317' title='bbox 2022 4346 2105 4401; x_wconf 89' lang='lat' dir='ltr'><strong>in-</strong></span> 
     </span>
    </p>
   </div>
   <div class='ocr_carea' id='block_1_45' title="bbox 521 4430 2106 4506">
    <p class='ocr_par' dir='ltr' id='par_1_45' title="bbox 521 4430 2106 4506">
     <span class='ocr_line' id='line_1_45' title="bbox 521 4430 2106 4506; baseline 0 -16"><span class='ocrx_word' id='word_1_318' title='bbox 521 4431 678 4490; x_wconf 88' lang='lat' dir='ltr'><strong>culco</strong></span> <span class='ocrx_word' id='word_1_319' title='bbox 709 4431 974 4488; x_wconf 86' lang='lat' dir='ltr'><strong>dicentem</strong></span> <span class='ocrx_word' id='word_1_320' title='bbox 1012 4431 1078 4486; x_wconf 92' lang='lat' dir='ltr'><strong>de</strong></span> <span class='ocrx_word' id='word_1_321' title='bbox 1106 4431 1216 4486; x_wconf 88' lang='lat' dir='ltr'><strong>Deo</strong></span> <span class='ocrx_word' id='word_1_322' title='bbox 1243 4430 1421 4498; x_wconf 81' lang='lat' dir='ltr'><strong>Patre,</strong></span> <span class='ocrx_word' id='word_1_323' title='bbox 1455 4433 1554 4498; x_wconf 80' lang='lat' dir='ltr'><strong>Qui</strong></span> <span class='ocrx_word' id='word_1_324' title='bbox 1583 4433 1720 4494; x_wconf 78' lang='lat' dir='ltr'><strong>eruit</strong></span> <span class='ocrx_word' id='word_1_325' title='bbox 1759 4451 1854 4489; x_wconf 77' lang='lat' dir='ltr'><strong>nos</strong></span> <span class='ocrx_word' id='word_1_326' title='bbox 1879 4435 1942 4489; x_wconf 85' lang='lat' dir='ltr'><strong>de</strong></span> <span class='ocrx_word' id='word_1_327' title='bbox 1967 4446 2106 4506; x_wconf 80' lang='lat' dir='ltr'><strong>pote-</strong></span> 
     </span>
    </p>
   </div>
   <div class='ocr_carea' id='block_1_46' title="bbox 411 4525 2107 4600">
    <p class='ocr_par' dir='ltr' id='par_1_46' title="bbox 411 4525 2107 4600">
     <span class='ocr_line' id='line_1_46' title="bbox 411 4525 2107 4600; baseline 0.001 -18"><span class='ocrx_word' id='word_1_328' title='bbox 411 4597 414 4600; x_wconf 17' lang='grc' dir='ltr'><strong>Α</strong></span> <span class='ocrx_word' id='word_1_329' title='bbox 519 4535 651 4582; x_wconf 71' lang='lat' dir='ltr'><strong>state</strong></span> <span class='ocrx_word' id='word_1_330' title='bbox 677 4525 1012 4593; x_wconf 80' lang='lat' dir='ltr'><strong>tenebrarum,</strong></span> <span class='ocrx_word' id='word_1_331' title='bbox 1044 4533 1092 4579; x_wconf 90' lang='lat' dir='ltr'><strong>et</strong></span> <span class='ocrx_word' id='word_1_332' title='bbox 1119 4525 1374 4580; x_wconf 80' lang='lat' dir='ltr'><strong>transtulit</strong></span> <span class='ocrx_word' id='word_1_333' title='bbox 1415 4525 1468 4579; x_wconf 89' lang='lat' dir='ltr'><strong>in</strong></span> <span class='ocrx_word' id='word_1_334' title='bbox 1497 4542 1708 4597; x_wconf 80' lang='lat' dir='ltr'><strong>regnum</strong></span> <span class='ocrx_word' id='word_1_335' title='bbox 1735 4526 1862 4582; x_wconf 82' lang='lat' dir='ltr'><strong>Filii</strong></span> <span class='ocrx_word' id='word_1_336' title='bbox 1883 4528 2107 4584; x_wconf 78' lang='lat' dir='ltr'><strong>charito-</strong></span> 
     </span>
    </p>
   </div>
   <div class='ocr_carea' id='block_1_47' title="bbox 523 4614 2101 4690">
    <p class='ocr_par' dir='ltr' id='par_1_47' title="bbox 523 4614 2101 4690">
     <span class='ocr_line' id='line_1_47' title="bbox 523 4614 2101 4690; baseline 0.005 -21"><span class='ocrx_word' id='word_1_337' title='bbox 523 4619 586 4672; x_wconf 75' lang='lat' dir='ltr'><strong>tis</strong></span> <span class='ocrx_word' id='word_1_338' title='bbox 627 4633 736 4670; x_wconf 70' lang='lat' dir='ltr'><strong>sua:</strong></span> <span class='ocrx_word' id='word_1_339' title='bbox 781 4614 1002 4687; x_wconf 76' lang='lat' dir='ltr'><strong>(Coloss.</strong></span> <span class='ocrx_word' id='word_1_340' title='bbox 1051 4631 1090 4684; x_wconf 85' lang='grc' dir='ltr'>ι,</span> <span class='ocrx_word' id='word_1_341' title='bbox 1137 4616 1247 4686; x_wconf 79' lang='grc'><strong>15).</strong></span> <span class='ocrx_word' id='word_1_342' title='bbox 1301 4616 1434 4672; x_wconf 84' lang='lat' dir='ltr'><strong>ilinc</strong></span> <span class='ocrx_word' id='word_1_343' title='bbox 1472 4619 1739 4687; x_wconf 87' lang='lat' dir='ltr'><strong>parvulos,</strong></span> <span class='ocrx_word' id='word_1_344' title='bbox 1781 4621 1825 4675; x_wconf 92' lang='lat' dir='ltr'><strong>si</strong></span> <span class='ocrx_word' id='word_1_345' title='bbox 1863 4623 2101 4690; x_wconf 84' lang='lat' dir='ltr'><strong>potestis,</strong></span> 
     </span>
    </p>
   </div>
   <div class='ocr_carea' id='block_1_48' title="bbox 521 4707 2102 4782">
    <p class='ocr_par' dir='ltr' id='par_1_48' title="bbox 521 4707 2102 4782">
     <span class='ocr_line' id='line_1_48' title="bbox 521 4707 2102 4782; baseline 0.003 -18"><span class='ocrx_word' id='word_1_346' title='bbox 521 4707 783 4776; x_wconf 75' lang='lat' dir='ltr'><strong>excipite;</strong></span> <span class='ocrx_word' id='word_1_347' title='bbox 821 4717 875 4762; x_wconf 91' lang='lat' dir='ltr'><strong>et</strong></span> <span class='ocrx_word' id='word_1_348' title='bbox 917 4707 1110 4764; x_wconf 88' lang='lat' dir='ltr'><strong>audete</strong></span> <span class='ocrx_word' id='word_1_349' title='bbox 1150 4707 1350 4776; x_wconf 86' lang='lat' dir='ltr'><strong>dicere,</strong></span> <span class='ocrx_word' id='word_1_350' title='bbox 1391 4723 1484 4764; x_wconf 88' lang='lat' dir='ltr'><strong>eos</strong></span> <span class='ocrx_word' id='word_1_351' title='bbox 1529 4709 1581 4763; x_wconf 90' lang='lat' dir='ltr'><strong>in</strong></span> <span class='ocrx_word' id='word_1_352' title='bbox 1626 4725 1848 4780; x_wconf 78' lang='lat' dir='ltr'><strong>regnum</strong></span> <span class='ocrx_word' id='word_1_353' title='bbox 1890 4711 2102 4782; x_wconf 89' lang='lat' dir='ltr'><strong>quidem</strong></span> 
     </span>
    </p>
   </div>
   <div class='ocr_carea' id='block_1_49' title="bbox 521 4799 2102 4871">
    <p class='ocr_par' dir='ltr' id='par_1_49' title="bbox 521 4799 2102 4871">
     <span class='ocr_line' id='line_1_49' title="bbox 521 4799 2102 4871; baseline 0.001 -15"><span class='ocrx_word' id='word_1_354' title='bbox 521 4799 715 4856; x_wconf 84' lang='lat' dir='ltr'><strong>Christi</strong></span> <span class='ocrx_word' id='word_1_355' title='bbox 757 4801 1156 4871; x_wconf 87' lang='lat' dir='ltr'><strong>regeneratione</strong></span> <span class='ocrx_word' id='word_1_356' title='bbox 1189 4801 1487 4868; x_wconf 87' lang='lat' dir='ltr'><strong>transferri,</strong></span> <span class='ocrx_word' id='word_1_357' title='bbox 1527 4801 1622 4856; x_wconf 92' lang='lat' dir='ltr'><strong>sed</strong></span> <span class='ocrx_word' id='word_1_358' title='bbox 1651 4802 1720 4858; x_wconf 89' lang='lat' dir='ltr'><strong>de</strong></span> <span class='ocrx_word' id='word_1_359' title='bbox 1769 4803 2102 4860; x_wconf 84' lang='lat' dir='ltr'><strong>tenebrarum</strong></span> 
     </span>
    </p>
   </div>
   <div class='ocr_carea' id='block_1_50' title="bbox 522 4893 2103 4962">
    <p class='ocr_par' dir='ltr' id='par_1_50' title="bbox 522 4893 2103 4962">
     <span class='ocr_line' id='line_1_50' title="bbox 522 4893 2103 4962; baseline 0.004 -16"><span class='ocrx_word' id='word_1_360' title='bbox 522 4901 786 4962; x_wconf 88' lang='lat' dir='ltr'><strong>potestate</strong></span> <span class='ocrx_word' id='word_1_361' title='bbox 815 4907 920 4946; x_wconf 93' lang='lat' dir='ltr'><strong>non</strong></span> <span class='ocrx_word' id='word_1_362' title='bbox 945 4893 1085 4948; x_wconf 87' lang='lat' dir='ltr'><strong>erui.</strong></span> <span class='ocrx_word' id='word_1_363' title='bbox 1119 4893 1490 4947; x_wconf 76' lang='lat' dir='ltr'><strong>Verumtamen</strong></span> <span class='ocrx_word' id='word_1_364' title='bbox 1523 4901 1702 4962; x_wconf 85' lang='lat' dir='ltr'><strong>parate</strong></span> <span class='ocrx_word' id='word_1_365' title='bbox 1719 4909 1834 4961; x_wconf 86' lang='lat' dir='ltr'><strong>vos,</strong></span> <span class='ocrx_word' id='word_1_366' title='bbox 1861 4896 1912 4950; x_wconf 92' lang='lat' dir='ltr'><strong>in</strong></span> <span class='ocrx_word' id='word_1_367' title='bbox 1943 4893 2103 4952; x_wconf 83' lang='lat' dir='ltr'><strong>facies</strong></span> 
     </span>
    </p>
   </div>
   <div class='ocr_carea' id='block_1_51' title="bbox 521 4981 2099 5054">
    <p class='ocr_par' dir='ltr' id='par_1_51' title="bbox 521 4981 2099 5054">
     <span class='ocr_line' id='line_1_51' title="bbox 521 4981 2099 5054; baseline 0.004 -20"><span class='ocrx_word' id='word_1_368' title='bbox 521 4994 729 5038; x_wconf 82' lang='lat' dir='ltr'><strong>vestras</strong></span> <span class='ocrx_word' id='word_1_369' title='bbox 773 4981 988 5037; x_wconf 90' lang='lat' dir='ltr'><strong>easdem</strong></span> <span class='ocrx_word' id='word_1_370' title='bbox 1041 4981 1434 5038; x_wconf 88' lang='lat' dir='ltr'><strong>exsufllationes</strong></span> <span class='ocrx_word' id='word_1_371' title='bbox 1479 4982 1788 5054; x_wconf 82' lang='lat' dir='ltr'><strong>dignissime</strong></span> <span class='ocrx_word' id='word_1_372' title='bbox 1831 4986 2099 5054; x_wconf 82' lang='lat' dir='ltr'><strong>excipere,</strong></span> 
     </span>
    </p>
   </div>
   <div class='ocr_carea' id='block_1_52' title="bbox 519 5074 2102 5146">
    <p class='ocr_par' dir='ltr' id='par_1_52' title="bbox 519 5074 2102 5146">
     <span class='ocr_line' id='line_1_52' title="bbox 519 5074 2102 5146; baseline 0.001 -16"><span class='ocrx_word' id='word_1_373' title='bbox 519 5091 640 5146; x_wconf 85' lang='lat' dir='ltr'><strong>quae</strong></span> <span class='ocrx_word' id='word_1_374' title='bbox 679 5077 733 5130; x_wconf 87' lang='lat' dir='ltr'><strong>in</strong></span> <span class='ocrx_word' id='word_1_375' title='bbox 764 5074 1002 5130; x_wconf 87' lang='lat' dir='ltr'><strong>Ecclesia</strong></span> <span class='ocrx_word' id='word_1_376' title='bbox 1031 5075 1230 5130; x_wconf 87' lang='lat' dir='ltr'><strong>Christi</strong></span> <span class='ocrx_word' id='word_1_377' title='bbox 1272 5083 1326 5130; x_wconf 90' lang='lat' dir='ltr'><strong>et</strong></span> <span class='ocrx_word' id='word_1_378' title='bbox 1361 5075 1651 5146; x_wconf 88' lang='lat' dir='ltr'><strong>majoribus</strong></span> <span class='ocrx_word' id='word_1_379' title='bbox 1691 5076 2010 5132; x_wconf 86' lang='lat' dir='ltr'><strong>adhibentur</strong></span> <span class='ocrx_word' id='word_1_380' title='bbox 2047 5088 2102 5134; x_wconf 89' lang='lat' dir='ltr'><strong>et</strong></span> 
     </span>
    </p>
   </div>
   <div class='ocr_carea' id='block_1_53' title="bbox 519 5166 2098 5240">
    <p class='ocr_par' dir='ltr' id='par_1_53' title="bbox 519 5166 2098 5240">
     <span class='ocr_line' id='line_1_53' title="bbox 519 5166 2098 5240; baseline 0.003 -20"><span class='ocrx_word' id='word_1_381' title='bbox 519 5167 770 5240; x_wconf 88' lang='lat' dir='ltr'><strong>parvulis.</strong></span> <span class='ocrx_word' id='word_1_382' title='bbox 807 5167 1026 5223; x_wconf 88' lang='lat' dir='ltr'><strong>Talibus</strong></span> <span class='ocrx_word' id='word_1_383' title='bbox 1067 5169 1264 5238; x_wconf 87' lang='lat' dir='ltr'><strong>quippe</strong></span> <span class='ocrx_word' id='word_1_384' title='bbox 1292 5166 1749 5223; x_wconf 86' lang='lat' dir='ltr'><strong>exsufﬂationibus</strong></span> <span class='ocrx_word' id='word_1_385' title='bbox 1783 5167 2098 5224; x_wconf 81' lang='lat' dir='ltr'><strong>exsufﬂandi</strong></span> 
     </span>
    </p>
   </div>
   <div class='ocr_carea' id='block_1_54' title="bbox 517 5257 2101 5330">
    <p class='ocr_par' dir='ltr' id='par_1_54' title="bbox 517 5257 2101 5330">
     <span class='ocr_line' id='line_1_54' title="bbox 517 5257 2101 5330; baseline 0.001 -16"><span class='ocrx_word' id='word_1_386' title='bbox 517 5260 680 5326; x_wconf 86' lang='lat' dir='ltr'><strong>estis,</strong></span> <span class='ocrx_word' id='word_1_387' title='bbox 733 5259 977 5330; x_wconf 89' lang='lat' dir='ltr'><strong>qualibus</strong></span> <span class='ocrx_word' id='word_1_388' title='bbox 1024 5257 1360 5329; x_wconf 83' lang='lat' dir='ltr'><strong>apertissime</strong></span> <span class='ocrx_word' id='word_1_389' title='bbox 1405 5271 1588 5314; x_wconf 81' lang='lat' dir='ltr'><strong>verum</strong></span> <span class='ocrx_word' id='word_1_390' title='bbox 1631 5271 1752 5313; x_wconf 85' lang='lat' dir='ltr'><strong>esse</strong></span> <span class='ocrx_word' id='word_1_391' title='bbox 1803 5259 2101 5316; x_wconf 87' lang='lat' dir='ltr'><strong>ostenditur</strong></span> 
     </span>
    </p>
   </div>
   <div class='ocr_carea' id='block_1_55' title="bbox 518 5351 912 5423">
    <p class='ocr_par' dir='ltr' id='par_1_55' title="bbox 518 5351 912 5423">
     <span class='ocr_line' id='line_1_55' title="bbox 518 5351 912 5423; baseline -0.008 -17"><span class='ocrx_word' id='word_1_392' title='bbox 518 5351 659 5423; x_wconf 84' lang='lat' dir='ltr'><strong>quod</strong></span> <span class='ocrx_word' id='word_1_393' title='bbox 687 5351 912 5421; x_wconf 79' lang='lat' dir='ltr'><strong>negatis.</strong></span> 
     </span>
    </p>
   </div>
   <div class='ocr_carea' id='block_1_56' title="bbox 581 5539 2097 5608">
    <p class='ocr_par' dir='ltr' id='par_1_56' title="bbox 581 5539 2097 5608">
     <span class='ocr_line' id='line_1_56' title="bbox 581 5539 2097 5608; baseline 0.003 -18"><span class='ocrx_word' id='word_1_394' title='bbox 581 5544 600 5576; x_wconf 81' lang='grc' dir='ltr'><strong>ι</strong></span> <span class='ocrx_word' id='word_1_395' title='bbox 638 5542 937 5608; x_wconf 81' lang='lat' dir='ltr'><strong>vignierlus,</strong></span> <span class='ocrx_word' id='word_1_396' title='bbox 959 5539 1110 5608; x_wconf 66' lang='lat' dir='ltr'><strong>ethoc</strong></span> <span class='ocrx_word' id='word_1_397' title='bbox 1130 5539 1635 5608; x_wconf 67' lang='lat' dir='ltr'><strong>alite_strper-iorcs_._t-:x</strong></span> <span class='ocrx_word' id='word_1_398' title='bbox 1659 5547 1784 5592; x_wconf 73' lang='lat' dir='ltr'><strong>Fort.</strong></span> <span class='ocrx_word' id='word_1_399' title='bbox 1820 5543 2097 5608; x_wconf 81' lang='lat' dir='ltr'><strong>adjecimus,</strong></span> 
     </span>
    </p>
   </div>
   <div class='ocr_carea' id='block_1_57' title="bbox 517 5602 2098 5678">
    <p class='ocr_par' dir='ltr' id='par_1_57' title="bbox 517 5602 2098 5678">
     <span class='ocr_line' id='line_1_57' title="bbox 517 5602 2098 5678; baseline 0.001 -22"><span class='ocrx_word' id='word_1_400' title='bbox 517 5617 644 5678; x_wconf 68' lang='lat' dir='ltr'><strong>cum,</strong></span> <span class='ocrx_word' id='word_1_401' title='bbox 658 5602 751 5678; x_wconf 69' lang='lat' dir='ltr'><strong>nec</strong></span> <span class='ocrx_word' id='word_1_402' title='bbox 773 5602 948 5678; x_wconf 44' lang='lat' dir='ltr'><strong>no‘n‘e&#39;x</strong></span> <span class='ocrx_word' id='word_1_403' title='bbox 967 5603 1142 5654; x_wconf 88' lang='lat' dir='ltr'><strong>eodem</strong></span> <span class='ocrx_word' id='word_1_404' title='bbox 1158 5602 1328 5654; x_wconf 79' lang='lat' dir='ltr'><strong>codice</strong></span> <span class='ocrx_word' id='word_1_405' title='bbox 1342 5611 1392 5653; x_wconf 92' lang='lat' dir='ltr'><strong>et</strong></span> <span class='ocrx_word' id='word_1_406' title='bbox 1406 5616 1469 5652; x_wconf 80' lang='lat' dir='ltr'><strong>ex</strong></span> <span class='ocrx_word' id='word_1_407' title='bbox 1489 5602 1595 5652; x_wconf 83' lang='lat' dir='ltr'><strong>aliis</strong></span> <span class='ocrx_word' id='word_1_408' title='bbox 1615 5602 1965 5668; x_wconf 73' lang='lat' dir='ltr'><strong>manuscriptis,</strong></span> <span class='ocrx_word' id='word_1_409' title='bbox 1981 5602 2098 5670; x_wconf 69' lang='lat' dir='ltr'><strong>quos</strong></span> 
     </span>
    </p>
   </div>
   <div class='ocr_carea' id='block_1_58' title="bbox 517 5665 1449 5798">
    <p class='ocr_par' dir='ltr' id='par_1_58' title="bbox 517 5665 1449 5798">
     <span class='ocr_line' id='line_1_58' title="bbox 517 5665 1432 5740; baseline 0.017 -22"><span class='ocrx_word' id='word_1_410' title='bbox 517 5667 644 5730; x_wconf 76' lang='lat' dir='ltr'><strong>legat</strong></span> <span class='ocrx_word' id='word_1_411' title='bbox 664 5665 906 5740; x_wconf 52' lang='lat' dir='ltr'><strong>quivolei.</strong></span> <span class='ocrx_word' id='word_1_412' title='bbox 1421 5724 1432 5734; x_wconf 93' lang='lat'><strong>.</strong></span> 
     </span>
     <span class='ocr_line' id='line_1_59' title="bbox 583 5725 1449 5798; baseline 0.02 -25"><span class='ocrx_word' id='word_1_413' title='bbox 583 5731 605 5798; x_wconf 66' lang='grc' dir='ltr'><em>ξ</em></span> <span class='ocrx_word' id='word_1_414' title='bbox 636 5730 1009 5798; x_wconf 38' lang='lat' dir='ltr'><strong>ttgntertustgt.</strong></span> <span class='ocrx_word' id='word_1_415' title='bbox 1032 5725 1192 5798; x_wconf 64' lang='grc' dir='ltr'><strong>εοᾶᾳκ</strong></span> <span class='ocrx_word' id='word_1_416' title='bbox 1217 5733 1363 5798; x_wconf 70' lang='grc' dir='ltr'><strong>ι’ρτῑοι</strong></span> <span class='ocrx_word' id='word_1_417' title='bbox 1387 5739 1449 5777; x_wconf 68' lang='grc' dir='ltr'><strong>α·</strong></span> 
     </span>
    </p>
   </div>
   <div class='ocr_carea' id='block_1_59' title="bbox 581 5786 1274 5850">
    <p class='ocr_par' dir='ltr' id='par_1_59' title="bbox 581 5786 1274 5850">
     <span class='ocr_line' id='line_1_60' title="bbox 581 5786 1274 5850; baseline 0 -14"><span class='ocrx_word' id='word_1_418' title='bbox 581 5786 603 5816; x_wconf 82' lang='grc'>³</span> <span class='ocrx_word' id='word_1_419' title='bbox 631 5786 831 5850; x_wconf 60' lang='lat' dir='ltr'><strong>sic&#39;atss.</strong></span> <span class='ocrx_word' id='word_1_420' title='bbox 861 5795 911 5850; x_wconf 83' lang='lat' dir='ltr'><strong>In</strong></span> <span class='ocrx_word' id='word_1_421' title='bbox 931 5789 1088 5850; x_wconf 79' lang='lat' dir='ltr'><strong>vign.,</strong></span> <span class='ocrx_word' id='word_1_422' title='bbox 1105 5787 1274 5839; x_wconf 78' lang='lat' dir='ltr'><strong>vincet.</strong></span> 
     </span>
    </p>
   </div>
   <div class='ocr_carea' id='block_1_60' title="bbox 579 5849 1795 5914">
    <p class='ocr_par' dir='ltr' id='par_1_60' title="bbox 579 5849 1795 5914">
     <span class='ocr_line' id='line_1_61' title="bbox 579 5849 1795 5914; baseline 0.006 -17"><span class='ocrx_word' id='word_1_423' title='bbox 579 5849 652 5909; x_wconf 67' lang='lat' dir='ltr'><strong>tu)</strong></span> <span class='ocrx_word' id='word_1_424' title='bbox 683 5849 780 5898; x_wconf 80' lang='lat' dir='ltr'><strong>Lib.</strong></span> <span class='ocrx_word' id='word_1_425' title='bbox 807 5849 828 5898; x_wconf 81' lang='grc'><strong>1</strong></span> <span class='ocrx_word' id='word_1_426' title='bbox 855 5849 918 5899; x_wconf 88' lang='lat' dir='ltr'><strong>de</strong></span> <span class='ocrx_word' id='word_1_427' title='bbox 941 5849 1123 5912; x_wconf 67' lang='lat' dir='ltr'><strong>Nuptiis</strong></span> <span class='ocrx_word' id='word_1_428' title='bbox 1143 5857 1193 5909; x_wconf 58' lang='lat' dir='ltr'><strong>ea</strong></span> <span class='ocrx_word' id='word_1_429' title='bbox 1212 5857 1384 5914; x_wconf 68' lang='grc' dir='ltr'><strong>(Ξοιιιιιιι</strong></span> <span class='ocrx_word' id='word_1_430' title='bbox 1399 5851 1620 5914; x_wconf 71' lang='lat' dir='ltr'><strong>iacentia,</strong></span> <span class='ocrx_word' id='word_1_431' title='bbox 1651 5867 1698 5902; x_wconf 81' lang='grc' dir='ltr'>ιι.</span> <span class='ocrx_word' id='word_1_432' title='bbox 1719 5851 1795 5904; x_wconf 75' lang='lat'><strong>26.</strong></span> 
     </span>
    </p>
   </div>
   <div class='ocr_carea' id='block_1_61' title="bbox 1197 405 3069 484">
    <p class='ocr_par' dir='ltr' id='par_1_61' title="bbox 1197 405 3069 484">
     <span class='ocr_line' id='line_1_62' title="bbox 1197 405 3069 484; baseline -0.004 -4"><span class='ocrx_word' id='word_1_433' title='bbox 1197 423 1433 480; x_wconf 73' lang='lat' dir='ltr'><strong>OPEIHS</strong></span> <span class='ocrx_word' id='word_1_434' title='bbox 1461 419 1866 478; x_wconf 73' lang='lat' dir='ltr'><strong>IMPERFECTI</strong></span> <span class='ocrx_word' id='word_1_435' title='bbox 1903 415 2174 474; x_wconf 55' lang='lat' dir='ltr'><strong>CONTRA</strong></span> <span class='ocrx_word' id='word_1_436' title='bbox 2213 405 2570 484; x_wconf 70' lang='lat' dir='ltr'><strong>3ULIANUM,</strong></span> <span class='ocrx_word' id='word_1_437' title='bbox 2607 415 2665 474; x_wconf 88' lang='lat' dir='ltr'><strong>S.</strong></span> <span class='ocrx_word' id='word_1_438' title='bbox 2705 413 3069 474; x_wconf 77' lang='lat' dir='ltr'><strong>AUGUSTINI</strong></span> 
     </span>
    </p>
   </div>
   <div class='ocr_carea' id='block_1_62' title="bbox 3647 415 3778 474">
    <p class='ocr_par' dir='ltr' id='par_1_62' title="bbox 3647 415 3778 474">
     <span class='ocr_line' id='line_1_63' title="bbox 3647 415 3778 474; baseline 0 -1"><span class='ocrx_word' id='word_1_439' title='bbox 3647 415 3778 474; x_wconf 65' lang='grc'><strong>1521</strong></span> 
     </span>
    </p>
   </div>
   <div class='ocr_carea' id='block_1_63' title="bbox 2278 528 3786 602">
    <p class='ocr_par' dir='ltr' id='par_1_63' title="bbox 2278 528 3786 602">
     <span class='ocr_line' id='line_1_64' title="bbox 2278 528 3786 602; baseline 0.002 -17"><span class='ocrx_word' id='word_1_440' title='bbox 2278 529 2598 586; x_wconf 80' lang='lat' dir='ltr'><strong>CLXXXIII.</strong></span> <span class='ocrx_word' id='word_1_441' title='bbox 2641 530 2756 586; x_wconf 65' lang='lat' dir='ltr'><strong>Jun.</strong></span> <span class='ocrx_word' id='word_1_442' title='bbox 2795 530 2912 587; x_wconf 86' lang='lat' dir='ltr'><strong>Jam</strong></span> <span class='ocrx_word' id='word_1_443' title='bbox 2941 545 3068 586; x_wconf 83' lang='lat' dir='ltr'><strong>vero</strong></span> <span class='ocrx_word' id='word_1_444' title='bbox 3094 528 3224 585; x_wconf 90' lang='lat' dir='ltr'><strong>illud</strong></span> <span class='ocrx_word' id='word_1_445' title='bbox 3243 536 3409 596; x_wconf 82' lang='lat' dir='ltr'><strong>tuum,</strong></span> <span class='ocrx_word' id='word_1_446' title='bbox 3436 531 3580 602; x_wconf 86' lang='lat' dir='ltr'><strong>quod</strong></span> <span class='ocrx_word' id='word_1_447' title='bbox 3607 533 3786 602; x_wconf 84' lang='lat' dir='ltr'><strong>priore</strong></span> 
     </span>
    </p>
   </div>
   <div class='ocr_carea' id='block_1_64' title="bbox 2206 619 3786 694">
    <p class='ocr_par' dir='ltr' id='par_1_64' title="bbox 2206 619 3786 694">
     <span class='ocr_line' id='line_1_65' title="bbox 2206 619 3786 694; baseline 0 -18"><span class='ocrx_word' id='word_1_448' title='bbox 2206 635 2368 690; x_wconf 77' lang='lat' dir='ltr'><strong>Opere</strong></span> <span class='ocrx_word' id='word_1_449' title='bbox 2394 620 2640 676; x_wconf 88' lang='lat' dir='ltr'><strong>ventilavi</strong></span> <span class='ocrx_word' id='word_1_450' title='bbox 2668 619 2857 694; x_wconf 76' lang='lat' dir='ltr'><strong>(Opere</strong></span> <span class='ocrx_word' id='word_1_451' title='bbox 2873 621 3059 692; x_wconf 72' lang='lat' dir='ltr'><strong>scripto</strong></span> <span class='ocrx_word' id='word_1_452' title='bbox 3081 621 3148 674; x_wconf 83' lang='lat' dir='ltr'><strong>ad</strong></span> <span class='ocrx_word' id='word_1_453' title='bbox 3175 619 3550 694; x_wconf 75' lang='lat' dir='ltr'><strong>Turbantiunr),</strong></span> <span class='ocrx_word' id='word_1_454' title='bbox 3581 621 3672 676; x_wconf 88' lang='lat' dir='ltr'><strong>ubi</strong></span> <span class='ocrx_word' id='word_1_455' title='bbox 3703 621 3786 676; x_wconf 75' lang='lat' dir='ltr'><strong>di-</strong></span> 
     </span>
    </p>
   </div>
   <div class='ocr_carea' id='block_1_65' title="bbox 2207 711 3790 782">
    <p class='ocr_par' dir='ltr' id='par_1_65' title="bbox 2207 711 3790 782">
     <span class='ocr_line' id='line_1_66' title="bbox 2207 711 3790 782; baseline 0.001 -16"><span class='ocrx_word' id='word_1_456' title='bbox 2207 713 2307 777; x_wconf 85' lang='lat' dir='ltr'><strong>cis,</strong></span> <span class='ocrx_word' id='word_1_457' title='bbox 2338 731 2358 764; x_wconf 77' lang='grc' dir='ltr'><strong>ι</strong></span> <span class='ocrx_word' id='word_1_458' title='bbox 2393 712 2690 782; x_wconf 83' lang='lat' dir='ltr'><strong>Aliquando</strong></span> <span class='ocrx_word' id='word_1_459' title='bbox 2725 727 2827 766; x_wconf 88' lang='lat' dir='ltr'><strong>non</strong></span> <span class='ocrx_word' id='word_1_460' title='bbox 2857 712 2984 767; x_wconf 89' lang='lat' dir='ltr'><strong>facit</strong></span> <span class='ocrx_word' id='word_1_461' title='bbox 3010 712 3170 768; x_wconf 89' lang='lat' dir='ltr'><strong>libido</strong></span> <span class='ocrx_word' id='word_1_462' title='bbox 3195 711 3373 767; x_wconf 87' lang='lat' dir='ltr'><strong>animo</strong></span> <span class='ocrx_word' id='word_1_463' title='bbox 3401 713 3638 780; x_wconf 87' lang='lat' dir='ltr'><strong>volente,</strong></span> <span class='ocrx_word' id='word_1_464' title='bbox 3665 729 3790 768; x_wconf 88' lang='lat' dir='ltr'><strong>cum</strong></span> 
     </span>
    </p>
   </div>
   <div class='ocr_carea' id='block_1_66' title="bbox 2207 799 3794 874">
    <p class='ocr_par' dir='ltr' id='par_1_66' title="bbox 2207 799 3794 874">
     <span class='ocr_line' id='line_1_67' title="bbox 2207 799 3794 874; baseline 0.001 -20"><span class='ocrx_word' id='word_1_465' title='bbox 2207 800 2491 871; x_wconf 86' lang='lat' dir='ltr'><strong>aliquando</strong></span> <span class='ocrx_word' id='word_1_466' title='bbox 2507 800 2662 856; x_wconf 89' lang='lat' dir='ltr'><strong>faciat</strong></span> <span class='ocrx_word' id='word_1_467' title='bbox 2675 811 2728 856; x_wconf 89' lang='lat' dir='ltr'><strong>ct</strong></span> <span class='ocrx_word' id='word_1_468' title='bbox 2747 801 2959 857; x_wconf 89' lang='lat' dir='ltr'><strong>nolente</strong></span> <span class='ocrx_word' id='word_1_469' title='bbox 2979 820 2998 854; x_wconf 78' lang='grc' dir='ltr'><strong>ι</strong></span> <span class='ocrx_word' id='word_1_470' title='bbox 3027 801 3129 872; x_wconf 85' lang='lat' dir='ltr'><strong>(De</strong></span> <span class='ocrx_word' id='word_1_471' title='bbox 3142 799 3350 872; x_wconf 72' lang='lat' dir='ltr'><strong>Nuptiis</strong></span> <span class='ocrx_word' id='word_1_472' title='bbox 3361 813 3404 856; x_wconf 85' lang='lat' dir='ltr'><strong>et</strong></span> <span class='ocrx_word' id='word_1_473' title='bbox 3417 801 3794 874; x_wconf 63' lang='lat' dir='ltr'><strong>Concupisccno</strong></span> 
     </span>
    </p>
   </div>
   <div class='ocr_carea' id='block_1_67' title="bbox 2209 890 3794 963">
    <p class='ocr_par' dir='ltr' id='par_1_67' title="bbox 2209 890 3794 963">
     <span class='ocr_line' id='line_1_68' title="bbox 2209 890 3794 963; baseline 0.003 -19"><span class='ocrx_word' id='word_1_474' title='bbox 2209 892 2300 958; x_wconf 89' lang='lat' dir='ltr'><strong>tia,</strong></span> <span class='ocrx_word' id='word_1_475' title='bbox 2349 892 2438 946; x_wconf 89' lang='lat' dir='ltr'><strong>lib.</strong></span> <span class='ocrx_word' id='word_1_476' title='bbox 2489 891 2540 957; x_wconf 83' lang='lat' dir='ltr'><strong>l,</strong></span> <span class='ocrx_word' id='word_1_477' title='bbox 2583 908 2636 944; x_wconf 85' lang='grc' dir='ltr'><strong>η.</strong></span> <span class='ocrx_word' id='word_1_478' title='bbox 2667 890 2746 960; x_wconf 83' lang='lat'><strong>7),</strong></span> <span class='ocrx_word' id='word_1_479' title='bbox 2786 901 2942 961; x_wconf 89' lang='lat' dir='ltr'><strong>atque</strong></span> <span class='ocrx_word' id='word_1_480' title='bbox 2983 891 3121 947; x_wconf 86' lang='lat' dir='ltr'><strong>hanc</strong></span> <span class='ocrx_word' id='word_1_481' title='bbox 3161 891 3278 962; x_wconf 88' lang='lat' dir='ltr'><strong>ejus</strong></span> <span class='ocrx_word' id='word_1_482' title='bbox 3315 893 3644 961; x_wconf 82' lang='lat' dir='ltr'><strong>superbiam,</strong></span> <span class='ocrx_word' id='word_1_483' title='bbox 3686 908 3794 963; x_wconf 77' lang='lat' dir='ltr'><strong>qua</strong></span> 
     </span>
    </p>
   </div>
   <div class='ocr_carea' id='block_1_68' title="bbox 2193 983 3792 1047">
    <p class='ocr_par' dir='ltr' id='par_1_68' title="bbox 2193 983 3792 1047">
     <span class='ocr_line' id='line_1_69' title="bbox 2193 983 3792 1047; baseline 0 -9"><span class='ocrx_word' id='word_1_484' title='bbox 2193 983 2420 1038; x_wconf 74' lang='lat' dir='ltr'><strong>nolente</strong></span> <span class='ocrx_word' id='word_1_485' title='bbox 2443 983 2622 1036; x_wconf 91' lang='lat' dir='ltr'><strong>animo</strong></span> <span class='ocrx_word' id='word_1_486' title='bbox 2654 991 3037 1043; x_wconf 85' lang='lat' dir='ltr'><strong>commovetur,</strong></span> <span class='ocrx_word' id='word_1_487' title='bbox 3069 996 3326 1037; x_wconf 87' lang='lat' dir='ltr'><strong>accusas:</strong></span> <span class='ocrx_word' id='word_1_488' title='bbox 3355 983 3656 1047; x_wconf 66' lang='lat' dir='ltr'><strong>Manichaai,</strong></span> <span class='ocrx_word' id='word_1_489' title='bbox 3689 999 3792 1038; x_wconf 75' lang='lat' dir='ltr'><strong>nos</strong></span> 
     </span>
    </p>
   </div>
   <div class='ocr_carea' id='block_1_69' title="bbox 2207 1073 3798 1144">
    <p class='ocr_par' dir='ltr' id='par_1_69' title="bbox 2207 1073 3798 1144">
     <span class='ocr_line' id='line_1_70' title="bbox 2207 1073 3798 1144; baseline 0 -16"><span class='ocrx_word' id='word_1_490' title='bbox 2207 1074 2378 1128; x_wconf 89' lang='lat' dir='ltr'><strong>solum</strong></span> <span class='ocrx_word' id='word_1_491' title='bbox 2422 1074 2683 1140; x_wconf 89' lang='lat' dir='ltr'><strong>sensibus,</strong></span> <span class='ocrx_word' id='word_1_492' title='bbox 2719 1073 2811 1128; x_wconf 90' lang='lat' dir='ltr'><strong>sed</strong></span> <span class='ocrx_word' id='word_1_493' title='bbox 2857 1073 3014 1128; x_wconf 89' lang='lat' dir='ltr'><strong>etiam</strong></span> <span class='ocrx_word' id='word_1_494' title='bbox 3061 1073 3284 1144; x_wconf 86' lang='lat' dir='ltr'><strong>eloquiis</strong></span> <span class='ocrx_word' id='word_1_495' title='bbox 3325 1073 3652 1144; x_wconf 87' lang='lat' dir='ltr'><strong>explicatum</strong></span> <span class='ocrx_word' id='word_1_496' title='bbox 3689 1087 3798 1128; x_wconf 82' lang='lat' dir='ltr'><strong>est.</strong></span> 
     </span>
    </p>
   </div>
   <div class='ocr_carea' id='block_1_70' title="bbox 2207 1163 3804 1233">
    <p class='ocr_par' dir='ltr' id='par_1_70' title="bbox 2207 1163 3804 1233">
     <span class='ocr_line' id='line_1_71' title="bbox 2207 1163 3804 1233; baseline 0.001 -16"><span class='ocrx_word' id='word_1_497' title='bbox 2207 1163 2339 1218; x_wconf 83' lang='lat' dir='ltr'><strong>Nam</strong></span> <span class='ocrx_word' id='word_1_498' title='bbox 2384 1180 2505 1218; x_wconf 90' lang='lat' dir='ltr'><strong>cum</strong></span> <span class='ocrx_word' id='word_1_499' title='bbox 2543 1179 2642 1218; x_wconf 88' lang='lat' dir='ltr'><strong>nos</strong></span> <span class='ocrx_word' id='word_1_500' title='bbox 2683 1164 2961 1233; x_wconf 82' lang='lat' dir='ltr'><strong>arguisset,</strong></span> <span class='ocrx_word' id='word_1_501' title='bbox 2990 1164 3112 1232; x_wconf 84' lang='lat' dir='ltr'><strong>quia</strong></span> <span class='ocrx_word' id='word_1_502' title='bbox 3137 1163 3434 1218; x_wconf 84' lang='lat' dir='ltr'><strong>diceremus</strong></span> <span class='ocrx_word' id='word_1_503' title='bbox 3459 1178 3490 1217; x_wconf 89' lang='lat' dir='ltr'><strong>a</strong></span> <span class='ocrx_word' id='word_1_504' title='bbox 3531 1165 3648 1218; x_wconf 86' lang='lat' dir='ltr'><strong>Deo</strong></span> <span class='ocrx_word' id='word_1_505' title='bbox 3683 1163 3804 1218; x_wconf 79' lang='lat' dir='ltr'><strong>ﬁeri</strong></span> 
     </span>
    </p>
   </div>
   <div class='ocr_carea' id='block_1_71' title="bbox 2208 1252 3806 1324">
    <p class='ocr_par' dir='ltr' id='par_1_71' title="bbox 2208 1252 3806 1324">
     <span class='ocr_line' id='line_1_72' title="bbox 2208 1252 3806 1324; baseline 0.002 -19"><span class='ocrx_word' id='word_1_506' title='bbox 2208 1252 2472 1318; x_wconf 90' lang='lat' dir='ltr'><strong>homines,</strong></span> <span class='ocrx_word' id='word_1_507' title='bbox 2504 1268 2636 1323; x_wconf 94' lang='lat' dir='ltr'><strong>quos</strong></span> <span class='ocrx_word' id='word_1_508' title='bbox 2661 1253 2909 1306; x_wconf 91' lang='lat' dir='ltr'><strong>seminari</strong></span> <span class='ocrx_word' id='word_1_509' title='bbox 2937 1253 3228 1309; x_wconf 87' lang='lat' dir='ltr'><strong>fateremur</strong></span> <span class='ocrx_word' id='word_1_510' title='bbox 3248 1270 3342 1324; x_wconf 87' lang='lat' dir='ltr'><strong>per</strong></span> <span class='ocrx_word' id='word_1_511' title='bbox 3361 1255 3672 1310; x_wconf 86' lang='lat' dir='ltr'><strong>coeuntium</strong></span> <span class='ocrx_word' id='word_1_512' title='bbox 3701 1271 3806 1308; x_wconf 79' lang='lat' dir='ltr'><strong>vo~</strong></span> 
     </span>
    </p>
   </div>
   <div class='ocr_carea' id='block_1_72' title="bbox 2207 1343 3808 1415">
    <p class='ocr_par' dir='ltr' id='par_1_72' title="bbox 2207 1343 3808 1415">
     <span class='ocr_line' id='line_1_73' title="bbox 2207 1343 3808 1415; baseline 0.001 -17"><span class='ocrx_word' id='word_1_513' title='bbox 2207 1343 2506 1413; x_wconf 82' lang='lat' dir='ltr'><strong>Iuptatem&#39;:</strong></span> <span class='ocrx_word' id='word_1_514' title='bbox 2541 1363 2559 1395; x_wconf 84' lang='grc' dir='ltr'><strong>ι</strong></span> <span class='ocrx_word' id='word_1_515' title='bbox 2593 1343 2766 1411; x_wconf 90' lang='lat' dir='ltr'><strong>Stulti,</strong></span> <span class='ocrx_word' id='word_1_516' title='bbox 2802 1363 2822 1396; x_wconf 74' lang='grc' dir='ltr'><strong>ι</strong></span> <span class='ocrx_word' id='word_1_517' title='bbox 2849 1345 3036 1415; x_wconf 91' lang='lat' dir='ltr'><strong>inquit,</strong></span> <span class='ocrx_word' id='word_1_518' title='bbox 3065 1364 3084 1397; x_wconf 82' lang='grc' dir='ltr'><strong>ι</strong></span> <span class='ocrx_word' id='word_1_519' title='bbox 3115 1361 3144 1398; x_wconf 89' lang='lat' dir='ltr'><strong>a</strong></span> <span class='ocrx_word' id='word_1_520' title='bbox 3173 1345 3284 1400; x_wconf 78' lang='lat' dir='ltr'><strong>Deo</strong></span> <span class='ocrx_word' id='word_1_521' title='bbox 3309 1346 3490 1400; x_wconf 87' lang='lat' dir='ltr'><strong>dicunt</strong></span> <span class='ocrx_word' id='word_1_522' title='bbox 3515 1361 3642 1402; x_wconf 87' lang='lat' dir='ltr'><strong>esse</strong></span> <span class='ocrx_word' id='word_1_523' title='bbox 3665 1363 3808 1402; x_wconf 78' lang='lat' dir='ltr'><strong>con-</strong></span> 
     </span>
    </p>
   </div>
   <div class='ocr_carea' id='block_1_73' title="bbox 2207 1432 3808 1507">
    <p class='ocr_par' dir='ltr' id='par_1_73' title="bbox 2207 1432 3808 1507">
     <span class='ocr_line' id='line_1_74' title="bbox 2207 1432 3808 1507; baseline 0.003 -20"><span class='ocrx_word' id='word_1_524' title='bbox 2207 1432 2397 1500; x_wconf 90' lang='lat' dir='ltr'><strong>ditum,</strong></span> <span class='ocrx_word' id='word_1_525' title='bbox 2427 1433 2568 1503; x_wconf 88' lang='lat' dir='ltr'><strong>quod</strong></span> <span class='ocrx_word' id='word_1_526' title='bbox 2609 1436 2736 1488; x_wconf 87' lang='lat' dir='ltr'><strong>certi</strong></span> <span class='ocrx_word' id='word_1_527' title='bbox 2767 1443 2890 1489; x_wconf 88' lang='lat' dir='ltr'><strong>sunt</strong></span> <span class='ocrx_word' id='word_1_528' title='bbox 2915 1449 2948 1489; x_wconf 91' lang='lat' dir='ltr'><strong>a</strong></span> <span class='ocrx_word' id='word_1_529' title='bbox 2989 1434 3416 1505; x_wconf 87' lang='lat' dir='ltr'><strong>concupiscentia</strong></span> <span class='ocrx_word' id='word_1_530' title='bbox 3459 1435 3632 1507; x_wconf 84' lang='lat' dir='ltr'><strong>gigni,</strong></span> <span class='ocrx_word' id='word_1_531' title='bbox 3673 1451 3808 1492; x_wconf 74' lang='lat' dir='ltr'><strong>cum</strong></span> 
     </span>
    </p>
   </div>
   <div class='ocr_carea' id='block_1_74' title="bbox 2209 1523 2920 1578">
    <p class='ocr_par' dir='ltr' id='par_1_74' title="bbox 2209 1523 2920 1578">
     <span class='ocr_line' id='line_1_75' title="bbox 2209 1523 2920 1578; baseline 0.001 -3"><span class='ocrx_word' id='word_1_532' title='bbox 2209 1523 2386 1576; x_wconf 78' lang='lat' dir='ltr'><strong>animo</strong></span> <span class='ocrx_word' id='word_1_533' title='bbox 2414 1523 2627 1578; x_wconf 86' lang='lat' dir='ltr'><strong>nolente</strong></span> <span class='ocrx_word' id='word_1_534' title='bbox 2655 1531 2866 1578; x_wconf 83' lang='lat' dir='ltr'><strong>coco-nt.</strong></span> <span class='ocrx_word' id='word_1_535' title='bbox 2900 1541 2920 1576; x_wconf 76' lang='grc' dir='ltr'><strong>ι</strong></span> 
     </span>
    </p>
   </div>
   <div class='ocr_carea' id='block_1_75' title="bbox 2279 1611 3812 1682">
    <p class='ocr_par' dir='ltr' id='par_1_75' title="bbox 2279 1611 3812 1682">
     <span class='ocr_line' id='line_1_76' title="bbox 2279 1611 3812 1682; baseline 0.003 -18"><span class='ocrx_word' id='word_1_536' title='bbox 2279 1612 2414 1666; x_wconf 86' lang='lat' dir='ltr'><strong>Anc.</strong></span> <span class='ocrx_word' id='word_1_537' title='bbox 2453 1611 2558 1666; x_wconf 91' lang='lat' dir='ltr'><strong>Sed</strong></span> <span class='ocrx_word' id='word_1_538' title='bbox 2595 1611 2916 1668; x_wconf 72' lang='lat' dir='ltr'><strong>Manicbtcus</strong></span> <span class='ocrx_word' id='word_1_539' title='bbox 2941 1627 3043 1666; x_wconf 91' lang='lat' dir='ltr'><strong>non</strong></span> <span class='ocrx_word' id='word_1_540' title='bbox 3075 1612 3354 1682; x_wconf 76' lang='lat' dir='ltr'><strong>intelligit,</strong></span> <span class='ocrx_word' id='word_1_541' title='bbox 3396 1614 3556 1668; x_wconf 86' lang='lat' dir='ltr'><strong>etiam</strong></span> <span class='ocrx_word' id='word_1_542' title='bbox 3597 1613 3668 1670; x_wconf 88' lang='lat' dir='ltr'><strong>de</strong></span> <span class='ocrx_word' id='word_1_543' title='bbox 3709 1615 3812 1669; x_wconf 85' lang='lat' dir='ltr'><strong>bo-</strong></span> 
     </span>
    </p>
   </div>
   <div class='ocr_carea' id='block_1_76' title="bbox 2213 1703 3814 1774">
    <p class='ocr_par' dir='ltr' id='par_1_76' title="bbox 2213 1703 3814 1774">
     <span class='ocr_line' id='line_1_77' title="bbox 2213 1703 3814 1774; baseline 0.002 -18"><span class='ocrx_word' id='word_1_544' title='bbox 2213 1703 2374 1757; x_wconf 86' lang='lat' dir='ltr'><strong>minis</strong></span> <span class='ocrx_word' id='word_1_545' title='bbox 2403 1704 2543 1758; x_wconf 89' lang='lat' dir='ltr'><strong>malo</strong></span> <span class='ocrx_word' id='word_1_546' title='bbox 2569 1719 2726 1774; x_wconf 90' lang='lat' dir='ltr'><strong>posse</strong></span> <span class='ocrx_word' id='word_1_547' title='bbox 2767 1705 2930 1759; x_wconf 85' lang='lat' dir='ltr'><strong>Deum</strong></span> <span class='ocrx_word' id='word_1_548' title='bbox 2970 1719 3153 1760; x_wconf 89' lang='lat' dir='ltr'><strong>creare</strong></span> <span class='ocrx_word' id='word_1_549' title='bbox 3191 1705 3332 1774; x_wconf 89' lang='lat' dir='ltr'><strong>quod</strong></span> <span class='ocrx_word' id='word_1_550' title='bbox 3363 1704 3566 1760; x_wconf 86' lang='lat' dir='ltr'><strong>bonum</strong></span> <span class='ocrx_word' id='word_1_551' title='bbox 3607 1715 3716 1770; x_wconf 83' lang='lat' dir='ltr'><strong>est,</strong></span> <span class='ocrx_word' id='word_1_552' title='bbox 3755 1715 3814 1760; x_wconf 82' lang='lat' dir='ltr'><strong>et</strong></span> 
     </span>
    </p>
   </div>
   <div class='ocr_carea' id='block_1_77' title="bbox 2217 1791 3812 1866">
    <p class='ocr_par' dir='ltr' id='par_1_77' title="bbox 2217 1791 3812 1866">
     <span class='ocr_line' id='line_1_78' title="bbox 2217 1791 3812 1866; baseline 0.003 -20"><span class='ocrx_word' id='word_1_553' title='bbox 2217 1791 2483 1850; x_wconf 89' lang='lat' dir='ltr'><strong>hominem</strong></span> <span class='ocrx_word' id='word_1_554' title='bbox 2511 1795 2682 1862; x_wconf 89' lang='lat' dir='ltr'><strong>ipsum</strong></span> <span class='ocrx_word' id='word_1_555' title='bbox 2709 1795 2854 1849; x_wconf 87' lang='lat' dir='ltr'><strong>malo</strong></span> <span class='ocrx_word' id='word_1_556' title='bbox 2881 1795 3019 1850; x_wconf 89' lang='lat' dir='ltr'><strong>bene</strong></span> <span class='ocrx_word' id='word_1_557' title='bbox 3047 1795 3121 1848; x_wconf 90' lang='lat' dir='ltr'><strong>uti</strong></span> <span class='ocrx_word' id='word_1_558' title='bbox 3149 1809 3247 1863; x_wconf 90' lang='lat' dir='ltr'><strong>per</strong></span> <span class='ocrx_word' id='word_1_559' title='bbox 3269 1793 3579 1864; x_wconf 89' lang='lat' dir='ltr'><strong>pudicitiam</strong></span> <span class='ocrx_word' id='word_1_560' title='bbox 3609 1795 3812 1866; x_wconf 89' lang='lat' dir='ltr'><strong>conju-</strong></span> 
     </span>
    </p>
   </div>
   <div class='ocr_carea' id='block_1_78' title="bbox 2209 1883 3806 1954">
    <p class='ocr_par' dir='ltr' id='par_1_78' title="bbox 2209 1883 3806 1954">
     <span class='ocr_line' id='line_1_79' title="bbox 2209 1883 3806 1954; baseline 0.004 -20"><span class='ocrx_word' id='word_1_561' title='bbox 2209 1885 2409 1954; x_wconf 84' lang='lat' dir='ltr'><strong>gaiem,</strong></span> <span class='ocrx_word' id='word_1_562' title='bbox 2454 1884 2538 1938; x_wconf 90' lang='lat' dir='ltr'><strong>cui</strong></span> <span class='ocrx_word' id='word_1_563' title='bbox 2577 1885 2715 1938; x_wconf 88' lang='lat' dir='ltr'><strong>malo</strong></span> <span class='ocrx_word' id='word_1_564' title='bbox 2745 1884 3038 1939; x_wconf 88' lang='lat' dir='ltr'><strong>reluctatur</strong></span> <span class='ocrx_word' id='word_1_565' title='bbox 3064 1883 3300 1940; x_wconf 87' lang='lat' dir='ltr'><strong>illicienti</strong></span> <span class='ocrx_word' id='word_1_566' title='bbox 3329 1884 3394 1938; x_wconf 89' lang='lat' dir='ltr'><strong>ad</strong></span> <span class='ocrx_word' id='word_1_567' title='bbox 3425 1884 3806 1940; x_wconf 76' lang='lat' dir='ltr'><strong>damnabilem</strong></span> 
     </span>
    </p>
   </div>
   <div class='ocr_carea' id='block_1_79' title="bbox 2213 1973 3810 2044">
    <p class='ocr_par' dir='ltr' id='par_1_79' title="bbox 2213 1973 3810 2044">
     <span class='ocr_line' id='line_1_80' title="bbox 2213 1973 3810 2044; baseline 0.003 -18"><span class='ocrx_word' id='word_1_568' title='bbox 2213 1973 2611 2043; x_wconf 88' lang='lat' dir='ltr'><strong>turpitudinem.</strong></span> <span class='ocrx_word' id='word_1_569' title='bbox 2639 1973 2746 2029; x_wconf 88' lang='lat' dir='ltr'><strong>Sed</strong></span> <span class='ocrx_word' id='word_1_570' title='bbox 2773 1983 2826 2028; x_wconf 91' lang='lat' dir='ltr'><strong>tu</strong></span> <span class='ocrx_word' id='word_1_571' title='bbox 2849 1973 2938 2043; x_wconf 91' lang='lat' dir='ltr'><strong>qui</strong></span> <span class='ocrx_word' id='word_1_572' title='bbox 2965 1973 3068 2029; x_wconf 88' lang='lat' dir='ltr'><strong>hoc</strong></span> <span class='ocrx_word' id='word_1_573' title='bbox 3087 1973 3226 2044; x_wconf 88' lang='lat' dir='ltr'><strong>quod</strong></span> <span class='ocrx_word' id='word_1_574' title='bbox 3250 1973 3444 2028; x_wconf 87' lang='lat' dir='ltr'><strong>malum</strong></span> <span class='ocrx_word' id='word_1_575' title='bbox 3465 1983 3568 2039; x_wconf 91' lang='lat' dir='ltr'><strong>est,</strong></span> <span class='ocrx_word' id='word_1_576' title='bbox 3596 1975 3810 2030; x_wconf 83' lang='lat' dir='ltr'><strong>malum</strong></span> 
     </span>
    </p>
   </div>
   <div class='ocr_carea' id='block_1_80' title="bbox 2209 2065 3812 2135">
    <p class='ocr_par' dir='ltr' id='par_1_80' title="bbox 2209 2065 3812 2135">
     <span class='ocr_line' id='line_1_81' title="bbox 2209 2065 3812 2135; baseline 0.004 -20"><span class='ocrx_word' id='word_1_577' title='bbox 2209 2077 2328 2120; x_wconf 89' lang='lat' dir='ltr'><strong>esse</strong></span> <span class='ocrx_word' id='word_1_578' title='bbox 2352 2078 2534 2134; x_wconf 81' lang='lat' dir='ltr'><strong>negas,</strong></span> <span class='ocrx_word' id='word_1_579' title='bbox 2557 2079 2652 2118; x_wconf 92' lang='lat' dir='ltr'><strong>cur</strong></span> <span class='ocrx_word' id='word_1_580' title='bbox 2678 2065 2726 2119; x_wconf 93' lang='lat' dir='ltr'><strong>ei</strong></span> <span class='ocrx_word' id='word_1_581' title='bbox 2755 2079 3038 2135; x_wconf 78' lang='lat' dir='ltr'><strong>repugnas,</strong></span> <span class='ocrx_word' id='word_1_582' title='bbox 3065 2079 3132 2119; x_wconf 91' lang='lat' dir='ltr'><strong>ne</strong></span> <span class='ocrx_word' id='word_1_583' title='bbox 3159 2065 3382 2133; x_wconf 89' lang='lat' dir='ltr'><strong>turpiter</strong></span> <span class='ocrx_word' id='word_1_584' title='bbox 3403 2065 3596 2131; x_wconf 80' lang='lat' dir='ltr'><strong>vivas;</strong></span> <span class='ocrx_word' id='word_1_585' title='bbox 3625 2073 3684 2120; x_wconf 88' lang='lat' dir='ltr'><strong>et</strong></span> <span class='ocrx_word' id='word_1_586' title='bbox 3707 2080 3812 2122; x_wconf 83' lang='lat' dir='ltr'><strong>cur</strong></span> 
     </span>
    </p>
   </div>
   <div class='ocr_carea' id='block_1_81' title="bbox 2210 2153 3590 2224">
    <p class='ocr_par' dir='ltr' id='par_1_81' title="bbox 2210 2153 3590 2224">
     <span class='ocr_line' id='line_1_82' title="bbox 2210 2153 3590 2224; baseline -0.001 -15"><span class='ocrx_word' id='word_1_587' title='bbox 2210 2153 2334 2209; x_wconf 81' lang='lat' dir='ltr'><strong>ci-si</strong></span> <span class='ocrx_word' id='word_1_588' title='bbox 2359 2155 2682 2221; x_wconf 90' lang='lat' dir='ltr'><strong>consentias,</strong></span> <span class='ocrx_word' id='word_1_589' title='bbox 2714 2169 2933 2210; x_wconf 83' lang='lat' dir='ltr'><strong>necesse</strong></span> <span class='ocrx_word' id='word_1_590' title='bbox 2957 2161 3040 2210; x_wconf 91' lang='lat' dir='ltr'><strong>est</strong></span> <span class='ocrx_word' id='word_1_591' title='bbox 3068 2163 3126 2208; x_wconf 92' lang='lat' dir='ltr'><strong>ut</strong></span> <span class='ocrx_word' id='word_1_592' title='bbox 3155 2156 3379 2224; x_wconf 84' lang='lat' dir='ltr'><strong>turpiter</strong></span> <span class='ocrx_word' id='word_1_593' title='bbox 3401 2153 3590 2209; x_wconf 78' lang='lat' dir='ltr'><strong>vivas?</strong></span> 
     </span>
    </p>
   </div>
   <div class='ocr_carea' id='block_1_82' title="bbox 2279 2243 3812 2315">
    <p class='ocr_par' dir='ltr' id='par_1_82' title="bbox 2279 2243 3812 2315">
     <span class='ocr_line' id='line_1_83' title="bbox 2279 2243 3812 2315; baseline 0.001 -17"><span class='ocrx_word' id='word_1_594' title='bbox 2279 2243 2605 2299; x_wconf 76' lang='lat' dir='ltr'><strong>CLXXXIV.</strong></span> <span class='ocrx_word' id='word_1_595' title='bbox 2633 2245 2752 2300; x_wconf 66' lang='lat' dir='ltr'><strong>Jun.</strong></span> <span class='ocrx_word' id='word_1_596' title='bbox 2783 2244 2934 2313; x_wconf 89' lang='lat' dir='ltr'><strong>Quod</strong></span> <span class='ocrx_word' id='word_1_597' title='bbox 2961 2259 3090 2300; x_wconf 88' lang='lat' dir='ltr'><strong>vero</strong></span> <span class='ocrx_word' id='word_1_598' title='bbox 3114 2255 3166 2298; x_wconf 92' lang='lat' dir='ltr'><strong>tu</strong></span> <span class='ocrx_word' id='word_1_599' title='bbox 3207 2245 3424 2314; x_wconf 87' lang='lat' dir='ltr'><strong>posuisti</strong></span> <span class='ocrx_word' id='word_1_600' title='bbox 3444 2263 3510 2310; x_wconf 67' lang='lat'><strong>,1</strong></span> <span class='ocrx_word' id='word_1_601' title='bbox 3539 2245 3812 2315; x_wconf 84' lang='lat' dir='ltr'><strong>concupi-</strong></span> 
     </span>
    </p>
   </div>
   <div class='ocr_carea' id='block_1_83' title="bbox 2215 2315 3814 2385">
    <p class='ocr_par' dir='ltr' id='par_1_83' title="bbox 2215 2315 3814 2385">
     <span class='ocr_line' id='line_1_84' title="bbox 2215 2315 3814 2385; baseline 0.003 -16"><span class='ocrx_word' id='word_1_602' title='bbox 2215 2317 2432 2370; x_wconf 72' lang='lat' dir='ltr'><strong>scentim</strong></span> <span class='ocrx_word' id='word_1_603' title='bbox 2459 2315 2652 2369; x_wconf 91' lang='lat' dir='ltr'><strong>malum</strong></span> <span class='ocrx_word' id='word_1_604' title='bbox 2679 2323 2778 2380; x_wconf 88' lang='lat' dir='ltr'><strong>est,</strong></span> <span class='ocrx_word' id='word_1_605' title='bbox 2806 2315 2947 2385; x_wconf 92' lang='lat' dir='ltr'><strong>quod</strong></span> <span class='ocrx_word' id='word_1_606' title='bbox 2977 2316 3106 2368; x_wconf 89' lang='lat' dir='ltr'><strong>vitat</strong></span> <span class='ocrx_word' id='word_1_607' title='bbox 3133 2315 3324 2384; x_wconf 90' lang='lat' dir='ltr'><strong>ubique</strong></span> <span class='ocrx_word' id='word_1_608' title='bbox 3350 2326 3728 2384; x_wconf 83' lang='lat' dir='ltr'><strong>conspectum,</strong></span> <span class='ocrx_word' id='word_1_609' title='bbox 3757 2327 3814 2374; x_wconf 74' lang='grc' dir='ltr'><strong><em>α</em></strong></span> 
     </span>
    </p>
   </div>
   <div class='ocr_carea' id='block_1_84' title="bbox 2207 2405 3810 2480">
    <p class='ocr_par' dir='ltr' id='par_1_84' title="bbox 2207 2405 3810 2480">
     <span class='ocr_line' id='line_1_85' title="bbox 2207 2405 3810 2480; baseline 0.001 -18"><span class='ocrx_word' id='word_1_610' title='bbox 2207 2408 2402 2476; x_wconf 69' lang='grc' dir='ltr'>ιιιιωτίι</span> <span class='ocrx_word' id='word_1_611' title='bbox 2438 2407 2682 2477; x_wconf 89' lang='lat' dir='ltr'><strong>pudendo</strong></span> <span class='ocrx_word' id='word_1_612' title='bbox 2709 2419 2970 2462; x_wconf 80' lang='lat' dir='ltr'><strong>secretum</strong></span> <span class='ocrx_word' id='word_1_613' title='bbox 3007 2425 3028 2460; x_wconf 75' lang='grc' dir='ltr'><strong>ι</strong></span> <span class='ocrx_word' id='word_1_614' title='bbox 3063 2405 3259 2480; x_wconf 58' lang='lat' dir='ltr'><strong>(Ibid,</strong></span> <span class='ocrx_word' id='word_1_615' title='bbox 3291 2425 3346 2462; x_wconf 84' lang='grc' dir='ltr'><strong>η.</strong></span> <span class='ocrx_word' id='word_1_616' title='bbox 3377 2407 3436 2480; x_wconf 82' lang='grc'><strong>8)</strong></span> <span class='ocrx_word' id='word_1_617' title='bbox 3461 2425 3478 2462; x_wconf 91' lang='lat'><strong><em>:</em></strong></span> <span class='ocrx_word' id='word_1_618' title='bbox 3503 2409 3576 2462; x_wconf 91' lang='lat' dir='ltr'><strong>ita</strong></span> <span class='ocrx_word' id='word_1_619' title='bbox 3601 2417 3660 2464; x_wconf 86' lang='lat' dir='ltr'><strong>et</strong></span> <span class='ocrx_word' id='word_1_620' title='bbox 3689 2409 3810 2464; x_wconf 75' lang='lat' dir='ltr'><strong>Ila-</strong></span> 
     </span>
    </p>
   </div>
   <div class='ocr_carea' id='block_1_85' title="bbox 2211 2498 3810 2572">
    <p class='ocr_par' dir='ltr' id='par_1_85' title="bbox 2211 2498 3810 2572">
     <span class='ocr_line' id='line_1_86' title="bbox 2211 2498 3810 2572; baseline 0.003 -20"><span class='ocrx_word' id='word_1_621' title='bbox 2211 2499 2468 2566; x_wconf 73' lang='lat' dir='ltr'><strong>nichmus,</strong></span> <span class='ocrx_word' id='word_1_622' title='bbox 2502 2517 2520 2550; x_wconf 85' lang='grc' dir='ltr'><strong>ι</strong></span> <span class='ocrx_word' id='word_1_623' title='bbox 2554 2498 2806 2566; x_wconf 89' lang='lat' dir='ltr'><strong>Secretis,</strong></span> <span class='ocrx_word' id='word_1_624' title='bbox 2843 2517 2862 2552; x_wconf 79' lang='grc' dir='ltr'><strong>ι</strong></span> <span class='ocrx_word' id='word_1_625' title='bbox 2893 2499 3130 2570; x_wconf 74' lang='grc' dir='ltr'>ἱιιᾳιιίι,-ι</span> <span class='ocrx_word' id='word_1_626' title='bbox 3159 2499 3446 2570; x_wconf 89' lang='lat' dir='ltr'><strong>pudoribus</strong></span> <span class='ocrx_word' id='word_1_627' title='bbox 3471 2509 3666 2571; x_wconf 84' lang='lat' dir='ltr'><strong>agunt,</strong></span> <span class='ocrx_word' id='word_1_628' title='bbox 3693 2513 3810 2572; x_wconf 74' lang='lat' dir='ltr'><strong>quo</strong></span> 
     </span>
    </p>
   </div>
   <div class='ocr_carea' id='block_1_86' title="bbox 2213 2592 3810 2668">
    <p class='ocr_par' dir='ltr' id='par_1_86' title="bbox 2213 2592 3810 2668">
     <span class='ocr_line' id='line_1_87' title="bbox 2213 2592 3810 2668; baseline 0.005 -22"><span class='ocrx_word' id='word_1_629' title='bbox 2213 2601 2451 2662; x_wconf 89' lang='lat' dir='ltr'><strong>tempore</strong></span> <span class='ocrx_word' id='word_1_630' title='bbox 2471 2592 2594 2649; x_wconf 89' lang='lat' dir='ltr'><strong>odio</strong></span> <span class='ocrx_word' id='word_1_631' title='bbox 2613 2592 2811 2650; x_wconf 87' lang='lat' dir='ltr'><strong>habent</strong></span> <span class='ocrx_word' id='word_1_632' title='bbox 2833 2593 3027 2664; x_wconf 88' lang='lat' dir='ltr'><strong>lucem,</strong></span> <span class='ocrx_word' id='word_1_633' title='bbox 3055 2595 3130 2651; x_wconf 88' lang='lat' dir='ltr'><strong>uti</strong></span> <span class='ocrx_word' id='word_1_634' title='bbox 3151 2594 3656 2652; x_wconf 74' lang='lat' dir='ltr'><strong>nemanifcsteutur</strong></span> <span class='ocrx_word' id='word_1_635' title='bbox 3671 2613 3810 2668; x_wconf 84' lang='lat' dir='ltr'><strong>ope-</strong></span> 
     </span>
    </p>
   </div>
   <div class='ocr_carea' id='block_1_87' title="bbox 2215 2699 2568 2739">
    <p class='ocr_par' dir='ltr' id='par_1_87' title="bbox 2215 2699 2568 2739">
     <span class='ocr_line' id='line_1_88' title="bbox 2215 2699 2568 2739; baseline 0 -1"><span class='ocrx_word' id='word_1_636' title='bbox 2215 2699 2274 2738; x_wconf 85' lang='lat' dir='ltr'><strong>ra</strong></span> <span class='ocrx_word' id='word_1_637' title='bbox 2303 2701 2509 2739; x_wconf 88' lang='lat' dir='ltr'><strong>eorum.</strong></span> <span class='ocrx_word' id='word_1_638' title='bbox 2548 2703 2568 2738; x_wconf 71' lang='grc' dir='ltr'><strong>ι</strong></span> 
     </span>
    </p>
   </div>
   <div class='ocr_carea' id='block_1_88' title="bbox 2283 2771 3806 2852">
    <p class='ocr_par' dir='ltr' id='par_1_88' title="bbox 2283 2771 3806 2852">
     <span class='ocr_line' id='line_1_89' title="bbox 2283 2771 3806 2852; baseline 0.005 -25"><span class='ocrx_word' id='word_1_639' title='bbox 2283 2773 2419 2828; x_wconf 79' lang='lat' dir='ltr'><strong>Auc.</strong></span> <span class='ocrx_word' id='word_1_640' title='bbox 2459 2771 2605 2828; x_wconf 87' lang='lat' dir='ltr'><strong>Sicut</strong></span> <span class='ocrx_word' id='word_1_641' title='bbox 2627 2773 2948 2831; x_wconf 67' lang='lat' dir='ltr'><strong>Manichacus</strong></span> <span class='ocrx_word' id='word_1_642' title='bbox 2973 2775 3142 2833; x_wconf 87' lang='lat' dir='ltr'><strong>nescit</strong></span> <span class='ocrx_word' id='word_1_643' title='bbox 3165 2775 3290 2848; x_wconf 83' lang='lat' dir='ltr'><strong>quid</strong></span> <span class='ocrx_word' id='word_1_644' title='bbox 3315 2777 3442 2833; x_wconf 89' lang='lat' dir='ltr'><strong>boni</strong></span> <span class='ocrx_word' id='word_1_645' title='bbox 3469 2787 3664 2850; x_wconf 65' lang='lat' dir='ltr'><strong>agatur</strong></span> <span class='ocrx_word' id='word_1_646' title='bbox 3701 2795 3806 2852; x_wconf 83' lang='lat' dir='ltr'><strong>per</strong></span> 
     </span>
    </p>
   </div>
   <div class='ocr_carea' id='block_1_89' title="bbox 2214 2863 3808 2935">
    <p class='ocr_par' dir='ltr' id='par_1_89' title="bbox 2214 2863 3808 2935">
     <span class='ocr_line' id='line_1_90' title="bbox 2214 2863 3808 2935; baseline 0.008 -19"><span class='ocrx_word' id='word_1_647' title='bbox 2214 2863 2442 2917; x_wconf 87' lang='lat' dir='ltr'><strong>carnalis</strong></span> <span class='ocrx_word' id='word_1_648' title='bbox 2485 2865 2934 2935; x_wconf 72' lang='lat' dir='ltr'><strong>concupiscentia:</strong></span> <span class='ocrx_word' id='word_1_649' title='bbox 2963 2866 3158 2922; x_wconf 86' lang='lat' dir='ltr'><strong>malum</strong></span> <span class='ocrx_word' id='word_1_650' title='bbox 3183 2884 3198 2934; x_wconf 92' lang='lat'><strong>;</strong></span> <span class='ocrx_word' id='word_1_651' title='bbox 3230 2869 3308 2924; x_wconf 91' lang='lat' dir='ltr'><strong>sic</strong></span> <span class='ocrx_word' id='word_1_652' title='bbox 3339 2877 3392 2924; x_wconf 88' lang='lat' dir='ltr'><strong>et</strong></span> <span class='ocrx_word' id='word_1_653' title='bbox 3423 2877 3476 2924; x_wconf 93' lang='lat' dir='ltr'><strong>tu</strong></span> <span class='ocrx_word' id='word_1_654' title='bbox 3509 2871 3686 2926; x_wconf 87' lang='lat' dir='ltr'><strong>neseis</strong></span> <span class='ocrx_word' id='word_1_655' title='bbox 3711 2873 3808 2928; x_wconf 83' lang='lat' dir='ltr'><strong>cui</strong></span> 
     </span>
    </p>
   </div>
   <div class='ocr_carea' id='block_1_90' title="bbox 2213 2952 3808 3076">
    <p class='ocr_par' dir='ltr' id='par_1_90' title="bbox 2213 2952 3808 3076">
     <span class='ocr_line' id='line_1_91' title="bbox 2213 2952 3808 3076; baseline 0.009 -72"><span class='ocrx_word' id='word_1_656' title='bbox 2213 2952 2361 3076; x_wconf 51' lang='lat' dir='ltr'><strong>amitti</strong></span> <span class='ocrx_word' id='word_1_657' title='bbox 2394 2953 2563 3022; x_wconf 82' lang='lat' dir='ltr'><strong>pudor</strong></span> <span class='ocrx_word' id='word_1_658' title='bbox 2603 2964 2805 3026; x_wconf 69' lang='lat' dir='ltr'><strong>quaerat</strong></span> <span class='ocrx_word' id='word_1_659' title='bbox 2829 2966 3126 3025; x_wconf 88' lang='lat' dir='ltr'><strong>secretum,</strong></span> <span class='ocrx_word' id='word_1_660' title='bbox 3167 2957 3328 3014; x_wconf 84' lang='lat' dir='ltr'><strong>etiam</strong></span> <span class='ocrx_word' id='word_1_661' title='bbox 3364 2959 3419 3014; x_wconf 93' lang='lat' dir='ltr'><strong>in</strong></span> <span class='ocrx_word' id='word_1_662' title='bbox 3455 2959 3602 3015; x_wconf 89' lang='lat' dir='ltr'><strong>bono</strong></span> <span class='ocrx_word' id='word_1_663' title='bbox 3623 2977 3808 3032; x_wconf 76' lang='lat' dir='ltr'><strong>opere</strong></span> 
     </span>
     <span class='ocr_line' id='line_1_92' title="bbox 2256 3038 2538 3076; baseline 0.007 -2"><span class='ocrx_word' id='word_1_664' title='bbox 2256 3038 2324 3076; x_wconf 90' lang='lat' dir='ltr'><strong>uo</strong></span> <span class='ocrx_word' id='word_1_665' title='bbox 2352 3038 2538 3076; x_wconf 77' lang='lat' dir='ltr'><strong>tarum.</strong></span> 
     </span>
    </p>
   </div>
   <div class='ocr_carea' id='block_1_91' title="bbox 2256 3038 2538 3090">
    <p class='ocr_par' dir='ltr' id='par_1_91' title="bbox 2256 3038 2538 3090">
     <span class='ocr_line' id='line_1_93' title="bbox 2256 3038 2538 3090; baseline 0.011 -16"><span class='ocrx_word' id='word_1_666' title='bbox 2256 3039 2284 3074; x_wconf 93' lang='grc' dir='ltr'><strong>ιι</strong></span> <span class='ocrx_word' id='word_1_667' title='bbox 2293 3038 2538 3090; x_wconf 85' lang='lat' dir='ltr'><strong>puarum.</strong></span> 
     </span>
    </p>
   </div>
   <div class='ocr_carea' id='block_1_92' title="bbox 2283 3109 3807 3191">
    <p class='ocr_par' dir='ltr' id='par_1_92' title="bbox 2283 3109 3807 3191">
     <span class='ocr_line' id='line_1_94' title="bbox 2283 3109 3807 3191; baseline 0.007 -24"><span class='ocrx_word' id='word_1_668' title='bbox 2283 3109 2584 3168; x_wconf 73' lang='lat' dir='ltr'><strong>CLXXXV.</strong></span> <span class='ocrx_word' id='word_1_669' title='bbox 2624 3113 2745 3170; x_wconf 75' lang='grc' dir='ltr'>ιω..</span> <span class='ocrx_word' id='word_1_670' title='bbox 2775 3113 2928 3182; x_wconf 85' lang='lat' dir='ltr'><strong>Quod</strong></span> <span class='ocrx_word' id='word_1_671' title='bbox 2951 3131 3079 3174; x_wconf 90' lang='lat' dir='ltr'><strong>vero</strong></span> <span class='ocrx_word' id='word_1_672' title='bbox 3099 3117 3200 3182; x_wconf 86' lang='lat' dir='ltr'><strong>ais,</strong></span> <span class='ocrx_word' id='word_1_673' title='bbox 3227 3135 3248 3171; x_wconf 84' lang='grc' dir='ltr'><strong>ι</strong></span> <span class='ocrx_word' id='word_1_674' title='bbox 3274 3119 3807 3191; x_wconf 75' lang='lat' dir='ltr'><strong>quia-concupiscen-</strong></span> 
     </span>
    </p>
   </div>
   <div class='ocr_carea' id='block_1_93' title="bbox 2215 3201 3808 3280">
    <p class='ocr_par' dir='ltr' id='par_1_93' title="bbox 2215 3201 3808 3280">
     <span class='ocr_line' id='line_1_95' title="bbox 2215 3201 3808 3280; baseline 0.008 -26"><span class='ocrx_word' id='word_1_675' title='bbox 2215 3201 2287 3256; x_wconf 89' lang='lat' dir='ltr'><strong>tia</strong></span> <span class='ocrx_word' id='word_1_676' title='bbox 2310 3203 2397 3272; x_wconf 91' lang='lat' dir='ltr'><strong>qui</strong></span> <span class='ocrx_word' id='word_1_677' title='bbox 2419 3203 2559 3258; x_wconf 90' lang='lat' dir='ltr'><strong>licite</strong></span> <span class='ocrx_word' id='word_1_678' title='bbox 2577 3205 2972 3271; x_wconf 90' lang='lat' dir='ltr'><strong>commiscetur,</strong></span> <span class='ocrx_word' id='word_1_679' title='bbox 2991 3207 3132 3262; x_wconf 87' lang='lat' dir='ltr'><strong>malo</strong></span> <span class='ocrx_word' id='word_1_680' title='bbox 3151 3207 3290 3262; x_wconf 86' lang='lat' dir='ltr'><strong>bene</strong></span> <span class='ocrx_word' id='word_1_681' title='bbox 3309 3209 3520 3264; x_wconf 64' lang='lat' dir='ltr'><strong>utitura</strong></span> <span class='ocrx_word' id='word_1_682' title='bbox 3545 3209 3684 3280; x_wconf 86' lang='lat' dir='ltr'><strong>(Id.,</strong></span> <span class='ocrx_word' id='word_1_683' title='bbox 3708 3213 3808 3266; x_wconf 69' lang='lat' dir='ltr'><strong>lib.</strong></span> 
     </span>
    </p>
   </div>
   <div class='ocr_carea' id='block_1_94' title="bbox 2213 3293 3804 3372">
    <p class='ocr_par' dir='ltr' id='par_1_94' title="bbox 2213 3293 3804 3372">
     <span class='ocr_line' id='line_1_96' title="bbox 2213 3293 3804 3372; baseline 0.007 -24"><span class='ocrx_word' id='word_1_684' title='bbox 2213 3293 2270 3360; x_wconf 77' lang='lat'><strong>2,</strong></span> <span class='ocrx_word' id='word_1_685' title='bbox 2297 3310 2410 3365; x_wconf 88' lang='lat' dir='ltr'><strong>cap.</strong></span> <span class='ocrx_word' id='word_1_686' title='bbox 2433 3295 2548 3366; x_wconf 73' lang='lat' dir='ltr'><strong>2i),</strong></span> <span class='ocrx_word' id='word_1_687' title='bbox 2585 3303 2641 3351; x_wconf 92' lang='lat' dir='ltr'><strong>ut</strong></span> <span class='ocrx_word' id='word_1_688' title='bbox 2675 3297 2844 3369; x_wconf 90' lang='lat' dir='ltr'><strong>magis</strong></span> <span class='ocrx_word' id='word_1_689' title='bbox 2876 3297 3024 3354; x_wconf 89' lang='lat' dir='ltr'><strong>credi</strong></span> <span class='ocrx_word' id='word_1_690' title='bbox 3055 3301 3310 3369; x_wconf 83' lang='lat' dir='ltr'><strong>Apostolo</strong></span> <span class='ocrx_word' id='word_1_691' title='bbox 3341 3317 3734 3359; x_wconf 76' lang='lat' dir='ltr'><strong>commemores</strong></span> <span class='ocrx_word' id='word_1_692' title='bbox 3759 3305 3804 3372; x_wconf 62' lang='grc' dir='ltr'><strong>’τ</strong></span> 
     </span>
    </p>
   </div>
   <div class='ocr_carea' id='block_1_95' title="bbox 2215 3385 3806 3463">
    <p class='ocr_par' dir='ltr' id='par_1_95' title="bbox 2215 3385 3806 3463">
     <span class='ocr_line' id='line_1_97' title="bbox 2215 3385 3806 3463; baseline 0.01 -27"><span class='ocrx_word' id='word_1_693' title='bbox 2215 3385 2302 3454; x_wconf 86' lang='lat' dir='ltr'><strong>qui</strong></span> <span class='ocrx_word' id='word_1_694' title='bbox 2329 3385 2568 3452; x_wconf 78' lang='lat' dir='ltr'><strong>dixisset,</strong></span> <span class='ocrx_word' id='word_1_695' title='bbox 2594 3387 2724 3456; x_wconf 84' lang='lat' dir='ltr'><strong>Quia</strong></span> <span class='ocrx_word' id='word_1_696' title='bbox 2751 3405 2858 3444; x_wconf 89' lang='lat' dir='ltr'><strong>non</strong></span> <span class='ocrx_word' id='word_1_697' title='bbox 2883 3389 3162 3446; x_wconf 82' lang='lat' dir='ltr'><strong>habitat-in</strong></span> <span class='ocrx_word' id='word_1_698' title='bbox 3185 3407 3348 3449; x_wconf 87' lang='lat' dir='ltr'><strong>carne</strong></span> <span class='ocrx_word' id='word_1_699' title='bbox 3369 3409 3464 3448; x_wconf 86' lang='lat' dir='ltr'><strong>sua</strong></span> <span class='ocrx_word' id='word_1_700' title='bbox 3491 3396 3716 3463; x_wconf 87' lang='lat' dir='ltr'><strong>bonum,</strong></span> <span class='ocrx_word' id='word_1_701' title='bbox 3741 3407 3806 3452; x_wconf 75' lang='lat' dir='ltr'><strong>et</strong></span> 
     </span>
    </p>
   </div>
   <div class='ocr_carea' id='block_1_96' title="bbox 2215 3474 3802 3554">
    <p class='ocr_par' dir='ltr' id='par_1_96' title="bbox 2215 3474 3802 3554">
     <span class='ocr_line' id='line_1_98' title="bbox 2215 3474 3802 3554; baseline 0.009 -26"><span class='ocrx_word' id='word_1_702' title='bbox 2215 3474 2317 3530; x_wconf 90' lang='lat' dir='ltr'><strong>hoc</strong></span> <span class='ocrx_word' id='word_1_703' title='bbox 2345 3492 2447 3531; x_wconf 89' lang='lat' dir='ltr'><strong>non</strong></span> <span class='ocrx_word' id='word_1_704' title='bbox 2475 3477 2692 3545; x_wconf 91' lang='lat' dir='ltr'><strong>bonum,</strong></span> <span class='ocrx_word' id='word_1_705' title='bbox 2723 3479 2772 3534; x_wconf 92' lang='lat' dir='ltr'><strong>id</strong></span> <span class='ocrx_word' id='word_1_706' title='bbox 2799 3489 2880 3535; x_wconf 82' lang='lat' dir='ltr'><strong>est</strong></span> <span class='ocrx_word' id='word_1_707' title='bbox 2906 3481 3122 3548; x_wconf 76' lang='lat' dir='ltr'><strong>malum,</strong></span> <span class='ocrx_word' id='word_1_708' title='bbox 3151 3482 3212 3554; x_wconf 15' lang='lat' dir='ltr'><strong>in,</strong></span> <span class='ocrx_word' id='word_1_709' title='bbox 3233 3499 3394 3540; x_wconf 84' lang='lat' dir='ltr'><strong>carne</strong></span> <span class='ocrx_word' id='word_1_710' title='bbox 3423 3485 3674 3554; x_wconf 76' lang='lat' dir='ltr'><strong>Apostoli</strong></span> <span class='ocrx_word' id='word_1_711' title='bbox 3702 3489 3802 3542; x_wconf 76' lang='lat' dir='ltr'><strong>ha-</strong></span> 
     </span>
    </p>
   </div>
   <div class='ocr_carea' id='block_1_97' title="bbox 2211 3553 3804 3638">
    <p class='ocr_par' dir='ltr' id='par_1_97' title="bbox 2211 3553 3804 3638">
     <span class='ocr_line' id='line_1_99' title="bbox 2211 3553 3804 3638; baseline 0.009 -19"><span class='ocrx_word' id='word_1_712' title='bbox 2211 3563 2410 3631; x_wconf 85' lang='lat' dir='ltr'><strong>bitans,</strong></span> <span class='ocrx_word' id='word_1_713' title='bbox 2439 3568 2520 3621; x_wconf 85' lang='lat' dir='ltr'><strong>vis</strong></span> <span class='ocrx_word' id='word_1_714' title='bbox 2543 3570 3020 3638; x_wconf 88' lang='lat' dir='ltr'><strong>concupiscentiam</strong></span> <span class='ocrx_word' id='word_1_715' title='bbox 3055 3553 3230 3626; x_wconf 81' lang='lat' dir='ltr'><strong>carnis</strong></span> <span class='ocrx_word' id='word_1_716' title='bbox 3249 3573 3417 3628; x_wconf 91' lang='lat' dir='ltr'><strong>videri</strong></span> <span class='ocrx_word' id='word_1_717' title='bbox 3439 3591 3452 3628; x_wconf 92' lang='lat'><strong>:</strong></span> <span class='ocrx_word' id='word_1_718' title='bbox 3473 3553 3804 3634; x_wconf 72' lang='lat' dir='ltr'><strong>Manichu&#39;ns</strong></span> 
     </span>
    </p>
   </div>
   <div class='ocr_carea' id='block_1_98' title="bbox 2213 3657 3800 3735">
    <p class='ocr_par' dir='ltr' id='par_1_98' title="bbox 2213 3657 3800 3735">
     <span class='ocr_line' id='line_1_100' title="bbox 2213 3657 3800 3735; baseline 0.009 -25"><span class='ocrx_word' id='word_1_719' title='bbox 2213 3669 2319 3710; x_wconf 83' lang='lat' dir='ltr'><strong>non</strong></span> <span class='ocrx_word' id='word_1_720' title='bbox 2347 3657 2502 3711; x_wconf 89' lang='lat' dir='ltr'><strong>aliter</strong></span> <span class='ocrx_word' id='word_1_721' title='bbox 2524 3673 2678 3728; x_wconf 86' lang='lat' dir='ltr'><strong>quam</strong></span> <span class='ocrx_word' id='word_1_722' title='bbox 2709 3667 2764 3713; x_wconf 91' lang='lat' dir='ltr'><strong>tu</strong></span> <span class='ocrx_word' id='word_1_723' title='bbox 2791 3661 2986 3729; x_wconf 87' lang='lat' dir='ltr'><strong>posuit.</strong></span> <span class='ocrx_word' id='word_1_724' title='bbox 3011 3659 3146 3716; x_wconf 83' lang='lat' dir='ltr'><strong>Nam</strong></span> <span class='ocrx_word' id='word_1_725' title='bbox 3174 3673 3454 3735; x_wconf 87' lang='lat' dir='ltr'><strong>postquam</strong></span> <span class='ocrx_word' id='word_1_726' title='bbox 3477 3665 3638 3735; x_wconf 82' lang='lat' dir='ltr'><strong>dixit,</strong></span> <span class='ocrx_word' id='word_1_727' title='bbox 3661 3687 3690 3722; x_wconf 64' lang='grc' dir='ltr'>τι</span> <span class='ocrx_word' id='word_1_728' title='bbox 3717 3667 3800 3724; x_wconf 74' lang='lat' dir='ltr'><strong>Ne</strong></span> 
     </span>
    </p>
   </div>
   <div class='ocr_carea' id='block_1_99' title="bbox 2211 3743 3802 3828">
    <p class='ocr_par' dir='ltr' id='par_1_99' title="bbox 2211 3743 3802 3828">
     <span class='ocr_line' id='line_1_101' title="bbox 2211 3743 3802 3828; baseline 0.01 -28"><span class='ocrx_word' id='word_1_729' title='bbox 2211 3743 2616 3802; x_wconf 78' lang='lat' dir='ltr'><strong>manifestentur</strong></span> <span class='ocrx_word' id='word_1_730' title='bbox 2651 3763 2814 3819; x_wconf 85' lang='lat' dir='ltr'><strong>opera</strong></span> <span class='ocrx_word' id='word_1_731' title='bbox 2852 3765 3076 3817; x_wconf 87' lang='lat' dir='ltr'><strong>eorum;</strong></span> <span class='ocrx_word' id='word_1_732' title='bbox 3115 3753 3340 3824; x_wconf 87' lang='lat' dir='ltr'><strong>Propter</strong></span> <span class='ocrx_word' id='word_1_733' title='bbox 3375 3755 3520 3825; x_wconf 87' lang='lat' dir='ltr'><strong>quod</strong></span> <span class='ocrx_word' id='word_1_734' title='bbox 3559 3759 3802 3828; x_wconf 79' lang='lat' dir='ltr'><strong>Aposto-</strong></span> 
     </span>
    </p>
   </div>
   <div class='ocr_carea' id='block_1_100' title="bbox 2213 3836 3802 3920">
    <p class='ocr_par' dir='ltr' id='par_1_100' title="bbox 2213 3836 3802 3920">
     <span class='ocr_line' id='line_1_102' title="bbox 2213 3836 3802 3920; baseline 0.008 -29"><span class='ocrx_word' id='word_1_735' title='bbox 2213 3836 2317 3904; x_wconf 88' lang='lat' dir='ltr'><strong>lus,</strong></span> <span class='ocrx_word' id='word_1_736' title='bbox 2355 3855 2376 3890; x_wconf 72' lang='grc' dir='ltr'><strong>ι</strong></span> <span class='ocrx_word' id='word_1_737' title='bbox 2413 3838 2599 3909; x_wconf 87' lang='lat' dir='ltr'><strong>inquit,</strong></span> <span class='ocrx_word' id='word_1_738' title='bbox 2633 3857 2654 3892; x_wconf 78' lang='grc' dir='ltr'><strong>ι</strong></span> <span class='ocrx_word' id='word_1_739' title='bbox 2681 3842 2884 3896; x_wconf 86' lang='lat' dir='ltr'><strong>clamat</strong></span> <span class='ocrx_word' id='word_1_740' title='bbox 2905 3843 2972 3897; x_wconf 85' lang='lat' dir='ltr'><strong>ad</strong></span> <span class='ocrx_word' id='word_1_741' title='bbox 3001 3841 3291 3910; x_wconf 79' lang='lat' dir='ltr'><strong>Rontanos,</strong></span> <span class='ocrx_word' id='word_1_742' title='bbox 3325 3847 3640 3902; x_wconf 71' lang='lat' dir='ltr'><strong>non-bonum</strong></span> <span class='ocrx_word' id='word_1_743' title='bbox 3665 3853 3802 3920; x_wconf 69' lang='lat' dir='ltr'><strong>quod</strong></span> 
     </span>
    </p>
   </div>
   <div class='ocr_carea' id='block_1_101' title="bbox 2211 3927 3804 4005">
    <p class='ocr_par' dir='ltr' id='par_1_101' title="bbox 2211 3927 3804 4005">
     <span class='ocr_line' id='line_1_103' title="bbox 2211 3927 3804 4005; baseline 0.012 -26"><span class='ocrx_word' id='word_1_744' title='bbox 2211 3927 2321 3981; x_wconf 72' lang='lat' dir='ltr'><strong>uolo</strong></span> <span class='ocrx_word' id='word_1_745' title='bbox 2337 3969 2351 3994; x_wconf 95' lang='lat'><strong>,</strong></span> <span class='ocrx_word' id='word_1_746' title='bbox 2383 3945 2479 4000; x_wconf 83' lang='lat' dir='ltr'><strong>ago</strong></span> <span class='ocrx_word' id='word_1_747' title='bbox 2501 3946 2520 3994; x_wconf 85' lang='lat'><strong>;</strong></span> <span class='ocrx_word' id='word_1_748' title='bbox 2545 3929 2636 3982; x_wconf 73' lang='lat' dir='ltr'><strong>sed</strong></span> <span class='ocrx_word' id='word_1_749' title='bbox 2657 3931 2846 3984; x_wconf 82' lang='lat' dir='ltr'><strong>malum</strong></span> <span class='ocrx_word' id='word_1_750' title='bbox 2873 3948 3074 4002; x_wconf 83' lang='lat' dir='ltr'><strong>cperor,</strong></span> <span class='ocrx_word' id='word_1_751' title='bbox 3106 3936 3240 4005; x_wconf 76' lang='lat' dir='ltr'><strong>quod</strong></span> <span class='ocrx_word' id='word_1_752' title='bbox 3263 3937 3502 3994; x_wconf 66' lang='lat' dir='ltr'><strong>exhorret)</strong></span> <span class='ocrx_word' id='word_1_753' title='bbox 3529 3954 3550 3994; x_wconf 92' lang='lat'><strong><em>:</em></strong></span> <span class='ocrx_word' id='word_1_754' title='bbox 3569 3939 3804 3998; x_wconf 59' lang='lat' dir='ltr'><strong>Dulcius</strong></span> 
     </span>
    </p>
   </div>
   <div class='ocr_carea' id='block_1_102' title="bbox 2209 4017 3802 4112">
    <p class='ocr_par' dir='ltr' id='par_1_102' title="bbox 2209 4017 3802 4112">
     <span class='ocr_line' id='line_1_104' title="bbox 2209 4017 3802 4112; baseline 0.01 -41"><span class='ocrx_word' id='word_1_755' title='bbox 2209 4017 2371 4112; x_wconf 80' lang='lat' dir='ltr'><strong>enim,</strong></span> <span class='ocrx_word' id='word_1_756' title='bbox 2405 4037 2428 4070; x_wconf 69' lang='grc' dir='ltr'><strong>ι</strong></span> <span class='ocrx_word' id='word_1_757' title='bbox 2458 4018 2648 4112; x_wconf 81' lang='lat' dir='ltr'><strong>inquit,</strong></span> <span class='ocrx_word' id='word_1_758' title='bbox 2677 4037 2696 4072; x_wconf 84' lang='grc' dir='ltr'><strong>ι</strong></span> <span class='ocrx_word' id='word_1_759' title='bbox 2723 4021 2844 4090; x_wconf 90' lang='lat' dir='ltr'><strong>quia</strong></span> <span class='ocrx_word' id='word_1_760' title='bbox 2868 4033 3160 4093; x_wconf 83' lang='lat' dir='ltr'><strong>peccatum,</strong></span> <span class='ocrx_word' id='word_1_761' title='bbox 3185 4025 3238 4081; x_wconf 90' lang='lat' dir='ltr'><strong>id</strong></span> <span class='ocrx_word' id='word_1_762' title='bbox 3259 4037 3364 4112; x_wconf 69' lang='lat' dir='ltr'><strong>est,</strong></span> <span class='ocrx_word' id='word_1_763' title='bbox 3385 4027 3658 4097; x_wconf 85' lang='lat' dir='ltr'><strong>diabolus,</strong></span> <span class='ocrx_word' id='word_1_764' title='bbox 3681 4047 3802 4104; x_wconf 76' lang='lat' dir='ltr'><strong>ope-</strong></span> 
     </span>
    </p>
   </div>
   <div class='ocr_carea' id='block_1_103' title="bbox 2207 4106 3796 4192">
    <p class='ocr_par' dir='ltr' id='par_1_103' title="bbox 2207 4106 3796 4192">
     <span class='ocr_line' id='line_1_105' title="bbox 2207 4106 3796 4192; baseline 0.011 -31"><span class='ocrx_word' id='word_1_765' title='bbox 2207 4106 2428 4164; x_wconf 89' lang='lat' dir='ltr'><strong>rabatur</strong></span> <span class='ocrx_word' id='word_1_766' title='bbox 2465 4107 2519 4164; x_wconf 82' lang='lat' dir='ltr'><strong>in</strong></span> <span class='ocrx_word' id='word_1_767' title='bbox 2545 4124 2610 4164; x_wconf 90' lang='lat' dir='ltr'><strong>eo</strong></span> <span class='ocrx_word' id='word_1_768' title='bbox 2649 4125 2866 4166; x_wconf 86' lang='lat' dir='ltr'><strong>omnem</strong></span> <span class='ocrx_word' id='word_1_769' title='bbox 2907 4106 3413 4185; x_wconf 74' lang='lat' dir='ltr'><strong>cottcttpiscentiam.</strong></span> <span class='ocrx_word' id='word_1_770' title='bbox 3451 4118 3672 4192; x_wconf 77' lang='lat' dir='ltr'><strong>Legaiis</strong></span> <span class='ocrx_word' id='word_1_771' title='bbox 3699 4139 3796 4178; x_wconf 82' lang='lat' dir='ltr'><strong>au-</strong></span> 
     </span>
    </p>
   </div>
   <div class='ocr_carea' id='block_1_104' title="bbox 2210 4198 3788 4278">
    <p class='ocr_par' dir='ltr' id='par_1_104' title="bbox 2210 4198 3788 4278">
     <span class='ocr_line' id='line_1_106' title="bbox 2210 4198 3788 4278; baseline 0.013 -27"><span class='ocrx_word' id='word_1_772' title='bbox 2210 4199 2427 4253; x_wconf 90' lang='lat' dir='ltr'><strong>ctoritas</strong></span> <span class='ocrx_word' id='word_1_773' title='bbox 2455 4198 2652 4255; x_wconf 89' lang='lat' dir='ltr'><strong>indicat</strong></span> <span class='ocrx_word' id='word_1_774' title='bbox 2677 4203 2874 4258; x_wconf 80' lang='lat' dir='ltr'><strong>malum</strong></span> <span class='ocrx_word' id='word_1_775' title='bbox 2899 4207 3344 4277; x_wconf 65' lang='lat' dir='ltr'><strong>concupiscent-ia:</strong></span> <span class='ocrx_word' id='word_1_776' title='bbox 3361 4251 3378 4278; x_wconf 92' lang='lat'><strong>,</strong></span> <span class='ocrx_word' id='word_1_777' title='bbox 3413 4226 3540 4268; x_wconf 86' lang='lat' dir='ltr'><strong>cum</strong></span> <span class='ocrx_word' id='word_1_778' title='bbox 3569 4231 3788 4272; x_wconf 68' lang='lat' dir='ltr'><strong>omne.</strong></span> 
     </span>
    </p>
   </div>
   <div class='ocr_carea' id='block_1_105' title="bbox 2207 4287 3742 4366">
    <p class='ocr_par' dir='ltr' id='par_1_105' title="bbox 2207 4287 3742 4366">
     <span class='ocr_line' id='line_1_107' title="bbox 2207 4287 3742 4366; baseline 0.01 -24"><span class='ocrx_word' id='word_1_779' title='bbox 2207 4287 2322 4358; x_wconf 90' lang='lat' dir='ltr'><strong>ejus</strong></span> <span class='ocrx_word' id='word_1_780' title='bbox 2345 4303 2496 4344; x_wconf 89' lang='lat' dir='ltr'><strong>usum</strong></span> <span class='ocrx_word' id='word_1_781' title='bbox 2523 4291 2802 4362; x_wconf 89' lang='lat' dir='ltr'><strong>vituperat,</strong></span> <span class='ocrx_word' id='word_1_782' title='bbox 2833 4309 2992 4366; x_wconf 90' lang='lat' dir='ltr'><strong>quem</strong></span> <span class='ocrx_word' id='word_1_783' title='bbox 3015 4311 3142 4352; x_wconf 92' lang='lat' dir='ltr'><strong>caro</strong></span> <span class='ocrx_word' id='word_1_784' title='bbox 3169 4299 3390 4360; x_wconf 76' lang='lat' dir='ltr'><strong>miratur</strong></span> <span class='ocrx_word' id='word_1_785' title='bbox 3403 4311 3462 4358; x_wconf 91' lang='lat' dir='ltr'><strong>et</strong></span> <span class='ocrx_word' id='word_1_786' title='bbox 3485 4303 3694 4360; x_wconf 77' lang='lat' dir='ltr'><strong>laudat.</strong></span> <span class='ocrx_word' id='word_1_787' title='bbox 3721 4323 3742 4358; x_wconf 74' lang='grc' dir='ltr'><strong>ι</strong></span> 
     </span>
    </p>
   </div>
   <div class='ocr_carea' id='block_1_106' title="bbox 2278 4381 3796 4466">
    <p class='ocr_par' dir='ltr' id='par_1_106' title="bbox 2278 4381 3796 4466">
     <span class='ocr_line' id='line_1_108' title="bbox 2278 4381 3796 4466; baseline 0.013 -32"><span class='ocrx_word' id='word_1_788' title='bbox 2278 4381 2412 4438; x_wconf 69' lang='lat' dir='ltr'><strong>Avo.</strong></span> <span class='ocrx_word' id='word_1_789' title='bbox 2459 4381 2726 4455; x_wconf 80' lang='lat' dir='ltr'><strong>Numquid</strong></span> <span class='ocrx_word' id='word_1_790' title='bbox 2768 4385 3058 4457; x_wconf 81' lang='lat' dir='ltr'><strong>Apostolus</strong></span> <span class='ocrx_word' id='word_1_791' title='bbox 3091 4404 3305 4448; x_wconf 84' lang='lat' dir='ltr'><strong>omnem</strong></span> <span class='ocrx_word' id='word_1_792' title='bbox 3345 4397 3796 4466; x_wconf 64' lang='lat' dir='ltr'><strong>concupiscentia</strong></span> 
     </span>
    </p>
   </div>
   <div class='ocr_carea' id='block_1_107' title="bbox 2207 4472 3798 4558">
    <p class='ocr_par' dir='ltr' id='par_1_107' title="bbox 2207 4472 3798 4558">
     <span class='ocr_line' id='line_1_109' title="bbox 2207 4472 3798 4558; baseline 0.011 -33"><span class='ocrx_word' id='word_1_793' title='bbox 2207 4472 2435 4526; x_wconf 84' lang='lat' dir='ltr'><strong>carnalis</strong></span> <span class='ocrx_word' id='word_1_794' title='bbox 2461 4489 2612 4528; x_wconf 89' lang='lat' dir='ltr'><strong>usum</strong></span> <span class='ocrx_word' id='word_1_795' title='bbox 2639 4476 2920 4548; x_wconf 86' lang='lat' dir='ltr'><strong>vituperat,</strong></span> <span class='ocrx_word' id='word_1_796' title='bbox 2949 4479 3040 4549; x_wconf 88' lang='lat' dir='ltr'><strong>qui</strong></span> <span class='ocrx_word' id='word_1_797' title='bbox 3073 4480 3234 4554; x_wconf 64' lang='lat' dir='ltr'><strong>dicit,</strong></span> <span class='ocrx_word' id='word_1_798' title='bbox 3263 4481 3330 4538; x_wconf 83' lang='lat' dir='ltr'><strong>Et</strong></span> <span class='ocrx_word' id='word_1_799' title='bbox 3352 4486 3399 4539; x_wconf 75' lang='lat' dir='ltr'><strong>si</strong></span> <span class='ocrx_word' id='word_1_800' title='bbox 3423 4489 3680 4558; x_wconf 70' lang='lat' dir='ltr'><strong>acceperis</strong></span> <span class='ocrx_word' id='word_1_801' title='bbox 3705 4507 3798 4543; x_wconf 72' lang='lat' dir='ltr'><strong>ux-</strong></span> 
     </span>
    </p>
   </div>
   <div class='ocr_carea' id='block_1_108' title="bbox 2207 4569 3794 4655">
    <p class='ocr_par' dir='ltr' id='par_1_108' title="bbox 2207 4569 3794 4655">
     <span class='ocr_line' id='line_1_110' title="bbox 2207 4569 3794 4655; baseline 0.011 -37"><span class='ocrx_word' id='word_1_802' title='bbox 2207 4579 2344 4618; x_wconf 84' lang='lat' dir='ltr'><strong>orem</strong></span> <span class='ocrx_word' id='word_1_803' title='bbox 2363 4605 2377 4630; x_wconf 95' lang='lat'><strong>,</strong></span> <span class='ocrx_word' id='word_1_804' title='bbox 2406 4583 2506 4620; x_wconf 80' lang='lat' dir='ltr'><strong>non</strong></span> <span class='ocrx_word' id='word_1_805' title='bbox 2533 4569 2780 4636; x_wconf 70' lang='lat' dir='ltr'><strong>peccasti;</strong></span> <span class='ocrx_word' id='word_1_806' title='bbox 2803 4579 2850 4624; x_wconf 83' lang='lat' dir='ltr'><strong>et</strong></span> <span class='ocrx_word' id='word_1_807' title='bbox 2875 4571 2920 4624; x_wconf 75' lang='lat' dir='ltr'><strong>si</strong></span> <span class='ocrx_word' id='word_1_808' title='bbox 2941 4575 3168 4642; x_wconf 74' lang='lat' dir='ltr'><strong>nupserit</strong></span> <span class='ocrx_word' id='word_1_809' title='bbox 3189 4575 3336 4646; x_wconf 69' lang='lat' dir='ltr'><strong>uirgo</strong></span> <span class='ocrx_word' id='word_1_810' title='bbox 3353 4618 3368 4641; x_wconf 93' lang='lat'><strong>,</strong></span> <span class='ocrx_word' id='word_1_811' title='bbox 3395 4594 3500 4633; x_wconf 76' lang='lat' dir='ltr'><strong>non</strong></span> <span class='ocrx_word' id='word_1_812' title='bbox 3541 4591 3718 4650; x_wconf 80' lang='lat' dir='ltr'><strong>peccat</strong></span> <span class='ocrx_word' id='word_1_813' title='bbox 3753 4582 3794 4655; x_wconf 74' lang='grc' dir='ltr'><strong>(Ι</strong></span> 
     </span>
    </p>
   </div>
   <div class='ocr_carea' id='block_1_109' title="bbox 2203 4654 3792 4740">
    <p class='ocr_par' dir='ltr' id='par_1_109' title="bbox 2203 4654 3792 4740">
     <span class='ocr_line' id='line_1_111' title="bbox 2203 4654 3792 4740; baseline 0.011 -30"><span class='ocrx_word' id='word_1_814' title='bbox 2203 4654 2324 4711; x_wconf 83' lang='lat' dir='ltr'><strong>Cor.</strong></span> <span class='ocrx_word' id='word_1_815' title='bbox 2351 4673 2441 4724; x_wconf 87' lang='lat' dir='ltr'><strong>vn,</strong></span> <span class='ocrx_word' id='word_1_816' title='bbox 2465 4657 2598 4728; x_wconf 82' lang='lat'><strong>28)?</strong></span> <span class='ocrx_word' id='word_1_817' title='bbox 2621 4657 2764 4730; x_wconf 87' lang='lat' dir='ltr'><strong>Ergo</strong></span> <span class='ocrx_word' id='word_1_818' title='bbox 2787 4660 3109 4718; x_wconf 63' lang='lat' dir='ltr'><strong>Manichacus</strong></span> <span class='ocrx_word' id='word_1_819' title='bbox 3133 4665 3256 4736; x_wconf 91' lang='lat' dir='ltr'><strong>quid</strong></span> <span class='ocrx_word' id='word_1_820' title='bbox 3287 4667 3536 4737; x_wconf 88' lang='lat' dir='ltr'><strong>loquatur</strong></span> <span class='ocrx_word' id='word_1_821' title='bbox 3561 4654 3792 4740; x_wconf 74' lang='lat' dir='ltr'><strong>ignorat.</strong></span> 
     </span>
    </p>
   </div>
   <div class='ocr_carea' id='block_1_110' title="bbox 2205 4743 3794 4828">
    <p class='ocr_par' dir='ltr' id='par_1_110' title="bbox 2205 4743 3794 4828">
     <span class='ocr_line' id='line_1_112' title="bbox 2205 4743 3794 4828; baseline 0.011 -28"><span class='ocrx_word' id='word_1_822' title='bbox 2205 4743 2310 4800; x_wconf 92' lang='lat' dir='ltr'><strong>Sed</strong></span> <span class='ocrx_word' id='word_1_823' title='bbox 2337 4763 2434 4802; x_wconf 89' lang='lat' dir='ltr'><strong>nec</strong></span> <span class='ocrx_word' id='word_1_824' title='bbox 2462 4756 2516 4802; x_wconf 90' lang='lat' dir='ltr'><strong>tu</strong></span> <span class='ocrx_word' id='word_1_825' title='bbox 2543 4749 2668 4818; x_wconf 90' lang='lat' dir='ltr'><strong>quid</strong></span> <span class='ocrx_word' id='word_1_826' title='bbox 2695 4751 2932 4819; x_wconf 91' lang='lat' dir='ltr'><strong>loquaris</strong></span> <span class='ocrx_word' id='word_1_827' title='bbox 2961 4752 3231 4824; x_wconf 87' lang='lat' dir='ltr'><strong>intelligis,</strong></span> <span class='ocrx_word' id='word_1_828' title='bbox 3259 4757 3350 4826; x_wconf 89' lang='lat' dir='ltr'><strong>qui</strong></span> <span class='ocrx_word' id='word_1_829' title='bbox 3379 4766 3534 4828; x_wconf 91' lang='lat' dir='ltr'><strong>putas</strong></span> <span class='ocrx_word' id='word_1_830' title='bbox 3559 4761 3708 4815; x_wconf 85' lang='lat' dir='ltr'><strong>aliud</strong></span> <span class='ocrx_word' id='word_1_831' title='bbox 3735 4763 3794 4816; x_wconf 88' lang='lat' dir='ltr'><strong>si-</strong></span> 
     </span>
    </p>
   </div>
   <div class='ocr_carea' id='block_1_111' title="bbox 2205 4836 3792 4918">
    <p class='ocr_par' dir='ltr' id='par_1_111' title="bbox 2205 4836 3792 4918">
     <span class='ocr_line' id='line_1_113' title="bbox 2205 4836 3792 4918; baseline 0.009 -29"><span class='ocrx_word' id='word_1_832' title='bbox 2205 4836 2484 4905; x_wconf 79' lang='lat' dir='ltr'><strong>gniﬁcasse</strong></span> <span class='ocrx_word' id='word_1_833' title='bbox 2516 4839 2826 4908; x_wconf 85' lang='lat' dir='ltr'><strong>Apostolum</strong></span> <span class='ocrx_word' id='word_1_834' title='bbox 2855 4856 3015 4911; x_wconf 85' lang='lat' dir='ltr'><strong>quam</strong></span> <span class='ocrx_word' id='word_1_835' title='bbox 3047 4846 3221 4900; x_wconf 89' lang='lat' dir='ltr'><strong>carnis</strong></span> <span class='ocrx_word' id='word_1_836' title='bbox 3247 4849 3746 4918; x_wconf 84' lang='lat' dir='ltr'><strong>concupiscentiam</strong></span> <span class='ocrx_word' id='word_1_837' title='bbox 3777 4871 3792 4904; x_wconf 90' lang='lat'>:</span> 
     </span>
    </p>
   </div>
   <div class='ocr_carea' id='block_1_112' title="bbox 2205 4925 3792 5006">
    <p class='ocr_par' dir='ltr' id='par_1_112' title="bbox 2205 4925 3792 5006">
     <span class='ocr_line' id='line_1_114' title="bbox 2205 4925 3792 5006; baseline 0.01 -26"><span class='ocrx_word' id='word_1_838' title='bbox 2205 4925 2275 4982; x_wconf 90' lang='lat' dir='ltr'><strong>de</strong></span> <span class='ocrx_word' id='word_1_839' title='bbox 2303 4943 2404 4997; x_wconf 91' lang='lat' dir='ltr'><strong>qua</strong></span> <span class='ocrx_word' id='word_1_840' title='bbox 2431 4929 2567 4984; x_wconf 84' lang='lat' dir='ltr'><strong>alius</strong></span> <span class='ocrx_word' id='word_1_841' title='bbox 2591 4931 2864 5000; x_wconf 89' lang='lat' dir='ltr'><strong>apostolus</strong></span> <span class='ocrx_word' id='word_1_842' title='bbox 2883 4975 2896 4998; x_wconf 86' lang='lat'><strong>,</strong></span> <span class='ocrx_word' id='word_1_843' title='bbox 2925 4933 3068 5004; x_wconf 88' lang='lat' dir='ltr'><strong>quod</strong></span> <span class='ocrx_word' id='word_1_844' title='bbox 3093 4949 3202 4990; x_wconf 87' lang='lat' dir='ltr'><strong>non</strong></span> <span class='ocrx_word' id='word_1_845' title='bbox 3229 4937 3350 4992; x_wconf 89' lang='lat' dir='ltr'><strong>sita</strong></span> <span class='ocrx_word' id='word_1_846' title='bbox 3381 4939 3540 4994; x_wconf 86' lang='lat' dir='ltr'><strong>Patre</strong></span> <span class='ocrx_word' id='word_1_847' title='bbox 3559 4982 3576 5006; x_wconf 91' lang='lat'><strong>,</strong></span> <span class='ocrx_word' id='word_1_848' title='bbox 3601 4941 3704 4996; x_wconf 85' lang='lat' dir='ltr'><strong>sed</strong></span> <span class='ocrx_word' id='word_1_849' title='bbox 3733 4957 3792 4996; x_wconf 83' lang='lat' dir='ltr'><strong>ex</strong></span> 
     </span>
    </p>
   </div>
   <div class='ocr_carea' id='block_1_113' title="bbox 2205 5019 3788 5099">
    <p class='ocr_par' dir='ltr' id='par_1_113' title="bbox 2205 5019 3788 5099">
     <span class='ocr_line' id='line_1_115' title="bbox 2205 5019 3788 5099; baseline 0.012 -28"><span class='ocrx_word' id='word_1_850' title='bbox 2205 5021 2404 5073; x_wconf 90' lang='lat' dir='ltr'><strong>mundo</strong></span> <span class='ocrx_word' id='word_1_851' title='bbox 2429 5019 2530 5084; x_wconf 87' lang='lat' dir='ltr'><strong>sit,</strong></span> <span class='ocrx_word' id='word_1_852' title='bbox 2561 5019 2688 5076; x_wconf 89' lang='lat' dir='ltr'><strong>dicit</strong></span> <span class='ocrx_word' id='word_1_853' title='bbox 2717 5021 2760 5092; x_wconf 94' lang='lat' dir='ltr'><strong>(I</strong></span> <span class='ocrx_word' id='word_1_854' title='bbox 2787 5021 2944 5078; x_wconf 79' lang='lat' dir='ltr'><strong>Joan.</strong></span> <span class='ocrx_word' id='word_1_855' title='bbox 2981 5041 3050 5090; x_wconf 85' lang='grc' dir='ltr'>ιι,</span> <span class='ocrx_word' id='word_1_856' title='bbox 3085 5027 3172 5096; x_wconf 84' lang='grc'><strong>16)</strong></span> <span class='ocrx_word' id='word_1_857' title='bbox 3201 5046 3215 5082; x_wconf 88' lang='lat'><strong>:</strong></span> <span class='ocrx_word' id='word_1_858' title='bbox 3244 5044 3346 5099; x_wconf 89' lang='lat' dir='ltr'><strong>qua</strong></span> <span class='ocrx_word' id='word_1_859' title='bbox 3371 5029 3392 5061; x_wconf 81' lang='grc'>¹</span> <span class='ocrx_word' id='word_1_860' title='bbox 3419 5041 3476 5085; x_wconf 91' lang='grc' dir='ltr'><strong>ιιι</strong></span> <span class='ocrx_word' id='word_1_861' title='bbox 3501 5047 3626 5088; x_wconf 87' lang='lat' dir='ltr'><strong>caro</strong></span> <span class='ocrx_word' id='word_1_862' title='bbox 3653 5049 3788 5088; x_wconf 81' lang='lat' dir='ltr'><strong>con-</strong></span> 
     </span>
    </p>
   </div>
   <div class='ocr_carea' id='block_1_114' title="bbox 2203 5107 3788 5190">
    <p class='ocr_par' dir='ltr' id='par_1_114' title="bbox 2203 5107 3788 5190">
     <span class='ocr_line' id='line_1_116' title="bbox 2203 5107 3788 5190; baseline 0.011 -29"><span class='ocrx_word' id='word_1_863' title='bbox 2203 5108 2442 5178; x_wconf 84' lang='lat' dir='ltr'><strong>cupiscat</strong></span> <span class='ocrx_word' id='word_1_864' title='bbox 2465 5107 2720 5166; x_wconf 86' lang='lat' dir='ltr'><strong>adversus</strong></span> <span class='ocrx_word' id='word_1_865' title='bbox 2757 5111 3020 5182; x_wconf 90' lang='lat' dir='ltr'><strong>spiritum,</strong></span> <span class='ocrx_word' id='word_1_866' title='bbox 3047 5131 3112 5170; x_wconf 88' lang='lat' dir='ltr'><strong>ex</strong></span> <span class='ocrx_word' id='word_1_867' title='bbox 3141 5117 3294 5186; x_wconf 87' lang='lat' dir='ltr'><strong>primi</strong></span> <span class='ocrx_word' id='word_1_868' title='bbox 3323 5119 3554 5175; x_wconf 87' lang='lat' dir='ltr'><strong>hominis</strong></span> <span class='ocrx_word' id='word_1_869' title='bbox 3587 5137 3788 5190; x_wconf 52' lang='lat' dir='ltr'><strong>pra-va.</strong></span> 
     </span>
    </p>
   </div>
   <div class='ocr_carea' id='block_1_115' title="bbox 2209 5199 3788 5270">
    <p class='ocr_par' dir='ltr' id='par_1_115' title="bbox 2209 5199 3788 5270">
     <span class='ocr_line' id='line_1_117' title="bbox 2209 5199 3788 5270; baseline 0.005 -16"><span class='ocrx_word' id='word_1_870' title='bbox 2209 5199 2471 5255; x_wconf 86' lang='lat' dir='ltr'><strong>ricatione</strong></span> <span class='ocrx_word' id='word_1_871' title='bbox 2509 5199 2855 5270; x_wconf 86' lang='lat' dir='ltr'><strong>descendere,</strong></span> <span class='ocrx_word' id='word_1_872' title='bbox 2896 5205 3188 5261; x_wconf 89' lang='lat' dir='ltr'><strong>catholicus</strong></span> <span class='ocrx_word' id='word_1_873' title='bbox 3215 5207 3404 5265; x_wconf 84' lang='lat' dir='ltr'><strong>doctus</strong></span> <span class='ocrx_word' id='word_1_874' title='bbox 3437 5221 3494 5266; x_wconf 89' lang='lat' dir='ltr'><strong>et</strong></span> <span class='ocrx_word' id='word_1_875' title='bbox 3521 5212 3712 5266; x_wconf 88' lang='lat' dir='ltr'><strong>doctor</strong></span> <span class='ocrx_word' id='word_1_876' title='bbox 3735 5221 3788 5267; x_wconf 87' lang='lat' dir='ltr'><strong>et</strong></span> 
     </span>
    </p>
   </div>
   <div class='ocr_carea' id='block_1_116' title="bbox 2203 5289 3786 5371">
    <p class='ocr_par' dir='ltr' id='par_1_116' title="bbox 2203 5289 3786 5371">
     <span class='ocr_line' id='line_1_118' title="bbox 2203 5289 3786 5371; baseline 0.009 -28"><span class='ocrx_word' id='word_1_877' title='bbox 2203 5289 2384 5345; x_wconf 89' lang='lat' dir='ltr'><strong>didicit</strong></span> <span class='ocrx_word' id='word_1_878' title='bbox 2417 5291 2472 5346; x_wconf 83' lang='lat' dir='ltr'><strong>in</strong></span> <span class='ocrx_word' id='word_1_879' title='bbox 2505 5289 2776 5348; x_wconf 70' lang='lat' dir='ltr'><strong>Catholica</strong></span> <span class='ocrx_word' id='word_1_880' title='bbox 2814 5293 2837 5326; x_wconf 84' lang='grc'><strong><em>³</em></strong></span> <span class='ocrx_word' id='word_1_881' title='bbox 2873 5305 2927 5350; x_wconf 90' lang='lat' dir='ltr'><strong>et</strong></span> <span class='ocrx_word' id='word_1_882' title='bbox 2963 5295 3143 5355; x_wconf 89' lang='lat' dir='ltr'><strong>docuit</strong></span> <span class='ocrx_word' id='word_1_883' title='bbox 3169 5299 3481 5371; x_wconf 63' lang='lat' dir='ltr'><strong>(Amrosius</strong></span> <span class='ocrx_word' id='word_1_884' title='bbox 3503 5345 3518 5368; x_wconf 94' lang='lat'><strong>,</strong></span> <span class='ocrx_word' id='word_1_885' title='bbox 3551 5303 3638 5358; x_wconf 76' lang='lat' dir='ltr'><strong>lib.</strong></span> <span class='ocrx_word' id='word_1_886' title='bbox 3673 5304 3704 5358; x_wconf 78' lang='grc'><strong>7</strong></span> <span class='ocrx_word' id='word_1_887' title='bbox 3735 5303 3786 5357; x_wconf 74' lang='lat' dir='ltr'><strong>in</strong></span> 
     </span>
    </p>
   </div>
   <div class='ocr_carea' id='block_1_117' title="bbox 2203 5379 2482 5452">
    <p class='ocr_par' dir='ltr' id='par_1_117' title="bbox 2203 5379 2482 5452">
     <span class='ocr_line' id='line_1_119' title="bbox 2203 5379 2482 5452; baseline 0.004 -17"><span class='ocrx_word' id='word_1_888' title='bbox 2203 5379 2332 5435; x_wconf 82' lang='lat' dir='ltr'><strong>Luc.</strong></span> <span class='ocrx_word' id='word_1_889' title='bbox 2363 5379 2482 5452; x_wconf 88' lang='lat' dir='ltr'><strong>xu).</strong></span> 
     </span>
    </p>
   </div>
   <div class='ocr_carea' id='block_1_118' title="bbox 2273 5471 3782 5543">
    <p class='ocr_par' dir='ltr' id='par_1_118' title="bbox 2273 5471 3782 5543">
     <span class='ocr_line' id='line_1_120' title="bbox 2273 5471 3782 5543; baseline 0.009 -16"><span class='ocrx_word' id='word_1_890' title='bbox 2273 5471 2600 5529; x_wconf 81' lang='lat' dir='ltr'><strong>CLXXXVI.</strong></span> <span class='ocrx_word' id='word_1_891' title='bbox 2649 5473 2765 5531; x_wconf 65' lang='lat' dir='ltr'><strong>Jun.</strong></span> <span class='ocrx_word' id='word_1_892' title='bbox 2803 5475 2954 5543; x_wconf 87' lang='lat' dir='ltr'><strong>Quod</strong></span> <span class='ocrx_word' id='word_1_893' title='bbox 2997 5487 3176 5536; x_wconf 87' lang='lat' dir='ltr'><strong>autem</strong></span> <span class='ocrx_word' id='word_1_894' title='bbox 3213 5483 3436 5538; x_wconf 87' lang='lat' dir='ltr'><strong>multum</strong></span> <span class='ocrx_word' id='word_1_895' title='bbox 3475 5483 3542 5538; x_wconf 88' lang='lat' dir='ltr'><strong>ad</strong></span> <span class='ocrx_word' id='word_1_896' title='bbox 3591 5485 3782 5540; x_wconf 74' lang='lat' dir='ltr'><strong>distin-</strong></span> 
     </span>
    </p>
   </div>
   <div class='ocr_carea' id='block_1_119' title="bbox 2203 5563 3780 5634">
    <p class='ocr_par' dir='ltr' id='par_1_119' title="bbox 2203 5563 3780 5634">
     <span class='ocr_line' id='line_1_121' title="bbox 2203 5563 3780 5634; baseline 0.009 -16"><span class='ocrx_word' id='word_1_897' title='bbox 2203 5563 2432 5620; x_wconf 91' lang='lat' dir='ltr'><strong>ctionem</strong></span> <span class='ocrx_word' id='word_1_898' title='bbox 2460 5563 2597 5620; x_wconf 90' lang='lat' dir='ltr'><strong>inter</strong></span> <span class='ocrx_word' id='word_1_899' title='bbox 2623 5575 2674 5622; x_wconf 90' lang='lat' dir='ltr'><strong>te</strong></span> <span class='ocrx_word' id='word_1_900' title='bbox 2701 5577 2753 5622; x_wconf 87' lang='lat' dir='ltr'><strong>et</strong></span> <span class='ocrx_word' id='word_1_901' title='bbox 2781 5567 3128 5626; x_wconf 75' lang='lat' dir='ltr'><strong>Manichtcum</strong></span> <span class='ocrx_word' id='word_1_902' title='bbox 3160 5573 3442 5629; x_wconf 87' lang='lat' dir='ltr'><strong>tenendam</strong></span> <span class='ocrx_word' id='word_1_903' title='bbox 3470 5573 3649 5632; x_wconf 86' lang='lat' dir='ltr'><strong>valere</strong></span> <span class='ocrx_word' id='word_1_904' title='bbox 3673 5575 3780 5634; x_wconf 76' lang='lat' dir='ltr'><strong>exi-</strong></span> 
     </span>
    </p>
   </div>
   <div class='ocr_carea' id='block_1_120' title="bbox 2267 5673 2967 5734">
    <p class='ocr_par' dir='ltr' id='par_1_120' title="bbox 2267 5673 2967 5734">
     <span class='ocr_line' id='line_1_122' title="bbox 2267 5673 2967 5734; baseline 0.016 -15"><span class='ocrx_word' id='word_1_905' title='bbox 2267 5673 2284 5704; x_wconf 84' lang='grc' dir='ltr'><strong>ι</strong></span> <span class='ocrx_word' id='word_1_906' title='bbox 2319 5681 2402 5723; x_wconf 78' lang='lat' dir='ltr'><strong>Ms.</strong></span> <span class='ocrx_word' id='word_1_907' title='bbox 2443 5681 2590 5734; x_wconf 84' lang='lat' dir='ltr'><strong>Port.,</strong></span> <span class='ocrx_word' id='word_1_908' title='bbox 2634 5687 2967 5730; x_wconf 77' lang='lat' dir='ltr'><strong>conuuoneres.</strong></span> 
     </span>
    </p>
   </div>
   <div class='ocr_carea' id='block_1_121' title="bbox 2264 5737 3058 5806">
    <p class='ocr_par' dir='ltr' id='par_1_121' title="bbox 2264 5737 3058 5806">
     <span class='ocr_line' id='line_1_123' title="bbox 2264 5737 3058 5806; baseline 0.015 -26"><span class='ocrx_word' id='word_1_909' title='bbox 2264 5737 2286 5806; x_wconf 67' lang='grc' dir='ltr'><strong>ξ</strong></span> <span class='ocrx_word' id='word_1_910' title='bbox 2317 5737 2754 5806; x_wconf 43' lang='grc' dir='ltr'><strong>Ϊίξςιιίυι-ἱιιεηᾳιᾴα.</strong></span> <span class='ocrx_word' id='word_1_911' title='bbox 2948 5755 3058 5806; x_wconf 82' lang='lat' dir='ltr'><strong>qua.</strong></span> 
     </span>
    </p>
   </div>
   <div class='ocr_carea' id='block_1_122' title="bbox 2208 5797 3766 5923">
    <p class='ocr_par' dir='ltr' id='par_1_122' title="bbox 2208 5797 3766 5923">
     <span class='ocr_line' id='line_1_124' title="bbox 2208 5797 3766 5923; baseline 0.016 -82"><span class='ocrx_word' id='word_1_912' title='bbox 2208 5798 2286 5910; x_wconf 67' lang='lat' dir='ltr'><strong>sc;</strong></span> <span class='ocrx_word' id='word_1_913' title='bbox 2303 5797 2432 5923; x_wconf 43' lang='lat' dir='ltr'><strong>ﬂagiti</strong></span> <span class='ocrx_word' id='word_1_914' title='bbox 2451 5834 2464 5856; x_wconf 85' lang='lat'><strong>,</strong></span> <span class='ocrx_word' id='word_1_915' title='bbox 2514 5797 2722 5850; x_wconf 75' lang='lat' dir='ltr'><strong>Ecclesia</strong></span> <span class='ocrx_word' id='word_1_916' title='bbox 2757 5797 3005 5854; x_wconf 62' lang='lat' dir='ltr'><strong>catholica.</strong></span> <span class='ocrx_word' id='word_1_917' title='bbox 3047 5808 3205 5870; x_wconf 64' lang='lat' dir='ltr'><strong>abest,</strong></span> <span class='ocrx_word' id='word_1_918' title='bbox 3254 5808 3464 5864; x_wconf 75' lang='lat' dir='ltr'><strong>Ecclesia</strong></span> <span class='ocrx_word' id='word_1_919' title='bbox 3478 5849 3493 5876; x_wconf 89' lang='lat'><strong>,</strong></span> <span class='ocrx_word' id='word_1_920' title='bbox 3537 5826 3566 5862; x_wconf 91' lang='lat' dir='ltr'><strong>a</strong></span> <span class='ocrx_word' id='word_1_921' title='bbox 3611 5825 3766 5862; x_wconf 70' lang='lat' dir='ltr'><strong>Imu-</strong></span> 
     </span>
     <span class='ocr_line' id='line_1_125' title="bbox 2285 5873 2392 5908; baseline -0.009 0"><span class='ocrx_word' id='word_1_922' title='bbox 2285 5875 2330 5908; x_wconf 82' lang='lat' dir='ltr'><strong>ll</strong></span> <span class='ocrx_word' id='word_1_923' title='bbox 2385 5873 2392 5880; x_wconf 90' lang='grc'>·</span> 
     </span>
    </p>
   </div>
  </div>
