4058 6464
463 261 622 320 .132:

471 372 747 435 infantes;
791 383 924 438 quos
965 367 1098 423 nihil
1145 381 1240 436 per
1276 381 1336 422 se
1383 366 1505 420 mali
1535 365 1708 435 egisse
1742 363 1992 420 constat?
2030 381 2050 416 ι

480 463 605 517 ideo
629 471 802 516 autem
833 458 941 512 dixi
973 456 1100 511 illud
1126 472 1220 524 per
1246 455 1530 510 multorum
1557 455 1778 509 volitare
1803 455 2008 523 linguas
2037 495 2053 519 ,

480 551 602 620 quia
629 549 891 620 vnlgarius
917 553 1284 616 argumentum
1313 546 1471 599 etiam
1501 559 1533 598 a
1565 542 1729 598 tardis
1757 543 2056 612 quibusque

460 641 918 711 comprehensum
949 645 1031 690 est
1057 653 1070 689 :
1097 644 1348 691 caeterum
1390 642 1445 688 tu
1480 634 1535 688 in
1571 632 1674 688 tuis
1711 633 1861 688 libris
1899 633 1950 686 in
1989 646 2055 687 eo

477 745 627 799 spem
672 736 834 782 totam
879 725 1112 796 reponis.
1158 723 1228 779 Et
1261 723 1363 780 hoc
1389 737 1517 795 ergo
1561 723 1732 794 ipsum
1765 722 1868 777 hoc
1895 720 2055 776 modo

479 829 600 873 tuus
625 825 924 888 praeceptor
951 815 1256 884 exsequitur
1283 831 1296 868 :
1323 832 1348 866 ς
1379 813 1480 881 Qui
1507 812 1590 868 his
1615 813 1789 868 verbis
1819 811 1945 866 mihi
1974 811 2056 865 in-

477 906 780 978 terrogandi
809 912 967 970 sunt,
999 904 1054 960 Si
1094 919 1252 960 omne
1280 905 1479 959 malum
1506 903 1713 960 actua-le
1737 912 1856 968 est;
1897 912 2052 958 ante-

361 1045 363 1047 .
401 1014 405 1018 ’
463 1013 632 1068 quam
659 996 853 1051 malum
877 993 1139 1065 quispiam
1167 1005 1288 1065 agat
1315 1008 1478 1063 quare
1504 993 1698 1063 accipit
1726 991 2053 1063 puriﬁcatio-

473 1102 598 1142 nem
627 1099 798 1156 aquae,
828 1099 948 1139 cum
979 1084 1182 1138 nullum
1209 1083 1405 1138 malum
1431 1083 1601 1154 egerit
1628 1097 1722 1152 per
1745 1081 1849 1137 se?
1875 1083 1980 1137 Aut
2006 1080 2052 1136 si

472 1177 700 1233 necdum
726 1175 869 1246 egit,
900 1184 954 1230 et
983 1173 1339 1244 purificandus
1367 1181 1487 1240 est;
1521 1173 1647 1229 licet
1675 1173 1691 1205 ¹
1717 1187 1810 1227 eos
1840 1181 2053 1226 natura—

473 1268 594 1322 liter
641 1266 794 1322 malae
839 1265 1019 1334 stirpis
1060 1263 1459 1334 pullulationem
1503 1263 1787 1319 ostendere
1824 1265 1847 1296 ³
1885 1302 1901 1326 ,
1934 1263 2052 1317 illos

470 1359 616 1428 ipsos
634 1373 766 1429 quos
785 1355 1014 1412 amentia
1035 1369 1141 1410 non
1161 1355 1288 1410 sinit
1307 1354 1622 1423 intelligere,
1642 1370 1814 1424 neque
1833 1370 1953 1424 qua:
1972 1353 2053 1408 di-

469 1459 616 1512 cunt,
640 1462 811 1519 neque
827 1447 894 1502 de
911 1447 1101 1517 quibus
1118 1444 1389 1499 aflirmant
1414 1461 1435 1496 ι
1460 1442 1716 1516 (Epistola
1732 1442 2046 1514 Manichrri).

467 1541 638 1596 Audis
676 1539 942 1611 quomodo
979 1539 1307 1594 conviciatur
1335 1537 1534 1593 nobis?
1567 1539 1821 1592 Amentes
1857 1544 2046 1602 vocat,

468 1647 570 1688 nec
598 1632 954 1703 intelligentes
989 1630 1072 1686 vel
1095 1645 1214 1701 quae
1237 1630 1481 1686 dicamus
1505 1671 1520 1696 ,
1551 1629 1632 1684 vel
1663 1644 1782 1700 quae
1808 1629 2049 1684 attinue-

468 1736 611 1790 mus,
640 1721 731 1792 qui
767 1721 920 1776 malai
948 1721 1128 1791 stirpis
1166 1719 1566 1790 pullulationem
1597 1734 1892 1790 negemus;
1925 1732 2045 1773 cum

460 1814 796 1885 baptizemus
829 1815 990 1870 etiam
1031 1829 1124 1870 eos
1162 1814 1472 1885 puriﬁcante
1500 1829 1633 1884 aqua
1658 1852 1674 1880 ,
1718 1813 1810 1884 qui
1849 1813 2047 1868 malum

466 1908 670 1964 nullum
698 1908 935 1978 egerint,
969 1905 1018 1962 id
1049 1915 1165 1974 est,
1197 1906 1467 1975 parvulos.
1502 1906 1674 1960 Posita
1705 1914 1831 1960 sunt
1857 1918 2049 1974 nempe

465 1997 536 2053 de
558 1997 675 2067 ejus
700 1997 866 2052 multa
894 1997 1172 2052 sententiis
1195 1995 1217 2028 ³
1242 2014 1255 2051 :
1281 1995 1374 2052 sed
1401 1996 1500 2050 nisi
1531 1995 1755 2052 Menoch
1783 1995 1963 2058 tiliam,
1993 2003 2051 2050 et

460 2089 812 2145 Manichteum
835 2088 925 2158 qui
946 2102 1006 2144 se
1024 2088 1217 2144 Christi
1241 2088 1536 2157 apostolum
1560 2087 1800 2141 nominat
1825 2086 2045 2158 (Supra,

472 2196 588 2252 cap.
622 2179 772 2252 172),
802 2179 983 2235 titulus
1013 2179 1290 2245 indica-ret,
1325 2187 1375 2233 te
1406 2178 1625 2233 omnino
1649 2193 1802 2232 suum
1831 2177 2049 2248 pollice-

465 2278 647 2326 rentur
670 2279 962 2326 auctorem.
992 2268 1122 2324 Cum
1153 2283 1282 2339 ergo
1321 2268 1456 2322 nihil
1496 2267 1636 2322 aliud
1673 2266 1820 2321 dicas
1840 2307 1855 2333 ,
1887 2279 2045 2336 quam

463 2359 607 2430 quod
635 2359 774 2415 Mani
797 2359 818 2393 ⁵
843 2359 1072 2416 docente
1100 2358 1366 2422 didicisti;
1399 2368 1549 2426 putas
1579 2366 1630 2412 te
1658 2355 1710 2412 in
1737 2357 2048 2412 testimatio-

464 2467 535 2507 ne
570 2450 963 2506 Catholicorum
1002 2449 1156 2507 aliter
1193 2447 1520 2513 habendum,
1561 2462 1720 2518 quam
1761 2446 1909 2501 illum
1951 2460 2048 2516 per

461 2557 622 2613 quem
649 2541 831 2598 talium
856 2541 1162 2613 dogmatum
1193 2549 1524 2596 sacramenta
1555 2538 1792 2608 potasti?

533 2634 668 2690 Anc.
717 2633 904 2689 Finisti
945 2632 1163 2688 tandem
1190 2671 1205 2696 ,
1243 2645 1362 2701 qua:
1397 2631 1465 2686 de
1497 2629 1767 2686 Manichmi
1801 2628 2045 2699 epistola,

463 2739 621 2794 quam
644 2723 717 2779 tui
736 2723 954 2794 collega
969 2723 1114 2780 Fieri
1131 2721 1460 2778 orationibus
1470 2720 1681 2791 adjutus
1710 2729 1762 2775 te
1783 2720 2048 2774 invenisse

462 2813 684 2880 lzetaris,
701 2823 884 2870 contra
901 2829 1000 2870 nos
1012 2813 1212 2886 putasti
1231 2816 1352 2869 esse
1361 2811 1606 2868 dicenda.
1628 2809 1732 2867 Ubi
1759 2821 1905 2866 certe
1935 2810 2047 2865 Ma-

463 2905 700 2961 niclueus
716 2906 1198 2978 concupiscentiam
1219 2904 1396 2960 carnis
1407 2911 1637 2966 accusat,
1653 2917 1754 2973 qua
1773 2916 1900 2958 caro
1915 2916 2048 2958 con-

462 2999 688 3068 cupiscit
704 2997 960 3054 adversus
979 2999 1223 3069 spiritum
1243 3015 1256 3052 :
1276 2999 1415 3052 hanc
1433 3008 1610 3052 autem
1634 2995 1924 3052 Catholicis
1945 2996 2046 3050 ob.

463 3088 751 3158 jiciendam
781 3091 860 3144 sic
899 3090 1215 3154 arbitratur,
1247 3096 1497 3157 tanquam
1528 3103 1646 3142 eam
1691 3088 1884 3142 bonam
1927 3102 2049 3146 esse

463 3178 660 3246 dicant,
677 3179 803 3250 quia
831 3178 1133 3249 nuptiarum
1160 3177 1360 3232 bonum
1377 3177 1631 3232 doctrinae
1656 3177 1938 3234 dominica:
1962 3188 2046 3235 at-

463 3283 568 3338 que
607 3267 910 3338 apostolica:
948 3268 1176 3324 sanitate
1216 3267 1613 3324 commendant.
1639 3269 1865 3338 Quando
1905 3273 2048 3325 enim

461 3366 647 3430 posset
690 3357 1012 3414 Manichteus
1038 3358 1236 3412 malum
1277 3359 1723 3428 concupiscentia!
1763 3361 1991 3415 carnalis
2017 3374 2047 3414 a

462 3448 604 3504 bono
627 3443 933 3504 discernere
961 3447 1222 3518 conjugali
1244 3486 1260 3513 ,
1286 3462 1408 3510 cum
1437 3448 1505 3504 ad
1534 3449 1786 3504 Hebraeos
1813 3449 2048 3519 Epistola

463 3537 678 3596 nonnisi
705 3552 890 3594 eorum
919 3537 1060 3593 dicat
1082 3552 1204 3594 esse
1228 3537 1457 3594 solidum
1483 3538 1694 3606 cibum,
1725 3539 1814 3609 qui
1842 3538 2049 3594 exerci-

464 3641 606 3688 tatos
640 3631 839 3688 habent
870 3646 1084 3699 sensus,
1113 3631 1181 3688 ad
1221 3633 1574 3703 separandum
1608 3633 1804 3690 bonum
1843 3651 1872 3688 a
1908 3634 2049 3688 malo

465 3721 653 3794 (Hebr.
684 3737 742 3791 v,
780 3721 910 3796 ili)?
937 3721 1042 3780 Sed
1071 3724 1230 3794 plane
1256 3735 1309 3778 tu
1340 3724 1392 3778 in
1416 3723 1573 3794 hujus
1598 3723 1872 3779 Manichaei
1908 3739 2052 3778 mor-

466 3829 585 3868 sm
616 3815 989 3872 inevitabiliter
1023 3815 1290 3883 incidisti,
1327 3824 1503 3871 tantus
1533 3816 1776 3872 laudator
1798 3817 2052 3888 concupi-

473 3904 690 3961 scentiae
717 3907 917 3973 carnis,
943 3915 1141 3962 uteam
1168 3922 1275 3961 non
1315 3907 1485 3977 qualis
1510 3906 1582 3961 ibi
1608 3921 1726 3962 esse
1754 3906 2046 3976 potuisset,

466 3997 512 4051 si
538 4012 660 4054 esse
686 3995 974 4075 debuisset,
1005 3997 1100 4055 sed
1129 3999 1349 4053 omnino
1375 3997 1547 4069 qualis
1566 4012 1719 4052 nunc
1744 4007 1847 4064 est,
1887 3998 2046 4052 etiam

468 4088 522 4142 in
550 4087 909 4158 paradiso,-id
933 4096 1016 4144 est
1050 4087 1104 4142 in
1143 4087 1262 4144 loco
1291 4096 1398 4142 tam
1434 4102 1640 4157 magnai
1676 4087 2046 4153 beatitudinis,

472 4180 804 4246 collocares;
834 4188 895 4236 ut
922 4180 1123 4235 scilicet
1148 4179 1290 4232 illius
1317 4178 1421 4234 loci
1450 4178 1772 4231 habitatores
1802 4177 1871 4234 ita
1895 4177 2049 4231 beata

470 4285 602 4339 pace
627 4269 961 4337 fruerentur,
992 4278 1051 4324 ut
1079 4270 1133 4325 in
1161 4285 1223 4326 se
1250 4269 1378 4338 ipsis
1403 4269 1654 4324 intestino
1681 4268 1858 4334 bello,
1888 4283 1956 4322 ne
1996 4267 2048 4322 in

471 4375 764 4418 consensus
790 4359 930 4414 illius
955 4359 1125 4415 illiciti
1155 4359 1236 4414 vel
1275 4358 1542 4414 inhonesti
1572 4357 1883 4414 concubitus
1908 4356 2053 4412 labe-

471 4461 676 4519 rentur,
701 4460 887 4508 contra
911 4461 1090 4508 motus
1115 4451 1555 4521 concupiscentia:
1575 4450 1907 4505 dimicarent.
1939 4447 2052 4505 Hoc

471 4546 671 4601 malum
703 4545 755 4600 in
786 4545 1034 4616 paradiso
1059 4559 1180 4601 esse
1204 4559 1308 4600 non
1337 4553 1535 4613 posset,
1557 4543 1658 4598 nisi
1685 4541 1822 4598 forte
1847 4542 1939 4597 illo
1969 4541 2052 4611 pi-

472 4647 581 4702 cto,
607 4635 677 4692 de
701 4651 806 4707 quo
843 4637 1087 4708 superius
1117 4635 1275 4692 locuti
1315 4649 1529 4701 sumus,
1557 4635 1647 4704 qui
1678 4632 1894 4689 haberet
1924 4633 2051 4687 titu-

471 4726 583 4780 lum
610 4727 1050 4795 suprascriptum,
1076 4724 1360 4780 Paradisus
1389 4725 1790 4796 Pelagianorum
1828 4724 2049 4794 (Supra,

471 4833 589 4886 cap.
609 4814 769 4886 ¹154).
801 4815 902 4872 Ubi
931 4817 1031 4872 etsi
1058 4816 1169 4885 ipsa
1190 4817 1618 4886 concupiscentia
1641 4817 1866 4872 occultis
1889 4815 2046 4869 moti-

471 4909 574 4962 bus
601 4905 761 4963 corda
800 4915 943 4962 casta
991 4907 1284 4962 sollicitans
1317 4923 1423 4962 non
1463 4916 1643 4978 posset
1681 4909 1782 4962 ulla
1823 4906 2049 4974 exprimi

473 5009 589 5054 arte
615 4998 865 5068 pictoris;
896 4997 1038 5068 pingi
1067 5006 1242 5052 tamen
1273 5007 1496 5068 possent
1530 4998 1761 5068 gravida:
1801 4997 2047 5074 feminaz,

472 5089 622 5144 cibos
671 5089 827 5144 utiles
872 5086 1085 5143 fastidio
1119 5088 1471 5157 repellentes,
1521 5087 1662 5143 foeda
1699 5087 2052 5143 delectatione

474 5179 664 5235 noxios
696 5187 1028 5249 appetentes,
1060 5187 1399 5245 nauseantes,
1443 5189 1737 5244 vomentes,
1767 5179 2049 5250 pallentes,

474 5269 788 5325 immaturos
811 5266 951 5325 fetus
976 5267 1170 5325 abortu
1199 5268 1484 5340 aliquando
1507 5269 1818 5340 fundentes,
1852 5271 1904 5328 in
1935 5271 2050 5342 ipso

543 5441 560 5505 ξ
595 5447 751 5498 Forte,
779 5441 941 5505 liquet.

544 5503 566 5567 ξ
589 5505 661 5567 sic
683 5509 789 5552 Mss.
817 5503 871 5553 At
893 5503 1029 5567 editi,
1051 5503 1310 5567 offendere.

542 5563 566 5628 ξ
596 5565 669 5628 sic
691 5572 804 5628 Mss.
818 5569 870 5612 tn
891 5563 1049 5628 vignL,
1073 5563 1320 5616 sententia.

543 5621 567 5653 δ
598 5625 870 5686 vignierius
884 5621 1092 5690 eoﬁjicit,
1118 5636 1271 5678 Matre.

1145 257 1384 312 OPERIS
1422 252 1823 311 liﬂ’Ei‘tFECTl
1861 237 2132 308 CONTRA
2171 251 2526 322 JULIANUM,
2564 255 2621 313 S.
2664 254 3024 313 AUGESTINI

3593 238 3733 331 ιε.εέ

2165 365 2323 421 etiam
2359 379 2510 438 partu
2536 384 2711 439 paena,
2739 387 2897 442 quam
2924 385 3092 429 mater
3125 374 3236 430 Eva
3262 380 3533 449 suscepit,
3565 383 3733 441 mise-

2160 458 2294 512 riam
2337 474 2486 514 suam
2528 471 2908 531 protestantes;
2943 467 3041 521 etsi
3083 483 3186 521 non
3225 481 3446 526 sonante
3491 473 3728 541 pictura.

2162 553 2338 600 tamen
2365 547 2524 602 facies
2555 550 2800 617 tristium,
2833 555 3172 624 gementium,
3204 558 3520 626 plorantium
3542 604 3556 626 ,
3591 559 3734 620 sicut

2160 643 2388 706 poterat,
2409 637 2678 695 imitante:
2703 642 2913 712 natique
2935 645 3030 714 ipsi
3048 661 3234 701 omnes
3255 647 3442 704 ﬂentes
3459 651 3734 707 communi

2159 733 2303 779 sorte
2329 729 2676 795 nascentium,
2705 738 2760 786 et
2785 732 3110 788 diversarum
3134 737 3385 793 varietate
3427 756 3734 808 paro-arum,

2158 823 2212 870 et
2242 815 2394 870 multi
2443 818 2603 872 etiam
2641 830 2823 890 postea
2860 823 2960 877 sub
2987 823 3294 880 verberibus
3338 828 3735 897 magistrorum.

2158 904 2304 960 lianc
2335 906 2587 976 picturam
2630 910 2870 965 nesciens
2909 912 3149 982 quisquis
3188 915 3476 984 aSpiceret,
3514 927 3568 972 et
3605 919 3737 972 titu-

2157 993 2268 1049 lum
2300 997 2518 1066 legeret,
2549 1013 2869 1070 causamque
2893 1004 3225 1071 requireret;
3255 1003 3366 1059 hzec
3391 1007 3438 1059 ei
3461 1006 3734 1072 videlicet,

2156 1085 2251 1140 sed
2279 1102 2308 1140 a
2334 1088 2505 1154 vobis,
2534 1090 2741 1158 egregia
2787 1092 2922 1145 ratio
2952 1091 3279 1157 redderetur,
3307 1110 3410 1164 qua
3435 1093 3683 1152 diceretis
3716 1115 3734 1152 :

2156 1175 2297 1231 Talis
2321 1189 2461 1232 esset
2489 1179 2708 1233 omnino
2733 1180 2891 1235 etiam
2933 1183 3003 1236 ibi
3033 1183 3269 1238 conditio
3298 1187 3508 1254 generis
3539 1187 3737 1241 huma—

2159 1267 2246 1332 ni,
2275 1269 2396 1339 quia
2425 1270 2542 1325 talis
2567 1281 2648 1326 est
2674 1273 2777 1337 hic,
2806 1274 2892 1328 ubi
2923 1274 3165 1329 similiter
3188 1291 3218 1330 a
3245 1277 3436 1332 fetibus
3458 1279 3734 1335 hominum

2155 1358 2294 1411 nulla
2334 1359 2558 1414 trahitur
2595 1362 2744 1431 origo
2783 1365 3004 1434 peccati.
3048 1365 3102 1419 Si
3131 1367 3536 1435 acquiesceret,
3575 1369 3736 1425 fieret
3783 1403 3786 1406 -

2155 1446 2570 1518 Pelagianuszsi
2611 1467 2740 1508 vero
2787 1453 2956 1509 irrisa:
2996 1456 3116 1510 huic
3159 1458 3471 1526 insipientiae
3511 1461 3733 1530 acquie-

2152 1550 2304 1592 scere
2345 1539 2512 1595 nellet
2534 1582 2548 1606 ,
2579 1551 2893 1613 argueretur
2916 1560 2945 1598 a
2983 1545 3135 1601 vobis
3168 1557 3227 1600 ut
3255 1548 3594 1605 Manichzrus.
3625 1552 3732 1608 Sed

2153 1626 2279 1685 huic
2305 1633 2666 1702 contentioni,
2696 1636 2786 1691 Dei
2809 1646 2993 1692 sancte
3019 1639 3240 1694 antistes
3266 1642 3511 1697 Ambrosi
3532 1685 3546 1707 ,
3574 1644 3736 1700 docte

2153 1718 2205 1773 in
2246 1719 2484 1776 Ecclesia
2525 1731 2584 1779 et
2621 1724 2806 1780 doctor
2837 1727 3120 1795 Ecclesize,
3151 1729 3238 1784 dic
3285 1731 3401 1786 istis
3423 1773 3440 1797 ,
3469 1735 3733 1804 concupi-

2153 1809 2408 1864 scentiam
2451 1829 2553 1882 qua
2581 1829 2708 1869 caro
2733 1817 3060 1886 concupiscit
3097 1820 3353 1876 adversus
3381 1823 3650 1892 spiritum,
3677 1833 3736 1880 et

2151 1898 2219 1953 de
2245 1915 2346 1970 qua
2376 1901 2695 1959 Manichteus
2717 1906 2962 1962 nesciens
2987 1909 3115 1978 quid
3141 1909 3402 1980 loquatur,
3428 1914 3594 1968 tendit
3618 1931 3736 1970 mu.
3787 1951 3792 1954 -

2153 1991 2381 2059 scipulas
2408 1992 2685 2062 imperitis,
2715 2011 2820 2050 non
2855 2013 2922 2052 ex
2947 1999 3132 2054 aliena:
3161 2003 3541 2058 commixtione
3579 2016 3737 2060 natu-

2153 2098 2248 2147 πε,
2275 2086 2410 2139 sicut
2433 2087 2520 2141 ille
2543 2087 2755 2158 desipit,
2783 2091 2878 2145 sed
2903 2103 3105 2148 naturze
3132 2105 3331 2151 nostra:
3358 2097 3514 2154 bona:
3538 2117 3568 2153 a
3590 2101 3735 2157 bono

2153 2175 2384 2230 conditae
2421 2193 2486 2232 ex
2535 2182 2967 2249 prtevaricatione
2995 2186 3151 2254 primi
3201 2187 3429 2245 hominis
3471 2194 3735 2252 accidisse

2155 2261 2291 2334 (Lib.
2319 2266 2353 2320 7
2379 2266 2431 2320 in
2457 2265 2583 2321 Luc.
2618 2270 2741 2342 xu).
2771 2271 2877 2327 Sed
2904 2287 2999 2329 vos
3027 2275 3250 2331 fortasse
3271 2278 3732 2349 impudentissima

2151 2355 2442 2425 pervicacia
2489 2360 2683 2430 eligitis
2737 2362 3040 2432 adjumenta
3090 2367 3330 2436 prmbere
3373 2369 3734 2440 impurissime

2150 2444 2460 2516 Manichteo,
2491 2465 2648 2518 quam
2677 2462 2860 2507 sancto
2887 2455 3225 2524 acquiescere
3247 2458 3553 2514 Ambrosio.
3577 2463 3734 2532 Agite

2154 2543 2214 2591 ut
2253 2539 2470 2609 placet,
2499 2539 2596 2594 sed
2628 2556 2734 2596 non
2781 2545 3030 2613 gaudebit
3076 2546 3160 2601 vel
3205 2547 3354 2622 vobis
3399 2550 3733 2620 adjutoribus

2151 2626 2502 2696 Maniehreus;
2528 2633 2776 2701 quoniam
2799 2636 3057 2692 catholica
3085 2639 3208 2701 tide,
3229 2641 3279 2693 in
3298 2641 3490 2698 Christi
3517 2646 3733 2704 nomine

2151 2728 2206 2773 et
2229 2719 2420 2776 virtute
2461 2733 2716 2793 utrosque
2749 2725 2911 2780 vincit
2952 2728 3282 2785 Ambrosius.
3329 2733 3385 2788 Si
3425 2735 3566 2788 enim
3612 2739 3730 2792 talis

2153 2818 2294 2864 esset
2322 2810 2419 2865 ista
2457 2813 2883 2884 concupiscentia
2905 2860 2920 2884 ,
2950 2834 3067 2888 qua:
3095 2821 3292 2876 carnali
3320 2837 3416 2877 suo
3444 2834 3592 2879 metu
3631 2841 3731 2882 nec

2152 2899 2499 2969 prmcedcret,
2527 2919 2624 2960 nec
2652 2908 2937 2963 excederet
2965 2910 3194 2966 hominis
3237 2915 3563 2971 voluntatem
3588 2959 3603 2984 ,
3635 2919 3728 2974 sed

2152 2990 2270 3061 ejus
2295 3007 2505 3064 semper
2528 3008 2840 3066 sequeretur
2866 3000 3140 3055 arbitrium
3165 3019 3180 3068 ;
3211 3004 3450 3073 profecto
3482 3023 3581 3062 nec
3608 3009 3721 3062 Ma-

2154 3082 2388 3138 uicimus
2414 3084 2539 3156 quid
2588 3087 2640 3140 in
2683 3102 2745 3142 ea
2769 3089 2912 3157 juste
2947 3092 3390 3163 reprehenderet,
3421 3097 3721 3167 inveniret;

2153 3189 2254 3231 nec
2294 3191 2412 3231 eam
2458 3179 2719 3250 quispiam
2763 3192 3002 3237 nostrum
3034 3186 3086 3239 in
3131 3187 3376 3255 paradiso
3413 3191 3728 3260 conjugatos

2155 3265 2353 3323 habere
2391 3285 2496 3323 non
2528 3273 2760 3340 potuisse
2787 3275 3165 3341 contenderet;
3199 3294 3297 3333 nec
3324 3280 3638 3336 Ambrosius
3665 3281 3732 3337 de

2153 3359 2586 3426 przevaricatione
2612 3361 2766 3430 primi
2799 3361 3030 3417 hominis
3055 3381 3169 3419 eam
3201 3368 3429 3423 traxisse
3461 3385 3558 3424 nos
3586 3371 3731 3425 dice-

2153 3456 2256 3514 ret,
2286 3450 2407 3518 quia
2448 3453 2827 3521 concupiscere
2861 3465 3044 3510 contra
3083 3459 3324 3527 spiritum
3370 3477 3474 3515 non
3505 3462 3727 3517 videret.

2153 3537 2304 3594 Nunc
2329 3555 2456 3595 vero
2480 3541 2601 3612 quia
2631 3543 2750 3598 talis
2778 3554 2878 3612 est,
2910 3555 2967 3598 ut
2993 3549 3330 3617 concupiscat
3358 3560 3541 3604 contra
3571 3553 3727 3621 spiri¢

2154 3638 2294 3695 tum,
2323 3633 2531 3687 etiamsi
2574 3635 2760 3704 spiritu
2803 3639 3083 3692 resistente
3122 3653 3226 3693 non
3271 3641 3478 3700 vincat:
3509 3653 3564 3697 et
3610 3645 3732 3698 ideo

2153 3734 2274 3776 esse
2298 3736 2404 3775 non
2435 3733 2645 3792 posset,
2674 3739 2803 3794 pace
2841 3725 2925 3780 illa
2965 3742 3153 3797 magna
3195 3730 3246 3783 in
3275 3731 3517 3799 paradiso
3545 3733 3728 3786 fruen-

2153 3810 2286 3864 tium
2337 3812 2644 3878 beatorum;
2699 3829 2798 3870 nec
2839 3815 2920 3869 fas
2958 3827 3041 3871 est
3082 3818 3302 3875 credere
3353 3823 3730 3878 commixtione

2153 3901 2306 3955 malae
2331 3911 2532 3957 natura:
2559 3905 2950 3975 corruptibilem
2981 3908 3178 3974 Deum;
3212 3922 3375 3966 restat
3398 3924 3459 3967 ut
3487 3925 3540 3968 et
3562 3931 3656 3970 vos
3678 3927 3732 3970 et

2154 3989 2472 4048 Manichaeos
2491 3992 2624 4048 ﬁdes
2645 3994 2818 4050 vincat
2846 3997 3110 4054 Ambrosii
3137 3998 3204 4055 de
3232 4002 3387 4070 primi
3416 4006 3730 4074 contagione

2155 4083 2380 4151 peccati.
3059 4085 3072 4091 ’

2223 4170 2596 4229 CLXXXVIII.
2627 4175 2749 4231 Jun.
2789 4175 3045 4249 Superest
3083 4189 3140 4235 ut
3181 4183 3547 4240 cxamincmus
3588 4186 3727 4240 illam

2153 4265 2471 4319 sententiam
2499 4278 2663 4332 tuam,
2695 4283 2852 4338 quam
2877 4271 2893 4301 ¹
2927 4279 2980 4324 ιιι
3023 4281 3073 4326 te
3114 4272 3179 4326 ad
3224 4290 3383 4328 unum
3425 4289 3727 4330 sermonem

2155 4371 2408 4411 revocare
2435 4357 2698 4426 pollicitus
2721 4399 2735 4423 ,
2770 4359 3021 4426 breviter,
3054 4371 3111 4415 ut
3140 4379 3246 4418 non
3277 4373 3360 4418 est
3385 4367 3684 4435 negandum
3710 4407 3724 4430 ,

2155 4455 2210 4502 et
2231 4447 2440 4503 acutule
2465 4449 2743 4519 collegisti.
2773 4449 2986 4504 Natura
3011 4454 3253 4520 Immana,
3281 4457 3327 4508 si
3352 4458 3540 4510 malum
3569 4469 3723 4524 esset,

2152 4553 2256 4590 non
2285 4545 2409 4592 esset
2431 4540 2755 4609 generando;
2779 4540 2824 4594 si
2862 4541 3051 4594 malum
3081 4559 3181 4597 non
3210 4544 3445 4612 haberet,
3478 4563 3576 4600 non
3607 4560 3727 4600 esset

2152 4629 2697 4700 regeneraudamtque
2731 4639 2786 4682 ut
2809 4631 2877 4683 ad
2895 4646 3050 4684 unum
3082 4633 3285 4686 verbum
3311 4643 3548 4704 utrumqu
3605 4652 3727 4689 con-

2157 4719 2358 4772 cludam
2381 4760 2396 4785 ,
2427 4727 2609 4772 natura
2637 4720 2858 4774 humana
2883 4721 2928 4774 si
2955 4721 3146 4774 malum
3183 4734 3332 4790 esset,
3360 4726 3606 4778 suleanda
3630 4742 3728 4778 non

2157 4818 2315 4872 esset;
2338 4809 2385 4861 si
2408 4809 2457 4862 ei
2489 4809 2608 4862 mali
2643 4810 2770 4863 nihil
2814 4810 3024 4875 inesset,
3066 4812 3312 4866 miranda
3342 4830 3442 4867 non
3474 4825 3600 4869 esset
3635 4815 3731 4885 (De

2161 4895 2370 4966 Nuptiis
2394 4906 2441 4950 et
2477 4897 2888 4964 Concupiscentia
2907 4939 2922 4963 ,
2950 4901 3037 4954 tib.
3069 4900 3125 4966 Ξ,
3152 4918 3206 4955 η.
3237 4903 3352 4971 56).
3381 4903 3436 4957 In
3470 4905 3571 4959 hoc
3613 4905 3729 4959 loco

2157 5000 2265 5040 non
2290 5001 2350 5041 es
2375 5001 2407 5042 a
2435 4987 2589 5042 nobis
2619 4987 2816 5057 ingenii
2841 4989 2915 5043 tui
2957 4989 3110 5045 laude
3137 4990 3489 5058 fraudandus;
3521 5009 3618 5064 pro
3643 5003 3728 5049 tua

2157 5078 2300 5134 enim
2329 5095 2545 5148 prorsus
2568 5079 2672 5134 dici
2709 5080 2898 5135 melius
2923 5083 3126 5136 ratione
3153 5099 3258 5137 non
3296 5087 3461 5152 potuit
3486 5103 3501 5138 :
3524 5087 3618 5139 sed
3651 5095 3730 5140 ta-

2159 5187 2280 5228 men
2310 5187 2485 5226 rerum
2516 5183 2699 5227 natura
2726 5188 2831 5227 non
2856 5173 3000 5236 sinit,
3028 5183 3086 5229 ut
3111 5186 3422 5244 promoveat
3443 5177 3732 5247 quidquam

2159 5270 2344 5318 exacta
2364 5259 2650 5316 'calliditas.
2685 5263 2880 5316 Durum
2923 5263 3018 5317 tibi
3047 5273 3128 5318 est
3160 5265 3377 5320 omnino
3417 5275 3604 5320 contra
3633 5267 3730 5320 stic

2157 5352 2360 5408 mulum
2396 5351 2674 5408 calcitrare
2700 5371 2715 5407 :
2738 5352 2988 5422 quidquid
3028 5355 3170 5409 enim
3203 5357 3537 5426 compegeris
3560 5398 3576 5422 ,
3623 5372 3731 5414 non

2159 5445 2336 5499 minus
2358 5458 2514 5514 quam
2541 5445 2733 5514 glacies
2756 5445 2980 5500 admota:
3001 5447 3236 5502 veritatis
3259 5447 3378 5517 igne
3400 5447 3731 5503 dissolvitur.

2160 5535 2396 5605 Denique
2418 5535 2542 5604 quid
2566 5551 2595 5586 a
2619 5536 2769 5590 nobis
2794 5553 2931 5594 nunc
2957 5539 3215 5595 referatur
3236 5539 3463 5597 attende.
3496 5538 3730 5597 Conclu-

2228 5629 2242 5658 ί
2283 5636 2362 5677 Ms.
2392 5634 2509 5676 i‘ort.
2521 5661 2534 5687 ,
2547 5626 2677 5690 quia.
