3980 6496
353 411 493 470 1399

331 525 466 586 sisti
497 523 598 579 hoc
624 521 782 578 modo
807 520 985 578 :Certe
1022 529 1202 576 natura
1228 519 1446 576 [tantane
1469 521 1516 578 si
1547 523 1734 576 malunt
1776 531 1920 590 esset,

348 617 593 674 salvauda
622 632 722 670 non
750 625 895 670 esset.
927 615 1293 680 Assentimur;
1323 629 1546 686 prorsus
1567 629 1750 669 verum
1784 612 1922 668 disi-

349 710 418 766 sti
444 729 459 764 ;
483 707 544 764 Si
565 706 755 760 ntalum
779 715 924 770 esset,
945 706 1188 760 solvenda
1210 723 1310 760 non
1330 716 1490 770 esset;
1511 705 1631 775 quia
1656 719 1744 759 res
1764 705 1921 770 mala,

322 811 408 860 set
431 800 744 854 naturaliter
767 799 927 864 mala,
956 813 1056 855 nec
1085 809 1399 863 mereretur,
1427 813 1524 852 nec
1547 805 1758 865 caperet
1785 796 1927 850 salu-

357 903 483 946 tem.
510 889 617 945 Cur
642 904 749 943 non
789 889 1039 958 caperet?
1065 889 1196 957 Quia
1237 888 1378 943 aliud
1407 902 1564 957 quam
1605 883 1741 940 facta
1769 894 1884 942 erat
1904 927 1922 954 ,

351 983 466 1037 ﬁeri
491 997 596 1036 non
624 989 841 1050 posset:
866 996 970 1036 non
1010 990 1188 1036 autem
1229 989 1538 1040 mereretur,
1569 978 1690 1048 quia
1715 977 1845 1033 nihil
1871 979 1924 1034 in

349 1089 414 1128 ea
443 1079 579 1136 erat,
602 1071 742 1140 quod
771 1070 866 1126 Dei
890 1070 1434 1140 dignareturliberare
1459 1067 1757 1124 clementia.
1789 1066 1922 1123 Cum

348 1175 525 1220 autem
552 1163 797 1227 dicimus,
819 1163 865 1216 si
893 1171 1017 1216 esset
1039 1159 1203 1230 (quod
1224 1168 1370 1215 certe
1392 1174 1512 1214 esse
1535 1175 1639 1214 non
1663 1169 1836 1230 potest
1854 1161 1920 1230 ί),

352 1269 458 1308 non
486 1252 560 1308 illi
587 1266 735 1320 spem
763 1250 938 1320 negati
964 1249 1308 1304 conciliamus
1331 1247 1577 1312 eﬁ'ectus;
1619 1248 1712 1303 sed
1737 1247 1803 1302 ad
1825 1247 1922 1304 de-

352 1343 696 1398 structionem
726 1340 946 1394 alterius
972 1338 1262 1408 opinionis,
1291 1353 1411 1408 qua:
1437 1338 1639 1402 incidit,
1672 1338 1738 1394 de
1765 1339 1923 1394 rebus

351 1433 765 1504 impossibilibus
790 1431 968 1486 dicere
991 1430 1246 1496 solemus,
1274 1429 1330 1485 Si
1359 1428 1462 1484 hoc
1489 1430 1570 1484 vel
1596 1428 1744 1494 illud,
1774 1429 1919 1484 verbi

345 1525 532 1596 gratia,
553 1532 716 1590 esset,
745 1522 874 1576 illud
896 1522 1008 1576 sine
1033 1521 1192 1576 dubio
1211 1529 1522 1590 sequeretur
1541 1538 1556 1576 :
1575 1529 1629 1574 ut
1652 1535 1770 1574 cum
1795 1519 1922 1574 illud

345 1629 467 1668 esse
494 1630 598 1668 non
621 1623 818 1682 poteSt,
837 1612 995 1667 etiam
1017 1611 1119 1666 hoc
1144 1621 1360 1680 prepter
1381 1612 1537 1680 cujus
1560 1610 1920 1664 amolitionem

347 1703 548 1756 illatum
579 1702 747 1756 fuerat
767 1741 783 1766 ,
811 1701 978 1756 multo
1011 1701 1180 1771 magis
1211 1708 1446 1769 negetur.
1475 1698 1592 1754 Jam
1623 1699 1780 1768 igitur
1808 1698 1916 1753 ire-

345 1803 569 1863 quenter
593 1792 946 1857 ostendimus,
974 1791 1168 1845 malum
1195 1789 1392 1859 aliquid
1421 1805 1514 1859 per
1540 1798 1779 1844 naturam
1804 1803 1921 1844 esse

345 1899 453 1938 non
498 1881 808 1952 possezsed
857 1890 1030 1936 tamen
1075 1894 1218 1934 nunc
1263 1879 1378 1934 sine
1423 1878 1726 1948 pra-judicio
1769 1879 1922 1934 istius

342 1972 648 2035 constituti,
683 1971 960 2026 sententiae
989 1978 1092 2025 tua:
1124 1979 1326 2039 partem
1358 1969 1645 2039 probamus
1669 2009 1684 2035 ,
1714 1984 1814 2038 qua
1839 1969 1921 2023 di-

343 2066 503 2129 xisti,
536 2063 740 2116 Natura
768 2063 990 2116 Immana
1027 2061 1072 2114 si
1115 2061 1305 2114 malum
1341 2069 1504 2128 esset,
1531 2060 1774 2116 salvanda
1819 2077 1920 2114 non

343 2165 490 2209 esset.
522 2153 757 2210 Salutem
784 2155 835 2208 in
863 2153 1188 2222 Baptismate
1222 2151 1492 2205 collocasti
1513 2192 1529 2216 ,
1557 2161 1610 2204 et
1635 2165 1919 2221 argumen-

345 2253 487 2298 tatus
524 2260 583 2300 es
621 2251 1043 2314 consequenter;
1085 2242 1334 2312 quoniam
1376 2242 1420 2295 si
1465 2257 1646 2295 verum
1685 2241 1920 2295 dicerent

342 2333 650 2400 Manichrei,
691 2334 779 2404 qui
827 2332 1022 2386 malam
1067 2331 1251 2386 dicunt
1295 2338 1566 2397 naturam,
1612 2329 1919 2398 desiperent

340 2422 664 2487 Christiani,
690 2421 780 2492 qui
822 2420 977 2475 malae
1006 2427 1210 2476 natura:
1249 2417 1544 2474 remedium
1582 2418 1920 2488 Baptismatis

343 2514 624 2572 crederent
648 2511 1036 2568 admovendum
1062 2527 1077 2566 :
1101 2518 1156 2565 et
1179 2509 1297 2564 ideo
1316 2509 1404 2580 qui
1426 2509 1618 2562 malam
1640 2508 1920 2563 conﬁrmat

347 2605 622 2660 hominum
685 2613 968 2678 naturam,
1030 2603 1250 2673 gratiam
1300 2616 1494 2672 negare
1547 2601 1916 2671 compellitur;

345 2695 488 2766 quod
507 2698 528 2728 ³
555 2697 623 2750 ita
651 2694 895 2760 recurrit,
927 2702 984 2749 ut
1023 2693 1114 2764 qui
1143 2693 1366 2764 gratiam
1400 2691 1712 2756 conﬁrmat,
1743 2689 1918 2744 homi-

347 2802 474 2842 num
500 2785 678 2840 laudet
700 2795 964 2853 naturam,
992 2784 1142 2854 cujus
1167 2783 1324 2839 saluti
1344 2796 1462 2839 eam
1492 2781 1734 2852 intelligit
1754 2781 1919 2836 fuisse

343 2877 632 2946 provisam.
1052 2877 1057 2882 '

415 2969 551 3022 Auo.
575 2965 692 3021 Non
721 2974 804 3021 est
831 2981 1015 3021 verum
1045 2963 1186 3036 quod
1211 2963 1381 3020 dicis:
1405 2963 1561 3030 fallis,
1586 2969 1676 3019 aut
1698 2961 1916 3018 falleris.

343 3057 460 3114 Non
490 3058 633 3113 enim
659 3059 747 3126 qui
785 3058 978 3113 malam
999 3099 1014 3123 ,
1043 3057 1136 3113 sed
1165 3057 1255 3127 qui
1292 3056 1490 3112 malum
1519 3055 1798 3114 conﬁrmat
1824 3055 1921 3110 bo-

342 3149 548 3203 minum
570 3162 692 3204 esse
709 3155 970 3214 naturam,
994 3147 1044 3201 id
1065 3157 1167 3214 est,
1191 3161 1296 3200 non
1318 3146 1406 3216 qui
1426 3160 1544 3200 eam
1565 3145 1756 3199 malam
1778 3160 1918 3214 esse,

342 3239 440 3294 sed
466 3239 554 3309 qui
596 3253 714 3294 eam
745 3237 940 3292 malum
968 3253 1088 3294 esse
1123 3235 1430 3304 conﬁrmat,
1460 3238 1684 3306 gratiam
1723 3249 1919 3306 negare

341 3330 699 3399 compellitur.
729 3327 860 3383 Nam
886 3329 970 3384 ubi
1002 3327 1139 3382 mala
1159 3335 1271 3394 est,
1292 3327 1365 3381 ibi
1391 3328 1558 3396 magis
1582 3325 1780 3395 indiget
1803 3340 1922 3396 gra-

346 3422 440 3476 tia.
469 3419 602 3475 Mala
643 3420 837 3490 quippe
874 3426 958 3473 est
995 3426 1180 3473 natura
1226 3416 1398 3472 malus
1436 3417 1632 3482 homo;
1671 3416 1920 3485 quoniam

350 3494 511 3567 homo
531 3512 644 3567 sine
667 3511 998 3566 dubitatione
1019 3519 1203 3563 natura
1225 3518 1308 3563 cst
1331 3525 1344 3562 :
1368 3507 1445 3562 sic
1470 3508 1606 3561 mala
1628 3512 1713 3562 est
1736 3514 1921 3560 natura

349 3603 491 3658 mala
540 3603 764 3668 mulier;
812 3603 1060 3673 quoniam
1109 3601 1302 3658 mulier
1362 3598 1542 3670 utique
1587 3605 1773 3652 natura
1817 3605 1918 3652 est.

350 3695 625 3762 Quomodo
652 3709 777 3764 ergo
797 3734 811 3759 ,
841 3694 930 3764 qui
959 3691 1062 3752 hoc
1101 3691 1266 3754 dicit,
1297 3690 1517 3760 gratiam
1545 3703 1739 3759 negare
1774 3702 1922 3743 com-

349 3786 594 3858 pellitur;
620 3799 741 3840 cum
769 3785 935 3854 gratia
963 3782 1166 3839 naturis
1193 3782 1366 3847 malis,
1398 3779 1450 3834 id
1481 3788 1586 3844 est,
1605 3776 1924 3839 hominibus

347 3879 529 3940 malis,
562 3886 618 3932 ut
646 3876 779 3931 ‘mali
807 3891 926 3930 esse
951 3874 1227 3938 desinant,
1269 3870 1593 3941 opituletur?
1621 3868 1726 3925 Sed
1768 3868 1925 3924 aliter

345 3970 592 4034 dicimus,
623 3968 789 4023 Malus
813 3976 895 4024 est
925 3967 1024 4022 iste
1061 3964 1256 4030 homo;
1288 3963 1461 4026 aliter,
1487 3960 1680 4018 Malum
1715 3969 1799 4016 est
1825 3960 1926 4015 iste

347 4059 511 4114 homo
545 4076 559 4114 :
592 4056 721 4112 illud
772 4071 957 4112 verum
1013 4068 1132 4108 esse
1175 4059 1386 4122 potest,
1438 4052 1539 4105 hoc
1578 4064 1687 4105 non
1730 4056 1922 4119 potest.

347 4150 516 4216 Sicut,
549 4149 778 4204 Vitiosus
806 4156 886 4201 est
919 4145 1079 4200 homo
1109 4143 1228 4207 iste,
1259 4141 1304 4197 si
1326 4141 1571 4208 dicimus,
1598 4155 1784 4196 verum
1807 4155 1927 4196 esse

351 4247 562 4310 potest:
585 4238 840 4297 siautem
869 4233 1116 4298 dicimus,
1153 4231 1347 4285 Vitium
1373 4238 1456 4285 est
1479 4231 1580 4286 iste
1607 4228 1768 4284 homo
1787 4271 1803 4297 ,
1831 4244 1926 4283 ve-

355 4343 474 4381 rum
505 4343 606 4381 non
638 4333 967 4396 potestesse.
991 4321 1220 4378 Proinde
1246 4321 1352 4375 noli
1378 4335 1578 4384 errare,
1605 4319 1690 4377 vel
1719 4319 1928 4374 mittere

358 4417 600 4476 homines
624 4417 680 4472 in
705 4431 965 4478 errorem,
992 4423 1045 4468 et
1073 4414 1151 4469 sic
1176 4428 1262 4472 me
1286 4411 1486 4466 dixisse
1513 4410 1778 4481 intellige,
1813 4408 1927 4463 Na-

359 4519 476 4559 tura
502 4505 718 4559 humana
755 4506 799 4560 si
828 4504 1019 4558 malum
1052 4511 1210 4569 esset,
1243 4517 1342 4555 non
1383 4510 1507 4554 esset
1537 4499 1858 4571 generando;
1885 4499 1930 4553 si

359 4599 549 4658 malum
587 4616 687 4654 non
720 4599 953 4666 haberet,
985 4614 1086 4651 non
1115 4605 1240 4651 esset
1267 4595 1605 4666 regeneranda
1628 4610 1647 4650 :
1667 4609 1731 4652 ac
1778 4593 1823 4648 si
1848 4593 1927 4648 di-

357 4688 556 4742 xissem
576 4729 591 4754 ,
619 4687 814 4743 Natura
853 4689 1079 4742 humana
1098 4727 1114 4750 ,
1145 4687 1191 4739 si
1218 4685 1403 4738 vitium
1441 4692 1618 4749 esset,
1649 4698 1758 4738 non
1786 4693 1930 4738 esset

353 4779 689 4850 generando;
719 4780 764 4833 si
793 4778 974 4832 vitium
999 4793 1104 4831 non
1133 4776 1372 4841 haberet,
1406 4791 1510 4830 non
1539 4782 1681 4850 esset
1705 4789 1925 4846 regene-

356 4849 540 4924 randa.
567 4869 696 4924 item
725 4869 866 4939 quod
893 4870 1154 4939 sequitur,
1185 4867 1272 4920 ubi
1308 4881 1393 4920 me
1419 4865 1488 4922 ad
1512 4849 1671 4919 unum
1705 4866 1926 4920 verbum

353 4959 463 5014 dixi
489 4970 774 5033 utrumque
803 4957 1152 5024 concludere,
1181 4958 1251 5011 ita
1291 4956 1436 5022 dixi,
1467 4953 1668 5008 Natura
1709 4956 1930 5008 lmmana

352 5050 399 5104 si
426 5050 614 5102 malum
638 5058 792 5112 esset,
820 5049 1061 5103 salvanda
1088 5065 1187 5102 non
1225 5055 1382 5110 esset;
1406 5046 1452 5099 si
1478 5046 1522 5098 ei
1549 5046 1669 5101 ntali
1697 5045 1825 5099 nihil
1853 5046 1931 5098 in-

355 5147 480 5194 esset
497 5181 512 5207 ,
539 5139 783 5193 saleanda
810 5155 911 5193 non
956 5147 1079 5193 esset
1104 5153 1123 5192 :
1149 5147 1397 5206 tanquam
1440 5133 1709 5201 dicerem,
1735 5133 1930 5188 Natura

357 5232 586 5286 humana
632 5232 678 5286 si
709 5231 892 5286 vitium
938 5239 1120 5296 esset,
1153 5227 1407 5283 salvauda
1451 5242 1558 5282 non
1605 5235 1780 5292 esset;
1808 5225 1852 5279 si
1882 5225 1932 5280 ei

364 5321 478 5376 vitii
508 5321 638 5376 nihil
660 5322 880 5386 inesset,
905 5319 1152 5374 salvanda
1175 5333 1278 5373 non
1300 5325 1462 5373 eset.
1487 5316 1623 5370 Ecce
1650 5314 1749 5371 Ieci
1773 5316 1932 5370 verba

357 5427 476 5468 mea
506 5412 762 5482 planiora,
792 5425 897 5466 non
929 5419 985 5465 ut
1011 5411 1278 5464 invenires
1306 5407 1447 5478 quod
1474 5415 1658 5461 contra
1685 5407 1929 5472 diceres;

357 5504 454 5562 sed
471 5514 528 5559 ut
544 5504 910 5575 intelligereris
927 5519 1030 5558 non
1048 5501 1281 5573 potuisse
1301 5501 1533 5558 invenire
1553 5499 1690 5570 quod
1707 5498 1932 5553 diceres.

429 5591 762 5652 CLXXXIX.
791 5596 911 5652 JUL.
947 5593 1086 5661 Quid
1117 5593 1274 5663 igitur
1323 5591 1444 5647 hinc
1483 5589 1814 5654 conﬁciatur,
1843 5587 1935 5642 ad-

367 5697 689 5744 verte:non
735 5686 1009 5741 adhaerere
1038 5684 1371 5751 negationem
1415 5682 1598 5752 gratiae
1649 5678 1788 5734 laudi
1833 5679 1931 5732 hu-

427 5780 444 5810 ⁸
471 5787 550 5828 M3.
567 5784 713 5836 Port.,
735 5782 907 5840 posset.

427 5841 448 5872 ⁸
484 5845 640 5904 \‘ign.,
665 5838 899 5902 quodque.
928 5838 1090 5896 Abest,
1114 5847 1222 5897 que,
1247 5848 1272 5881 a
1299 5840 1400 5883 Mss.

1657 407 1856 463 LIBER
1897 406 2217 465 TERTIUS.

3470 419 3492 474 I
3503 417 3606 474 530

2037 536 2210 576 mana:
2251 530 2486 592 naturaa;
2515 525 2752 597 quinimo
2794 526 2910 586 haec
2949 537 3176 603 quatuor
3216 530 3287 586 ita
3316 544 3435 587 esse
3476 548 3603 588 con-

2025 610 2234 680 juncta,
2274 623 2330 669 ut
2356 615 2582 672 alterum
2627 618 2744 676 sine
2787 619 2954 676 altero
2992 621 3162 678 teneri
3204 631 3474 693 nequeat;
3504 625 3601 680 sed

2030 702 2244 760 infamia
2290 717 2493 763 natura:
2539 711 2709 779 pariat
2751 711 3084 782 negationem
3132 713 3334 786 gratim,
3382 723 3437 770 et
3485 713 3602 769 laus

2027 795 2210 863 gratiae
2260 799 2428 865 pariat
2466 799 2894 866 prazdicatiouem
2935 812 3137 858 natura:
3179 820 3195 860 :
3237 803 3338 860 ista
3365 819 3506 859 ennn
3547 805 3604 860 in

2029 883 2268 952 quamvis
2295 884 2397 938 sibi
2428 895 2631 956 partem
2679 890 2998 961 reciprocari
3025 901 3265 962 possunt.
3299 893 3442 948 Bene
3469 909 3602 965 ergo

2027 974 2234 1042 dixisti,
2267 973 2468 1031 Natura
2499 979 2718 1034 ltutttana
2746 982 2791 1036 si
2814 982 3002 1036 malum
3029 992 3189 1047 esset,
3223 982 3468 1038 salvanda
3497 1000 3600 1037 non

2027 1075 2189 1121 esset:
2210 1064 2310 1122 hoc
2351 1068 2492 1123 enim
2523 1079 2802 1141 utrumque
2845 1071 3026 1127 dicunt
3060 1072 3365 1140 Manichmi,
3406 1074 3606 1129 malam

2027 1156 2270 1212 videlicet
2293 1158 2468 1212 carnis
2496 1170 2758 1228 naturam,
2800 1175 2900 1218 nec
2926 1177 3082 1232 posse
3121 1163 3312 1220 salvari
3359 1180 3452 1236 per
3477 1179 3601 1236 gra-

2028 1245 2172 1311 tiam,
2203 1262 2301 1302 ncc
2325 1247 2542 1305 debere.

2096 1335 2229 1392 Auc.
2271 1335 2374 1392 Sed
2405 1337 2480 1393 illi
2505 1338 2581 1394 sic
2607 1338 2789 1396 dicunt
2813 1341 3007 1397 malam
3033 1344 3208 1400 carnis
3235 1353 3512 1412 naturam,
3540 1357 3604 1400 ut

2026 1442 2140 1482 eam
2174 1429 2367 1482 malum
2414 1445 2532 1486 esse
2575 1430 2780 1499 dicant,
2826 1448 2933 1488 non
2979 1433 3178 1489 malum
3219 1434 3450 1502 habere;
3477 1438 3600 1506 quia

2025 1516 2196 1584 ipsum
2225 1519 2409 1572 vitium
2436 1535 2542 1575 non
2574 1521 2882 1577 substantia:
2919 1522 3184 1590 accidens,
3220 1524 3316 1580 sed
3357 1525 3602 1580 substan-

2025 1606 2148 1660 tiam
2177 1616 2361 1677 putant
2385 1621 2526 1665 esse.

2093 1697 2248 1751 CXC.
2274 1697 2391 1752 Jun.
2423 1698 2529 1753 Sed
2556 1707 2672 1768 post
2710 1698 2824 1754 lucc
2857 1699 3110 1757 admoves
3139 1702 3455 1757 sententiam
3503 1703 3598 1756 tibi

2024 1785 2256 1854 charam,
2287 1798 2335 1841 et
2365 1787 2495 1842 dicis
2519 1807 2531 1842 :
2559 1788 2619 1845 Si
2645 1799 2814 1844 autem
2843 1799 3037 1846 natura:
3067 1791 3304 1846 humana?
3327 1792 3447 1846 ntali
3471 1792 3610 1848 nihil.

2023 1874 2219 1940 inesset,
2255 1877 2497 1932 salvanda
2534 1895 2633 1932 non
2657 1887 2800 1934 esset.
2836 1879 2937 1948 Qui
2973 1897 3090 1952 ergo
3116 1881 3235 1936 dicit
3269 1897 3379 1936 eam
3416 1880 3609 1936 bonum.

2024 1983 2125 2019 non
2166 1983 2304 2033 esse,
2350 1968 2532 2021 bonum
2570 1977 2718 2040 negat
2753 1970 2969 2025 condita:
3007 1969 3298 2027 Creatorem
3322 1985 3339 2024 :
3360 1973 3446 2041 qui
3487 1987 3600 2025 vero

2023 2065 2166 2126 negat
2195 2057 2240 2110 ei
2265 2058 2454 2112 malum
2475 2058 3029 2125 inesse,misericordem
3056 2061 3244 2114 vitiatur
3267 2059 3450 2114 invidet
3471 2060 3596 2116 Sul-

2023 2159 2240 2200 catorem
2270 2147 2368 2218 (De
2395 2148 2601 2220 Nuptiis
2627 2159 2672 2204 et
2713 2147 3157 2221 Cancupiscentia,
3185 2151 3272 2204 lib.
3308 2151 3357 2215 1,
3388 2167 3443 2204 n.
3473 2151 3591 2220 36).

2023 2238 2105 2293 Sit
2153 2240 2307 2309 igitur
2353 2239 2518 2294 lector
2565 2241 2845 2297 intentus:
2882 2239 3083 2297 videbit
3126 2242 3259 2296 nihil
3304 2250 3355 2297 te
3400 2241 3600 2297 dixisse

2021 2328 2192 2395 aliud,
2243 2344 2400 2398 quam
2444 2329 2585 2400 quod
2626 2329 2906 2386 dicendum
2951 2345 3212 2402 negaras:
3247 2333 3610 2402 pronuntiasti

2021 2420 2183 2484 extim,
2213 2419 2262 2474 ei
2292 2419 2366 2474 rei
2396 2420 2592 2474 malum
2629 2420 2802 2476 inesse
2830 2421 3162 2487 naturaliter,
3198 2436 3357 2491 quam
3383 2421 3598 2478 dixeras

2021 2509 2214 2562 malam
2243 2525 2350 2563 non
2375 2524 2493 2564 esse
2517 2509 2850 2565 naturaliter.

2090 2599 2224 2656 Ave.
2277 2599 2392 2655 Non
2437 2600 2672 2656 dixeram
2711 2601 2905 2656 malam
2941 2615 3050 2656 non
3096 2599 3364 2668 esse,sed
3400 2601 3596 2656 malum

2022 2705 2126 2745 non
2157 2705 2276 2747 esse
2316 2709 2330 2746 :
2370 2691 2472 2746 hoc
2491 2701 2592 2760 est,
2614 2700 2671 2747 ut
2695 2692 2903 2762 planius
2951 2692 3136 2763 loquar
3159 2733 3174 2760 ,
3209 2708 3314 2748 non
3353 2693 3596 2750 dixeram

2023 2783 2262 2837 vitiatam
2291 2799 2394 2838 non
2426 2797 2576 2853 esse,
2607 2784 2702 2840 sed
2743 2783 2926 2840 vitium
2953 2799 3058 2839 non
3107 2798 3245 2840 esse.
3278 2784 3475 2856 Relege
3502 2826 3518 2853 ,
3545 2795 3599 2842 et

2022 2871 2276 2942 intellige.

2091 2961 2268 3016 CXCI.
2312 2961 2431 3018 JUL.
2469 2962 2574 3019 Sed
2630 2963 2848 3034 intelligi
2893 2977 3000 3019 non
3057 2971 3231 3034 potest
3270 2963 3414 3019 aliud
3459 2965 3598 3020 mala

2021 3062 2239 3119 natura,
2293 3069 2454 3124 quam
2499 3053 2550 3108 id
2596 3054 2740 3124 quod
2790 3055 2987 3109 malum
3037 3063 3120 3111 est
3163 3054 3360 3111 habere
3398 3070 3595 3125 conge-

2021 3142 2211 3197 nilum.

2091 3232 2225 3288 Ave.
2279 3231 2403 3288 Sive
2448 3231 2784 3303 eongenitum
2822 3232 2891 3288 sit
2942 3233 3175 3301 malum,
3217 3233 3362 3289 sicut
3402 3232 3622 3304 ingenii-

2022 3320 2251 3388 fatuitas,
2276 3322 2388 3378 sive
2407 3323 2677 3378 voluntate
2695 3332 3047 3393 assumptum,
3067 3323 3203 3378 sicut
3219 3321 3560 3380 homicidium
3580 3340 3598 3389 ;

2022 3421 2196 3482 potest
2232 3413 2335 3468 dici
2364 3413 2533 3466 malus
2573 3412 2732 3468 homo
2771 3412 3094 3468 etiammala
3129 3422 3315 3468 natura
3337 3453 3353 3478 ,
3383 3413 3506 3485 quia
3542 3423 3620 3469 et.

2024 3504 2186 3559 homo
2222 3513 2407 3558 natura
2426 3513 2540 3569 est;
2568 3505 2705 3559 sicut
2735 3505 2906 3560 malus
2931 3519 3100 3575 equus
3127 3515 3300 3576 potest
3316 3515 3369 3562 et
3400 3507 3624 3562 malum.

2023 3594 2218 3650 animal
2244 3595 2367 3660 dici,
2398 3594 2519 3665 quia
2547 3604 2600 3650 et
2619 3610 2822 3666 equuus
2840 3596 3035 3650 animal
3061 3604 3164 3652 est.
3201 3650 3204 3652 _

2094 3686 2296 3743 CXCII.
2333 3686 2453 3742 Jun.
2491 3686 2556 3741 Et
2594 3696 2650 3741 ut
2690 3687 2780 3741 ﬁat
2804 3687 2984 3742 brevis
3019 3702 3088 3742 ac
3121 3701 3258 3757 pura
3287 3685 3595 3741 conclusio:

2025 3779 2071 3832 si
2105 3785 2306 3832 natura:
2339 3775 2476 3830 inest
2516 3776 2586 3830 ita
2623 3775 2856 3840 malum,
2900 3785 2957 3830 ut
2990 3785 3242 3832 nascatur
3273 3791 3340 3831 ex
3379 3791 3442 3831 ea
3475 3791 3598 3832 cum

2027 3868 2156 3939 ipsis
2195 3867 2483 3922 seminibus
2527 3866 2756 3932 malum;
2788 3866 2925 3921 mala
2953 3865 3068 3921 sine
3106 3865 3434 3922 dubitatione
3466 3881 3598 3921 eon-

2028 3960 2275 4016 vincitur.

2098 4053 2231 4108 Auc.
2275 4049 2388 4106 Etsi
2431 4048 2567 4104 mala
2615 4048 2976 4116 convincitur,
3017 4063 3125 4104 non
3180 4059 3356 4105 tamen
3403 4049 3601 4104 malum

2028 4152 2112 4201 est
2142 4161 2154 4198 :
2179 4141 2299 4214 quia
2333 4140 2432 4198 etsi
2475 4140 2656 4195 vitiata
2687 4139 3050 4208 convincitur,
3075 4155 3181 4196 non
3215 4148 3392 4196 tamen
3417 4141 3614 4196 vitium.

2029 4243 2132 4291 est.

2099 4319 2316 4382 CXCIII.
2357 4320 2478 4378 ιω..
2509 4319 2564 4376 Si
2589 4328 2764 4377 autem
2798 4319 3092 4377 vindicatur
3121 4319 3353 4390 amalis,
3382 4320 3618 4376 et--bona.

2031 4412 2330 4469 defenditur
2346 4452 2362 4478 ,
2390 4427 2489 4467 nec
2513 4411 2658 4467 nasci
2691 4425 2840 4468 esea
2866 4413 3086 4480 malum,
3112 4426 3210 4467 nec
3238 4412 3490 4484 eiinesse
3510 4427 3606 4482 po-

2033 4513 2137 4560 test
2173 4503 2502 4559 naturaliter.
2558 4501 2786 4557 Evanuit
2818 4502 2976 4572 igitur
3007 4501 3276 4558 conclusio
3319 4511 3436 4568 tua;
3479 4505 3620 4572 quia.

2031 4595 2314 4663 sententia,
2347 4609 2503 4665 quam
2529 4593 2763 4648 secundo
2783 4594 2902 4649 loco
2927 4593 3171 4662 intulisti,
3193 4609 3298 4649 non
3321 4593 3563 4650 distinxit
3583 4635 3618 4661 ,,

2031 4686 2125 4744 sed
2153 4686 2439 4756 geminavit
2460 4685 2710 4754 priorem.
3176 4693 3186 4701 '

2103 4779 2236 4834 Anc.
2266 4777 2383 4832 Non
2409 4777 2681 4842 continuo,
2711 4776 2757 4832 si
2787 4777 2926 4832 bona
2950 4775 3275 4843 defenditur,
3306 4777 3604 4835 vindicatur

2034 4886 2063 4926 a
2089 4869 2260 4924 malis.
2293 4869 2488 4924 Eadem
2513 4868 2944 4938 quippenatura,
2968 4878 3023 4924 et
3051 4869 3190 4924 bona
3218 4878 3300 4925 est
3317 4911 3333 4936 ,
3364 4871 3417 4926 in
3438 4887 3617 4942 quan,

2037 4969 2144 5015 tum
2179 4970 2365 5013 natura
2396 4968 2510 5023 est;
2534 4966 2590 5014 et
2613 4958 2752 5012 mala
2787 4968 2898 5023 est,
2921 4959 2966 5014 si
3003 4959 3183 5017 vitiata
3208 4971 3291 5015 est
3336 4979 3350 5014 :
3389 4977 3492 5015 non
3524 4973 3608 5017 est

2036 5059 2212 5106 tamen
2238 5049 2433 5104 malum
2462 5049 2566 5104 ulla
2589 5049 2806 5104 omnino
2835 5057 3042 5103 natura.
3064 5047 3180 5104 Non
3207 5049 3370 5120 igitur
3393 5054 3608 5106 evanuit

2035 5156 2153 5196 mea
2191 5139 2458 5195 conclusio
2477 5179 2492 5206 ,
2518 5152 2621 5208 qua
2654 5136 2762 5192 dixi
2783 5177 2798 5204 ,
2826 5136 3030 5192 Natura
3059 5137 3315 5205 humana,
3342 5140 3388 5193 si
3418 5140 3618 5193 malum

2035 5240 2180 5295 esset,
2209 5228 2453 5284 solvenda
2489 5244 2589 5282 non
2613 5238 2774 5292 esset;
2801 5228 2846 5282 si
2879 5228 2924 5282 ei
2957 5229 3077 5282 mali
3107 5229 3235 5282 nihil
3261 5229 3476 5294 inesset,
3501 5231 3616 5288 ωιο,

2036 5321 2202 5376 nanda
2237 5336 2336 5374 non
2361 5327 2502 5374 esset.
2548 5317 2652 5374 Sed
2677 5319 2722 5372 si
2749 5317 2831 5373 vis
2858 5333 3038 5372 verum
3077 5317 3256 5374 dicere
3278 5357 3294 5385 ,
3322 5317 3408 5372 die
3434 5319 3616 5387 potius

2037 5410 2317 5466 evanuisse
2342 5407 2847 5479 argumentationem
2877 5416 3049 5475 tuam,
3079 5421 3183 5478 qua
3214 5405 3426 5462 voluisti
3447 5406 3609 5464 refela

2038 5504 2148 5559 lere
2171 5502 2562 5558 conclusionem
2591 5514 2784 5554 meam.

2110 5589 2330 5648 CXCIV.
2360 5588 2478 5646 Jun.
2507 5588 2708 5643 Natura
2727 5627 2743 5654 ,
2770 5586 2944 5657 inquis
2962 5627 2978 5652 ,
3008 5587 3226 5639 humana
3245 5587 3286 5639 si
3313 5585 3500 5639 malum
3529 5604 3610 5641 es-

2040 5692 2130 5750 set,
2150 5681 2392 5738 salvanda
2410 5697 2510 5735 non
2528 5687 2687 5744 esset;
2717 5683 2762 5732 sl
2786 5676 2974 5732 eirntali
2998 5677 3125 5732 nihil
3143 5677 3343 5742 inesset,
3369 5676 3612 5732 soluenda

2042 5792 2142 5830 non
2192 5781 2362 5829 esset:
2399 5769 2524 5842 quid
2564 5767 2703 5826 aliud
2746 5767 3056 5836 ostendisti,
3095 5785 3252 5840 quam
3301 5786 3456 5824 unam
3504 5786 3620 5828 retu
