3980 6512
414 425 544 481 1551

411 545 631 609 prepter
649 535 700 591 id
723 536 916 593 debere
943 532 1159 601 salvari,
1186 537 1403 602 propter
1431 527 1572 598 quod
1601 527 1748 582 illam
1773 537 1994 595 negave-

410 647 502 688 ras
527 632 722 688 debere
746 625 977 683 salvari?

483 745 618 800 Anc.
649 739 910 797 Salvanda
937 747 1039 804 est,
1069 737 1191 808 quia
1217 736 1355 791 mala
1379 743 1484 800 est,
1514 748 1618 788 non
1642 732 1768 803 quia
1797 729 1994 785 malum

410 843 492 888 est
521 850 535 886 :
562 832 606 886 si
636 839 809 885 autem
835 839 976 884 esset
997 827 1195 881 malum
1214 868 1228 891 ,
1257 824 1511 880 salvanda
1541 839 1646 878 non
1684 822 1847 876 esset.
1879 819 1993 875 Non

408 923 552 979 enim
587 920 708 993 quia
741 921 938 974 malum
973 928 1082 982 est,
1106 917 1199 972 sed
1236 916 1356 987 quia
1401 915 1596 970 malum
1638 913 1828 978 habet,
1855 912 1993 966 mala

410 1027 530 1070 est:
563 1014 699 1069 sicut
738 1011 989 1082 nonquia
1015 1010 1199 1064 vitium
1229 1019 1305 1064 est
1329 1051 1346 1073 ,
1377 1007 1471 1063 sed
1511 1007 1632 1078 quia
1671 1006 1856 1061 vitium
1895 1006 1992 1058 ha—

407 1105 518 1169 bet,
545 1103 734 1159 vitiosa
772 1111 871 1158 est.
895 1100 1028 1169 Quia
1063 1099 1252 1154 vitiosa
1289 1107 1372 1155 est
1403 1113 1564 1169 ergo,
1595 1096 1845 1153 salvanda
1875 1105 1993 1151 est:

405 1197 454 1251 si
483 1205 659 1251 autem
689 1196 799 1265 ipsa
829 1205 1040 1260 natura,
1073 1193 1179 1247 hoc
1198 1200 1300 1256 est,
1323 1191 1437 1262 ipsa
1464 1190 1782 1256 substantia,
1807 1189 1991 1244 vitium

407 1298 572 1354 esset,
597 1286 847 1342 salvanda
883 1302 988 1340 non
1031 1293 1192 1340 esset.
1234 1284 1511 1352 Quomodo
1537 1275 1665 1354 ergo
1690 1297 1849 1338 unam
1879 1297 1994 1337 rem

404 1387 628 1449 propter
666 1377 768 1432 hoc
798 1377 911 1432 dixi
938 1375 1135 1431 debere
1159 1375 1393 1442 salvari,
1414 1384 1632 1444 propter
1669 1372 1808 1444 quod
1850 1373 1993 1428 illam

405 1483 724 1538 negaveram
769 1467 966 1522 debere
1001 1465 1232 1531 salvari;
1259 1480 1380 1520 cum
1412 1465 1552 1518 aliud
1583 1465 1652 1518 sit
1688 1463 1872 1518 vitium
1895 1464 1992 1517 ha-

405 1559 536 1614 ltere
560 1600 574 1623 ,
606 1557 746 1613 aliud
771 1557 958 1612 vitium
983 1571 1100 1612 esse
1116 1556 1144 1609 ?
1168 1555 1438 1611 Salvanda
1462 1565 1542 1610 est
1573 1569 1706 1624 ergo
1723 1554 1885 1624 ,quia
1911 1553 1993 1608 vi-

406 1649 536 1702 tium
589 1648 781 1713 habet,
811 1662 920 1702 non
959 1647 1084 1717 quia
1129 1647 1312 1700 vitium
1361 1643 1553 1700 estzsi
1586 1655 1765 1699 autem
1806 1643 1994 1698 vitium

404 1750 584 1804 esset,
613 1739 864 1795 salvanda
901 1754 1004 1794 non
1039 1747 1200 1794 esset.
1244 1738 1402 1793 Vides
1438 1753 1597 1807 quam
1635 1752 1741 1791 non
1790 1737 1892 1792 hoc
1923 1737 1995 1792 sit

404 1832 764 1904 respondere,
811 1831 949 1903 quod
999 1839 1083 1887 est
1131 1846 1235 1886 non
1282 1841 1456 1886 tacere
1502 1848 1516 1884 :
1567 1830 1992 1900 quandoquidem

402 1923 554 1979 vides
584 1933 636 1980 te
665 1925 793 1979 nihil
821 1924 1163 1995 respondisse
1183 1964 1198 1990 ,
1227 1929 1281 1978 et
1309 1930 1484 1976 tamen
1516 1929 1693 1977 tacere
1732 1921 1988 1977 noluisse.

471 2034 674 2092 CXCV.
699 2037 819 2092 Jun.
848 2039 926 2092 Ac
951 2053 1047 2107 per
1071 2036 1174 2092 hoc
1195 2077 1210 2101 ,
1240 2050 1307 2091 eo
1334 2035 1609 2090 revolutus
1637 2051 1716 2100 es,
1747 2045 1804 2090 ut
1827 2035 1995 2091 Mani-

401 2126 639 2203 cltaaum,
670 2143 829 2199 quem
876 2127 1206 2197 professione
1243 2135 1676 2196 contempseras,
1704 2142 1988 2197 argumen-

402 2219 602 2275 tatione
619 2234 915 2289 repararcs.
935 2218 1066 2274 Nam
1085 2218 1330 2285 dicendo,
1357 2218 1419 2274 Si
1434 2219 1568 2272 mala
1584 2229 1726 2284 esset,
1745 2219 1990 2274 salvanda

399 2327 504 2366 non
526 2319 686 2378 esset,
706 2311 940 2380 Speciem
976 2309 1258 2382 pugnantis
1282 2310 1530 2365 indueras
1558 2328 1573 2364 :
1601 2310 1875 2365 subdcndo
1892 2327 1990 2365 au-

399 2413 532 2466 tem,
559 2405 652 2458 sed
675 2405 720 2458 si
746 2403 873 2458 nihil
910 2403 961 2457 in
986 2420 1044 2456 ea
1072 2404 1196 2458 mali
1220 2413 1348 2458 esset
1373 2444 1392 2470 ,
1418 2403 1663 2457 solvenda
1690 2420 1790 2458 non
1820 2413 1945 2458 esset
1968 2445 1988 2472 ,

399 2493 500 2563 ipsi
531 2503 582 2549 te
612 2492 837 2548 fideliter
864 2493 1093 2548 militare
1131 2493 1377 2549 docuisti.
1408 2493 1537 2548 Cum
1575 2509 1701 2564 ergo
1725 2509 1991 2564 app-arue-

399 2584 471 2638 rit
499 2583 600 2639 hoc
621 2592 709 2638 tua
739 2583 880 2654 quod
904 2583 1186 2638 Manichzei
1202 2584 1465 2640 sententia
1487 2584 1778 2648 contineri,
1803 2583 1854 2638 id
1874 2593 1984 2648 est,

398 2675 595 2730 malam
622 2689 742 2730 esse
765 2676 780 2707 ¹
808 2675 1081 2730 hominum
1121 2683 1386 2739 naturam,
1413 2676 1496 2730 eui
1522 2675 1608 2729 ille
1635 2683 1689 2728 ct
1711 2685 1764 2728 tu
1792 2675 1990 2744 pariter

397 2766 598 2821 malum
623 2766 802 2822 inesse
825 2764 1021 2833 dicitis,
1045 2773 1204 2836 tuque
1229 2765 1658 2837 pronuntiaveris
1679 2766 1872 2820 malam
1895 2782 1989 2821 na-

396 2868 574 2914 turam
602 2875 707 2914 non
737 2873 856 2914 esse
885 2859 1190 2914 salvandam
1214 2875 1230 2925 ;
1253 2858 1646 2913 absolutissime
1684 2859 1985 2914 confectura

397 2961 482 3008 est
504 2994 520 3019 ,
551 2952 710 3008 [idem
736 2959 966 3008 vestram
988 2951 1185 3022 junctis
1210 2952 1427 3007 omni-no
1472 2953 1663 3006 turmis
1697 2960 1804 3008 tam
1836 2959 1988 3006 natu-

400 3060 516 3100 ram
543 3045 886 3116 impugnare,
915 3059 1076 3115 quam
1103 3043 1349 3114 gratiam.

470 3159 608 3214 Anc.
629 3157 896 3226 Numquid
937 3157 1186 3227 quoniam
1225 3157 1384 3211 verba
1413 3171 1528 3211 mea
1572 3165 1777 3219 mutas,
1801 3165 1858 3211 ut
1885 3157 1984 3211 ali-

396 3247 524 3318 quid
554 3246 896 3318 respondisse
919 3247 1149 3302 videaris
1169 3288 1184 3312 ,
1219 3247 1341 3301 ideo
1367 3246 1581 3301 difﬁcile
1609 3258 1698 3302 aut
1737 3249 1984 3318 impossi-

397 3336 509 3394 bile
546 3334 678 3391 lacis
712 3336 1010 3406 legentibus
1031 3377 1048 3404 ,
1074 3337 1156 3391 vel
1195 3337 1432 3392 recolere
1451 3339 1472 3369 ²
1502 3336 1813 3405 animo,vel
1838 3347 1985 3393 certe

395 3424 452 3482 in
477 3427 578 3481 hoc
608 3426 724 3496 ipso
763 3434 853 3480 tuo
880 3425 1017 3482 libro
1054 3425 1212 3496 paulo
1252 3427 1496 3497 superius
1535 3428 1806 3498 relegere,
1836 3430 1986 3484 etvi-

397 3517 528 3572 dere
564 3515 689 3587 quid
724 3514 983 3582 dixerim,
1007 3516 1097 3571 ubi
1133 3525 1187 3572 et
1223 3517 1337 3587 ipse
1379 3518 1462 3572 illa
1491 3519 1630 3574 sicut
1663 3534 1694 3573 a
1739 3535 1824 3576 me
1865 3530 1988 3576 srvit

399 3606 539 3662 dicta
567 3607 833 3678 posuisti?
858 3607 972 3679 Ego
995 3611 1137 3663 enim
1167 3623 1270 3663 non
1301 3609 1430 3677 dixi,
1457 3609 1511 3664 Si
1539 3611 1678 3664 mala
1697 3620 1859 3675 esset,
1883 3614 1989 3667 sal-

399 3697 571 3753 vanda
599 3713 702 3753 non
724 3707 904 3765 esset;
932 3714 1054 3754 cum
1098 3699 1219 3754 ideo
1257 3700 1507 3755 salvanda
1549 3703 1650 3766 sit,
1675 3711 1732 3756 nt
1769 3719 1870 3756 non
1917 3704 1988 3758 sit

399 3789 539 3844 mala
565 3807 578 3842 :
607 3788 700 3844 scd
722 3789 869 3858 dixi,
898 3789 957 3846 Si
999 3790 1192 3844 malum
1215 3800 1342 3844 esset
1362 3830 1381 3857 ,
1418 3792 1664 3845 solvenda
1697 3810 1803 3847 non
1837 3804 1984 3849 esset.

396 3879 659 3942 Habenda
697 3880 892 3951 quippe
933 3881 1117 3936 vitium
1165 3883 1302 3935 mala
1348 3890 1458 3947 est,
1489 3898 1596 3952 quo
1630 3893 1983 3953 consumpto,

397 3970 516 4024 sine
540 3970 870 4025 dubitatione
909 3971 972 4024 lit
995 3971 1140 4026 salva
1172 3989 1186 4023 :
1217 3986 1321 4025 non
1364 3972 1475 4042 ipsa
1506 3973 1689 4026 vitium
1719 3981 1828 4036 est;
1857 3973 1987 4028 alio-

407 4061 531 4130 quin
554 4061 665 4131 ipsa
679 4070 1100 4127 consumeretur,
1128 4077 1248 4116 cum
1269 4063 1601 4117 consumitur
1624 4063 1826 4117 vitium.
1853 4061 1984 4117 Cum

402 4167 532 4208 vero
567 4154 740 4209 salute
763 4153 948 4208 vitium
984 4161 1362 4220 consumatur,
1392 4153 1516 4223 quid
1558 4154 1659 4207 isto
1689 4154 1848 4208 modo
1885 4155 1984 4208 nisi

398 4251 590 4300 natura
629 4243 902 4299 salvatur‘l
939 4243 1070 4298 Cum
1115 4244 1291 4312 itaque
1329 4243 1524 4296 dicitur
1559 4244 1734 4297 sanari
1770 4245 1982 4310 vitium,

399 4350 508 4392 non
536 4336 711 4405 ipsum
741 4335 949 4400 vitium,
974 4334 1068 4390 sed
1091 4333 1179 4388 illa
1210 4334 1298 4389 cui
1323 4334 1424 4388 hoc
1445 4334 1644 4392 inerat.
1668 4343 1854 4388 natura
1883 4335 1988 4389 sal-

400 4435 588 4492 vatur;
614 4440 732 4496 qua:
753 4425 798 4480 si
829 4424 1014 4479 vitium
1039 4432 1201 4490 esset,
1226 4439 1331 4478 non
1355 4425 1669 4489 salvaretur,
1691 4425 1786 4479 sed
1817 4425 1987 4481 linire-
2023 4427 2026 4429 ’

400 4530 490 4576 tur
519 4520 694 4591 potius
734 4519 962 4575 sanitate
993 4519 1139 4573 :imo
1168 4519 1365 4573 sanitas
1385 4516 1489 4572 hoc
1533 4518 1695 4572 modo
1722 4519 1826 4573 ulla
1867 4519 1983 4574 ﬁeri

401 4625 512 4666 non
535 4619 744 4682 posset;
769 4609 1018 4681 quoniam
1040 4609 1083 4664 si
1109 4608 1278 4674 lierel,
1308 4617 1545 4664 maneret
1566 4617 1754 4664 natura
1776 4622 1981 4676 sanata,

402 4710 720 4771 consumpto
741 4701 869 4756 vitio
892 4716 998 4770 quo
1032 4715 1136 4755 non
1167 4709 1282 4755 erat
1317 4714 1482 4765 sana;
1515 4699 1560 4753 si
1587 4709 1762 4755 autem
1801 4709 1989 4755 natura

405 4792 594 4847 vitium
614 4801 777 4852 esset.
809 4806 915 4845 non
954 4791 1134 4861 utique
1165 4801 1482 4860 consumpto
1516 4791 1646 4846 vitio
1668 4801 1948 4846 sanaretur
1971 4831 1986 4857 ,

404 4884 504 4940 sed
542 4884 655 4954 ipsa
693 4892 1118 4938 consumeretur.
1161 4882 1234 4938 Ac
1261 4897 1357 4952 per
1383 4883 1515 4948 hoc,
1542 4893 1729 4938 natura
1759 4885 1989 4938 humana

403 4991 514 5033 non
535 4974 580 5031 si
604 4974 740 5029 mala
770 4981 935 5038 esset,
963 4973 1056 5029 sed
1086 4975 1131 5028 si
1157 4975 1351 5028 malum
1377 4984 1555 5039 esset,
1588 4975 1690 5030 hoc
1716 4983 1817 5041 est,
1845 4977 1890 5030 si
1912 4976 1990 5028 vi-

402 5068 538 5123 tium
564 5074 709 5122 esset
731 5108 746 5132 ,
771 5064 1023 5121 salvanda
1064 5080 1166 5119 non
1197 5075 1368 5133 esset;
1396 5065 1439 5120 si
1461 5065 1508 5120 ei
1535 5066 1664 5120 nihil
1689 5067 1810 5119 mali
1847 5067 1992 5122 ines-

403 5165 520 5226 set,
547 5155 650 5211 hoc
678 5164 791 5221 est,
813 5156 859 5212 si
889 5155 1020 5210 vitio
1053 5155 1190 5210 mala
1231 5171 1334 5210 non
1374 5165 1555 5219 esset,
1592 5156 1842 5210 salvanda
1883 5173 1988 5211 non

406 5257 554 5306 esset
572 5248 613 5303 ³.
647 5249 783 5304 Ecce
805 5247 946 5318 quod
976 5247 1116 5311 dixi;
1145 5247 1251 5320 noli
1282 5249 1498 5302 mutatis
1526 5264 1557 5302 a
1584 5259 1634 5304 te
1654 5249 1830 5303 verbis
1856 5251 2018 5318 meisx

403 5342 545 5399 velle
575 5341 750 5398 facere
777 5341 950 5398 locum
976 5382 992 5408 ,
1021 5355 1124 5396 non
1161 5340 1614 5410 responsionibus,
1643 5340 1741 5396 sed
1764 5350 1988 5396 conten-

411 5434 646 5490 tionibus
669 5433 790 5488 tuis.

476 5541 705 5602 CXCVI.
742 5544 862 5600 Jun.
899 5541 1347 5618 Sequiturque’ut
1381 5557 1536 5598 nemo
1575 5542 1740 5614 possit
1776 5542 1992 5603 laudare

471 5703 488 5734 ι
524 5700 658 5759 editi,
682 5699 865 5750 nullum
897 5710 1018 5749 esse.
1053 5704 1108 5748 At
1127 5706 1234 5748 Mss.
1253 5733 1268 5760 ,
1288 5697 1468 5748 malam
1485 5703 1605 5750 esse.

469 5764 491 5824 ξ
523 5764 595 5824 sic
615 5769 721 5814 lttss.
749 5767 799 5824 In
819 5763 977 5824 vign.,
1004 5760 1178 5812 recole.

471 5823 494 5855 ³
525 5823 752 5891 Alterum
773 5823 868 5891 hoc
885 5823 1157 5891 membrum
1179 5823 1436 5891 sententiae
1459 5825 1757 5891 restituimus
1780 5838 1841 5875 ex
1868 5835 1971 5879 Mss.
1980 5864 1996 5891 ,

406 5896 586 5948 nempe
601 5899 630 5938 a
652 5885 818 5941 verbis
838 5921 855 5950 ,
880 5883 987 5938 sici
1005 5882 1142 5949 nihil,
1173 5897 1328 5950 usque
1344 5885 1402 5935 ad
1420 5887 1586 5949 verba,
1601 5895 1842 5955 nonesset.
1873 5913 1884 5928 ρ

1118 415 1361 474 OPERIS
1397 409 1808 482 IMPEREECTI
1843 408 2117 467 CONTRA
2155 409 2512 483 JULIANUM,
2551 413 2608 473 S.
2649 416 3014 475 AUGUSTINI

2100 525 2323 595 gratiam
2351 525 2584 593 Christi,
2609 529 2708 585 nisi
2736 532 2828 603 qui
2862 533 2916 587 in
2945 541 3130 588 natura
3165 532 3362 591 bonum
3397 552 3534 610 opus
3561 539 3689 595 lau-

2100 615 2306 670 daverit
2329 617 2652 675 Conditoris.
2780 655 2782 657 ›
3069 629 3072 632 ’

2171 708 2306 764 Aue.
2353 710 2463 764 lloe
2503 725 2685 766 verum
2734 711 2955 768 dixisti:
2995 725 3050 769 et
3081 715 3209 771 ideo
3248 717 3408 773 etiam
3442 719 3498 775 in
3543 721 3694 776 mala

2101 807 2286 853 natura
2324 815 2458 869 opus
2485 801 2749 858 laudabile
2785 813 2867 858 est
2892 805 3225 874 Conditoris;
3253 810 3374 879 quia
3411 821 3466 866 ct
3497 822 3693 866 natura

2099 890 2268 953 mala,
2298 889 2349 944 in
2375 901 2630 960 quantum
2678 903 2864 950 natura
2897 903 3012 959 est,
3042 897 3237 953 bonum
3273 909 3390 965 est;
3425 912 3592 973 atque
3639 915 3699 959 ut

2100 980 2203 1035 hoc
2231 981 2426 1036 bonttnt
2456 983 2709 1039 liberetur
2731 1001 2762 1040 a
2791 987 2952 1052 malo,
2980 989 3144 1058 gratia
3175 993 3477 1046 necessaria
3501 1003 3616 1049 est.

2171 1073 2420 1129 CXCVH.
2443 1074 2564 1130 Jun.
2592 1077 2749 1132 Certe
2790 1078 2938 1132 nulla
2959 1078 3044 1134 hic
3073 1079 3140 1135 de
3165 1080 3357 1138 studiis
3377 1083 3697 1141 adultos-um

2100 1162 2376 1220 hominum
2413 1167 2637 1236 quaestio
2659 1209 2674 1232 ,
2702 1168 2797 1224 sed
2820 1169 2888 1224 de
2915 1169 3029 1224 seta
3065 1173 3395 1228 nascentium
3429 1175 3700 1246 qualitate

2099 1264 2370 1323 versatur,
2401 1256 2454 1311 in
2495 1257 2687 1327 quibus
2720 1267 2925 1315 uatum
2951 1262 3285 1318 exatninatur
3305 1271 3502 1319 status.
3535 1265 3702 1320 Hanc

2101 1353 2158 1400 tu
2190 1346 2365 1419 itaque
2393 1357 2638 1403 naturam
2668 1351 2784 1406 sine
2815 1352 2995 1422 aliqua
3015 1354 3245 1423 propria:
3271 1356 3561 1412 voluntatis
3595 1357 3700 1411 ad-

2098 1439 2264 1493 mixtu
2304 1455 2448 1495 ream
2470 1482 2485 1508 ,
2513 1441 2814 1496 damna-tam
2837 1485 2854 1511 ,
2877 1444 3058 1511 malis,
3089 1445 3141 1500 id
3179 1455 3262 1501 est
3281 1490 3295 1508 .
3329 1449 3654 1506 criminibus
3677 1492 3699 1518 ,

2096 1531 2337 1601 plenam,
2367 1548 2489 1587 cum
2535 1533 2829 1589 Manichaee
2867 1545 3039 1592 tamen
3083 1539 3280 1594 asseris
3316 1557 3329 1593 :
3380 1557 3541 1612 quam
3586 1559 3702 1598 nos

2097 1625 2212 1679 sine
2241 1625 2462 1689 scelere,
2495 1627 2843 1697 sine'peccati
2886 1629 3029 1683 malo
3067 1630 3383 1700 innoxiam,
3431 1643 3485 1690 et
3524 1649 3696 1706 capa-
3760 1618 3770 1638 ’

2096 1729 2213 1771 cem
2267 1716 2480 1772 virtutis
2511 1726 2741 1774 tuemur.

2167 1809 2299 1862 Anc.
2329 1809 2678 1876 Agnoscimus
2702 1818 2775 1877 te,
2796 1810 3131 1881 agnoscimus
3152 1797 3402 1884 magnum
3424 1822 3687 1882 tutorem,

2095 1897 2184 1968 qui
2216 1899 2450 1968 parvulis
2477 1913 2613 1969 quos
2637 1900 2800 1955 tueris
2825 1943 2846 1968 ,
2865 1917 2970 1956 non
3001 1903 3132 1957 sinis
3153 1918 3467 1962 succurrere
3496 1906 3691 1964 Salva-

2096 1997 2287 2044 torem.
2313 1989 2369 2045 Si
2399 1999 2576 2046 autem
2606 1991 2759 2059 sinis,
2789 1991 2895 2058 dic,
2920 2009 3104 2064 quaeso
3126 2037 3141 2063 ,
3167 1997 3378 2066 quando
3406 1994 3538 2054 salvi
3563 2015 3688 2056 cor-

2095 2094 2225 2148 pore
2246 2080 2577 2149 baptizantur
2591 2122 2622 2153 ,_
2639 2097 2708 2137 ex
2735 2097 2841 2152 quo
2862 2084 3005 2139 malo
3023 2127 3037 2153 ,
3067 2101 3131 2140 ex
3158 2102 3263 2156 quo
3290 2089 3454 2154 vitio,
3477 2106 3544 2146 ex
3578 2105 3690 2163 qna

2096 2179 2244 2238 parte
2265 2171 2282 2202 ¹
2312 2171 2601 2226 salventur.
2634 2173 2739 2228 Sed
2764 2173 2887 2244 quid
2915 2174 3155 2230 dicturus
3181 2192 3260 2240 es,
3294 2178 3455 2234 homo
3481 2183 3571 2251 qui
3599 2183 3685 2237 fa-

2092 2259 2170 2313 cis
2199 2259 2290 2314 tibi
2321 2261 2622 2330 paradisum
2645 2270 2815 2330 tuum,
2847 2279 3005 2334 quem
3027 2281 3133 2320 non
3160 2267 3435 2325 erubescis
3457 2269 3686 2340 implere

2093 2351 2266 2422 ptenis
2293 2353 2572 2407 immeritis
2593 2355 2934 2424 parvulorum
2960 2356 2984 2409 ?

2165 2442 2432 2498 CXCVIII.
2454 2445 2570 2500 Jun.
2590 2444 2736 2501 lianc
2751 2462 2878 2517 ergo
2898 2457 2950 2502 tu
2969 2447 3020 2503 in
3039 2449 3293 2519 parvulis,
3308 2448 3682 2520 criminasam,

2091 2535 2356 2602 vitiosam,
2379 2547 2431 2591 et
2461 2537 2762 2592 damnatam
2803 2553 2897 2593 sua
2927 2540 3195 2596 voluntate
3219 2543 3419 2613 arguis,
3450 2559 3517 2599 an
3548 2560 3684 2601 con-

2092 2626 2291 2683 ditione
2339 2629 2631 2684 nascendi?
2658 2630 2713 2685 Si
2747 2631 2961 2701 propria
3004 2633 3273 2687 voluntate
3296 2677 3312 2702 ,
3343 2645 3400 2690 ut
3438 2637 3687 2694 videlicet

2091 2721 2165 2774 illi
2193 2723 2394 2790 parvuli
2422 2723 2532 2777 suis
2558 2723 2745 2778 studiis
2771 2738 3020 2792 peccasse
3048 2724 3334 2793 dicantur;
3377 2739 3688 2786 monstrum

2091 2811 2304 2881 quidem
2357 2812 2966 2882 Opinionis’exoritur,
3011 2817 3209 2886 peccati
3256 2826 3432 2874 tamen
3489 2820 3680 2876 tradux

2092 2911 2345 2972 negatur;
2371 2918 2476 2957 non
2511 2904 2654 2958 enim
2683 2906 2889 2976 accepit
2921 2907 2988 2961 ab
3015 2908 3154 2970 alio,
3185 2909 3324 2978 quod
3357 2910 3528 2979 potuit
3568 2912 3687 2982 ipse

2091 2993 2424 3062 committere
2475 3011 2489 3048 :
2537 2994 2619 3048 sin
2659 3005 2833 3050 autem
2875 3003 2948 3050 tot
2988 2997 3128 3051 mala-
3167 3013 3281 3053 non
3315 2999 3526 3056 actione
3545 3017 3682 3070 sua,

2091 3083 2184 3137 sed
2222 3083 2527 3140 conditione
2579 3073 2816 3154 sortitur,
2864 3088 3175 3143 naturaliter
3227 3089 3408 3161 iniqua
3455 3093 3681 3148 convin-

2091 3173 2248 3227 citur.

2162 3264 2299 3320 Anc.
2318 3262 2427 3318 Nec
2446 3279 2537 3320 sua
2559 3265 2834 3323 voluntate
2853 3282 3016 3338 arguo
3043 3277 3283 3324 naturam
3311 3271 3684 3341 parvulorum;

2092 3369 2251 3409 nemo
2289 3355 2429 3408 enim
2481 3356 2601 3424 quia
2654 3357 2767 3411 vult
2807 3359 3197 3428 nascitur;nee
3237 3361 3544 3418 conditione
3588 3382 3679 3420 na-

2092 3446 2298 3514 scendi,
2328 3448 2429 3502 nisi
2456 3449 2576 3518 quia
2603 3449 2781 3503 miseri
2803 3459 3092 3505 nascuntur
3115 3492 3129 3517 ,
3162 3467 3267 3506 non
3295 3454 3418 3523 quia
3447 3470 3680 3512 nascun-

2093 3544 2198 3591 tur.
2227 3537 2548 3593 Nasceretur
2570 3539 2712 3594 enim
2755 3540 2913 3594 etiam
2959 3551 3143 3596 natura
3171 3541 3401 3598 humana
3433 3545 3492 3599 in
3524 3562 3679 3616 para-

2092 3631 2248 3698 diso,
2298 3647 2364 3687 ex
2408 3632 2501 3686 Dei
2555 3633 2924 3689 benedictione
2974 3635 3220 3702 fecunda,
3269 3638 3478 3693 etiamsi
3522 3655 3686 3694 nemo

2092 3731 2382 3792 peccasset,
2412 3723 2580 3778 donec
2609 3724 2718 3777 Deo
2747 3727 3097 3795 prarcognitus
3136 3737 3441 3782 sanctorum
3485 3744 3680 3785 nume-

2090 3828 2182 3866 rus
2218 3813 2588 3882 eompleretur.
2630 3813 2735 3869 Sed
2763 3814 2833 3868 illi
2857 3815 3059 3885 parvuli
3086 3831 3184 3872 nec
3223 3817 3418 3873 ﬂerent
3444 3819 3495 3874 in
3526 3834 3682 3890 para-

2091 3901 2207 3957 diso
2225 3943 2241 3970 ,
2263 3917 2361 3958 nec
2387 3903 2516 3958 muti
2543 3913 2720 3959 essent
2745 3945 2764 3972 ,
2787 3919 2884 3960 nec
2911 3905 3203 3976 aliquando
3221 3909 3294 3962 uti
3323 3909 3530 3964 ratione
3573 3924 3685 3964 non

2090 4003 2344 4063 possent,
2379 4010 2478 4050 nec
2500 3996 2614 4050 sine
2639 4011 2738 4050 usu
2767 3995 3131 4052 membrorum
3163 3997 3359 4053 inlirmi
3385 4008 3442 4054 et
3477 4000 3681 4055 inertes

2085 4085 2342 4156 jacerent,
2376 4102 2475 4142 nec
2497 4088 2693 4142 morbis
2717 4087 3102 4158 aliligerentur,
3130 4104 3230 4144 nec
3256 4105 3285 4142 a
3303 4089 3490 4145 bestiis
3520 4090 3683 4145 laede.

2089 4184 2294 4244 rentur,
2326 4192 2426 4233 nec
2453 4179 2672 4233 venenis
2699 4188 3019 4235 necarentur
3041 4221 3056 4246 ,
3085 4195 3186 4235 nec
3210 4180 3386 4250 aliquo
3411 4195 3537 4236 casu
3562 4182 3686 4234 vnl-

2090 4277 2433 4336 nerarentur,
2457 4268 2544 4323 vel
2579 4269 2686 4324 ullo
2719 4284 2878 4325 sensu
2907 4311 2922 4334 ,
2953 4279 3046 4324 aut
3081 4270 3194 4324 ulla
3238 4280 3386 4341 parte
3436 4273 3680 4342 corporis

2093 4358 2444 4428 privarentur,
2475 4374 2574 4414 nec
2596 4374 2625 4412 a
2665 4358 2997 4415 daemonibus
3042 4372 3365 4416 vexarentur
3385 4403 3400 4426 ,
3430 4377 3529 4417 nec
3562 4377 3684 4417 sur-

2091 4461 2275 4522 gentes
2304 4451 2355 4506 in
2390 4453 2668 4522 pueritiam
2698 4452 3043 4508 domarentur
3069 4455 3400 4522 verberibus,
3433 4466 3524 4510 aut
3553 4472 3681 4511 eru-

2091 4541 2330 4597 direntur
2371 4542 2672 4610 laboribus,
2713 4559 2813 4599 nec
2849 4545 2942 4599 ulli
2983 4545 3005 4577 ⁸
3045 4561 3231 4600 eorum
3285 4557 3397 4601 tam
3439 4563 3580 4601 vano
3623 4557 3679 4602 et

2094 4634 2324 4690 obtunso
2348 4644 2694 4690 nascerentur
2732 4635 2962 4706 ingenio,
2997 4646 3054 4691 ut
3081 4653 3184 4692 nec
3222 4636 3432 4704 labore,
3455 4653 3554 4693 nee
3581 4637 3684 4692 do-

2093 4725 2209 4780 lore
2252 4725 2359 4779 ullo
2388 4725 2833 4791 emcndarentur;
2866 4727 2958 4782 sed
2995 4737 3216 4797 excepta
3241 4769 3256 4794 ,
3285 4738 3504 4797 propter
3533 4728 3676 4782 inca-

2095 4833 2251 4889 paces
2300 4825 2481 4872 nteros
2520 4827 2750 4872 matrum
2769 4858 2783 4882 ,
2812 4818 2891 4872 sui
2921 4819 3165 4888 corporis
3193 4819 3520 4888 quantitate,
3549 4819 3679 4874 tales

2095 4907 2311 4962 omnino
2331 4907 2499 4978 qualis
2518 4907 2686 4963 Adam
2710 4908 2878 4963 factus
2902 4917 3004 4973 est,
3033 4909 3395 4979 gignerentur.
3417 4909 3568 4965 Nunc
3587 4925 3680 4964 au-

2097 5009 2201 5055 tem
2233 5015 2332 5054 nee
2362 4999 2493 5055 tales
2517 5009 2699 5055 essent
2722 5000 2906 5070 quales
2950 4999 3192 5055 videmus
3213 5043 3228 5068 ,
3251 5016 3349 5056 nec
3377 5001 3500 5056 talia
3534 5011 3680 5072 pate-

2096 5101 2304 5157 rentur,
2334 5091 2432 5146 nisi
2457 5099 2673 5162 pcccato
2695 5091 2786 5147 illo
2815 5107 3006 5162 magno
3035 5099 3222 5145 natura
3244 5091 3472 5147 humana
3504 5092 3556 5146 in
3586 5091 3680 5146 has

2097 5184 2340 5239 miserias
2379 5192 2576 5237 mutata
2605 5189 2763 5252 atque
2799 5182 3066 5236 damna-ta.
3103 5182 3219 5237 Non
3247 5198 3376 5253 ergo
3402 5185 3472 5238 ita
3502 5198 3560 5238 se
3587 5182 3679 5236 ha-

2097 5274 2225 5330 bent
2250 5273 2552 5329 conditione
2594 5273 2842 5346 nascendi
2868 5276 2999 5340 ,sed
3038 5275 3359 5346 contagione
3399 5275 3600 5346 peccati
3627 5282 3683 5330 et

2098 5365 2404 5420 conditione
2427 5364 2692 5434 supplicii.

2169 5454 2399 5511 CXCIX.
2428 5454 2544 5510 ιῐυι..
2571 5453 2686 5522 Quo
2722 5442 3034 5524 ergosuper
3061 5462 3264 5509 natura:
3287 5452 3488 5525 judicio
3513 5453 3679 5509 Mant-

2100 5547 2281 5604 clneus
2321 5559 2480 5617 tuque
2507 5545 2754 5601 distatis?
2778 5546 2910 5614 Quia
2939 5546 3055 5614 ille,
3085 5545 3290 5619 inquis,
3321 5563 3441 5604 eam
3487 5547 3681 5604 malam

2166 5705 2184 5736 ί
2222 5709 2348 5751 Unus
2365 5709 2450 5752 tts.
2477 5707 2622 5762 Port.,
2647 5707 2792 5764 peste.

2163 5769 2185 5799 ³
2218 5766 2333 5814 Editi
2356 5800 2370 5823 ,
2393 5762 3058 5827 pi-onzisstmisﬂnendantur
3081 5775 3147 5817 ex
3165 5769 3250 5817 Its.
3275 5770 3541 5816 Portam.

2168 5829 2189 5860 ³
2221 5823 2509 5891 \‘ignierius,
2544 5825 2641 5877 nni.
2669 5835 2792 5889 ωδε,
2818 5823 2920 5878 ulls.

3541 423 3780 485 {532°
