3980 6546
399 343 544 404 I353

394 458 616 514 fantur.
644 454 726 510 ἰιι
763 466 889 521 ergo
931 450 978 504 si
1007 446 1061 502 id
1080 443 1296 509 abnuis,
1323 441 1516 496 bonam
1550 453 1666 493 eam
1703 452 1822 491 esse
1864 449 1984 503 pro-

399 547 627 610 nuntia;
654 553 710 600 et
747 541 951 597 sublata
977 535 1248 592 contentio
1277 542 1359 588 est
1389 550 1401 585 :
1426 529 1652 598 capieris
1688 527 1865 581 statim
1895 539 1984 577 vc-

398 637 574 692 titatis
618 634 824 688 retibus
860 631 911 684 in
951 629 1195 682 salutem.
1231 623 1335 679 Sed
1373 623 1650 677 reclamas.
1698 614 1986 671 Audiamus

399 743 531 797 ergo
548 723 674 794 quid
695 721 891 793 parias,
915 716 1224 773 Aristoteles
1255 715 1538 769 Pienorum
1563 709 1603 762 ¹.
1633 706 1870 768 Tantum,
1902 703 1984 756 in-

400 815 542 887 quis,
571 812 762 866 malum
796 811 840 863 ei
865 811 989 863 inest
1012 849 1027 874 ,
1055 817 1111 860 ut
1153 805 1471 877 possideatur
1507 817 1540 854 a
1582 797 1992 861 diabolo,,atque

400 916 648 961 (sternunt
668 909 918 956 mereatur
943 897 1252 954 incendium.

476 997 612 1050 Ana.
644 991 722 1047 Tu
743 998 923 1046 autem
945 989 1034 1060 qui
1061 1003 1178 1044 eam
1209 1001 1372 1056 negas
1397 999 1425 1036 a
1452 981 1666 1037 diabolo
1692 976 1946 1048 possideri
1967 1019 2006 1043 ,.

403 1084 772 1158 proculdubio
801 1097 964 1153 negas
996 1097 1026 1135 a
1051 1088 1309 1151 potestate
1336 1077 1448 1132 erui
1477 1073 1835 1139 tenebrarum,
1864 1087 1986 1126 cum

405 1181 462 1234 in
487 1175 686 1233 Christi
716 1189 936 1244 regnum
958 1170 1357 1241 regeneratione
1380 1165 1728 1229 transfertur;
1757 1172 1810 1217 et
1830 1177 1988 1216 accu-

405 1268 821 1324 sasunivcrsam
859 1262 1174 1318 catholicam
1215 1258 1505 1315 Ecclesiam
1546 1270 1736 1326 magno
1764 1253 1990 1309 crimine

411 1357 718 1428 tuajestatis.
743 1353 857 1410 Non
903 1353 1047 1409 enim
1090 1351 1296 1422 legibus
1328 1347 1486 1418 hujus
1521 1346 1704 1403 mundi
1744 1345 1849 1400 alio
1885 1344 1991 1399 cri-

411 1453 554 1505 mine
580 1455 784 1502 tenetur
810 1460 934 1501 reus
960 1486 973 1509 ,
1003 1442 1244 1514 quisquis
1268 1441 1552 1511 imaginem
1571 1481 1587 1505 ,
1618 1435 1861 1508 quamvis
1883 1449 1990 1489 non

408 1540 609 1600 vivam,
641 1533 1180 1604 tamenimpcratoris
1210 1531 1461 1587 exsufflat
1484 1546 1498 1582 :
1521 1526 1868 1583 essufllautur
1895 1537 1990 1577 au-

410 1638 518 1683 tem
569 1626 772 1695 parvuli
815 1625 868 1679 in
903 1625 1237 1688 exorcismo,
1281 1621 1582 1690 priusquam
1614 1617 1986 1686 baptizeutur:

413 1716 774 1775 exsufﬂautur
816 1715 974 1786 igitur
1014 1715 1147 1768 viva:
1184 1711 1469 1783 imagines,
1494 1725 1598 1764 non
1641 1708 1781 1778 regis
1812 1705 1992 1775 cujus-

411 1805 779 1876 cumque,sed
804 1805 918 1860 Dei.
941 1803 1054 1858 [mo
1085 1818 1210 1858 vero
1233 1800 1567 1866 cxsufllatur,
1597 1798 1688 1854 sed
1715 1796 1987 1862 diabolus,

411 1899 502 1970 qui
527 1897 843 1968 contagione
887 1897 1085 1967 peccati
1115 1903 1260 1949 tcnct
1297 1894 1569 1963 parvulqu
1598 1907 1750 1947 reum
1776 1933 1789 1956 ,
1820 1898 1877 1943 ut
1903 1889 1991 1943 illo

413 1991 557 2046 foras
600 1990 765 2044 misso
802 1988 980 2059 (Joan.
1004 2004 1097 2051 xu,
1130 1987 1219 2057 51)
1262 1985 1515 2054 parvulus
1543 1982 1891 2038 transferatur
1925 1979 1992 2034 ad

411 2072 1064 2134 Claristuni..Exsul'lletur
1086 2077 1261 2145 itaque
1293 2074 1482 2129 Iuliani
1505 2072 1753 2138 amentia,
1784 2087 1852 2124 ne
1881 2085 1993 2123 ma-

408 2169 618 2239 iestatis
642 2184 734 2224 rea
751 2169 800 2223 in
829 2167 1166 2238 parvulorum
1188 2164 1530 2220 inundatione
1551 2170 1605 2218 et
1624 2161 1993 2217 exsufflatione

414 2259 621 2316 dicatur
649 2259 909 2314 Ecclesia.
938 2257 993 2313 Si
1020 2266 1197 2312 autem
1223 2271 1328 2310 non
1349 2255 1555 2310 eruitur
1575 2267 1605 2305 a
1629 2259 1886 2321 potestate
1911 2259 1994 2304 te-

415 2351 720 2418 nebrarum,
751 2358 806 2406 et
835 2351 939 2406 illic
959 2356 1200 2405 remanet
1237 2347 1520 2418 parvulus;
1548 2343 1674 2414 quid
1712 2342 1918 2397 miraris
1939 2343 1992 2396 in

389 2429 537 2510 'igne
561 2449 762 2497 aeterno
775 2455 897 2495 cum
923 2439 1134 2495 diabolo
1160 2437 1393 2493 futurum
1419 2479 1434 2502 ,
1463 2435 1632 2506 quiin
1656 2435 1749 2490 Dei
1772 2449 1992 2504 regnum

395 2515 618 2588 intrare
650 2547 756 2587 non
793 2531 1118 2586 sinituri‘An
1145 2530 1268 2601 quia
1306 2527 1575 2598 Pelagiani
1612 2527 1806 2582 nescio-
1835 2541 1994 2596 quem

419 2622 650 2690 parvulis
669 2637 772 2676 non
797 2620 1094 2691 haptizatis,
1123 2629 1318 2690 praeter
1346 2619 1435 2672 Dei
1460 2633 1702 2688 regnum,
1729 2615 1922 2687 quietis
1943 2624 1998 2670 et

422 2712 544 2766 vine
568 2719 781 2765 :eternm
808 2709 982 2764 locum
1013 2716 1348 2779 praeparant,
1378 2707 1498 2762 ideo
1526 2707 1720 2762 Christi
1741 2706 1840 2761 erit
1862 2704 1993 2759 falsa

392 2792 677 2858 sententia
707 2821 721 2856 :
753 2803 853 2869 Qui
892 2802 1160 2856 crediderit
1203 2811 1250 2854 et
1286 2800 1571 2872 baptizatus
1615 2799 1798 2870 fuerit,
1827 2795 1996 2852 salvus

387 2881 391 2885 ’
417 2887 540 2952 erit;
567 2887 654 2956 qui
682 2896 849 2940 autem
879 2902 978 2939 non
1020 2883 1307 2949 crediderit,
1353 2883 1765 2937 condemnabitur
1801 2880 1995 2951 (Marc.

417 2992 526 3042 xvi,
555 2976 683 3048 16)?
707 2977 954 3048 Quisquis
975 2986 1152 3032 autem
1181 2984 1339 3046 negat
1364 2975 1610 3045 parvulos
1651 2973 1871 3028 credere
1902 2989 2008 3042 per-

417 3084 511 3125 ora
544 3069 862 3140 gestantium
887 3109 901 3132 ,
935 3077 1092 3139 neget
1127 3083 1222 3124 eos
1261 3078 1314 3122 et
1347 3067 1592 3138 accipere
1630 3065 1953 3137 Baptismum
1977 3105 1993 3130 ,

416 3161 542 3232 quia
568 3161 619 3214 in
643 3161 884 3214 manibus
908 3161 1225 3230 gestantium
1254 3161 1602 3215 reluctantur.

487 3249 594 3306 CC.
620 3251 740 3306 ιω..
762 3250 867 3306 Sed
893 3251 1026 3306 adeo
1050 3252 1186 3306 mala
1215 3266 1320 3305 non
1341 3260 1443 3318 est,
1475 3258 1532 3304 ut
1553 3249 1656 3304 nisi
1677 3247 1999 3304 Manichacus

417 3357 536 3398 eam
556 3357 808 3397 accusare
833 3356 937 3395 non
962 3342 1146 3411 possit.

490 3434 624 3488 Auc.
654 3431 974 3487 Manichaaus
998 3448 1124 3502 ergo
1149 3431 1300 3496 dixit,
1333 3431 1519 3485 Omnes
1537 3431 1628 3484 sub
1653 3439 1855 3500 peccato
1876 3447 2014 3483 nas-

424 3522 604 3590 cimur,
629 3524 961 3593 quorumipse
994 3532 1133 3577 ortus
1164 3523 1218 3576 in
1249 3523 1366 3576 vitio
1391 3531 1462 3576 est
1485 3520 1822 3589 (Ambrosius,
1850 3521 1938 3575 lib.
1967 3522 1990 3576 I

428 3613 492 3666 de
544 3611 861 3680 Ptrnitentia,
890 3630 1005 3682 cap.
1032 3613 1103 3680 ‘2,
1159 3613 1236 3667 vel
1281 3613 1380 3682 5)?
1410 3612 1516 3667 Sed
1572 3613 1692 3682 quia
1725 3612 1826 3666 hoc
1868 3612 2001 3668 dixit

426 3703 612 3758 doctus
635 3711 692 3758 et
719 3702 909 3757 doctor
933 3703 1259 3770 catholicus,
1289 3702 1416 3773 quid
1451 3701 1639 3772 esnisi
1666 3703 1918 3774 deceptus
1948 3712 2003 3759 et

425 3792 674 3863 deceptor
701 3791 1018 3847 hatreticus?

494 3880 619 3936 CCI.
662 3879 802 3937 Jur...
835 3880 979 3952 Ego,
1025 3882 1223 3952 inquit,
1279 3889 1473 3936 tamen.
1511 3897 1615 3937 non
1673 3898 1790 3938 sum
1837 3883 2003 3938 Mani-

383 3982 390 3986 ’
421 3973 640 4042 atmiis,
678 3973 765 4044 qui
811 3988 928 4028 eam
974 3974 1192 4030 absolvo
1234 3973 1444 4040 verbis,
1474 3982 1529 4030 et
1567 3974 1865 4030 condemno
1910 3975 2002 4046 ju-

421 4063 595 4120 diciis.

493 4158 630 4212 Anc.
669 4155 750 4210 Tu
791 4171 910 4210 eam
946 4155 1268 4210 condemnas
1300 4154 1536 4226 judicio,
1564 4165 1619 4210 et
1651 4155 1756 4210 hoc
1799 4156 2000 4227 iniquo,

427 4261 584 4317 quam
609 4246 746 4300 mala
771 4255 914 4300 tanta
945 4247 1026 4301 vis
1052 4246 1251 4316 perpeti
1278 4247 1394 4301 sine
1413 4246 1604 4300 merito
1627 4246 1787 4300 malo.

497 4335 644 4392 CCII.
674 4337 796 4393 IUL.
823 4337 960 4404 Quid
983 4339 1142 4408 igitur
1168 4338 1253 4392 hic
1272 4338 1501 4408 primum
1529 4353 1798 4405 accusem,
1829 4338 2004 4407 impu-

431 4427 660 4482 dentiam
686 4428 989 4484 mcnlicntis
1007 4469 1021 4493 ,
1046 4428 1320 4495 libidinem
1348 4429 1667 4500 disputantis
1689 4470 1714 4496 ,_
1732 4445 1795 4482 an
1830 4430 2006 4498 profa-

435 4519 649 4573 nitatem
679 4528 785 4572 uim
823 4534 980 4588 prava
1023 4519 1324 4574 credentis?
1350 4518 1512 4573 Nobis
1550 4527 1725 4573 tamen
1773 4519 2005 4589 intelligo

435 4607 684 4662 utendum
724 4608 994 4678 propheta:
1026 4625 1144 4664 esse
1174 4609 1388 4664 verbis:
1415 4609 1558 4662 Beati
1588 4626 1762 4664 sumus
1798 4608 1964 4664 Israel
1986 4649 2003 4677 ,

431 4699 553 4768 quia
576 4713 685 4768 qua:
706 4697 808 4753 Deo
831 4700 1045 4768 placent,
1079 4699 1218 4753 nobis
1242 4709 1361 4753 nota
1387 4709 1503 4752 sunt
1529 4698 1756 4768 (Baruclt
1785 4717 1856 4764 tv,
1887 4701 1965 4770 4.).

503 4792 646 4845 Auc.
672 4789 812 4844 Itane
843 4804 988 4856 vero,
1011 4806 1128 4859 qum
1157 4790 1271 4844 Deo
1299 4789 1506 4857 placent
1528 4791 1677 4844 vobis
1698 4802 1822 4844 nota
1847 4791 2006 4845 sunt?

431 4877 666 4945 Insulse,
697 4887 756 4933 ut
797 4880 913 4933 sine
957 4879 1064 4951 ulla
1107 4880 1422 4948 contagione
1453 4880 1656 4949 peccati
1698 4890 2007 4950 premantur

431 4969 631 5037 parvuli
656 4968 806 5038 gravi
837 4969 984 5038 jugo,
1019 4969 1193 5038 placet
1231 4969 1339 5024 Deo
1359 4967 1683 5023 ’YTrahunt
1717 4985 1845 5040 ergo
1878 4986 2007 5024 con-

431 5059 626 5129 tagium
662 5060 729 5115 de
764 5061 856 5114 illo
883 5061 1054 5132 primo
1093 5075 1387 5131 magnoque
1427 5069 1644 5132 peccato
1675 5078 1689 5116 :
1735 5062 1874 5132 quod
1912 5077 2008 5117 vos

429 5150 673 5206 nolentes
717 5150 910 5219 fateri,
948 5151 1075 5222 quid
1117 5152 1218 5207 nisi
1273 5152 1528 5222 injustum
1565 5151 1822 5223 judicium
1869 5153 2006 5210 datis

434 5237 589 5293 Deo?

499 5327 676 5384 CCIII.
724 5328 842 5385 Jun.
888 5329 993 5385 Sed
1044 5331 1398 5388 iuvectionum
1448 5331 1679 5388 oIIicium
1723 5334 2007 5404 legentium

432 5432 656 5473 censura
682 5420 988 5489 supplebit:
1030 5436 1127 5476 nos
1167 5437 1451 5492 pergamus
1486 5423 1554 5478 ad
1589 5424 1811 5494 reliqua.
1855 5423 2008 5480 Certe

438 5548 916 5662 pendeo.
935 5558 1062 5613 Mss,
1088 5566 1354 5616 pinnarum.
1378 5555 1654 5618 Legendum
1679 5556 1803 5606 haud
1841 5557 2006 5622 dubie,

496 5672 518 5702 ¹
541 5673 686 5741 ωἰιί,
731 5688 824 5741 non
876 5671 1068 5735 placere
1104 5683 1212 5724 Deo.
1255 5684 1354 5741 Duo
1397 5685 1523 5741 Mss.
1568 5691 1659 5727 non
1702 5681 1855 5741 placet
1892 5691 2007 5732 Deo.

436 5736 520 5782 ις.
539 5739 870 5795 t'ort.,omissa
897 5744 1107 5799 negante
1132 5739 1390 5802 [articula,
1417 5739 1566 5790 elucet
1592 5736 1729 5793 Leo?

1763 321 1962 378 LIBER
2001 319 2315 375 TERTIUS.

3535 317 3670 372 ΠΜ

2093 432 2299 486 nullum
2336 437 2420 485 est
2450 429 2498 483 iu
2532 429 2690 484 rebus
2720 429 2861 485 aliud
2894 430 3127 498 malum,
3159 430 3298 501 quod
3325 447 3448 487 vere
3473 433 3667 487 malum

2094 522 2186 586 sit,
2216 519 2485 590 nisi‘quud
2512 529 2785 592 peccatum
2813 535 3082 576 vocamus.

2164 613 2298 666 Anc.
2321 610 2376 667 Si
2405 628 2509 666 non
2535 621 2670 668 sunt
2686 613 2821 667 mala
2844 614 3003 667 etiam
3027 613 3281 683 supplicia
3309 621 3663 683 peccatorum,

2093 719 2199 757 non
2231 711 2330 757 cst
2347 703 2614 774 quomodo
2631 703 2895 759 defendas
2923 705 3086 759 Deum
3112 705 3309 760 dixisse
3335 719 3517 759 verum
3540 746 3553 768 ,
3583 706 3671 772 qui

2090 794 2433 850 dixit‘creare
2459 812 2518 852 se
2540 796 2679 851 mala
2705 795 2982 868 (ιεαὶιην,
3011 798 3088 868 7);
3114 812 3218 854 non
3246 797 3388 853 enim
3415 797 3672 851 dicendus

2093 894 2174 940 est
2195 899 2379 939 creare
2410 895 2644 953 peccata.

2125 987 2128 993 '
2161 971 2338 1029 CCIV.
2359 972 2476 1028 ιω..
2508 973 2587 1028 Ex
2615 989 2721 1045 quo
2746 985 2967 1044 peccato
2990 977 3221 1046 gignitur
3241 975 3293 1030 in
3325 989 3641 1046 unoquoque
3663 1016 3677 1035 .

2094 1076 2151 1121 ut
2175 1064 2307 1120 dicis
2329 1105 2345 1131 ,
2369 1065 2608 1120 naturale
2647 1067 2843 1120 malum
2869 1067 3045 1121 :-uihil
3070 1075 3153 1122 est
3189 1066 3348 1136 igitur
3372 1065 3514 1120 aliud
3545 1080 3670 1120 vere

2096 1156 2312 1220 malum,
2342 1155 2771 1223 quammeritum
2803 1155 3024 1210 malum.

2165 1247 2296 1302 Auc.
2319 1245 2676 1300 Non.tantum
2721 1247 2973 1302 meritum
3020 1248 3216 1302 malmn
3237 1290 3252 1314 ,
3281 1263 3466 1304 verum
3512 1247 3672 1304 etiam

2097 1353 2273 1408 paena,
2303 1353 2424 1408 qum
2464 1337 2626 1392 malo.
2649 1339 2840 1392 merito
2883 1339 3151 1406 redditur,
3185 1340 3383 1394 malum
3407 1348 3510 1394 est.
3557 1338 3674 1394 Non

2094 1430 2235 1484 enim
2267 1443 2392 1485 vere
2433 1428 2633 1483 malum
2659 1439 2742 1484 est
2770 1439 3044 1499 peccatum
3062 1472 3076 1495 ,
3104 1439 3282 1486 etnon
3309 1439 3394 1486 est
3414 1446 3537 1485 vere
3564 1445 3677 1484 ma-

2095 1520 2206 1576 lum
2231 1534 2387 1592 pinna
2413 1520 2636 1590 peccati.
2661 1519 2715 1575 Si
2733 1537 2861 1590 ergo
2889 1521 3091 1575 nullum
3117 1531 3259 1576 esset
3277 1520 3582 1590 inparvulis
3607 1535 3670 1574 cx

2093 1612 2299 1683 origine
2340 1611 2535 1666 malum
2580 1613 2830 1666 meritum
2855 1655 2870 1678 ,
2907 1612 3160 1683 quidquid
3206 1613 3330 1666 mali
3383 1612 3670 1682 patiuntur,

2093 1712 2237 1758 esset
2275 1703 2549 1772 injustam.
2581 1703 2648 1758 Et
2668 1703 2789 1758 ideo
2841 1703 2941 1757 ista
2983 1705 3120 1758 mala
3165 1704 3215 1757 in
3260 1703 3508 1772 paradiso
3555 1718 3675 1757 esse

2095 1811 2199 1849 non
2228 1805 2478 1865 possent;
2505 1795 2628 1866 quia
2653 1795 2856 1850 nullum
2887 1803 3030 1850 esset
3060 1795 3131 1850 ibi
3159 1795 3405 1849 meritum
3437 1794 3672 1856 malum,

2096 1887 2139 1939 si
2169 1885 2289 1940 felix
2320 1885 2618 1940 obedientia
2661 1894 3017 1954 permaneret.
3045 1885 3123 1940 Ac
3152 1901 3246 1955 per
3288 1884 3409 1948 hoc,
3440 1883 3560 1953 quia
3594 1883 3679 1936 hic

2096 1986 2221 2030 sunt
2257 1976 2308 2033 in
2336 1976 2570 2046 parvulis
2616 1977 2752 2029 mala
2777 2017 2794 2043 ,
2820 1992 2938 2047 qua:
2967 1976 3039 2031 ibi
3089 1991 3194 2030 non
3235 1984 3450 2040 essent;
3484 1975 3680 2029 habent

2097 2067 2256 2121 etiam
2306 2065 2554 2121 meritum
2599 2066 2828 2135 malum,
2856 2066 2998 2136 quod
3051 2067 3152 2122 nisi
3194 2065 3523 2136 originalitcr
3571 2080 3680 2120 non

2097 2157 2372 2214 haberent.

2168 2245 2316 2304 CCV.
2339 2247 2459 2304 ιω..
2486 2247 2541 2304 Si
2565 2263 2691 2320 ergo
2713 2255 2768 2303 et
2792 2247 3113 2302 Maniclueus
3137 2261 3242 2300 non
3268 2246 3338 2301 ob
3365 2245 3508 2300 aliud
3553 2245 3682 2300 dicit

2098 2339 2290 2394 malam
2317 2349 2769 2410 naturam,..quam
2791 2339 2931 2409 quod
2956 2353 3077 2394 eam
3098 2338 3224 2392 mali
3255 2337 3430 2392 meriti
3459 2336 3680 2392 arbitra-

2101 2438 2203 2494 tur,
2235 2429 2319 2485 cui
2359 2436 2508 2500 putat
2542 2429 2817 2485 inferenda
2844 2429 3142 2499 supplicia;
3171 2436 3235 2484 et
3252 2435 3310 2484 tu
3344 2437 3547 2482 natura:
3578 2427 3681 2482 hu-

2099 2536 2268 2574 manae
2295 2520 2490 2574 malum
2513 2521 2687 2575 inesse
2707 2519 3011 2585 confirmas,
3035 2534 3133 2574 nec
3149 2517 3292 2572 aliud
3308 2518 3502 2572 malum
3525 2533 3684 2588 quam

2099 2610 2240 2680 quod
2287 2610 2629 2675 Maniehwus,
2680 2609 2734 2664 id
2782 2617 2896 2676 est,
2949 2608 3433 2679 concupiscentiam
3483 2609 3681 2675 carnis,

2098 2718 2256 2773 quam
2304 2719 2335 2758 a
2371 2703 2583 2758 diabolo
2628 2703 2972 2758 concionaris
3004 2701 3230 2756 infusam
3258 2701 3275 2733 ¹
3300 2716 3316 2767 ;
3345 2714 3569 2772 eamque
3605 2701 3684 2755 sic

2101 2793 2222 2848 mali
2248 2793 2423 2848 meriti
2447 2809 2566 2848 esse
2595 2793 2746 2862 dicis,
2771 2803 2828 2848 ut
2854 2793 3071 2848 aeternis
3099 2808 3215 2848 eam
3250 2793 3504 2863 persistas
3531 2791 3686 2861 adju-

2100 2883 2280 2938 dicare
2321 2885 2639 2938 tormentis:
2669 2899 2774 2938 non
2814 2883 2971 2938 aliter
2996 2884 3112 2938 sine
3137 2882 3300 2938 dubio
3320 2897 3477 2952 quam
3515 2882 3686 2937 Mani-

2099 2974 2300 3042 clucus,
2330 2975 2612 3044 pessimam
2634 2975 2776 3028 illam
2804 2974 3214 3044 damnatamquc
3241 2973 3575 3043 pronuntias.

2171 3064 2308 3121 Ave.
2363 3063 2481 3119 Jam
2525 3065 2802 3120 erubesee.
2863 3062 3303 3134 Concupisccntia
3356 3064 3548 3119 carnis.
3579 3078 3687 3117 non

2101 3166 2182 3211 est
2205 3172 2237 3210 a
2265 3156 2442 3221 Patre,
2471 3157 2566 3212 sed
2591 3172 2659 3212 ex
2685 3156 2883 3210 mundo
2913 3165 3028 3222 est;
3058 3156 3108 3211 id
3137 3165 3239 3221 est,
3268 3171 3336 3211 ex
3362 3155 3686 3222 hominibus,

2101 3261 2326 3315 quorum
2367 3245 2562 3301 fetibus
2604 3246 2856 3316 impletus
2902 3255 2985 3301 est
3025 3245 3255 3301 mundus
3286 3245 3462 3301 :hane
3504 3254 3688 3301 autem

2101 3337 2378 3393 Manichaai
2413 3336 2648 3392 tribuunt
2689 3337 2834 3408 genti
2889 3336 3266 3404 tenebrarum,
3317 3336 3690 3407 adjuvantibus

2103 3431 2287 3496 vobis,
2329 3431 2419 3500 qui
2469 3429 2570 3486 hoc
2615 3431 2810 3484 malum
2855 3429 3009 3484 nobis
3058 3443 3152 3498 per
3199 3429 3690 3499 prmvarieationem

2105 3521 2259 3589 primi
2303 3519 2568 3586 hominis,
2601 3518 2894 3574 secundum
2937 3518 3341 3573 Ambrosianum
3383 3516 3519 3587 (Lib.
3567 3518 3599 3572 7
3637 3517 3692 3571 in

2104 3611 2230 3666 Luc.
2261 3611 2378 3682 xu),
2409 3610 2510 3664 hoc
2538 3617 2640 3676 est,
2666 3609 2982 3666 catholicam
3012 3609 3190 3674 Iidem,
3224 3609 3278 3663 in
3305 3616 3546 3664 naturam
3571 3625 3697 3666 ver--

2107 3705 2232 3759 tisse
2260 3719 2366 3757 non
2396 3702 2578 3757 vultis.

2175 3791 2351 3848 CCVI.
2399 3792 2517 3848 ιω..
2554 3791 2840 3846 Videamus
2879 3805 3006 3860 ergo
3051 3789 3320 3861 quomodo
3360 3789 3470 3846 huc
3509 3789 3693 3845 redeat

2106 3885 2264 3940 etiam
2307 3898 2429 3952 pars
2478 3882 2708 3937 secunda
2763 3882 3042 3937 sententia:
3093 3891 3217 3936 tum.
3269 3882 3456 3936 Dixisti
3504 3883 3688 3938 enim:

2110 3973 2210 4042 Qui
2247 3973 2369 4026 dicit
2407 3982 2642 4026 naturant
2678 3972 2952 4025 humanam
2987 3972 3170 4026 bonum
3206 3988 3307 4026 non
3345 3989 3480 4037 esse,
3509 3973 3692 4027 bonum

2102 4074 2253 4136 negat
2277 4065 2493 4121 condita:
2537 4073 2812 4118 creatorem
2839 4079 2858 4117 :
2881 4063 2968 4135 qui
2994 4080 3108 4118 vero
3131 4072 3280 4135 negat
3307 4063 3354 4118 ei
3381 4065 3569 4117 malum
3614 4064 3694 4118 in-

2107 4175 2244 4226 esse,
2275 4157 2646 4212 misericordem
2685 4157 2872 4210 vitiatte
2894 4157 3077 4210 invidet
3110 4157 3409 4211 salvatorem
3440 4156 3541 4229 (De
3573 4155 3693 4212 Nu-

2109 4248 2225 4318 ptiis
2259 4256 2306 4302 et
2349 4246 2790 4315 Concupiseeutia,
2817 4245 2904 4302 lib.
2931 4246 2966 4300 2
2989 4288 3004 4312 ,
3033 4264 3086 4302 u.
3113 4247 3228 4318 '56).
3270 4249 3326 4302 Si
3365 4264 3516 4318 ergo,
3547 4256 3605 4302 ut
3636 4257 3693 4303 tu

2109 4335 2345 4406 profiteri
2372 4346 2586 4391 coactus
2611 4350 2700 4400 es,
2725 4335 2816 4406 qui
2841 4344 2996 4406 negat
3029 4351 3146 4391 eam
3186 4337 3386 4391 bonum
3417 4352 3556 4401 esse,
3590 4337 3689 4391 bo-

2109 4443 2237 4484 num
2283 4428 2444 4484 etiam
2469 4428 2801 4484 conditorem
2842 4427 2958 4497 ejus
2977 4470 2992 4497 ,
3018 4427 3072 4481 id
3103 4436 3203 4495 est,
3229 4428 3390 4483 Deum
3421 4437 3614 4499 negat;
3641 4438 3696 4483 et

2108 4521 2239 4576 nihil
2279 4519 2422 4576 aliud
2459 4528 2543 4574 est
2581 4519 2773 4575 malam
2815 4535 2935 4574 esse
2978 4531 3253 4584 naturam,
3294 4536 3450 4590 quam
3493 4522 3690 4575 malum

2109 4609 2357 4664 meritum
2398 4607 2594 4663 habere
2622 4609 2936 4662 naturaliter
2959 4623 2974 4671 ;
2997 4609 3201 4662 veritati
3233 4619 3427 4662 nostra:
3464 4610 3693 4664 admini-

2108 4699 2318 4756 culatur
2354 4701 2513 4755 etiam
2544 4708 2720 4754 vestra
2761 4697 3028 4752 confessio
3049 4741 3062 4765 ,
3096 4713 3292 4769 negare
3321 4713 3414 4752 vos
3449 4700 3696 4755 videlicet

2111 4793 2279 4848 Deum
2309 4793 2505 4847 bonum
2532 4792 2806 4847 hominum
2850 4791 3213 4856 conditorem,
3247 4807 3475 4862 quorum
3501 4793 3693 4846 malam

2111 4899 2230 4940 esse
2249 4893 2512 4950 naturam,
2543 4891 2598 4940 et
2621 4883 2761 4939 vitiis
2778 4883 2894 4953 ejus
2914 4883 3124 4953 juratis,
3154 4892 3206 4937 et
3237 4883 3429 4953 pmuis.

2183 4976 2317 5031 Ave.
2354 4974 2552 5030 Natura
2593 4974 2854 5042 humana,
2881 4974 2981 5028 etsi
3025 4975 3162 5027 mala
3208 4984 3320 5039 est,
3347 4975 3472 5044 quia
3518 4975 3694 5028 vitiata

2109 5074 2222 5131 est;
2255 5081 2360 5121 non
2381 5075 2553 5120 tamen
2575 5065 2771 5120 malum
2787 5074 2886 5129 est,
2905 5065 3027 5135 quia
3051 5075 3235 5118 natura
3258 5075 3360 5120 est.
3381 5065 3532 5119 Nulla
3553 5065 3695 5118 enim

2111 5167 2318 5222 natura,
2347 5157 2398 5212 in
2420 5166 2671 5227 quantum
2701 5167 2884 5211 natura
2912 5166 2995 5212 est
3013 5198 3030 5223 ,
3057 5156 3253 5210 malum
3282 5167 3396 5219 est;
3427 5155 3517 5210 sed
3543 5170 3695 5224 prm-

2111 5265 2202 5305 sus
2225 5250 2446 5316 bonum,
2473 5250 2587 5304 sine
2613 5265 2720 5320 quo
2740 5249 2880 5303 bono
2908 5249 3068 5304 ullum
3097 5263 3217 5305 esse
3243 5263 3350 5302 non
3374 5255 3548 5317 potest
3580 5261 3690 5299 ma-

2113 5343 2220 5396 lum
2246 5359 2258 5394 :
2283 5341 2406 5410 quia
2437 5339 2539 5394 nisi
2565 5341 2618 5393 in
2646 5341 2816 5410 aliqua
2843 5349 3032 5393 natura
3055 5339 3218 5392 ullum
3247 5351 3494 5393 essenon
3525 5343 3698 5403 potest

2114 5430 2331 5496 vitium;
2359 5430 2602 5499 quamvis
2631 5430 2746 5484 sine
2775 5430 2903 5484 vitio
2932 5429 3099 5498 possit
3123 5442 3241 5482 esse
3263 5466 3278 5492 ,
3313 5425 3397 5478 vel
3421 5438 3692 5493 nunquam

2113 5522 2314 5584 vitiata,
2346 5521 2429 5574 vel
2459 5529 2638 5574 sanata
2662 5529 2846 5574 natura
2874 5537 2885 5571 :
2910 5517 3046 5586 quod
3068 5514 3340 5572 Manicluei
3361 5514 3404 5570 si
3436 5513 3692 5585 intellige-

2111 5621 2253 5677 rent,
2280 5610 2550 5664 Manicluci
2592 5610 2810 5663 omnino
2846 5624 2950 5662 non
2977 5615 3154 5662 essent
3174 5645 3190 5674 ,
3222 5604 3354 5662 duas
3393 5620 3456 5660 cx
3482 5615 3674 5661 contra

2183 5745 2196 5774 ι
2234 5744 2303 5794 sic
2326 5751 2434 5795 Mss.
2460 5743 2574 5792 Editi
2600 5750 2778 5794 autem.
2814 5740 3034 5792 inustam.
