4058 6528
465 344 604 400 1335

463 451 559 509 riis
591 451 832 522 partibus
866 450 994 507 boni
1038 456 1094 505 et
1126 447 1250 502 mali
1291 442 1673 503 introducendo
1711 450 1949 496 naturas.
1991 437 2051 494 Si

464 556 594 611 ergo
613 540 762 598 vides
784 539 912 611 quid
942 539 1081 593 inter
1100 551 1199 592 nos
1216 545 1272 592 et
1294 531 1613 590 Manichacus
1634 531 1863 599 intersit,
1892 537 2009 584 tace
2032 543 2048 580 :

465 631 512 686 si
542 645 648 685 non
679 630 847 693 vides,
879 636 1017 682 tace.

536 716 736 773 CCVII.
783 715 903 772 ιυι..
945 714 1063 770 Νοιι
1100 726 1230 783 ergo
1258 710 1558 766 invidemus
1591 708 1909 765 salvatorem
1941 706 2051 773 illi,

467 821 627 876 quam
650 803 942 862 conditoris
962 803 1043 859 sui
1062 801 1320 873 dignitate
1340 799 1671 856 defendimus
1695 817 1713 854 ε
1742 799 1837 855 sed
1857 798 2053 854 malum

467 911 587 951 eam
613 909 868 968 negamus
908 908 1029 951 csse
1049 936 1064 961 ,
1092 908 1161 948 ne
1185 891 1484 948 efﬁciamur
1509 891 1782 948 Manicbzei
1807 908 1824 956 ;
1854 891 2054 946 malum

467 988 521 1044 ei
546 986 994 1059 negamusincsse
1017 1026 1036 1054 ,
1064 999 1132 1041 ne
1153 984 1371 1040 mutatis
1395 983 1700 1039 nominibus
1736 983 1904 1039 simus
1934 982 2057 1038 toti-

469 1077 593 1133 dem
617 1075 912 1131 Manicltzei.

539 1170 676 1223 Anc.
718 1167 945 1222 Prorsus
972 1172 1159 1220 contra
1191 1161 1512 1219 Manicbreos
1540 1162 1671 1218 estis
1694 1201 1712 1229 ,
1733 1176 1859 1217 cum
1880 1161 2057 1219 dicitis

468 1268 713 1314 naturam
757 1256 951 1312 malam
994 1270 1101 1310 non
1127 1269 1286 1310 esse:
1313 1252 1407 1309 sed
1434 1252 1705 1323 Pelagiani
1738 1253 1907 1319 estis,
1932 1267 2055 1308 cum

468 1347 524 1404 ei
567 1346 763 1401 malum
808 1344 986 1401 dicitis
1022 1355 1129 1399 non
1168 1342 1364 1408 inesse,
1388 1352 1443 1397 et
1479 1343 1779 1398 nescientes
1796 1341 2055 1413 suffraga-

468 1438 600 1494 mini
621 1436 945 1501 Maniclneis,
964 1433 1191 1491 dicendo
1211 1432 1432 1500 malum,
1461 1433 1604 1504 quod
1632 1433 1681 1488 ei
1709 1432 2054 1490 manifestum

469 1540 556 1589 est
602 1531 779 1587 inesse
802 1569 821 1598 ,
861 1544 929 1585 ex
981 1526 1141 1600 primi
1185 1525 1416 1582 hominis
1463 1524 1896 1597 prtevaricatione
1946 1539 2075 1589 non.

469 1631 705 1689 esse;ut
741 1618 1062 1676 concludant
1094 1616 1171 1674 illi
1190 1616 1351 1672 aliam
1382 1614 1736 1672 substantiam
1777 1621 2057 1670 naturam-

468 1728 575 1783 que
596 1709 722 1767 mali
750 1724 893 1767 esse.

540 1801 765 1859 CCVIII.
791 1800 913 1858 Jun.
943 1798 1132 1856 Vitiari
1164 1805 1345 1855 autem
1375 1796 1428 1855 in
1458 1810 1780 1869 unoquoque
1816 1796 1927 1867 iam
1955 1810 2055 1851 suo

468 1893 729 1951 arbitratu
761 1893 846 1949 vel
870 1892 1069 1949 bonum
1095 1897 1288 1962 agente
1308 1888 1392 1945 vel
1419 1888 1640 1954 malum,
1668 1902 1916 1959 personae
1941 1903 2057 1943 me-

467 1984 633 2040 ritum
661 1982 909 2047 dicimus,
933 1997 1038 2037 non
1060 1989 1280 2036 natum.
1305 1978 1372 2034 Et
1399 1978 1520 2034 ideo
1543 1993 1638 2047 per
1655 1977 1880 2049 gratiam
1900 1976 2056 2032 Chri-

467 2073 539 2129 sti
563 2072 615 2128 id
639 2072 815 2128 sanari
843 2070 1162 2133 asserimus,
1185 2068 1327 2140 quod
1357 2068 1525 2123 vitiari
1555 2076 1727 2138 potest
1756 2085 1769 2122 :
1801 2068 2052 2138 quoniam

467 2177 571 2222 nec
587 2161 729 2219 aliud
767 2162 1062 2220 sauciatum
1097 2160 1425 2226 ostenditur,
1448 2173 1610 2231 quam
1638 2157 1781 2230 quod
1806 2167 2052 2214 sanatum

466 2251 713 2309 docetur.

536 2345 673 2399 Aac.
702 2341 862 2398 Certe
889 2355 986 2397 vos
1018 2338 1266 2396 invidetis
1292 2337 1524 2409 parvulis
1548 2335 1877 2392 Salvatorem
1910 2353 1924 2391 :
1953 2352 2051 2393 ex-

463 2432 714 2490 sufﬂandi
738 2432 878 2487 sicut
905 2432 1003 2501 ipsi
1028 2472 1044 2498 ,
1075 2429 1123 2486 si
1144 2430 1245 2485 hoc
1271 2428 1421 2484 vobis
1445 2427 1696 2497 prodesse
1718 2427 2048 2494 crederetur,

468 2531 527 2578 ut
549 2521 869 2579 erueremini
896 2520 963 2576 de
991 2527 1254 2590 potestate
1275 2517 1634 2583 tenebrarum,
1664 2523 1720 2571 et
1744 2515 1800 2572 in
1828 2530 2051 2588 regnum

468 2612 669 2670 Christi
695 2609 1134 2668 transferremini.

532 2704 713 2763 CCIX.
741 2703 861 2760 Jun.
890 2702 948 2759 In
989 2700 1271 2773 baptizatis
1308 2708 1489 2755 autem
1516 2713 1623 2754 non
1663 2698 2050 2769 concupiscen-

466 2798 544 2853 tia
566 2799 584 2831 ³
612 2796 830 2861 carnis,
862 2809 984 2866 quae
1025 2791 1281 2849 naturalis
1324 2798 1443 2857 est,
1468 2788 1566 2847 sed
1608 2790 2052 2860 concupiscentiae

465 2887 624 2945 mala:
643 2885 881 2942 aufertur
906 2892 1107 2942 reatus.

532 2979 673 3035 Aac.
714 2976 952 3033 Joannes
1006 2973 1279 3046 apostolus
1336 2970 1821 3041 concupiscentiam
1874 2969 2052 3029 carnis

464 3071 604 3128 dixit
620 3084 652 3124 a
678 3070 836 3125 Patre
865 3083 973 3124 non
997 3082 1119 3123 esse
1136 3107 1153 3134 ,
1177 3065 1273 3120 sed
1296 3080 1363 3120 ex
1387 3063 1585 3118 mundo
1606 3063 1647 3134 (I
1671 3061 1828 3116 Joan.
1855 3078 1915 3129 ιι,
1938 3061 2048 3133 16),

461 3164 569 3219 hoc
587 3161 747 3216 modo
773 3175 892 3215 eam
918 3157 1113 3214 malam
1138 3155 1338 3210 faciens
1367 3153 1589 3222 intelligi
1622 3170 1637 3207 :
1668 3162 1723 3207 tn
1743 3160 1919 3206 autem
1943 3167 2050 3207 non

461 3251 946 3322 concupiscentiam
986 3247 1166 3303 carnis
1200 3261 1319 3316 quae
1361 3244 1617 3299 naturalis
1651 3252 1754 3308 est,
1786 3242 1881 3297 sed
1911 3258 2046 3299 con-

460 3341 846 3414 cupiscentiam
881 3337 1075 3393 malam
1107 3343 1316 3391 reatum
1362 3332 1562 3389 habere
1606 3331 1762 3388 dicis.
1801 3331 1957 3402 Apud
1999 3342 2052 3388 te

464 3433 666 3505 quippe
699 3444 801 3486 nec
840 3426 1055 3500 quando
1098 3422 1496 3495 concupiscitur
1525 3422 1833 3490 fornicatio,
1855 3437 2050 3477 concu-

459 3522 718 3596 piscentia
742 3519 919 3578 carnis
954 3517 1094 3574 mala
1134 3525 1253 3583 est;
1280 3515 1433 3587 quia,
1465 3524 1524 3570 ut
1549 3515 1710 3580 dicis,
1744 3516 1886 3571 bona
1910 3516 2050 3571 male

464 3616 647 3681 utitur,
675 3612 766 3683 qui
792 3610 872 3667 sic
897 3609 1076 3665 utitur.
1101 3606 1309 3663 Bonum
1333 3614 1417 3661 est
1441 3619 1571 3677 ergo
1597 3606 1709 3675 ipsa
1730 3619 1964 3675 semper,
1992 3612 2050 3660 ut

460 3708 544 3763 vis
565 3747 584 3774 ,
613 3706 733 3762 sive
750 3703 872 3775 quis
904 3718 967 3758 ea
994 3700 1320 3772 coniugium,
1350 3698 1464 3753 sive
1503 3698 1824 3753 adulterium
1843 3712 2048 3754 concu-

459 3800 634 3871 piscat
660 3815 674 3852 :
701 3795 951 3868 quoniam
998 3793 1044 3849 si
1072 3792 1376 3863 coniugium
1397 3831 1415 3859 ,
1443 3789 1586 3845 bono
1613 3789 1751 3846 bene
1776 3790 1975 3855 utitur;
2003 3790 2049 3845 si

460 3888 808 3953 adulterium,
837 3888 976 3943 bono
998 3883 1139 3939 male
1167 3883 1356 3938 utitur.
1386 3882 1566 3953 Pugna
1596 3881 1753 3952 igitur
1778 3896 1898 3936 cum
1926 3896 2051 3951 apo-

459 3980 603 4037 stolo
635 3979 878 4045 Joanne,
911 3991 1021 4031 non
1056 3989 1267 4031 mecum
1296 3992 1311 4029 :
1347 3987 1453 4028 non
1501 3972 1643 4027 enim
1682 3973 1952 4028 censentis
1997 3973 2049 4027 ei

459 4070 659 4129 dicenti
700 4085 820 4125 eam
875 4067 1108 4133 malam,
1158 4080 1319 4137 quam
1376 4064 1506 4120 dicit
1555 4064 2046 4135 concupiscentiam

459 4162 641 4217 carnis
659 4174 692 4214 a
719 4159 877 4215 Patre
904 4172 1009 4214 non
1035 4170 1159 4212 esse
1183 4196 1198 4221 ,
1226 4154 1322 4211 sed
1353 4169 1419 4210 ex
1449 4152 1647 4208 mundo
1665 4194 1680 4219 ,
1711 4152 1965 4224 quamdiu
1992 4163 2047 4208 tu

458 4253 594 4308 dicis
620 4248 1102 4320 concupiscentiam
1127 4246 1329 4312 carnis,
1348 4246 1508 4300 etiam
1530 4243 1742 4315 quando
1762 4259 1825 4299 ea
1849 4244 2046 4298 malum

459 4342 873 4413 concupiscitur,
899 4352 1019 4395 esse
1043 4338 1259 4405 bonam,
1290 4351 1353 4391 ac
1382 4350 1478 4405 per
1515 4336 1617 4390 hoc
1641 4351 1910 4406 nunquam
1932 4351 2046 4390 ma-

461 4435 588 4490 lam.
617 4431 724 4489 Sed
747 4472 763 4498 ,
786 4427 946 4487 crede
981 4428 1111 4484 mibi
1134 4469 1151 4495 ,
1183 4441 1341 4482 nemo
1370 4425 1690 4483 christiauus
1714 4434 1800 4482 est
1822 4425 1914 4497 qui
1936 4442 2044 4482 non

458 4525 610 4581 malit
627 4522 873 4596 apostolo
898 4520 1090 4578 Joanni
1119 4518 1445 4584 consentire,
1470 4533 1629 4588 quam
1661 4516 1775 4572 tibi.

531 4613 688 4672 CCX.
713 4613 834 4670 Jun.
860 4613 940 4668 Ac
964 4626 1060 4683 per
1083 4610 1208 4675 hoc,
1236 4625 1338 4666 nec
1357 4606 1568 4679 aliquod
1597 4616 1875 4678 peccatum
1903 4624 2043 4678 esse,

459 4715 570 4761 tam
590 4704 895 4761 Conditoris
917 4701 1137 4758 humani
1164 4701 1397 4772 generis,
1423 4714 1582 4771 quam
1611 4688 1983 4771 Redemptoris
1998 4703 2042 4768 ',

461 4793 769 4850 testimonio
797 4792 1195 4863 comprobatur.

534 4885 675 4940 Anc.
708 4881 846 4951 Quid
875 4890 958 4937 est
983 4880 1126 4951 quod
1147 4878 1283 4935 dicis
1309 4877 1470 4934 nimis
1501 4876 1923 4945 inconsiderate,
1956 4895 2047 4933 nec

456 4970 668 5041 aliquod
705 4979 964 5041 peccatum
987 4975 1181 5022 natura:
1218 4966 1412 5021 inesse?
1433 4967 1583 5036 quasi
1614 4975 1886 5035 peccatum
1922 4982 2048 5038 pos-

460 5066 533 5120 sit
554 5062 774 5119 omnino
798 5060 976 5116 inesse
999 5057 1101 5113 nisi
1129 5065 1353 5123 naturaz,
1379 5056 1587 5111 etiamsi
1617 5073 1723 5112 non
1750 5058 1821 5111 sit
1843 5058 2048 5126 origine

459 5148 893 5217 attractum,sed
931 5147 1205 5203 voluntate
1251 5143 1617 5201 commissum.
1671 5145 1798 5201 Sive
1846 5148 2045 5218 quippe

457 5244 654 5315 angeli,
676 5241 789 5298 sive
816 5238 1050 5297 hominis
1072 5244 1367 5308 peccatum,
1398 5234 1738 5290 manifestum
1762 5245 1845 5291 est
1871 5237 2046 5294 inesse

458 5336 540 5392 vel
585 5334 776 5406 angelo
814 5331 904 5390 vel
940 5329 1142 5387 homini
1171 5345 1185 5383 :
1213 5328 1334 5400 quis
1376 5335 1557 5382 autem
1604 5326 1683 5384 sic
1723 5329 1989 5386 exorbitet
2012 5346 2044 5387 a

456 5440 640 5483 rerum
676 5431 898 5494 natura,
925 5430 985 5479 ut
1021 5419 1295 5478 hominem
1320 5416 1407 5476 vel
1448 5418 1698 5491 angelum
1743 5429 1901 5493 neget
1926 5435 2047 5479 esse

521 5601 746 5667 5"va
1319 5658 1351 5667 -.
1418 5656 1429 5667 .

519 5662 542 5695 ²
572 5664 646 5714 Sic
664 5658 773 5714 Mss.
797 5658 1091 5727 vigntertus,
1109 5658 1471 5723 redempfimis.

1149 333 1396 393 (JPERZS
1431 328 1838 389 IMPEItFECTl
1876 325 2147 384 eorum
2186 323 2546 393 JULIANUM,
2586 325 2645 382 s.
2688 324 3049 383 arcuerim

2142 418 2437 495 naturam?
2458 438 2596 506 Quid
2622 449 2705 494 est
2731 441 2859 499 item
2881 440 3024 512 quod
3045 441 3238 498 clausis
3259 444 3425 500 oculis
3450 444 3735 516 loqueris
3758 447 3791 500 2

3595 332 3791 389 1536

2154 527 2291 595 Quid
2319 538 2421 595 est,
2448 545 2597 601 rogo,
2624 531 2765 601 quod
2785 532 2934 597 dicis,
2964 550 3054 588 nec
3070 537 3527 606 concupiscentiam
3560 554 3789 608 perca-

2155 627 2264 670 tum
2292 620 2434 673 esse?
2461 619 2609 691 Itane
2639 631 2823 676 contra
2860 622 3172 694 Apostolum
3219 634 3271 681 te
3308 625 3592 695 disputare
3633 643 3785 683 non

2156 710 2345 766 vides?
2368 712 2461 768 IIIe
2500 728 2727 784 namque
2765 725 3037 784 peccatum
3064 731 3181 771 esse
3205 719 3728 788 concupiscentiam
3759 761 3783 785 ,

2156 801 2286 855 satis
2313 803 2529 858 omnino
2574 808 2920 874 monstravit,
2950 807 3036 861 ubi
3063 808 3167 874 ait,
3201 806 3471 863 Peccatum
3513 827 3624 864 non
3666 826 3786 865 co-

2156 891 2307 961 gnovi
2328 892 2427 946 nisi
2454 908 2542 960 per
2556 893 2715 964 legem
2740 910 2759 950 :
2787 912 2904 948 nam
2926 898 3377 966 concupiscentiam
3410 900 3720 953 nesciebam
3749 942 3770 965 ,

2157 979 2257 1032 nisi
2283 980 2370 1034 lea:
2408 980 2613 1046 diceret,
2638 981 2761 1037 Non
2785 986 3105 1054 concupisces
3142 984 3315 1055 (Rom.
3342 1002 3412 1041 vn
3439 1028 3456 1053 ,
3485 987 3569 1057 7).
3602 988 3780 1067 Quis!

2142 1060 2259 1124 'boc
2281 1069 2581 1126 testimonio
2601 1072 2818 1142 clarius,
2844 1074 2969 1144 quid
2996 1083 3084 1130 tua
3107 1076 3368 1131 sententia
3405 1078 3601 1133 vanius
3635 1060 3772 1134 diei

2195 1168 2335 1214 etest
2349 1160 2374 1212 ?

2195 1172 2374 1214 OleSI'!

2157 1172 2193 1230 Ρ
2226 1248 2405 1305 CCXI.
2430 1250 2553 1307 Jun.
2577 1251 2647 1307 Et
2679 1260 2736 1307 ut
2758 1268 2876 1324 qua:
2898 1261 3023 1310 sunt
3048 1264 3163 1310 acta
3189 1265 3528 1325 repetamus:
3561 1255 3772 1313 inimi-

2156 1354 2273 1397 cam
2299 1357 2422 1399 esse
2445 1342 2666 1414 iustitiae
2695 1344 2788 1400 Dei
2814 1346 3117 1416 opinionem
3163 1348 3426 1417 traducis,
3457 1358 3568 1404 tam
3601 1366 3771 1420 pm:-

2154 1442 2431 1503 ceptorum
2480 1436 2612 1505 Dei,
2657 1453 2814 1510 quam
2861 1437 3182 1509 iudiciorum
3234 1440 3355 1511 ejus
3393 1442 3773 1499 attestatione

2156 1527 2474 1584 monstravi.

2226 1614 2362 1671 Anc.
2394 1612 2641 1671 Inimicos
2667 1630 2763 1671 vos
2802 1617 2974 1687 potius
3013 1632 3138 1673 esse
3152 1617 3373 1689 iustitize
3414 1619 3546 1687 Dei,
3575 1636 3763 1691 quem

2155 1702 2329 1761 facitis
2367 1720 2529 1776 super
2558 1705 2692 1760 [Ilios
2719 1705 2888 1761 Adam
2913 1722 2945 1762 a
2970 1706 3059 1763 die
3087 1708 3265 1764 exitus
3308 1708 3378 1787 de
3414 1720 3606 1766 ventre
3627 1726 3762 1766 ma-

2157 1798 2255 1853 tris
2276 1814 2461 1855 eorum
2483 1799 2673 1869 injuste
2690 1799 2929 1869 posuisse
2948 1815 3108 1871 grave
3123 1801 3309 1873 iugum
3329 1800 3517 1873 (Eccli.
3539 1819 3636 1869 ιι,
3660 1804 3694 1858 ί
3708 1804 3757 1873 ),

2155 1889 2281 1945 dum
2308 1891 2512 1961 negatis
2553 1891 2808 1960 originale
2847 1902 3121 1961 peccatum
3140 1935 3155 1958 ,
3179 1902 3234 1949 et
3265 1895 3571 1950 testimonio
3593 1894 3757 1952 Scri-

2156 1989 2428 2049 pturarum
2451 2021 2467 2045 ,
2492 1990 2545 2035 et
2567 1981 2695 2051 ipsis
2731 1980 3120 2038 calamitatibus
3148 1984 3512 2054 parvulorum,
3537 2001 3662 2056 qum
3687 1987 3755 2042 in

2157 2069 2403 2140 paradiso
2446 2070 2547 2125 nisi
2586 2078 2762 2126 vestro
2798 2086 2904 2126 non
2943 2082 3161 2143 possent
3206 2089 3348 2144 esse,
3378 2085 3753 2133 monstratum

2155 2172 2239 2217 est
2265 2161 2363 2233 (a).

2226 2248 2371 2304 CCII.
2402 2249 2520 2305 Jac.
2570 2252 3066 2324 Concupiscentiam
3096 2262 3271 2310 autem
3301 2253 3477 2310 carnis
3500 2254 3570 2310 ad
3599 2270 3744 2311 con-

2124 2336 2129 2341 ’
2155 2338 2441 2395 ciliandum
2466 2343 2681 2399 sexibus
2706 2344 3047 2401 fecunditatis
3073 2345 3366 2417 negotium,
3395 2362 3426 2401 a
3457 2348 3570 2403 Deo
3598 2348 3744 2404 indi-

2156 2440 2260 2487 tam
2286 2441 2525 2488 creatore
2561 2449 2841 2504 corporum
2867 2476 2882 2501 ,
2915 2450 3019 2490 non
3058 2435 3161 2499 nisi
3190 2451 3220 2489 a
3245 2435 3543 2492 Manicme
3569 2452 3738 2494 accu-

2154 2524 2283 2588 Sari,
2313 2525 2629 2596 scriptorum
2657 2527 2773 2595 eius
2792 2527 3081 2582 insertione
3101 2526 3374 2597 perdocui.

2224 2616 2359 2672 Asc.
2407 2617 2900 2687 Concupiscentiam
2926 2617 3323 2688 carnis,quam
3370 2618 3567 2673 malam
3612 2633 3744 2676 esse

2154 2704 2312 2759 docet
2334 2705 2604 2775 Scriptura
2630 2706 2807 2762 divina
2827 2749 2842 2774 ,
2874 2723 2970 2779 per
2993 2708 3135 2762 illam
3161 2708 3357 2779 quippe
3379 2724 3507 2764 caro
3531 2724 3738 2765 concu—

2155 2795 2310 2865 piscit
2344 2796 2598 2853 adversus
2620 2799 2884 2868 spiritum.
2916 2795 3111 2871 (Galat.
3139 2812 3193 2863 v,
3226 2800 3335 2870 I7),
3356 2800 3453 2854 vas
3480 2799 3737 2869 adiman-

2156 2892 2235 2939 tes
2254 2884 2591 2953 Manichaeos,
2622 2887 2732 2942 Deo
2757 2895 3036 2942 comternac
3055 2889 3198 2958 genti
3228 2887 3462 2943 tribuere
3487 2890 3736 2945 tenebra-

2154 2991 2293 3041 rum,
2348 2974 2476 3031 dum
2523 2990 2628 3031 non
2675 2977 2832 3031 vultis
2874 2992 2995 3032 eam
3045 2978 3310 3048 pertinere
3354 2978 3423 3032 ad
3475 2979 3733 3051 originale

2156 3074 2459 3136 peccatum,
2479 3074 2534 3119 et
2554 3068 2604 3119 in
2628 3065 2721 3120 Dei
2749 3066 2994 3137 paradiso
3013 3066 3217 3122 audetis
3230 3067 3447 3137 insuper
3463 3070 3733 3127 collocare

2153 3154 2564 3212 evidentissimis
2591 3155 2924 3212 documentis
2948 3197 2963 3222 ,
2990 3164 3048 3213 et
3088 3156 3280 3212 divina:
3323 3160 3652 3217 auctoritatis
3675 3169 3728 3216 et

2152 3245 2345 3301 sobriae
2373 3246 2592 3300 rationis
2615 3246 2965 3301 ostendimus.

2221 3336 2445 3392 CCXIII.
2487 3335 2604 3394 Jun.
2650 3336 2760 3393 Nec
2804 3338 2906 3391 alia
2931 3336 3069 3407 apud
3114 3350 3211 3392 vos
3261 3346 3573 3408 argumenta
3610 3354 3729 3396 esse

2154 3443 2251 3499 pro
2295 3427 2510 3484 traduce
2532 3469 2549 3497 ,
2578 3443 2738 3499 quam
2779 3443 2899 3500 qua:
2946 3427 3271 3484 Manichzeus
3324 3428 3616 3499 tribuisset,
3641 3444 3729 3487 os-

2155 3519 2319 3575 tendi.

2222 3612 2360 3668 Anc.
2387 3611 2501 3667 Non
2543 3626 2663 3667 esse
2705 3610 3049 3667 Ambrosium
3075 3612 3423 3669 Manicbazum
3447 3656 3464 3683 ,
3494 3615 3582 3687 qui
3607 3614 3726 3672 fidei

2152 3702 2431 3766 catholica:
2474 3702 2849 3758 invictissimus
2872 3705 2889 3736 ⁸
2917 3713 2971 3759 et
2995 3703 3316 3760 Manichaeos
3365 3706 3648 3775 prostravit
3670 3714 3726 3761 ct

2152 3809 2265 3859 vos,
2295 3794 2383 3864 qui
2422 3793 2554 3848 dixit
2575 3793 2895 3848 discordiam
2921 3794 3097 3849 carnis
3138 3804 3192 3850 et
3235 3795 3453 3865 spiritus
3473 3836 3487 3861 ,
3513 3795 3601 3850 ubi
3632 3812 3725 3865 per

2151 3894 2295 3940 tuam
2320 3867 2621 3954 susceptam
2644 3898 2772 3939 caro
2804 3884 3132 3954 concupiscit
3158 3884 3418 3939 adversus
3442 3885 3680 3956 spiritum
3703 3928 3720 3955 ,

2152 3990 2247 4044 per
2285 3974 2440 4044 primi
2470 3974 2700 4029 hominis
2730 3973 3217 4043 praevaricationem
3261 3974 3319 4030 in
3343 3968 3583 4031 nostram
3609 3992 3726 4032 vera

2153 4067 2278 4121 tisse
2308 4075 2548 4120 naturam
2588 4064 2920 4136 (Ambrosius,
2952 4064 3039 4119 lib.
3071 4067 3103 4120 7
3134 4066 3185 4119 in
3225 4064 3352 4120 Luc.
3382 4065 3481 4137 xu)
3512 4107 3528 4132 ,
3566 4067 3722 4122 etiam

2152 4155 2454 4211 testimonio
2479 4155 2551 4209 tui
2574 4155 2826 4225 principis
2853 4154 2927 4227 (a)
2953 4155 3198 4211 eumdem
3227 4155 3491 4210 laudantis
3521 4157 3722 4226 episcoc

2149 4262 2294 4318 pum,
2324 4246 2595 4300 convictus
2621 4254 2780 4315 atque
2803 4254 3079 4300 contortus
3106 4245 3314 4316 cogeris
3339 4246 3603 4301 cantiteri.

2219 4336 2439 4393 CCXIV.
2470 4337 2588 4392 ἔοι..
2616 4336 2692 4392 Te
2711 4346 2888 4392 autem
2917 4336 3069 4392 liberi
3094 4337 3299 4392 arbitrii
3328 4348 3649 4408 negatorem,
3668 4346 3721 4394 et

2149 4428 2244 4485 Dei
2273 4422 2602 4484 nascentium
2620 4427 2932 4496 conditoris,
2961 4431 3242 4484 sententia:
3271 4436 3375 4484 tute
3400 4428 3722 4485 discussione

2147 4521 2392 4594 patefeci.

2217 4612 2352 4667 Anc.
2376 4610 2458 4665 Me
2485 4625 2590 4665 non
2619 4624 2738 4666 esse
2757 4607 2913 4666 liberi
2930 4600 3158 4673 arbitrii.
3178 4606 3320 4678 quod
3347 4616 3402 4663 tu
3426 4608 3719 4665 extollendo

2150 4702 2448 4773 praecipuas
2471 4743 2488 4769 ,
2518 4708 2826 4772 negatorem
2848 4741 2863 4765 ,
2912 4698 3007 4755 sed
3053 4699 3228 4769 potius
3271 4698 3602 4756 defensorem
3635 4700 3718 4754 Dei

2147 4795 2368 4864 gratiam
2394 4790 2717 4859 confitendo,
2737 4790 2878 4862 quod
2900 4790 3176 4845 arbitrium
3205 4799 3261 4844 tu
3288 4788 3492 4860 decipis
3517 4793 3540 4823 ³
3565 4790 3614 4844 in
3640 4799 3718 4845 tua

2150 4884 2341 4938 virtute
2366 4881 2612 4949 fidendo,
2643 4879 3226 4936 innumerabilia‘sacra
3265 4878 3568 4934 testimonia
3608 4894 3721 4949 pro-

2149 4976 2379 5031 clamant
2408 4992 2422 5029 :
2453 4988 2656 5044 nosque
2686 4987 2792 5027 non
2831 4987 3025 5042 negare
3051 4972 3219 5026 Deum
3244 4971 3577 5026 nascentium
3602 4985 3719 5025 con-

2149 5064 2393 5133 ditorem,
2412 5063 2507 5120 sed
2527 5078 2623 5119 vos
2641 5077 2835 5133 negare
2861 5063 3029 5117 Deum
3045 5060 3376 5116 nascentium
3392 5061 3717 5126 salvatorem,

2149 5170 2212 5212 ea
2240 5169 2359 5225 qua:
2387 5154 2595 5224 utrique
2612 5152 2861 5219 diximus,
2884 5151 3179 5222 legentibus
3198 5150 3529 5206 indicabunt.

2219 5245 2423 5302 CCXV.
2449 5244 2569 5301 ιω..
2597 5244 2788 5299 Malam
2815 5252 2990 5298 autem
3034 5258 3064 5297 a
3094 5242 3244 5298 vobis
3272 5241 3596 5312 pronuntiari
3627 5254 3715 5294 na-

2152 5346 2323 5394 turam
2340 5376 2358 5404 ,
2399 5334 2516 5405 eius
2540 5333 2815 5390 sententiae
2832 5371 2850 5399 ,
2879 5346 3036 5404 quam
3064 5341 3121 5389 tu
3145 5346 3250 5389 uno
3276 5332 3440 5389 verbo
3462 5332 3711 5407 conclusu-

2214 5470 2232 5502 ι
2265 5471 2405 5516 Forte
2427 5463 2717 5526 addendum,
2734 5462 2929 5515 tindez.

2220 5531 2240 5563 ²
2273 5535 2432 5585 Forte,
2458 5524 2648 5583 deficis.

2212 5590 2286 5654 (a)
2304 5587 2496 5652 Pelagii,
2512 5585 2597 5637 lib.
2621 5587 2653 5636 3
2672 5585 2736 5637 de
2753 5586 2922 5638 Libero
2936 5587 3139 5639 Arbitrio
3204 5636 3213 5645 ,
