3980 6538
168 348 191 402 Ι
207 343 311 402 337

172 471 286 513 rum
317 463 369 510 te
390 452 713 523 promiseras
729 492 747 518 ,
770 449 1120 522 explicatione
1141 449 1366 508 convici.

130 533 135 538 ’
245 548 377 600 Anc.
406 542 657 597 Naturam
686 541 966 597 humanam
991 558 1096 597 non
1132 541 1330 598 malum
1368 556 1525 606 csse,
1568 540 1663 596 sed
1705 541 1755 595 ei

175 634 365 692 malum
414 633 590 687 inesse
638 631 967 687 monstravi:
1001 648 1165 687 unum
1194 631 1384 687 borum
1424 632 1620 687 docens
1661 645 1756 700 per

174 725 408 794 ejusdem
435 730 636 776 natura:
664 721 1012 777 substantiam
1042 732 1097 778 et
1120 722 1238 792 ejus
1282 720 1592 776 substantia:
1618 734 1754 773 cnn-

172 817 394 872 ditorem
417 814 601 877 Deum;
628 812 874 878 alterum,
900 828 994 883 per
1012 813 1251 883 ejusdem
1269 822 1467 868 natura:
1488 810 1754 865 miseriam

172 916 224 963 ct
248 906 315 960 ab
339 903 526 960 eadem
556 902 769 958 miseria
798 902 1117 959 salvatorem
1144 904 1329 959 Deum.
1359 901 1434 956 Te
1465 908 1642 955 autem
1671 914 1756 953 ra-

173 994 563 1051 tiocinationem
589 1007 760 1048 meam
789 1008 893 1048 non
922 994 1157 1064 potuisse
1182 992 1494 1056 dissolvere,
1518 989 1618 1044 etsi
1648 1005 1753 1045 non

172 1086 263 1143 tibi
294 1083 711 1155 respondissem,
738 1084 906 1141 lector
930 1094 1109 1157 posset
1130 1084 1354 1155 diligens
1379 1092 1433 1138 et
1456 1082 1755 1155 intelligens

170 1178 432 1233 invenire.

242 1266 471 1324 CCXVI.
496 1266 616 1324 Jun.
639 1267 811 1337 Atque
834 1265 954 1342 ideo
977 1265 1135 1321 etiam
1158 1264 1470 1322 tardissimis
1498 1263 1565 1320 ad
1591 1264 1753 1321 intel-

170 1357 442 1427 ligendum
468 1357 550 1414 vel
576 1367 665 1411 tuo
683 1357 863 1412 favore
883 1356 1119 1426 deceptis
1143 1357 1160 1389 ⁸
1193 1357 1393 1427 liquere
1427 1356 1639 1413 confido
1659 1395 1676 1422 ,
1703 1366 1755 1411 te

169 1447 448 1502 Manichmi
485 1446 655 1502 solum
684 1447 919 1502 aversari
948 1462 1176 1513 nomen;
1207 1455 1459 1503 caeterum
1503 1460 1575 1502 ex
1609 1445 1752 1500 omni

169 1540 281 1595 ﬁde
316 1554 436 1593 cum
465 1539 670 1595 cunctis
713 1538 944 1595 traducis
989 1539 1378 1602 sectatoribus,
1427 1553 1535 1592 non
1582 1536 1755 1593 minus

164 1629 379 1699 spurcis
406 1644 563 1699 quam
584 1628 789 1684 stolidis
811 1629 927 1698 ejus
952 1628 1214 1683 inhmrcrc
1231 1626 1589 1697 dogmatibus.

245 1722 379 1777 Auc.
409 1720 564 1775 Aliud
590 1729 643 1775 et
663 1729 845 1776 contra
872 1728 957 1775 est
978 1719 1196 1774 omnino
1219 1734 1383 1788 quam
1399 1726 1552 1788 putas
1570 1759 1585 1784 ,
1613 1715 1754 1788 quod

164 1809 378 1879 liquere
419 1810 578 1864 etiam
625 1809 938 1865 tardissimis
971 1809 1124 1864 dicis.
1169 1807 1301 1863 Illud
1327 1823 1553 1878 namque
1582 1808 1755 1872 potius

163 1901 334 1956 etiam
357 1899 671 1954 tardissimis
688 1900 873 1970 liquet,
897 1900 940 1953 si
966 1898 1200 1968 legendis
1221 1898 1492 1967 utriusque
1515 1902 1755 1951 nostrum

162 1989 390 2058 scriptis
435 1988 691 2042 intentam
721 2003 902 2043 curam
948 2002 1053 2042 non
1093 1994 1380 2057 graventur
1409 1984 1715 2054 impendere
1736 2022 1753 2048 ,

164 2094 263 2134 me
282 2077 692 2144 demonstrasse,
709 2092 813 2133 non
839 2077 1009 2133 solum
1031 2076 1174 2149 quod
1201 2091 1301 2148 ego
1324 2076 1424 2132 sim
1439 2072 1758 2129 Manichaeo-

230 2248 262 2280 ⁸
293 2248 368 2298 sic
380 2254 487 2310 uss.
533 2247 839 2310 vignierius,
896 2246 1044 2300 etiam
1076 2245 1382 2300 tardissimus
1398 2246 1464 2298 ad
1482 2244 1757 2310 intelligen-

162 2308 317 2371 dum,
350 2308 425 2360 uel
443 2316 528 2360 tuo
543 2308 706 2372 favore
729 2309 978 2374 deceptus.

1510 338 1711 397 LIBER
1746 337 2091 409 QUARTUS.

3291 361 3437 419 1558

1866 469 1984 510 rum
2011 453 2253 512 inimicus
2280 458 2483 528 errori,
2512 473 2805 534 eorumque
2829 463 3030 520 nefaria
3059 464 3301 536 dogmata
3329 469 3441 524 Deo

1860 544 2099 599 veritatis
2130 546 2421 617 opitulante
2445 551 2792 609 subverterim
2816 570 2833 621 ;
2873 555 2967 612 sed
2992 556 3151 611 etiam
3177 552 3319 627 quod
3345 571 3440 613 vos

1859 634 2268 709 Manichaeorum
2296 647 2497 696 tantum
2525 641 3071 712 adjuvetis_insaniam
3093 688 3110 713 ,
3142 655 3215 701 ut'
3238 662 3298 703 se
3320 662 3439 704 om-

1860 726 1988 780 nino
2009 726 2375 797 gloriarentur
2397 730 2620 786 iuvictos
2642 774 2659 801 ,
2690 734 2791 791 nisi
2823 735 3081 791 catholica
3112 735 3246 801 fide,
3277 754 3435 807 quam

1861 815 1971 870 Deo
1996 816 2281 872 miserante
2305 818 2671 889 defendimus,
2696 839 2801 879 non
2834 840 2928 894 per
2954 840 3078 894 vos,
3101 826 3182 881 vel
3209 842 3239 881 a
3264 828 3437 895 vobis,

1859 907 1954 961 sed
1984 906 2253 962 vobiscum
2284 899 2460 978 po'tius
2499 911 2855 969 vincerentur.
2886 915 2964 971 'l‘e
3003 925 3177 971 autem
3205 917 3325 972 ideo
3352 934 3440 974 me

1858 1012 2023 1052 unum
2049 998 2293 1067 elegisse,
2320 1001 2404 1054 cui
2430 1000 2838 1058 Manichazorum
2861 1004 3075 1060 nomine
3095 1015 3147 1060 et
3172 1007 3394 1062 crimine
3419 1047 3438 1073 ,

1858 1099 2056 1159 quanto
2079 1091 2335 1157 crebrius,
2359 1101 2505 1147 tanto
2524 1094 2899 1151 conviciareris
2927 1096 3162 1153 odiosius
3180 1140 3195 1162 ,
3224 1098 3345 1167 quia
3365 1112 3433 1153 co

1858 1181 2019 1236 modo
2045 1182 2237 1250 putasti
2265 1183 2578 1236 catholicam
2600 1224 2614 1245 ,
2638 1199 2756 1253 qua:
2783 1199 2879 1239 vos
2906 1187 3108 1256 arguit,
3132 1186 3438 1243 fundatissi-

1857 1286 1999 1325 mam
2027 1270 2204 1337 fidem,
2226 1278 2280 1325 et
2303 1271 2569 1327 clarorum
2590 1280 2748 1342 atque
2772 1283 3075 1331 sanctorum
3101 1275 3439 1330 defensorum

1859 1360 1975 1431 ejus
2005 1361 2330 1416 notissimam
2356 1361 2745 1417 multitudinem
2763 1402 2780 1430 ,
2809 1363 2897 1432 qui
2922 1378 2985 1418 ea
3014 1379 3132 1434 qua:
3156 1364 3440 1419 didicimus

1858 1460 1915 1508 et
1935 1451 2208 1517 docemus,
2236 1450 2534 1505 didicerunt
2558 1462 2719 1522 atque
2745 1450 3072 1516 docuerunt,
3101 1453 3218 1507 sine
3244 1453 3440 1507 invidia

1861 1550 1914 1595 te
1940 1556 2096 1610 posse
2119 1540 2413 1606 destruere,
2448 1540 2670 1596 horrore
2688 1539 2904 1596 nefandi
2934 1541 3184 1606 nominis,
3214 1556 3321 1595 non
3345 1541 3445 1595 ob-
3512 1536 3541 1555 ⁹

1854 1629 1983 1701 jccti
2019 1630 2259 1686 criminis
2285 1632 2522 1686 veritate.
2548 1630 2652 1685 Sed
2681 1629 2891 1685 firmum
2930 1630 3325 1685 fundamentum
3349 1630 3441 1685 Dei

1860 1723 2169 1777 stat:novit
2195 1722 2335 1777 enim
2376 1722 2633 1777 Dominus
2673 1722 2762 1792 qui
2804 1730 2928 1777 sunt
2955 1722 3071 1791 ejus
3098 1720 3163 1793 (ll
3191 1720 3325 1775 Tim.
3360 1737 3439 1787 ιι,

1862 1811 1973 1883 l9).
1997 1811 2172 1867 Verba
2200 1827 2333 1866 vero
2355 1811 2477 1866 libri
2518 1813 2622 1867 mei
2647 1850 2664 1877 ,
2710 1825 2829 1880 quae
2859 1811 2951 1867 tibi
2976 1812 3126 1880 quasi
3154 1808 3442 1865 refellenda

1862 1915 2253 1971 proposueras,
2279 1899 2557 1970 quomodo
2585 1899 2898 1969 quibusdam
2943 1899 3275 1971 paucissimis
3314 1884 3446 1967 qua-

1861 1995 1908 2049 si
1950 1992 2019 2047 ad
2058 1992 2312 2062 speciem”
2335 2005 2524 2061 pugnae
2551 1990 2948 2060 qualiscumque
2991 1990 3240 2055 tentatis,
3280 1988 3446 2043 multo

1863 2083 2010 2154 plura
2038 2090 2229 2136 caetera
2249 2120 2265 2143 ,
2292 2080 2482 2134 ditl'usa
2505 2088 2663 2149 atque
2688 2078 2941 2134 interfusa
2979 2088 3066 2134 tua
3089 2079 3343 2135 nebulosa
3364 2078 3447 2133 lo-

1862 2172 2126 2245 quacitate
2146 2169 2414 2234 vitaveris,
2435 2169 2646 2225 interim
2675 2169 2798 2238 quia
2822 2169 3035 2239 longum
3056 2177 3138 2224 est
3159 2168 3447 2223 hic‘osten-

1861 2261 1992 2317 dere
2011 2300 2027 2326 ,
2054 2267 2112 2313 ut
2141 2272 2236 2329 per
2257 2272 2318 2313 se
2359 2257 2531 2328 ipsum
2575 2257 2817 2314 advertat
2842 2267 2899 2313 et
2941 2257 3210 2325 inveniat,
3233 2256 3448 2312 dimitto

1864 2350 2071 2407 lectori.
2503 2362 2511 2371 '

166 2475 3433 2514 ________________________________________.

1134 2592 1608 2707 LIBER
1704 2575 2494 2714 QUARTUS.

231 2774 483 2826 ιιιιεωιιιω
502 2781 672 2839 quarm
692 2787 782 2826 suo
801 2772 927 2825 libro
947 2774 1274 2839 disputantem
1315 2773 1552 2839 adversus
1589 2783 1649 2821 ea
1681 2768 1807 2839 eice
1843 2757 3048 2839 libri-recessissem}:esseniutzisﬁceﬂe
3085 2757 3450 2839 εξξὲηὲξρξξιξ

162 2818 1281 2901 ςιυέῖῖῗεᾶῖῗιῖῖοἷῷιῖὖῖὦῖιὶῦτᾶἕιῖῖιιῖιῖί
1303 2818 1548 2901 arma?
1558 2818 3250 2901 Persii.AuﬁuﬁtinﬁsaCBPPPQEG'EEE'R_?SE'“ES_"E?I¥E£339.:£99"
3271 2818 3451 2901 991‘"?

163 2878 356 2947 Fui'ééé'
365 2878 1322 2990 JBe'B'EBEEii‘oie'iiftﬁiiainFoﬁgiiai
1331 2878 1498 2945 ab'c'éi-i
1515 2878 1583 2944 eo
1599 2878 1849 2961 ijﬁodoco',
1869 2898 2020 2949 quem
2042 2886 2090 2933 in
2112 2882 2236 2932 hanc
2256 2878 2363 2930 rem
2399 2881 2634 2940 adhibuit,
2672 2892 2735 2929 ex
2759 2881 2953 2929 Joannis
2970 2878 3181 2952 βρίθωῑεὶ
3202 2880 3250 2952 l,
3268 2892 3374 2940 cap.
3388 2878 3449 2990 ﬁ

163 2961 196 2990 ι
244 2960 320 2990 .m
391 2968 539 2990 Man
560 2959 685 2990 ηιιηΑ
722 2963 791 2990 ρει
824 2957 874 2990 ε..
910 2970 1023 2990 ...νη
1061 2970 1089 2990 n
1165 2954 1545 2990 munmmmun
1581 2964 1743 2990 ,ειη-ηις
1784 2954 1885 2990 ιω.
1910 2951 1980 2990 et.
2016 2955 2125 2990 ana:
2153 2954 2248 2990 non
2279 2947 2349 2990 est
2390 2953 2455 2990 ea:
2494 2947 2653 2990 Patre.
2683 2947 2778 2989 etc.
2814 2948 2966 2990 Atque
3005 2939 3136 2990 illam
3171 2940 3367 2990 quidem

162 2939 349 3023 7,776,
365 2939 791 3069 Ἠνιῖιεᾶιῖόἇέεῑ
809 2939 1093 3030 "Eiiciin
1104 2939 1128 3017 ζ
1135 2939 1743 3028 ’ἓὲιὶῖιὶρῖξὲἑήὶίᾶςεὰήιίε

162 3029 402 3069 naturam
424 3034 545 3069 neco
587 3032 640 3069 s.
663 3020 753 3069 sed
772 3019 832 3068 ad
864 3032 1016 3069 tostus
1033 3027 1196 3069 tamen
1221 3030 1409 3069 umnam
1431 3016 1637 3065 homruis
1653 3018 1765 3069 pert

1869 2939 1980 3006 ,'et,
2016 2955 2125 3007 qua!
2153 2954 2248 2991 non
2279 2947 2349 2991 est
2390 2953 2455 2990 ex
2494 2939 2653 3000 Patre,
2683 2947 2778 2989 etc.
2814 2948 2966 3002 Atque
3005 2939 3136 2990 illam
3171 2939 3367 3002 quidem

1869 3021 1924 3057 Ie.
1960 3005 2196 3055 Pudorem
2214 3003 2562 3069 membrorum
2586 3001 2777 3069 nonnisi
2814 3009 2921 3069 post
2944 3009 3193 3069 peccatum
3215 3001 3367 3069 accidit

161 3029 402 3083 natme
424 3034 545 3083 pecu

587 3001 1637 3081 ἓῖὲθῐῑέιᾱῖιιὲῐίιέὒόἑῇίιίίε
1652 3001 1924 3081 perﬁcere-
1960 3001 2777 3081 Merszngeeeeaaegeeeei
2806 3001 3450 3081 .Pﬁmemgessfdise

161 3061 1778 3137 Fb'ﬁbidiniéiEiiEitéE‘uiquTbB‘JJBEJEtiriéioiiﬁiiﬁamus
1801 3070 1950 3117 luisse
1972 3072 2171 3129 putetur
2189 3063 2346 3137 carnis
2366 3061 3132 3137 concupiscentia,vehementer
3157 3066 3314 3137 certat
3324 3073 3451 3137 ﬁeri:

160 3120 244 3192 ἶιὶ
264 3120 1082 3203 ’ὶῐῑίέἰίίίίὶιῖ”ιῖἑὲἷῖιιᾶ’ἆιέίιῖἁὶι’
1100 3120 1736 3203 Eabae'atgazsaaga‘as‘;
1784 3144 1881 3180 non
1918 3120 2021 3203 νέιῖ
2036 3120 2872 3203 pyrgi?{olgygﬁsffbiﬂun}
2893 3120 3134 3203 κρξάηινςς
3175 3121 3452 3203 egregiam

162 3205 368 3272 pegcati
405 3215 435 3251 a
468 3204 623 3272 primo
659 3208 863 3264 parente
900 3200 1147 3272 voluntate
1179 3200 1453 3272 comuu'ssi.’
1477 3204 1774 3272 locumdver

1776 3205 1807 3241 0
1838 3204 1869 3241 ει
1901 3179 2071 3258 έθβέ
2094 3179 2346 3258 Sericum?
2380 3180 2792 3258 limacifPLE’
2822 3179 3452 3258 ἴς,39,εέιζὲ.¹,ε,ἐῖτίξξὲἕὶιὲο

160 3240 1892 3329 δεξιᾷ,
1926 3250 1988 3300 ad
2026 3248 2075 3298 id
2099 3240 2247 3298 etiam
2267 3242 2435 3296 valere
2452 3277 2469 3305 ,
2500 3240 2558 3293 ut
2593 3240 2773 3293 nostra:
2815 3240 3018 3304 Originis
3053 3240 3223 3293 vitium
3249 3240 3451 3291 demon-

1483 3370 2124 3434 τρέψειε-βεβιθῦ
2184 3374 2190 3381 ·
3442 3350 3449 3361 ²

160 3330 387 3376 stretur.

245 3503 304 3558 1.
324 3503 593 3559 ιυιιιιιως.
626 3502 887 3558 Existimo
907 3516 1006 3572 ego
1025 3500 1309 3557 sollicitum
1333 3500 1587 3556 lectorem
1610 3510 1767 3567 posse

164 3595 411 3660 mirari,
450 3609 545 3649 cur
570 3610 688 3648 cum
732 3594 1055 3665 opusculum
1096 3608 1272 3649 meum
1318 3600 1467 3648 certo
1512 3590 1766 3645 librorum

166 3699 436 3751 nurnero,
465 3699 528 3739 ex
554 3664 894 3739 scribentium
921 3664 1256 3738 solemnitate
1283 3680 1615 3736 distinxerim
1640 3719 1655 3746 ,
1688 3685 1769 3731 ta-

166 3791 312 3832 men
340 3776 460 3830 libri
485 3776 702 3830 alterius
730 3775 931 3830 solvam
960 3776 1011 3829 in
1039 3775 1206 3830 altero
1236 3773 1557 3844 quaestiones
1589 3768 1769 3826 :unde

167 3875 268 3922 est
292 3866 424 3922 illttd
448 3866 590 3936 quod
625 3865 678 3920 in
718 3866 873 3921 tertio
910 3865 1176 3921 volumine
1203 3865 1499 3934 disputavi,
1530 3860 1769 3932 Apostoli

165 3970 375 4012 sensus
396 3956 438 4020 ι,
465 3955 689 4026 qui-per
711 3970 875 4010 unum
903 3954 1171 4009 hominem
1212 3961 1481 4023 peccatum
1518 3950 1570 4005 in
1615 3965 1772 4004 mun-

163 4045 311 4102 dum
339 4046 567 4101 intrasse
590 4045 724 4099 dixit
748 4044 926 4115 (Rom.
955 4059 1021 4110 v,
1053 4044 1144 4114 12)
1183 4043 1314 4115 (quo
1354 4053 1577 4097 numero
1608 4042 1630 4074 ³
1656 4041 1771 4112 Opi-

162 4138 401 4190 nionem
431 4134 556 4188 mali
587 4133 859 4204 originalis
897 4131 1218 4206 oppressit),
1245 4129 1375 4187 illud
1403 4130 1544 4201 quod
1573 4145 1638 4185 ex
1664 4143 1773 4185 uno

165 4226 458 4283 Abraham
482 4226 755 4296 generatio
773 4224 1076 4280 Iudaeorum
1104 4223 1441 4280 descendisse
1466 4222 1774 4294 perhibetur

169 4316 380 4389 (Hebr.
410 4332 461 4370 rt
479 4358 495 4382 ,
521 4316 610 4387 12)
629 4357 647 4383 ,
673 4317 809 4371 nihil
836 4317 918 4371 vel
945 4317 1117 4387 exigui
1146 4317 1388 4372 intulisse
1415 4330 1705 4371 concussus
1726 4314 1768 4369 ³.

166 4408 241 4463 ld
278 4417 459 4462 autem
479 4417 629 4477 putet
657 4407 827 4463 lector
852 4408 982 4474 iste,
1012 4408 1097 4462 cui
1129 4421 1268 4462 nunc
1293 4408 1598 4461 satisfacere
1625 4406 1773 4462 iusti-

164 4507 328 4561 wo,
371 4497 427 4550 in
467 4497 700 4551 secundo
724 4497 972 4553 debuisse
1018 4497 1288 4552 volumine
1327 4496 1595 4552 collocari.
1624 4495 1776 4552 Norit

162 4589 387 4659 Igitur,
426 4587 566 4642 hanc
601 4588 957 4661 responsionis
982 4588 1140 4645 Iidem
1165 4631 1181 4657 ,
1210 4604 1313 4660 qua
1356 4590 1515 4644 etiam
1545 4588 1629 4643 illa
1657 4605 1776 4658 quae

160 4686 448 4749 putantur
470 4677 767 4733 intermissa
786 4720 803 4746 ,
828 4679 911 4735 vel
938 4680 990 4734 in
1015 4678 1415 4749 librosequenti
1441 4678 1770 4750 supplentur,

158 4783 292 4825 nec
317 4767 609 4838 quidquam
652 4768 1042 4826 incommodare
1065 4769 1381 4838 certamini,
1419 4784 1519 4825 nec
1563 4770 1631 4825 de
1658 4764 1777 4825 ulla

154 4858 547 4915 festinationis
572 4859 972 4929 perturbatione
988 4902 1004 4927 ,
1028 4860 1122 4916 sed
1151 4869 1258 4915 tam
1283 4860 1350 4916 de
1368 4875 1645 4915 causarum
1683 4875 1779 4916 ne-

1869 3489 2158 3553 stinaram,
2204 3499 2274 3540 ne
2311 3485 2363 3540 in
2408 3484 2625 3539 nimiam
2652 3480 3038 3555 longitudinem
3078 3482 3273 3539 levium
3307 3497 3454 3553 qua:-

1869 3579 2100 3633 stionum
2128 3574 2394 3647 proferret
2431 3573 2660 3642 adjectio
2683 3614 2699 3642 ,
2747 3574 3105 3643 disputatione
3151 3573 3453 3628 necessaria

1871 3666 2171 3723 terminavi.
2200 3665 2396 3719 Verum
2440 3662 2563 3732 quia
2607 3676 2828 3717 munere
2871 3661 3025 3717 seriae
3066 3656 3455 3718 dissertationis

1872 3756 2114 3826 impleto,
2137 3754 2287 3809 libuit
2313 3753 2472 3807 etiam
2501 3751 2692 3820 ineptis
2722 3749 3102 3820 quzestionibus
3124 3750 3369 3817 obviare,
3400 3759 3455 3805 et

1873 3845 2295 3901 tardissimorum
2338 3853 2705 3912 quorumque,
2746 3839 2835 3909 qui
2888 3847 2943 3892 ct
2987 3838 3189 3910 frigidis
3236 3848 3456 3909 possunt

1796 3934 1807 3943 “
1873 3933 2262 4006 objectionibus
2290 3929 2621 4002 permoveri,
2669 3927 2863 3999 placuit
2890 3928 3086 3983 habere
3113 3936 3453 3998 respectum,

1874 4028 2034 4083 tertio
2062 4025 2197 4079 libro
2226 4022 2453 4093 qualiter
2480 4036 2546 4077 ex
2573 4036 2678 4076 uno
2706 4017 2857 4075 multi
2898 4019 3004 4073 nati
3031 4019 3335 4074 dicerentur
3362 4033 3455 4072 os-

1875 4115 2040 4172 tendi.
2086 4114 2179 4170 Est
2209 4122 2383 4168 tamen
2414 4113 2571 4167 etiam
2615 4110 3074 4178 decentiSsimum,
3124 4108 3170 4164 si
3209 4109 3455 4163 volumen

1873 4223 2104 4280 sequens
2129 4205 2321 4277 prioris
2356 4204 2593 4260 debitum
2623 4203 2855 4271 luat,'ut
2882 4210 2938 4256 et
2978 4215 3164 4272 magna
3204 4200 3343 4255 inter
3387 4196 3463 4253 li;

1874 4300 2000 4357 bros
2026 4299 2266 4354 videatur
2311 4310 2430 4352 esse
2467 4295 2785 4362 concordia,
2814 4303 2869 4349 et
2895 4292 2962 4349 ad
2988 4292 3340 4364 cognitionem
3369 4300 3456 4345 to-

1875 4394 1980 4450 tius
2007 4392 2186 4463 operis
2215 4389 2506 4445 invitentur
2546 4387 2823 4459 legentes;
2864 4400 2986 4440 cum
3024 4394 3077 4440 et
3117 4385 3161 4439 si
3204 4382 3363 4437 dilata
3403 4381 3456 4436 in

1875 4484 2062 4556 primis
2086 4483 2260 4552 aliqua
2299 4480 2714 4545 aestimaverint‘,
2758 4478 3059 4547 intelligunt
3096 4473 3456 4545 praetermissa

1877 4590 1985 4630 non
2029 4588 2169 4629 esse.
2210 4571 2438 4627 Ostenso
2479 4560 2654 4641 igitur'
2678 4568 2799 4623 fidei
2830 4568 2847 4600 ⁸
2875 4575 2930 4622 et
2968 4564 3241 4621 industriae
3279 4562 3458 4635 operis

1876 4663 2161 4720 convenire
2203 4661 2343 4731 quod
2388 4660 2645 4723 fecimus,
2691 4656 3097 4728 congrediamur
3134 4668 3253 4708 cum
3283 4652 3456 4708 Mani-

1876 4753 2041 4809 chaeis
2069 4754 2091 4785 ⁸
2114 4768 2208 4822 pro
2237 4752 2327 4805 Dei
2356 4749 2605 4820 operibus
2628 4757 2684 4804 et
2719 4747 2955 4818 legibus;
2984 4742 3174 4799 abillis
3201 4741 3457 4797 naturalis

1877 4845 2004 4902 mali
2048 4843 2475 4907 deformitatem,
2514 4840 2581 4895 ab
2610 4840 2727 4895 istis
2762 4838 3092 4907 iniquitatem
3131 4831 3458 4911 judiciorum,

1877 4935 2120 4991 feralium
2148 4933 2504 5004 repellentes;
2534 4930 2789 4985 docentes
2818 4926 2870 4981 in
2911 4929 3130 4981 istarum
3172 4924 3457 4992 praeceptis

157 4952 465 5017 cessitate,
491 4967 649 5021 quam
672 4951 740 5007 de
761 4952 971 5007 consilii
997 4952 1205 5008 ratione
1231 4952 1555 5022 contingere.
1582 4951 1779 5021 Suppe-

158 5041 239 5095 tit
268 5054 409 5094 vero
436 5055 745 5110 magnorum
771 5041 1102 5112 ingeniorum
1128 5042 1279 5112 c0pia
1300 5081 1316 5109 ,
1346 5046 1571 5112 quorum
1597 5056 1779 5097 exem-

154 5132 295 5201 plis
326 5131 445 5185 talis
471 5131 581 5186 stili
606 5133 983 5203 consequentia
1003 5131 1300 5188 vindicetur
1325 5149 1341 5188 :
1370 5132 1462 5187 sed
1491 5133 1664 5201 inepta
1696 5130 1779 5201 ja-

153 5222 361 5278 ctatio
384 5230 467 5278 est
484 5265 500 5291 ,
526 5224 593 5279 ad
629 5223 993 5280 defensionem
1027 5224 1283 5296 simplicis
1311 5224 1507 5295 negotii
1533 5224 1776 5279 sonantia

148 5311 493 5384 priscorum
519 5313 794 5368 nominum
820 5313 1082 5370 advocare
1113 5314 1356 5385 suﬂragia
1379 5356 1394 5382 ,
1424 5323 1479 5369 et
1521 5314 1779 5369 securita-

150 5413 302 5459 tem
354 5402 478 5458 facti
521 5404 746 5460 reddere
787 5403 1096 5461 defensione
1129 5414 1448 5475 suspectam.
1475 5404 1779 5460 Secundum

143 5509 330 5568 ergo
349 5494 543 5551 librum
566 5537 581 5563 ,
600 5510 773 5568 quem
799 5496 1102 5553 asserendis
1129 5495 1367 5568 Apostoll
1392 5494 1669 5553 sententiis
1687 5493 1781 5551 de-

1879 5026 2010 5083 nibil
2038 5025 2105 5081 de
2128 5025 2269 5081 bono
2296 5038 2394 5078 suo
2426 5020 2717 5092 perdidisse
2740 5018 3029 5089 justitiam,
3060 5015 3111 5069 iu
3134 5015 3343 5070 illorum
3364 5027 3453 5068 se-

1879 5118 2110 5175 minibus
2136 5116 2266 5173 nihil
2287 5115 2353 5171 de
2379 5114 2518 5169 malo
2553 5128 2652 5169 suo
2688 5111 2954 5167 diabolum
2984 5108 3293 5173 miscuisse;
3341 5106 3456 5160 hzec

1879 5218 2149 5283 postremo
2176 5207 2335 5279 digna
2355 5220 2475 5262 esse
2502 5205 2611 5260 Deo
2631 5212 2871 5270 rectore,
2898 5200 2987 5256 illa
3012 5200 3123 5255 Deo
3146 5195 3457 5269 dignissima

1879 5300 2171 5357 conditore.

1949 5389 2299 5447 Aucusrtuus.
2331 5384 2771 5458 Congressionem
2795 5391 2939 5438 tuam
2962 5376 3233 5437 Manicluei
3256 5416 3272 5442 ,
3304 5387 3372 5429 ne
3399 5372 3455 5427 in

1880 5490 2059 5539 nostra
2085 5479 2460 5551 congressione
2484 5484 2880 5548 superarentur,
2912 5486 3009 5544 pro
3032 5469 3230 5526 auxilio
3255 5476 3449 5536 magno

1941 5590 1964 5683 ξ
2381 5584 2745 5699 ιξξῗιιῖιιξάέἷῖωιι
2757 5636 3016 5694 CatholicOs
3033 5635 3287 5700 intelligit:
3311 5634 3452 5700 unde
3554 5608 3563 5617 ⁸

1994 5634 2364 5700 ἰπὶἧῆἒόξὴιῆ
2381 5634 2745 5699 artiﬁcium
2757 5636 3016 5694 CatholicOs
3033 5635 3287 5703 intelligit:
3311 5634 3452 5703 unde

1878 5697 2440 5783 διιριέιῖῆίωιιίῆὸὲιζῆιιὸᾶ
2463 5710 2541 5760 hic
2578 5708 2705 5759 addit
2726 5706 2876 5757 codex
2901 5710 3160 5764 Furiarum,
3191 5697 3446 5753 ῐιτταάιι-

1882 5785 2031 5824 etum;

238 5651 264 5686 ⁸
315 5656 479 5710 ναι-ω,
499 5653 674 5706 senarii.

235 5713 270 5776 ξ
318 5713 610 5776 Vignierins,
631 5712 812 5776 nuntio.
838 5720 1033 5776 Atlas,
1055 5725 1269 5765 munero.

236 5772 271 5808 ³
313 5772 476 5823 Codex
500 5781 601 5824 Pori
667 5775 904 5826 comicus.
974 5835 994 5854 ⁸
