3980 6502
576 334 715 390 1559

575 449 884 510 sumerent,
904 440 1007 497 nisi
1034 447 1089 494 et
1115 452 1210 493 vos
1234 449 1354 490 cum
1383 434 1462 490 eis
1489 432 1620 488 lich
1642 429 1902 487 catholica
1930 439 2153 496 supera-

577 546 663 593 ret
701 553 718 591 :
758 529 1183 604 quandoquidem
1229 524 1550 581 discordiam
1601 518 2151 588 coucupiscentinrum

577 625 754 684 carnis
775 630 830 680 et
847 620 1083 692 spiritus,
1107 627 1165 672 et
1189 614 1434 670 miserias
1458 612 1670 684 generis
1700 608 1938 675 humani,
1965 606 2156 677 quibus

579 715 736 786 plena
759 720 840 768 est
876 693 1069 766 natura
1093 705 1398 762 mortalium
1417 746 1434 772 ,
1468 703 1782 773 incipientes
1814 715 1844 754 a
1871 698 2082 754 ﬂetibus
2106 705 2160 751 et

495 791 511 869 ζ
575 801 966 860 calamitatibus
1011 797 1386 869 parvulorum,
1433 803 1711 866 propterea
1759 806 1866 848 non
1911 790 2160 846 sinuntur

578 891 831 957 duarum,
854 903 987 960 quas
1016 886 1310 953 inducunt,
1341 891 1648 940 naturarum
1671 879 2038 938 commixtioni
2065 879 2160 934 tri.

579 983 776 1047 buere;
806 981 928 1052 quia
957 979 1074 1034 haec
1091 978 1269 1034 omnia
1295 988 1497 1032 naturze
1524 984 1744 1046 peccato
1764 974 1983 1039 vitiatae,
2001 987 2159 1043 quam

579 1073 723 1129 Deus
750 1074 946 1129 bonam
973 1070 1244 1137 condidit,
1276 1085 1378 1126 nec
1405 1068 1643 1124 vitiatam
1680 1064 2014 1126 fecunditatis
2039 1080 2159 1120 mu-

579 1177 712 1234 nere
734 1171 791 1218 et
817 1163 959 1218 bono
997 1161 1212 1233 opilieio
1236 1175 1336 1217 suo
1361 1160 1602 1228 deserit,
1641 1156 1954 1214 auctoritate
1977 1155 2159 1212 divina

578 1261 635 1307 et
660 1252 935 1308 verissima
979 1252 1184 1307 ratione
1213 1251 1533 1306 tribuuntur.
1555 1249 1708 1319 Quod
1735 1263 1832 1304 vos
1869 1255 2156 1318 negantes,

579 1356 731 1397 arma
755 1341 968 1412 quidem
996 1341 1193 1412 quibus
1217 1341 1501 1396 vincuntur
1517 1380 1532 1406 ,
1557 1337 1823 1395 conamini
1849 1338 2156 1408 infringere;

579 1430 677 1486 sed
706 1440 812 1486 tam
835 1438 962 1486 sunt
1005 1429 1158 1484 ﬁrma
1186 1435 1244 1485 et
1283 1427 1478 1483 invicta
1501 1468 1518 1496 ,
1555 1437 1615 1483 ut
1641 1428 1753 1483 sive
1783 1427 1888 1483 illis
1927 1426 1996 1482 ad
2021 1441 2116 1481 vos
2139 1466 2156 1491 ,

579 1522 694 1579 sive
717 1521 868 1578 vobis
885 1520 953 1576 ad
983 1520 1103 1575 illos
1130 1519 1397 1576 transﬁxis
1423 1526 1480 1575 et
1498 1518 1786 1590 peremptis
1814 1516 2157 1589 perveniant,

581 1622 836 1682 utrosque
873 1617 1229 1682 prosternant.

651 1701 716 1758 ιι.
736 1701 853 1758 ιω..
881 1701 1084 1770 Quibus
1109 1701 1316 1757 duobus
1341 1701 1387 1757 si
1415 1700 1631 1759 creditis
1653 1701 1694 1768 ⁸,
1721 1699 1774 1756 id
1802 1708 1905 1768 est,
1930 1698 2026 1756 Dei
2060 1713 2160 1755 nec

580 1807 746 1862 opera
772 1793 910 1849 mala
932 1808 1071 1859 esse,
1113 1808 1214 1849 nec
1251 1793 1430 1865 iniqua
1466 1793 1696 1864 judicia;
1728 1800 1897 1847 totum
1926 1790 2160 1847 traducis

581 1881 773 1956 dogma
798 1885 1092 1942 conteritur
1122 1902 1137 1940 :
1158 1886 1297 1941 sicut
1319 1899 1352 1941 e
1374 1885 1612 1957 regione,
1639 1884 1871 1940 traducis
1888 1883 2161 1954 impietate

579 1985 848 2046 suscepta,
877 1975 992 2032 haec
1019 1975 1159 2040 duo.
1192 1976 1429 2032 conditio
1459 1977 1552 2031 Dei
1581 1984 1740 2046 atque
1759 1974 2032 2046 iudicatio,
2063 1989 2162 2046 per

576 2081 698 2138 quae
717 2068 889 2122 solum
919 2067 1060 2123 Deus
1079 2077 1255 2137 potest
1278 2066 1520 2137 intelligi,
1545 2065 1910 2122 destruantur.

649 2156 785 2212 Anc.
823 2155 934 2214 Nec
951 2171 1116 2228 opera
1133 2156 1277 2212 mala
1298 2165 1424 2211 sunt
1451 2156 1568 2220 Dei.
1598 2155 1811 2226 quando
1834 2162 1889 2210 et
1913 2152 1982 2211 de
2004 2153 2160 2210 malis

575 2249 1000 2321 quibuscumque
1036 2249 1175 2306 bene
1209 2257 1482 2319 operatur,
1523 2257 1579 2304 et
1624 2247 1876 2318 parvulis,
1922 2261 2057 2320 quos
2092 2246 2160 2302 de

577 2356 754 2399 massa
798 2357 894 2413 per
932 2343 1090 2412 primi
1140 2342 1372 2401 hominis
1417 2341 1904 2413 praevaricationem
1957 2339 2159 2411 perdita

573 2432 720 2490 bene
747 2441 996 2503 operatus
1015 2442 1116 2499 est,
1135 2435 1294 2489 etiam
1319 2431 1569 2488 sanandis
1592 2432 1822 2503 benigne
1847 2429 2155 2500 opitulatur;

577 2539 680 2580 nec
734 2525 912 2595 iniqua
949 2523 1170 2594 judicia,
1205 2524 1417 2595 quando
1461 2524 1611 2595 gravi
1655 2537 1785 2596 ιιιεο
1825 2538 1986 2594 super
2022 2523 2160 2578 ﬁlios

576 2617 748 2674 Adam
775 2633 808 2673 a
834 2617 920 2673 die
941 2617 1120 2672 exitus
1136 2617 1205 2673 de
1226 2625 1412 2673 ventre
1437 2616 1621 2672 matris
1648 2631 1833 2672 eorum
1862 2615 2048 2686 (Eccli.
2067 2631 2157 2682 xL,

577 2706 668 2777 l),
698 2706 908 2762 nonnisi
935 2715 1270 2777 peccatorum
1311 2707 1500 2762 merita
1542 2705 1832 2762 ulciscitur.
1865 2705 1991 2760 llaec
2035 2713 2158 2760 cum

575 2797 869 2861 creduntur
919 2807 1079 2869 atque
1130 2797 1514 2869 intelliguntur,
1557 2806 1612 2853 et
1657 2795 2066 2853 Manichteorum
2106 2804 2163 2851 et

577 2887 982 2960 Pelagianorum
1011 2902 1164 2944 error
1199 2888 1555 2959 exstinguitur
1584 2904 1597 2940 :
1621 2887 2033 2943 Manichaeorum
2057 2885 2162 2940 sci-

577 2979 726 3046 licet,
755 2980 878 3050 quia
905 2980 1043 3035 mala
1067 2979 1170 3035 ista
1207 2979 1420 3050 generis
1454 2978 1670 3034 humani
1707 2978 1890 3032 volunt
1915 2975 2159 3046 deputari

579 3072 762 3127 nescio
798 3072 884 3126 cui
923 3072 1048 3126 mali
1083 3071 1345 3142 principio
1382 3071 1663 3126 aeternitati
1702 3069 1802 3125 Dei
1854 3077 2154 3134 coaeterno;

580 3161 983 3233 Pelagianorum
1021 3171 1221 3228 autem,
1251 3161 1372 3231 quia
1403 3161 1590 3215 nolunt
1615 3161 1876 3229 imputare
1917 3167 2154 3229 peccato.

653 3249 741 3306 Ill.
771 3251 890 3307 Jun.
929 3251 1048 3307 iam
1077 3265 1206 3322 ergo
1229 3266 1292 3306 ea
1318 3266 1438 3322 qua:
1472 3249 1747 3306 contexuit
1769 3249 2028 3304 lacerator
2060 3264 2158 3304 na-

581 3339 852 3409 turalium,
895 3341 1252 3410 ponderemus
1280 3357 1295 3394 :
1320 3339 1416 3396 sed
1449 3348 1506 3395 ut
1552 3355 1767 3408 rerum,
1817 3355 1936 3410 qua:
1977 3348 2157 3395 mutua

581 3440 708 3488 sunt
734 3432 1080 3503 responsione
1106 3431 1392 3502 perplexae,
1420 3430 1608 3486 lectori
1627 3438 1810 3488 uestro
1831 3437 1938 3484 tam
1960 3429 2157 3486 intelli-

579 3524 760 3597 gentia
785 3539 945 3595 quam
973 3522 1224 3580 discretio
1251 3531 1562 3594 suggeratur
1579 3563 1595 3590 ,
1636 3537 1743 3592 quo
1777 3537 1974 3593 genere
2003 3523 2159 3579 oblu-

583 3623 780 3681 ctetur,
810 3613 1093 3670 admoneo.
1110 3613 1410 3679 Proﬁtetur
1447 3613 1660 3683 scriptis
1696 3613 1913 3668 obviare
1940 3614 2157 3680 nostris,

581 3722 703 3778 qua:
729 3705 798 3761 ad
822 3721 883 3762 se
903 3706 978 3761 ait
1002 3707 1057 3761 in
1082 3705 1228 3762 brevi
1248 3705 1490 3776 chartula
1503 3691 1795 3769 destinata,
1817 3712 1872 3760 ct
1897 3705 2043 3775 ponit
2064 3706 2162 3760 ali-

583 3811 718 3867 quas
738 3796 1121 3852 sententiarum
1137 3811 1374 3850 mearum
1392 3793 1678 3866 particulas
1699 3802 1861 3865 atque
1887 3795 2157 3868 suggillat,

580 3903 702 3959 qua:
729 3887 780 3942 iu
803 3901 923 3942 meo
951 3901 1113 3956 opere
1138 3902 1243 3941 non
1271 3894 1544 3942 tenentur.

652 3982 789 4036 Aes.
807 3971 940 4035 'Deo
966 3979 1166 4050 gratias
1184 4019 1200 4044 ,
1232 3979 1370 4048 quod
1402 3979 1530 4049 ipsis
1549 3981 1570 4012 ’
1596 3988 1826 4051 quatuor
1849 3980 1998 4036 libris
2023 3981 2156 4046 tuis,

582 4069 726 4125 unde
739 4069 828 4125 ille
850 4069 992 4140 quod
1022 4069 1206 4136 voluit,
1234 4070 1371 4124 sicut
1396 4069 1584 4136 voluit,
1613 4071 1896 4141 excerpsit,
1923 4071 2075 4141 cujus
2093 4073 2158 4126 ad

583 4175 671 4215 me
694 4159 934 4214 chartula
965 4159 1126 4214 missa
1152 4159 1425 4229 pervenit,
1454 4174 1548 4216 sex
1579 4160 1728 4216 libris
1757 4161 1890 4216 meis
1919 4161 1986 4216 ad
2025 4176 2159 4216 cun-

586 4259 671 4304 cta
701 4249 972 4323 respondi.
996 4250 1130 4305 Puto
1157 4249 1298 4320 quod
1341 4250 1411 4306 ibi
1449 4265 1558 4306 non
1594 4266 1654 4306 es
1692 4251 1952 4319 dicturus,
1982 4253 2158 4324 aliqua

585 4358 675 4399 me
699 4343 1017 4415 redarguere
1048 4343 1301 4408 voluisse,
1331 4359 1448 4414 quae
1487 4344 1538 4399 in
1569 4353 1660 4400 tuo
1686 4344 1708 4376 ³
1737 4360 1901 4416 opere
1929 4361 2035 4402 non
2075 4356 2152 4400 te-

584 4444 780 4492 nentur
807 4452 821 4490 :
852 4434 995 4506 quod
1019 4443 1074 4491 et
1100 4435 1144 4489 si
1175 4434 1372 4490 dixeris
1391 4475 1406 4500 ,
1440 4434 1594 4506 idque
1634 4434 1966 4506 probaveris;
1998 4437 2157 4492 etiam

583 4526 836 4597 gratulari
861 4525 1052 4594 debeo,
1074 4541 1182 4582 non
1213 4539 1264 4582 te
1290 4525 1510 4594 dixisse,
1544 4542 1662 4597 qua:
1691 4527 1870 4584 dicere
1912 4543 2017 4583 nou
2061 4528 2158 4584 dc-

583 4616 742 4672 beres
769 4631 785 4670 :
817 4619 974 4687 atque
994 4618 1194 4673 utinam
1217 4633 1564 4690 quaecumque
1589 4617 1750 4674 verba
1768 4628 1854 4675 tua
1865 4621 2160 4677 rectissime

584 4707 1064 4777 reprehenduntur,
1090 4709 1234 4764 nulla
1261 4708 1480 4765 omnino
1499 4708 1745 4766 dixisses.

656 4797 744 4852 IV.
771 4797 888 4852 ιω..
931 4797 1188 4868 Loquitur
1212 4815 1340 4871 ergo
1364 4799 1433 4854 ad
1469 4799 1737 4856 Valerium
1769 4816 1783 4854 :
1811 4800 2024 4855 Attende
2049 4801 2160 4870 qui-

583 4887 676 4943 bus
712 4904 767 4941 se
793 4888 1041 4942 existimat
1087 4888 1350 4944 adversum
1397 4907 1489 4944 nos
1539 4891 1656 4944 huic
1705 4890 1963 4960 prmuisso
2011 4890 2156 4944 titulo

585 4993 860 5031 consonare
889 4993 908 5031 :
938 4976 1091 5044 Deus,
1115 4979 1304 5049 inquit.
1343 4981 1429 5049 qui
1449 4980 1613 5034 Adam
1650 4997 1710 5035 ea:
1737 4979 1856 5034 limo
1884 4983 2048 5052 fuerat
2075 4981 2159 5050 fa-

585 5067 826 5134 bricatus,
850 5066 1010 5124 Evam
1035 5072 1311 5126 construxit
1345 5088 1371 5126 e
1402 5083 1559 5137 costa,
1610 5081 1655 5126 et
1692 5073 1843 5139 dixit,
1872 5091 1890 5126 ι
1922 5071 2047 5127 Hinc
2068 5089 2158 5128 vo-

583 5163 780 5217 cabitur
809 5161 942 5231 Vita,
973 5165 1210 5235 quoniam
1247 5174 1405 5220 mater
1445 5175 1516 5220 est
1559 5165 1780 5218 omnium
1813 5166 2099 5220 uiuentium.
2133 5184 2152 5219 ι

585 5251 710 5308 Non
731 5253 932 5324 quidem
973 5256 1048 5309 ita
1088 5256 1331 5325 scriptum
1373 5264 1466 5322 est,
1495 5255 1583 5308 sed
1620 5255 1743 5325 quid
1784 5256 1854 5309 ad
1881 5257 2013 5310 nos?
2033 5254 2158 5311 solet

584 5347 826 5403 memoria
846 5346 960 5418 {alii
978 5348 1030 5402 in
1059 5348 1236 5416 verbis,
1265 5346 1386 5401 dum
1427 5356 1594 5402 tamen
1629 5349 1874 5403 sententia
1907 5358 2156 5405 teneatur.

583 5480 844 5596 gazam
858 5481 1052 5595 ᾗ
1068 5483 1203 5545 uin,
1223 5495 1273 5545 p.
1295 5481 1406 5545 265,
1428 5483 1650 5546 (minatur
1667 5483 1748 5535 hic
1767 5483 2031 5550 legendum
2050 5521 2066 5549 ,
2088 5484 2161 5540 sic

647 5608 1001 5692 against-tnui,
1024 5605 1150 5671 quod
1187 5603 1249 5656 ab
1289 5604 1424 5670 ipsis.
1465 5608 1740 5672 ιιι-προδειὶο
1753 5643 1768 5670 ,
1809 5607 1899 5673 ab,
1937 5624 2032 5662 non
2083 5615 2162 5662 est

583 5666 633 5719 in
655 5666 1005 5730 lusulusu-ignis.
1037 5666 1048 5671 ’
1309 5666 1318 5670 “
1567 5666 1584 5672 “
1754 5666 1764 5670 ⁷
1883 5666 1896 5673 '
1981 5705 1996 5734 ε.

643 5728 671 5763 ο
703 5729 1004 5794 vignierius,
1029 5741 1138 5782 toto.
1161 5736 1354 5808 stans,
1374 5735 1470 5782 tuo.
1968 5731 1996 5741 ”

1247 322 1489 380 OPERIS
1525 313 1932 377 IMPERFECTI
1967 310 2239 370 CONTRA
2276 307 2636 380 JULIANUM,
2675 313 2736 370 S.
2763 313 3130 373 AUGUSTINI

3721 319 3845 377 15ἱο

2271 419 2383 475 Nec
2409 421 2532 478 Este
2575 439 2763 478 nomen
2778 435 2835 479 at
2861 428 3203 497 appellaretur
3232 427 3367 495 Vita,
3398 427 3548 484 Deus
3594 431 3848 499 imposuit,

2264 513 2353 566 sed
2366 515 2597 568 maritus.
2620 515 2709 570 Sic
2722 509 2851 570 enim
2867 517 3088 587 loquitur
3107 517 3218 591 (a):
3249 518 3538 574 «Eteocaui
3580 519 3753 572 Adam
3775 541 3851 573 no.

2266 620 2381 657 men
2392 605 2563 659 uxoris
2586 621 2694 661 stuc
2723 604 2859 674 Vita,
2894 625 2915 660 ο
2942 610 3181 678 quoniam
3205 620 3364 664 mater
3388 619 3474 665 est
3501 611 3746 664 omnium
3787 619 3849 663 ri-

2265 696 2490 750 ventium
2525 695 2631 768 (De
2653 696 2863 770 Nuptiis
2887 708 2932 754 et
2951 699 3392 771 Cencupisceutia,
3420 702 3514 758 lib.
3541 703 3583 756 2
3600 745 3616 769 ,
3639 720 3698 756 n.
3728 704 3795 757 l2
3821 711 3852 772 ).

2265 786 2537 856 Stupenda
2567 787 2800 846 doctoris
2821 789 3080 858 eruditio,
3109 793 3198 862 qui
3229 808 3295 848 ne
3319 794 3606 863 paululum
3642 796 3849 864 quidem

2265 892 2294 932 a
2325 878 2717 948 Scripturarum
2747 881 2872 936 sinit
2885 897 3133 938 sermone
3150 881 3380 940 deﬂecti.
3407 883 3756 954 Imperitiam
3779 903 3850 939 uo

2264 981 2430 1028 stram
2456 974 2664 1044 arguit;
2689 974 3052 1032 sedoblivioni
3073 977 3279 1032 veniam
3298 977 3429 1034 dare
3448 979 3739 1051 dignatur,
3762 996 3851 1049 qua

2264 1061 2460 1119 laetum
2485 1072 2600 1119 erat
2629 1073 2687 1120 ut
2721 1081 2822 1137 ego
2859 1065 3102 1122 dicerem
3118 1066 3334 1125 nomine
3363 1068 3501 1125 Vita:
3523 1086 3558 1124 a
3593 1068 3719 1124 Deo
3744 1086 3849 1124 mu-

2264 1150 2450 1207 lierem
2491 1163 2844 1225 nuncupatam
2871 1173 2886 1212 :
2914 1155 2985 1211 ita
3012 1171 3112 1227 per
3141 1159 3480 1214 occasionem
3527 1157 3784 1225 brevem,
3807 1169 3849 1216 et

2263 1244 2502 1301 eruditus
2523 1260 2781 1317 apparere
2807 1247 3031 1316 studuit,
3052 1257 3123 1305 er
3132 1249 3412 1321 benignus.
3435 1249 3549 1308 Sed
3567 1259 3638 1306 ut
3653 1265 3763 1306 non
3780 1263 3847 1307 est

2263 1335 2576 1391 admiranda
2629 1336 2898 1408 diligentia
2920 1379 2938 1407 ,
2991 1339 3380 1396 nominatorem
3427 1339 3664 1397 femina
3719 1356 3846 1395 eoin-

2265 1425 2498 1494 perisse;
2539 1426 2613 1481 ita
2642 1426 2978 1498 impudentia
3008 1444 3117 1485 non
3144 1429 3361 1486 uerenda
3395 1439 3503 1496 est,
3533 1431 3690 1486 velle
3717 1433 3845 1502 igno-

2262 1531 2414 1573 scere
2437 1517 2578 1590 quod
2605 1519 2822 1592 culpare
2855 1536 2963 1576 non
3000 1522 3196 1592 possis.
3222 1521 3336 1578 Non
3375 1523 3527 1580 enim
3548 1525 3631 1578 ita
3665 1523 3724 1577 in
3747 1540 3845 1578 meo

2262 1622 2427 1678 opere
2451 1609 2663 1680 legitur,
2686 1611 2823 1667 sicut
2847 1611 2899 1666 in
2925 1613 3246 1668 commentis
3275 1612 3434 1684 hujus
3472 1622 3726 1668 tenetur.
3755 1615 3844 1684 Ego

2266 1699 2465 1780 quippe
2516 1704 2688 1772 posito
2731 1702 2869 1774 legis
2908 1703 3232 1770 testimonio,
3270 1720 3376 1775 quo
3417 1703 3638 1759 dixisse
3687 1719 3844 1759 rerum

2262 1786 2483 1848 Creator
2501 1793 2818 1861 ostenditur,
2850 1793 2972 1850 Non
3012 1803 3086 1849 est
3111 1794 3296 1849 bonum
3329 1796 3500 1850 solum
3540 1811 3664 1849 esse
3698 1795 3843 1848 Ιοοηύ-

2261 1902 2413 1953 nem;
2441 1885 2688 1956 faciamus
2707 1887 2752 1941 ei
2779 1885 3094 1957 adjutorium
3132 1887 3296 1942 simile
3318 1889 3398 1943 sui
3419 1887 3586 1958 (Gen.
3623 1903 3691 1954 ll,
3721 1887 3802 1958 18)
3828 1907 3838 1942 :

2265 1975 2402 2043 Quid
2426 1985 2498 2032 est
2534 1978 2648 2044 hoc,
2673 1977 2872 2048 inquio,
2903 1997 2924 2032 s
2952 1977 3076 2034 Non
3103 1989 3176 2034 est
3194 1979 3379 2045 bonum
3415 1997 3530 2036 esse
3569 1981 3748 2036 solun
3770 1981 3842 2033 lu-

2263 2067 2447 2121 minem
2463 2067 2490 2121 ?
2516 2085 2536 2119 ι
2569 2066 2836 2135 Numquid
2859 2067 3214 2136 Dcus~aliquid
3235 2070 3443 2141 fecerat,
3462 2070 3616 2140 quod
3647 2087 3754 2124 non
3770 2071 3842 2122 is.

2263 2175 2388 2213 num
2419 2161 2544 2232 jure
2573 2160 2590 2192 ⁸
2617 2160 2720 2214 dici
2748 2170 2947 2232 posset;
2969 2163 3188 2216 maxime
3209 2162 3294 2232 qui
3320 2164 3493 2217 omnia
3523 2178 3634 2216 non
3661 2164 3844 2217 εοεαε·

2262 2249 2394 2306 bona
2423 2292 2441 2328 _,
2467 2251 2558 2306 sed
2589 2253 2740 2306 etiam
2785 2252 2916 2308 bona
2956 2253 3102 2310 ualde
3141 2258 3324 2325 fecerat
3339 2255 3367 2309 2
3417 2256 3706 2321 Quomodo
3749 2271 3846 2324 ergo

2262 2341 2354 2408 ait,
2383 2359 2403 2394 ι
2439 2340 2562 2396 Νοη
2585 2352 2660 2398 est
2686 2343 2872 2398 bonum
2899 2345 3067 2399 solum
3091 2361 3199 2401 esse
3229 2346 3481 2400 hominem
3504 2347 3536 2401 2
3573 2365 3594 2399 s
3628 2363 3737 2418 quo
3761 2365 3845 2400 ser-

2263 2447 2411 2486 mone
2436 2449 2536 2487 non
2555 2435 2946 2504 reprehenditur
2963 2445 3206 2492 uentura:
3232 2446 3414 2503 status,
3445 2437 3542 2494 sed
3571 2439 3845 2493 ostenditur

2264 2521 2486 2578 humano
2514 2525 2684 2594 generi
2709 2524 3044 2595 perniciosam
3067 2527 3302 2582 unionem
3327 2545 3435 2583 esse
3475 2524 3738 2600 potuisse,
3764 2531 3844 2583 nisi

2263 2613 2538 2668 ministerio
2583 2615 2770 2670 diuersi
2804 2632 2955 2671 sexus
2989 2619 3236 2672 successio
3260 2619 3620 2690 germinasset.
3655 2619 3792 2674 Nam
3808 2626 3844 2674 si
3942 2635 3943 2640 ‘

2263 2702 2417 2756 etiam
2435 2701 2601 2758 Adam
2630 2714 2860 2776 speretur
2884 2708 3106 2775 potuisse
3131 2708 3433 2764 immortalis
3458 2711 3600 2778 ﬁeri,
3629 2711 3737 2764 nisi
3769 2712 3845 2764 de-
3942 2749 3943 2762 χ

2263 2792 2490 2863 liquisset
2513 2811 2535 2850 :
2558 2804 2728 2850 tamen
2756 2797 3077 2868 ntanifestum
3099 2808 3190 2866 est,
3220 2809 3414 2870 patrem
3444 2817 3563 2856 eum
3592 2819 3844 2872 nunquam
3942 2793 3943 2830 ἶ

2263 2882 2376 2951 fieri
2419 2884 2671 2952 potuisse,
2703 2886 2800 2940 nisi
2844 2889 3106 2958 reperisset
3137 2906 3372 2956 uxorem,
3418 2909 3537 2963 quae
3559 2893 3628 2948 de
3646 2893 3804 2948 latere
3826 2894 3844 2926 ⁸

2261 2971 2552 3028 dormientis
2579 2985 2861 3045 assumpta,
2890 2978 3055 3048 prima
3077 2980 3465 3049 compellatione
3477 2983 3564 3035 cui
3590 2987 3742 3052 operi
3761 3002 3844 3054 pa-

2261 3071 2374 3115 rata
2387 3073 2514 3118 esset
2536 3065 2727 3119 audivit
2747 3083 2766 3122 :
2797 3085 2816 3119 ‹
2843 3065 2969 3122 Hac
2984 3068 3239 3124 vocabitur
3262 3069 3397 3138 Vita,
3416 3073 3667 3142 quoniam
3693 3085 3848 3128 mater

2261 3165 2334 3210 est
2356 3158 2584 3212 omium
2603 3159 2892 3214 viventium.
2928 3179 2948 3214 ι
2985 3160 3096 3227 Quo
3133 3179 3362 3217 sermone
3390 3175 3734 3219 monstratum
3757 3176 3841 3230 est,

2262 3247 2510 3301 neminem
2543 3249 2778 3322 deinceps
2822 3250 3083 3306 hominum
3121 3253 3198 3308 vel
3223 3271 3330 3309 esse
3354 3271 3531 3326 posse,
3561 3258 3643 3310 vel
3670 3258 3850 3322 sisere,

2260 3337 2346 3405 qui
2383 3354 2483 3392 non
2509 3350 2780 3410 conceptus
2811 3342 3050 3412 beneﬁcio
3075 3344 3391 3401 substitisset.
3423 3346 3558 3401 Cum
3589 3362 3723 3419 ergo
3744 3349 3842 3403 da-

2261 3437 2397 3494 reat,
2426 3429 2481 3483 in
2515 3445 2575 3484 re
2599 3431 2813 3500 quidem
2841 3448 2947 3488 non
2977 3436 3151 3506 magni
3182 3437 3472 3506 ponderis,
3507 3449 3692 3494 tamen
3720 3441 3841 3494 nihil

2261 3534 2291 3572 a
2322 3535 2408 3576 me
2429 3520 2500 3575 ita
2530 3521 2693 3579 fuisse
2722 3525 3007 3592 prolatum,
3027 3527 3224 3595 utillud
3245 3537 3439 3598 praeter
3461 3530 3842 3600 impudentiam

2262 3609 2585 3680 singularem
2616 3613 2891 3683 quisquam
2923 3617 3090 3685 possit
3120 3631 3380 3688 arguere;
3409 3619 3589 3674 inusta
3622 3630 3710 3676 est
3729 3634 3842 3676 nota

2263 3703 2488 3771 publica:
2526 3704 2771 3760 falsitatis
2797 3707 3146 3777 egentissimo
3166 3710 3426 3777 omnium,
3453 3711 3550 3780 qui
3581 3725 3710 3766 cum
3740 3714 3847 3768 vult

2261 3791 2460 3848 donare
2498 3795 2636 3864 quod
2683 3810 2787 3850 non
2819 3803 2980 3863 tenet,
3013 3813 3117 3852 uno
3165 3807 3405 3869 tempore
3445 3801 3654 3870 pariter
3676 3802 3844 3859 delin-

2261 3884 2392 3952 quit,
2415 3892 2471 3939 et
2498 3883 2716 3953 penuria
2729 3885 2885 3955 juris,
2906 3895 2962 3942 et
2984 3887 3186 3942 ambitu
3207 3888 3486 3960 largitatis.

2333 3976 2468 4032 Ave.
2507 3976 2562 4031 Si
2589 3992 2695 4032 non
2725 3985 2779 4032 tu
2809 3978 2878 4032 ita
2900 3980 3124 4049 posuisti
3147 3980 3291 4037 Libri
3315 3983 3473 4037 verba
3495 3981 3694 4048 divini,
3715 3985 3844 4040 sicut

2261 4081 2361 4137 ego
2403 4069 2456 4122 in
2487 4068 2572 4122 illa
2619 4069 2860 4126 chartula
2890 4070 3096 4138 inveni;
3128 4087 3235 4126 non
3262 4073 3375 4141 tibi,
3419 4073 3516 4128 sed
3547 4075 3599 4129 ei
3640 4076 3732 4146 qui
3773 4077 3852 4130 sie-

2261 4159 2509 4228 scripsit,
2555 4160 2731 4230 ignovi
2763 4178 2777 4214 :
2810 4161 2897 4216 cui
2941 4161 3102 4219 ambo
3135 4163 3392 4220 debemus
3444 4165 3754 4236 ignoscere.
3792 4166 3841 4222 Si

2260 4259 2438 4304 autem
2467 4264 2552 4304 me
2593 4258 2746 4319 putas
2775 4265 2880 4305 non
2918 4250 3020 4308 hoc
3069 4254 3335 4310 invenisse
3361 4255 3412 4308 in
3451 4255 3725 4321 chartula,
3757 4257 3842 4311 sed

2263 4347 2510 4410 tanquam
2556 4340 2658 4396 hoc
2687 4341 3004 4411 invenerim,
3048 4345 3168 4400 ideo
3208 4346 3543 4402 mendaciter
3571 4349 3666 4402 illa
3693 4352 3844 4404 verba

2263 4431 2524 4500 posuisse,
2557 4440 2616 4486 ut
2639 4443 2781 4488 esset
2823 4434 2963 4503 quod
3010 4435 3300 4491 tribuerem
3339 4439 3488 4508 quasi
3519 4441 3699 4494 errori
3730 4451 3848 4504 tuo;

2261 4536 2402 4577 nunc
2432 4521 2523 4578 tibi
2548 4533 2712 4590 certe,
2754 4524 2894 4592 quod
2927 4533 3033 4579 tam
3062 4526 3200 4582 male
3223 4541 3288 4582 ac
3315 4526 3448 4584 falso
3473 4528 3544 4585 de
3569 4545 3661 4586 me
3688 4531 3845 4586 lucris

2261 4614 2528 4683 opinatus,
2561 4614 2798 4684 ignosco.

2333 4704 2398 4759 ν.
2423 4703 2541 4760 Jun.
2565 4705 2848 4775 Postquam
2870 4721 2998 4776 ergo
3025 4706 3125 4763 hoc
3151 4708 3240 4764 tali
3255 4709 3513 4778 gravitate
3543 4713 3844 4780 reprehen-

2262 4795 2360 4864 dit,
2387 4797 2558 4868 pergit
2579 4797 2645 4851 ad
2675 4797 2894 4867 reliqua,
2927 4813 2990 4854 ac
3018 4808 3300 4868 patronum
3325 4817 3479 4855 suum
3508 4816 3840 4868 commouet,

2264 4897 2320 4943 ut
2345 4889 2429 4944 his
2452 4905 2572 4960 qua:
2607 4900 2903 4962 sequuntur
2939 4892 3196 4947 attendat.
3243 4892 3383 4948 Deus
3427 4894 3607 4965 igitur,
3655 4897 3840 4966 inquit.

2262 4979 2417 5033 maris
2458 4989 2655 5034 creator
2700 4989 2748 5033 et
2790 4982 3008 5051 femime.
3053 4984 3398 5037 convenientia
3433 4987 3845 5054 generationibus

2262 5071 2484 5124 membra
2507 5070 2762 5140 formavit.
2795 5071 2900 5126 Sed
2932 5071 3033 5126 hoc
3055 5083 3256 5128 tantum
3278 5073 3344 5128 de
3372 5076 3545 5144 capite
3578 5075 3841 5130 dicturum

2263 5175 2506 5236 meorum
2529 5160 2789 5227 inserens,
2819 5163 3188 5231 praetermissis
3210 5164 3452 5233 plurimis
3477 5166 3706 5220 omnino
3731 5181 3845 5220 ver-

2263 5253 2431 5319 sibus,
2453 5252 2644 5322 quibus
2688 5253 2895 5308 novitas
2933 5253 3263 5322 potissimum
3313 5254 3615 5311 inculcatur
3641 5257 3843 5310 anima-

2263 5329 2382 5398 rum
2426 5341 2557 5396 nihil
2584 5349 2676 5397 aut
2721 5343 2868 5397 carni
2913 5351 3001 5398 aut
3049 5343 3239 5399 semini
3283 5343 3614 5410 debentium,
3662 5345 3840 5400 subdit

2263 5432 2394 5488 illud
2419 5446 2596 5488 meum
2627 5445 2643 5485 :
2673 5432 2758 5487 Ita
2795 5434 2935 5504 gigni
2973 5449 3188 5505 corpora
3221 5435 3284 5489 de
3309 5435 3609 5506 corporibus
3634 5437 3842 5491 ordina-

2327 5546 2345 5578 ι
2379 5543 2682 5607 vignierius,
2705 5556 2830 5607 rere.
2875 5551 3003 5606 Mss,
3016 5544 3152 5607 jure.

2325 5607 2348 5675 ξ
2378 5605 2469 5675 sie
2489 5606 2905 5675 Mss.__vi_gnieri.u_s,
2927 5605 3137 5675 maa‘ime
3155 5605 3378 5675 quoniam
3397 5620 3490 5658 non
3512 5606 3687 5675 solum2

2328 5667 2350 5736 ξ
2379 5665 2537 5736 podex
2582 5665 2736 5736 ινφ-ἰν
2780 5666 2875 5719 nisi
2893 5665 3311 5732 ’pepctissct'uzwr
3333 5669 3404 5731 ei,
3449 5681 3562 5736 qua
3581 5671 3650 5721 de
3669 5671 3836 5736 luere.

2329 5727 2402 5790 (a)
2434 5734 2594 5789 Forte,
2618 5721 2806 5793 legitur.
