3980 6500
151 355 304 412 1541

151 474 234 524 uit
261 487 281 526 :
307 485 523 540 quorum
555 477 718 522 tamen
747 464 1019 536 omnem
1057 462 1278 534 potentia
1317 465 1624 531 apt-rationis
1663 465 1751 517 in-

155 561 400 627 tervenit,
422 574 570 613 omne
604 557 741 628 quod
783 565 876 622 est,
917 571 978 610 ea
1015 553 1376 608 administrans
1411 554 1610 618 virtute,
1651 568 1754 621 qua

152 649 420 706 condidit.
453 647 514 704 Si
543 647 699 718 igitur
723 663 824 700 non
853 645 950 699 nisi
989 661 1077 714 per
1104 660 1279 698 sexum
1317 646 1468 715 fetus,
1510 661 1611 697 non
1652 643 1751 696 nisi

156 759 260 813 per
286 756 473 810 corpus
499 753 671 803 sexus,
697 753 799 790 non
820 736 917 789 nisi
951 753 1039 806 per
1060 734 1224 788 Deum
1254 751 1471 804 corpus;
1500 735 1612 802 quis
1638 748 1751 784 ant-

155 835 305 905 bigat
343 829 698 901 fecunditatem
741 826 849 882 Deo
880 827 999 897 jure
1035 825 1296 897 reputari?
1323 825 1608 894 Postquam
1635 822 1753 877 lucc

158 926 352 996 itaque
377 922 446 978 de
487 936 608 976 meo
637 918 845 989 posuit,
871 916 1213 973 commendat
1245 914 1494 986 quoniam
1525 915 1542 946 ¹
1569 911 1755 968 catho-

161 1016 274 1071 lice
294 1028 358 1069 ea
384 1012 525 1068 dicta
553 1010 714 1066 etiam
742 1010 856 1079 ipse
882 1008 1127 1064 fateatur.
1153 1006 1286 1074 Quis
1304 1020 1407 1060 non
1435 1018 1566 1074 ergo
1592 1012 1750 1073 puta-

161 1116 258 1163 ret
299 1105 568 1161 hominem
599 1102 763 1158 fuisse
791 1101 1090 1161 mutatum?
1127 1100 1320 1154 Verum
1344 1113 1450 1152 non
1477 1097 1536 1152 fit
1561 1097 1752 1152 imme-

160 1212 298 1253 mor
336 1195 419 1253 sui
437 1211 460 1262 -;
488 1193 583 1250 sed
617 1192 848 1248 similem
889 1190 1246 1247 conditionem
1276 1188 1567 1244 arbitratur
1603 1186 1752 1258 pravi

163 1288 442 1359 dogmatis
469 1295 523 1342 et
542 1282 778 1356 pudoris,
812 1290 864 1359 ut
895 1281 1054 1337 etiam
1076 1279 1202 1335 illud
1231 1279 1511 1349 perspicuo
1531 1291 1753 1349 repare-

167 1358 268 1435 tur
293 1379 477 1441 exitio,
521 1377 657 1452 sicut
694 1373 782 1428 hic
808 1358 1024 1428 assiduo
1053 1369 1286 1426 durescit
1314 1368 1516 1424 attritu.
1560 1367 1759 1422 Probat

166 1486 306 1540 ergo
335 1469 651 1524 sententiam
678 1481 879 1533 meam,
899 1474 955 1520 et
973 1463 1173 1520 ferrum
1200 1460 1496 1532 praeiudicii
1518 1460 1574 1515 in
1596 1458 1754 1514 ﬁdem

167 1575 328 1615 suam
353 1565 650 1628 spontaneo
677 1555 861 1625 deﬁgit
885 1553 1171 1624 amplexu:
1199 1551 1294 1608 sed
1321 1559 1440 1621 post
1465 1549 1580 1604 btec
1605 1546 1761 1619 quasi

169 1652 383 1721 integer
410 1650 627 1712 virium,
651 1654 894 1701 autumat
935 1658 1221 1714 superesse
1257 1656 1366 1712 quo
1395 1640 1634 1696 dimicet.
1666 1638 1758 1693 Sic

168 1743 322 1799 enim
349 1740 591 1810 sequitur
619 1756 634 1792 :
665 1737 794 1792 Post
821 1738 928 1792 lucc
947 1735 1326 1807 qucueraciter
1351 1743 1398 1788 et
1423 1730 1668 1787 catholice
1687 1729 1761 1784 di-

169 1843 260 1888 cta
283 1841 424 1894 sunt,
450 1832 554 1886 ima
571 1833 626 1886 in
657 1830 839 1884 divinis
863 1827 1028 1883 Libris
1053 1826 1293 1881 ueraciter
1315 1825 1528 1896 scripta,
1551 1839 1654 1878 non
1672 1838 1765 1876 au-

171 1935 279 1979 tem
298 1925 362 1978 ab
385 1924 489 1978 isto
501 1923 744 1976 catholico
776 1920 909 1974 dicta
937 1927 1077 1986 sunt,
1112 1918 1232 1988 quia
1257 1933 1358 1972 non
1381 1916 1653 1971 intentione
1669 1930 1760 1968 ea-

173 2017 350 2072 tlsolici
378 2015 596 2086 pectoris
620 2013 755 2067 dicta
778 2021 932 2076 sunt;
962 2013 1076 2081 jam
1105 2019 1314 2081 propter
1344 2008 1478 2080 quod
1515 2022 1574 2061 ea
1608 2005 1758 2073 dixit,

174 2108 461 2179 Pelagiana
488 2116 534 2160 et
559 2103 861 2159 Calestiana
887 2102 1098 2156 haeresis
1115 2100 1294 2171 incipit
1306 2097 1578 2153 introduci.
1595 2095 1762 2150 Nam-

173 2214 274 2269 que
305 2195 514 2250 attende
544 2196 667 2266 quid
708 2194 950 2266 sequitur.
1009 2192 1104 2248 Hie
1165 2191 1342 2246 denuo
1387 2199 1574 2244 nostra
1617 2186 1758 2242 dicta

174 2288 452 2359 subjungit
506 2304 520 2340 :
573 2287 710 2354 Quid
762 2299 881 2358 ergo
924 2301 1076 2340 suum
1116 2284 1349 2338 diabolus
1407 2280 1661 2352 cognoscit
1705 2280 1766 2334 in

171 2380 396 2446 senibus,
424 2395 515 2449 per
547 2377 684 2447 quod
707 2380 929 2449 fructum
970 2379 1149 2431 eorum
1173 2376 1294 2446 jure
1336 2373 1632 2443 possideat?
1659 2370 1759 2424 Di-

173 2471 454 2526 rersitatem
475 2468 631 2524 ιδιά
670 2468 778 2522 hcce
810 2468 864 2522 in
888 2467 1180 2539 corporibus
1203 2475 1295 2530 est,
1321 2479 1436 2535 qua:
1461 2463 1597 2518 Deus
1621 2462 1759 2533 fecit.

175 2559 629 2617 Commistionem?
653 2558 760 2613 Sed
795 2572 898 2612 non
926 2558 1091 2611 minus
1125 2556 1476 2611 benedictionis
1499 2569 1654 2624 quam
1676 2553 1760 2606 in-

174 2651 456 2708 stitutionis
481 2649 736 2720 priuilegio
759 2649 1061 2702 vindicatur.
1089 2645 1199 2702 νοω
1221 2647 1356 2700 enim
1377 2645 1472 2698 Dei
1499 2653 1592 2709 est,
1617 2661 1639 2696 ε
1664 2643 1762 2697 Rc-

110 2775 118 2786 ι
176 2742 374 2812 linquet
398 2741 546 2794 homo
569 2750 760 2810 patrem
783 2748 829 2793 et
855 2747 1090 2806 matrem,
1113 2736 1464 2791 et-adhterebit
1498 2735 1644 2789 uxori
1659 2774 1675 2800 ,
1712 2743 1763 2789 et

175 2842 326 2888 erant
342 2833 443 2886 duo
459 2833 513 2886 in
537 2847 688 2885 carne
713 2847 814 2884 una
837 2845 856 2884 :
879 2845 1008 2884 «vos:
1030 2827 1126 2882 Dei
1145 2838 1236 2894 est,
1265 2846 1284 2879 ι
1315 2826 1552 2892 Crescite,
1571 2833 1618 2879 et
1638 2824 1762 2878 mul-

177 2922 496 2994 tiplicanini,
514 2931 562 2976 et
579 2921 764 2991 replete
789 2931 995 2974 terram.
1009 2938 1029 2971 ι
1049 2918 1126 2972 An
1143 2923 1274 2990 forte
1290 2917 1455 2988 ipsam
1480 2913 1762 2988 fecundita-

179 3027 279 3072 tem
293 3017 320 3072 i'
346 3016 451 3071 Sed
473 3016 588 3087 ipsa
610 3024 684 3070 est
711 3015 926 3069 instituti
944 3029 1100 3068 causa
1121 3012 1366 3083 conjugii.
1399 3009 1482 3065 Ad
1504 3009 1761 3080 quodI-e-

176 3108 408 3178 spondit,
437 3108 560 3180 quia
590 3121 692 3163 nec
713 3107 1076 3162 diversitatem
1101 3117 1346 3168 sexuum,
1372 3116 1472 3157 nec
1503 3100 1764 3156 commix-

177 3200 397 3266 tionem,
438 3213 540 3254 nec
571 3196 950 3252 fecunditatem
971 3194 1215 3250 diabolus
1241 3199 1529 3264 cognoscat
1549 3192 1600 3245 in
1621 3189 1765 3245 sexi-

178 3290 296 3356 bus,
325 3305 418 3361 per
439 3288 583 3360 quod
611 3287 840 3343 fructum
865 3302 1052 3343 eorum
1077 3286 1201 3356 jure
1219 3285 1489 3356 possideat
1515 3299 1532 3337 :
1559 3283 1653 3340 sed
1677 3283 1763 3340 bis

177 3381 423 3436 omnibus
437 3379 695 3436 absolutis
724 3379 928 3435 invenit
949 3377 1093 3450 quod
1115 3377 1336 3433 diabolo
1351 3377 1648 3447 deputaret,
1661 3392 1762 3430 no-

180 3483 454 3542 stramque
483 3471 816 3528 honestatem
843 3473 1058 3526 nomine
1079 3470 1284 3526 timoris
1305 3469 1544 3536 incessit,
1567 3468 1656 3539 qui
1684 3469 1765 3523 in-

185 3575 268 3622 ter
293 3574 372 3621 tot
407 3580 691 3636 corporum
738 3577 1073 3634 seruumque
1123 3577 1366 3624 munera,
1413 3561 1569 3616 veriti
1598 3561 1764 3615 simus

181 3657 358 3711 carnis
382 3655 864 3726 concupiscentiam
897 3655 1190 3708 nominare.
1221 3652 1310 3708 Sic
1329 3666 1456 3721 ergo
1477 3651 1762 3705 adversum

183 3762 270 3802 Inc
297 3755 520 3816 patrono
547 3760 644 3801 suo
677 3745 910 3815 loquitur
938 3761 952 3796 :
981 3743 1088 3799 Sed
1115 3743 1208 3796 iste
1235 3743 1288 3795 in
1313 3741 1390 3795 his
1418 3739 1645 3794 omnibus
1667 3755 1764 3792 uo-

184 3838 277 3891 luit
323 3838 584 3891 nominare
628 3833 1084 3906 concupiscentiam
1127 3833 1315 3896 carnis,
1356 3847 1469 3902 quae
1504 3847 1606 3884 non
1635 3840 1706 3884 est
1733 3847 1767 3883 a

181 3925 357 3994 Patre,
386 3927 477 3981 sed
503 3942 568 3981 ea:
602 3926 791 3980 mundo
812 3935 884 3980 est
911 3923 952 3998 (Ι
977 3923 1135 3978 Joan.
1156 3939 1212 3986 ιι,
1237 3923 1304 3977 16
1324 3921 1380 3994 );
1408 3922 1554 3992 cujus
1591 3919 1767 3974 mundi

181 4021 412 4089 princeps
444 4019 610 4071 dictus
652 4027 725 4071 est
757 4016 985 4070 diabolus
1006 4031 1026 4069 :
1045 4015 1132 4085 qui
1175 4030 1286 4067 eam
1326 4014 1379 4066 in
1419 4012 1638 4066 Domino
1666 4027 1768 4065 non

181 4111 386 4174 inuenit,
413 4110 533 4179 quia
562 4108 809 4162 Dominus
836 4108 985 4160 homo
1023 4121 1124 4160 non
1155 4119 1242 4174 per
1265 4104 1428 4174 ipsam
1456 4102 1523 4154 ad
1543 4101 1771 4155 homines

183 4200 334 4254 venit.
390 4199 538 4254 Unde
592 4199 716 4252 dicit
753 4198 905 4251 etiam
951 4197 1078 4267 ipse,
1133 4212 1152 4246 ι
1181 4193 1315 4247 Ecce
1362 4193 1490 4247 venit
1537 4192 1770 4262 princeps

185 4290 359 4343 mundi
375 4289 547 4358 hujus,
571 4299 616 4344 et
637 4290 691 4343 in
709 4304 795 4342 me
816 4287 945 4342 nihil
967 4285 1179 4340 inveniet
1206 4303 1226 4337 ι
1249 4286 1267 4353 (
1295 4283 1452 4338 Joan.
1476 4297 1588 4348 xw,
1618 4281 1726 4352 50)
1752 4299 1766 4337 :

187 4383 317 4436 nihil
351 4384 522 4450 utique
545 4382 757 4452 peccati,
783 4397 875 4434 nec
900 4381 1036 4450 quod
1062 4395 1093 4432 a
1121 4387 1357 4431 nascente
1401 4377 1640 4439 trahitur,
1675 4390 1768 4428 nec

187 4473 325 4538 quod
342 4473 574 4526 asiuente
599 4473 819 4525 additur.
856 4470 1004 4524 Hanc
1025 4470 1118 4524 iste
1141 4467 1302 4522 noluit
1329 4467 1591 4520 nominare
1611 4467 1665 4519 in
1691 4465 1770 4518 his

188 4563 443 4626 carnibus,
467 4578 580 4632 quc
598 4544 1014 4626 commemoravit,
1045 4559 1364 4614 naturalibus
1393 4557 1554 4621 bonis,
1584 4555 1650 4610 de
1670 4572 1771 4626 qua

187 4656 337 4708 etiam
354 4657 546 4724 nuptias
562 4653 954 4724 confunduntur,
982 4666 1096 4721 quc
1113 4653 1176 4704 de
1190 4651 1271 4704 his
1289 4647 1519 4703 omnibus
1541 4647 1771 4718 glorian-

189 4759 294 4802 tur.
323 4746 467 4800 Nam
495 4762 650 4816 quare
676 4745 802 4799 illud
825 4761 954 4814 opus
977 4744 1362 4814 conjugatorum
1387 4739 1700 4794 subtrahitur
1725 4747 1773 4793 et

189 4839 516 4894 absconditur
536 4839 689 4894 etiam
717 4838 876 4892 oculis
903 4837 1144 4906 ﬁliorum,
1169 4834 1266 4888 nisi
1289 4832 1408 4903 quia
1436 4841 1542 4887 non
1567 4840 1773 4902 possunt

189 4947 296 4986 esse
313 4931 364 4984 in
394 4930 652 4984 laudanda
681 4928 1032 4982 commixtione
1050 4927 1160 4979 sine
1172 4923 1407 4993 pudenda
1422 4922 1668 4976 libidine?
1695 4921 1776 4976 De

192 5024 289 5076 hac
307 5021 609 5076 erubuerunt
627 5021 776 5074 etiam
805 5020 891 5088 qui
921 5017 1071 5089 primi
1099 5017 1336 5089 pudenda
1361 5023 1588 5069 texerunt
1619 5013 1769 5085 (Gen.

192 5131 271 5180 ill,
303 5113 358 5185 7)
389 5130 401 5165 :
430 5129 542 5183 qua:
569 5113 711 5182 prius
740 5111 978 5180 pudenda
1006 5126 1107 5164 non
1147 5111 1370 5180 fuerunt,
1410 5107 1499 5160 sed
1537 5115 1776 5176 tanquam

193 5205 290 5259 Dei
310 5221 462 5277 opera
499 5204 826 5276 praedicanda
855 5212 1004 5273 atque
1030 5200 1299 5272 glorianda
1334 5195 1354 5272 (
1384 5198 1462 5252 De
1491 5196 1700 5267 Nuptiis
1728 5205 1776 5251 et

195 5296 629 5366 Concupisccntia,
683 5295 772 5348 lib.
821 5293 879 5361 2,
917 5310 971 5346 n.
1019 5292 1235 5363 12-”).
1264 5289 1360 5360 Egi
1386 5277 1622 5360 quide‘m,
1647 5287 1774 5341 bea—

197 5389 400 5444 tissime
427 5396 579 5458 pater
608 5387 788 5453 Flore,
833 5386 886 5440 in
928 5384 1085 5455 primi
1127 5383 1303 5454 operis
1327 5391 1556 5454 quatuor
1584 5378 1778 5434 libellis

195 5493 408 5535 causam
456 5477 783 5549 nuptiarum,
836 5490 1050 5532 causam
1100 5473 1515 5536 commixtionis,
1560 5483 1776 5526 causam

195 5586 502 5642 corporum,
534 5583 748 5625 causam
767 5583 1013 5632 sexuum,
1043 5581 1258 5622 causam
1288 5564 1468 5636 operis
1499 5561 1615 5630 Dei,
1645 5575 1777 5617 cauo

194 5678 310 5721 sam
356 5671 627 5734 postremo
665 5659 1034 5716 aestimationis
1060 5658 1173 5726 Dei,
1204 5671 1325 5728 qua:
1363 5652 1688 5723 necessario,
1722 5659 1782 5710 ut

260 5775 281 5810 ⁸
314 5776 388 5826 sic
407 5781 515 5826 Itss.
557 5773 850 5839 vignierius,
873 5783 1036 5836 quam.

1517 348 1710 406 LIBER
1749 349 1884 418 QUA
1894 350 2095 408 RTUS.

3303 358 3452 420 154⁸2

1863 479 2082 531 Oporurn
2110 479 2324 518 suorum
2371 468 2631 535 probitate
2680 469 2944 538 luniatur,
2991 472 3062 528 ita
3092 489 3276 531 eorum
3315 492 3441 531 sau-

1857 555 2027 609 ciatur
2056 554 2303 622 infamia;
2332 574 2396 612 ac
2445 576 2540 628 per
2573 569 2741 615 totum
2772 563 3094 634 scriptorum
3141 582 3298 637 opus,
3339 583 3441 624 nec

1857 645 2159 701 formationi
2188 651 2435 718 corporis
2459 650 2660 721 aliquid
2705 652 2977 710 diabolum
3027 655 3298 712 addidisse
3344 673 3446 715 nec

1857 738 2060 803 sensui,
2107 739 2543 796 inobumbrabilis
2581 745 2801 798 omnino
2842 748 3040 802 veritas
3081 750 3440 819 approbavit:

1857 839 1912 882 et
1939 826 2058 882 ideo
2081 826 2385 896 opinionem
2417 830 2649 887 traducis
2670 833 2743 888 de
2765 834 3039 892 Manichtei
3069 839 3181 895 luto
3195 839 3440 894 haustam

1859 931 2000 983 esse,
2031 917 2344 988 perdoctam
2365 927 2468 974 est.

1929 1007 2064 1064 Aac.
2104 1008 2383 1077 Quomodo
2408 1011 2578 1081 egeris
2606 1011 2658 1065 in
2689 1012 2794 1067 illis
2817 1021 3044 1082 quatuor
3058 1014 3210 1071 libris
3230 1015 3356 1083 tuis,
3385 1025 3441 1072 et

1859 1096 2128 1166 quomodo
2157 1106 2344 1176 nostra
2380 1100 2728 1170 responsione
2756 1100 2923 1157 fueris
2945 1102 3272 1170 confutatus,
3305 1115 3363 1160 ut
3393 1114 3446 1161 te

1860 1186 1993 1241 nihil
2019 1187 2192 1258 egisse
2211 1187 2461 1253 clareret,
2488 1190 2579 1258 qui
2607 1184 2661 1244 et
2699 1205 2850 1246 meos
2873 1200 2929 1247 et
2957 1200 3076 1248 tuos
3104 1193 3308 1264 legunt,
3336 1210 3446 1250 non

1859 1277 2146 1334 difﬁculter
2174 1279 2490 1349 intelligunt.
2519 1279 2833 1351 Quanquam
2859 1290 2916 1338 et
2946 1297 3069 1338 cum
3112 1285 3187 1338 tui
3217 1301 3326 1339 non'
3364 1285 3447 1341 leo

1860 1379 2074 1438 guntur,
2101 1369 2197 1424 sed
2218 1368 2586 1424 tantummodo
2612 1371 2738 1438 mei,
2777 1382 3000 1442 apparet
3025 1373 3078 1426 in
3103 1373 3185 1428 eis
3205 1384 3442 1429 vestrum

1863 1461 2172 1518 lueretieum
2216 1462 2407 1533 dogma
2450 1456 2802 1518 destructum.
2853 1463 2958 1519 Sed
3001 1479 3121 1518 cum
3160 1479 3283 1520 meo
3331 1465 3444 1530 uni,

1859 1562 2088 1623 quatuor
2109 1553 2212 1608 illis
2236 1554 2340 1608 tuis
2378 1554 2456 1609 sic
2476 1553 2817 1622 responderis
2835 1555 2878 1622 ³,
2905 1563 2965 1609 ιιι
2987 1554 3102 1625 ejus
3127 1556 3214 1610 vix
3235 1564 3444 1627 partem

1861 1645 2150 1714 attingeres
2194 1645 2429 1710 tertiam,
2459 1644 2768 1716 nullamque
2809 1642 3116 1711 refelleres;
3149 1654 3352 1700 tantum
3378 1645 3447 1700 de

1861 1735 1967 1790 illis
1985 1734 2392 1807 przesumpsisti,
2425 1743 2482 1790 ut
2503 1742 2688 1790 contra
2717 1749 2883 1790 unum
2913 1733 3143 1790 alterum
3185 1749 3363 1790 meum
3392 1735 3449 1790 in

1859 1824 2050 1880 eadem
2077 1839 2260 1891 causa,
2304 1825 2436 1880 istos
2461 1833 2582 1880 tuos
2604 1834 2727 1880 octo
2753 1826 3160 1895 eonscripseris,
3181 1825 3333 1896 quasi
3360 1840 3450 1880 me

1863 1931 1972 1971 non
2002 1915 2321 1970 vincendum
2353 1915 2688 1970 firmamento
2731 1914 3175 1985 disputationum,
3207 1914 3304 1971 sed
3343 1899 3450 1970 'nu-

1863 2020 2014 2062 mero
2037 2006 2364 2061 voluminum
2392 2006 2660 2075 putaveris
2683 2019 2807 2061 esse
2835 2004 3145 2060 tenendum
3179 2006 3207 2038 ⁸
3235 2021 3250 2060 :
3280 2019 3450 2075 usque

1862 2096 1999 2152 adeo
2018 2096 2220 2166 quippe
2255 2094 2549 2166 quadrupla
2577 2095 2664 2150 illa
2690 2095 3045 2166 responsione
3079 2093 3210 2149 nihil
3240 2103 3295 2150 te
3323 2109 3450 2164 pro-

1865 2187 2057 2243 fecisse
2079 2187 2318 2254 sensisti,
2343 2194 2404 2241 ut
2423 2186 2541 2242 inec
2581 2186 2677 2241 tibi
2704 2187 2922 2256 octupla
2949 2185 3251 2242 necessaria
3289 2185 3447 2242 vide-

1863 2287 2030 2333 retur.
2058 2277 2119 2333 Si
2144 2291 2273 2348 ergo
2293 2278 2488 2333 talibus
2509 2277 2856 2334 incrementis
2885 2277 3180 2347 loquacitas
3204 2285 3296 2331 tua
3322 2289 3450 2346 pro-

1864 2377 2144 2434 movetur;
2173 2382 2332 2440 quem
2378 2383 2485 2424 non
2513 2376 2731 2433 terreat,
2762 2383 2870 2422 non
2897 2369 3116 2434 veritas,
3145 2367 3240 2422 sed
3262 2383 3452 2423 nume-

1863 2457 2058 2513 rositas
2083 2457 2338 2512 librorum
2370 2463 2602 2522 tuorum,
2635 2472 2795 2527 quam
2820 2465 3133 2527 computare
3164 2470 3250 2510 me
3266 2455 3451 2526 piget?

1865 2547 2039 2605 llomo
2080 2550 2223 2605 enim
2265 2548 2524 2619 stupenda
2556 2549 2800 2604 ubertate
2844 2547 3125 2613 facundus,
3165 2547 3257 2618 qui
3301 2546 3450 2617 prius

1864 2641 1957 2695 uni
1984 2655 2106 2695 meo
2133 2649 2253 2695 tuos
2271 2649 2520 2710 quatuor,
2551 2647 2606 2696 et
2629 2639 2784 2694 alteri
2814 2653 2936 2694 meo
2963 2647 3084 2694 tuos
3108 2647 3230 2694 octo
3252 2637 3450 2708 putasti

1865 2746 1986 2788 esse
2014 2731 2348 2798 reddendos;
2375 2731 2497 2802 quis
2525 2745 2632 2786 non
2678 2730 2858 2786 timeat
2885 2745 2956 2786 ne
2996 2729 3134 2786 forte
3160 2745 3254 2785 sex
3298 2729 3451 2785 libris

1865 2822 2002 2878 meis
2024 2823 2254 2893 amplius
2282 2838 2440 2892 quam
2470 2822 2618 2878 mille
2647 2829 2770 2877 tuos
2807 2820 3035 2878 reddere
3076 2821 3368 2885 mediteris,
3404 2821 3450 2876 si

1864 2915 1956 2970 uni
1976 2930 2160 2970 eorum
2186 2915 2276 2986 qui
2301 2915 2448 2985 prior
2474 2925 2577 2980 est,
2602 2914 2713 2984 jam
2737 2913 3015 2970 sexdecim
3052 2913 3264 2979 reddas,
3293 2922 3453 2983 atque

1865 3005 1936 3059 ita
1956 3003 2200 3075 singulos
2213 3019 2452 3074 quosque
2477 3005 2815 3074 sequentium
2832 3005 3102 3074 duplicato
3117 3003 3455 3074 praecedente

1865 3109 2092 3150 numero
2132 3094 2503 3164 persequaris,
2531 3094 2824 3148 ostendens
2858 3093 3016 3148 nobis
3038 3107 3197 3162 quam
3223 3093 3452 3148 multum

1864 3185 2102 3257 loquaris
2131 3200 2237 3240 non
2271 3184 2617 3255 intelligendo
2637 3199 2756 3254 quae
2793 3183 3068 3253 loqueris?

1935 3297 2025 3351 Vl.
2062 3296 2180 3351 ἔω..
2219 3295 2421 3350 Tamen
2467 3309 2588 3349 cum
2619 3294 2723 3349 hoc
2766 3293 2835 3348 ibi
2875 3290 3216 3347 satiatissime
3245 3299 3457 3347 constet

1864 3385 2130 3452 effectum,
2159 3387 2396 3441 breviter
2423 3385 2583 3452 licet,
2613 3385 2665 3439 in
2694 3385 2944 3455 prtesenti
2975 3397 3186 3453 quoque
3213 3383 3455 3452 disputa-

1865 3481 2010 3535 tione
2038 3487 2325 3549 repetetur.
2359 3477 2748 3532 Convertamur
2779 3490 2908 3545 ergo
2950 3474 3018 3530 ad
3065 3474 3237 3543 ipsum
3257 3514 3274 3540 ,
3303 3474 3458 3543 cujus

1866 3587 1987 3628 cum
2022 3571 2318 3627 eruditione
2359 3568 2720 3624 decertamus.
2749 3567 2956 3622 Annuis
2987 3580 3180 3635 nempe
3199 3606 3213 3630 ,
3242 3580 3272 3618 a
3302 3565 3457 3620 nobis

1866 3674 2012 3718 recte
2055 3661 2215 3715 fuisse
2258 3661 2574 3724 collectum,
2613 3658 2736 3727 quia
2778 3657 2822 3711 si
2870 3654 3008 3711 fctus
3056 3671 3161 3710 non
3209 3655 3311 3709 nisi
3360 3669 3460 3724 per

1867 3767 2052 3807 sexum
2073 3792 2089 3818 ,
2118 3751 2162 3806 si
2194 3763 2354 3806 sexus
2382 3765 2487 3802 non
2519 3748 2620 3802 nisi
2663 3763 2759 3817 per
2786 3759 2980 3816 corpus
3001 3785 3017 3811 ,
3045 3745 3090 3799 si
3130 3758 3323 3812 corpus
3350 3759 3458 3798 non

1869 3844 1969 3897 nisi
2001 3857 2098 3912 per
2124 3843 2286 3895 Deum
2314 3839 2622 3901 exstitisset,
2651 3836 2844 3907 ambigi
2875 3851 2978 3889 non
3003 3834 3192 3905 posset
3221 3833 3462 3888 fecundi-

1870 3941 2032 3988 tatem
2061 3932 2126 3986 ad
2157 3931 2254 3985 Dei
2283 3944 2443 4000 opera
2473 3929 2760 3998 pertinere,
2789 3926 3024 3996 nihilque
3052 3940 3204 3980 suum
3236 3924 3288 3978 in
3316 3924 3460 3979 sexi-

1871 4024 1970 4080 bus
1997 4036 2289 4094 agnoscere
2319 4019 2610 4091 principem
2663 4017 3034 4081 tenebrarum,
3065 4023 3282 4086 propter
3316 4015 3463 4086 quod

1870 4116 2079 4172 fructus
2120 4127 2305 4169 eorum
2351 4112 2486 4183 juris
2533 4110 2613 4166 sui
2658 4110 2951 4164 assertione
2995 4108 3285 4173 retineret;
3335 4108 3458 4178 quia

1871 4216 1926 4264 et
1962 4206 2244 4262 diversitas
2286 4203 2583 4275 pertinebat
2617 4201 2683 4257 ad
2713 4216 2943 4268 sexum,
2973 4209 3027 4256 et
3059 4199 3366 4255 commixtio
3394 4199 3462 4254 ad

1872 4298 2231 4354 membrorum
2260 4294 2624 4350 diversitatem
2646 4335 2661 4359 ,
2692 4300 2748 4347 et
2787 4291 2988 4346 fructus
3032 4289 3367 4345 fecunditatis
3394 4288 3464 4343 ad

1875 4390 2061 4456 Deum,
2093 4388 2185 4458 qui
2214 4387 2372 4442 etiam
2408 4385 2775 4457 generantium
2807 4383 2979 4438 fuerat
3005 4383 3026 4415 ³
3058 4382 3326 4437 institulor
3356 4399 3370 4436 :
3400 4395 3467 4435 ac

1873 4495 1971 4552 per
1999 4481 2100 4535 hoc
2134 4479 2265 4533 nihil
2295 4484 2626 4533 remanserat
2667 4482 2882 4544 prepter
2907 4471 3050 4544 quod
3077 4471 3290 4552 diabolo
3317 4478 3460 4525 esset

1874 4549 2271 4626 commixtionis
2312 4555 2660 4636 adjudicanda
2701 4563 2964 4618 fertilitas.
3013 4561 3165 4638 Quod
3194 4549 3321 4631 ergo
3371 4560 3464 4615 tibi

1874 4673 2031 4734 putas
2076 4661 2160 4716 vel
2205 4660 2450 4715 solatium
2490 4657 2574 4712 vel
2622 4656 2928 4726 praesidium
2974 4669 3003 4708 a
3048 4654 3312 4709 sermonis
3358 4652 3464 4707 mei

1875 4752 2158 4808 honestate
2181 4748 2431 4813 conferri,
2459 4747 2580 4816 quia
2612 4746 2752 4800 nolui
2782 4745 2832 4798 in
2862 4745 2964 4798 hoc
2990 4743 3108 4798 loco
3135 4743 3310 4798 carnis
3336 4757 3466 4798 cou-

1875 4841 2255 4912 cupiscentiam
2299 4835 2622 4894 nominare?
2667 4835 2810 4906 quod
2855 4834 2955 4890 etsi
3009 4834 3060 4887 in
3109 4833 3256 4887 omni
3303 4847 3466 4902 opere

1876 4931 2090 4989 silentio
2132 4929 2484 5001 praeterissem
2511 4969 2526 4995 ,
2560 4926 2690 4981 nihil
2728 4934 2905 4980 tamen
2936 4922 3338 4993 vituperationis
3374 4931 3467 4976 aut

1879 5027 2085 5098 injuria:
2115 5040 2201 5080 res
2228 5025 2313 5079 illa
2345 5023 2660 5092 susciperet,
2690 5034 2806 5091 qua:
2830 5016 3227 5073 honestiorihus
3260 5017 3466 5086 signata

1880 5118 2183 5176 nominibus
2227 5115 2251 5149 ⁸
2281 5115 2684 5181 vindicabatur,
2736 5120 2791 5166 et
2833 5111 3144 5166 clarissimis
3186 5109 3209 5140 ⁸
3252 5107 3465 5178 quidem

1879 5197 2240 5282 intelligentiae
2259 5208 2497 5262 vocibus.
2525 5205 2630 5260 Fac
2656 5203 2814 5275 igitur
2839 5217 2926 5258 me
2954 5201 3284 5272 prudentius,
3307 5213 3464 5269 quam

1879 5302 2111 5372 suscepti
2141 5299 2333 5371 negotii
2365 5297 2502 5352 ratio
2532 5297 2764 5367 petebat,
2791 5302 2971 5365 tegere
2994 5291 3229 5347 voluisse
3253 5287 3468 5345 silentio

1945 5436 1964 5468 ι
1997 5434 2072 5485 sic
2099 5440 2207 5482 uss.
2232 5430 2354 5481 editi
2375 5435 2568 5490 auem,
2590 5426 2676 5480 sed
2710 5424 2762 5478 in
2783 5438 2840 5477 eo
2859 5437 2990 5486 mo,
3023 5428 3226 5487 quatuor
3253 5417 3352 5470 illis
3366 5416 3469 5469 tuis

1881 5495 1960 5560 εἰς
1975 5495 2284 5560 respondens.

1947 5559 1968 5590 ⁸
1999 5551 2073 5606 sic
2090 5565 2195 5604 Mss.
2220 5561 2268 5602 In
2293 5553 2451 5615 vign,
2471 5551 2742 5615 ferendum.

1948 5620 1971 5681 ἓ
2002 5620 2162 5681 Vign.,
2185 5609 2583 5681 [lteritgat'h'tssq
2607 5613 2793 5681 fuerat:
2855 5667 2867 5680 .
3026 5669 3099 5681 ΛΔ
3123 5609 3372 5681 unum“:

1946 5680 1970 5713 δ
2001 5660 2275 5730 ἐξιξᾗέἐῶ
2293 5660 2462 5742 vigui,
2477 5660 2590 5742 qua
2607 5660 2891 5742 honestiora
2912 5665 3100 5732 signata
3121 5660 3405 5715 nomirébus.

1948 5744 1971 5778 ⁸
2003 5750 2106 5792 Mss.
2130 5747 2244 5790 star.
2264 5746 2315 5790 et
2343 5735 2840 5800 Clar.,'.rlausissimis.
