3980 6480
123 256 298 311 «1545

119 366 455 422 catholicus
495 364 703 431 doctor,
735 363 930 434 Pelagii
955 363 1113 419 vestri
1144 372 1250 418 tam
1291 365 1614 422 excellenter
1641 383 1735 424 ore

119 457 418 521 laudatus,
455 471 552 525 per
581 456 1064 526 prmvaricatiouem
1096 455 1250 524 primi
1293 455 1523 512 hominis
1553 458 1604 512 in
1630 472 1732 511 no-

125 557 320 600 stram
348 547 571 600 vertisse
601 555 838 600 naturam
867 544 1197 618 (Ambrosius,
1219 547 1309 600 lib.
1333 548 1366 603 7
1387 550 1438 603 in
1459 547 1586 604 an.
1604 549 1732 616 xu);

124 635 287 691 hanc
333 652 458 706 ergo
503 645 556 690 tu
598 651 762 706 quare
805 635 1054 691 tacuisxi?
1102 637 1191 707 qui
1233 638 1565 709 interrogans
1605 637 1733 708 quid

125 739 303 779 suum
337 724 579 778 diabolus
618 735 903 794 cognoscat
947 726 998 780 in
1038 727 1286 794 sexibus,
1317 727 1416 781 alia
1449 727 1732 782 nominasti

125 830 264 883 qua:
295 813 495 868 diaboli
537 829 643 866 non
690 823 847 879 sunt,
879 825 930 868 et
957 814 1058 870 hoc
1087 815 1227 885 quod
1256 815 1372 884 ejus
1399 825 1480 870 est
1518 824 1621 870 tute
1652 817 1733 870 in—

133 902 498 972 terrogationi
533 903 758 957 reddere
800 903 1035 958 noluisti.
1087 905 1232 959 Ilanc
1267 906 1730 975 interrogationem

129 1001 291 1046 tuam
340 988 581 1046 dolosam
629 991 978 1063 reprehendi,
1027 1009 1136 1050 non
1177 994 1352 1050 divina
1399 1010 1561 1066 opera
1610 1011 1731 1067 qua:

119 1081 262 1152 jure
299 1081 528 1136 laudavi.

215 1171 315 1226 XI.
369 1170 488 1226 JUL.
538 1170 600 1225 Et
639 1169 782 1241 quod
819 1170 1002 1226 laudas
1043 1171 1341 1238 catholica,
1394 1173 1604 1242 pavoris
1653 1174 1728 1230 tui

131 1275 266 1317 esse
296 1264 342 1328 ί,
373 1277 479 1316 non
507 1259 648 1314 ﬁdei.
1503 1280 1506 1282 ‘

220 1354 362 1407 Auc.
402 1351 494 1406 Ille
522 1352 572 1406 in
613 1350 768 1406 laude
805 1350 1061 1406 catholica
1090 1351 1235 1405 novit
1276 1363 1509 1407 nostram
1541 1353 1718 1421 ﬁdem,

144 1445 237 1512 qui
285 1425 385 1512 per
423 1443 566 1498 illam
596 1452 828 1497 vestrum
867 1442 1195 1498 demonstrat
1235 1452 1290 1498 et
1329 1454 1598 1514 expugnat
1635 1459 1725 1500 er-

139 1549 350 1588 rorem.

107 1611 116 1618 ’
218 1623 336 1678 XII.
377 1623 494 1678 Jun.
537 1623 686 1692 Quod
727 1639 858 1696 ergo
896 1624 1104 1680 laudata
1135 1625 1436 1696 vituperas,
1469 1641 1574 1682 non
1604 1641 1726 1685 esse

138 1715 349 1783 iudicii,
383 1716 476 1771 sed
508 1714 722 1771 furoris.

213 1828 353 1881 Anc.
393 1826 508 1880 Non
535 1827 745 1882 laudata
773 1827 1014 1897 vitupero
1049 1846 1062 1882 :
1094 1827 1187 1884 sed
1217 1827 1426 1884 laudavi
1456 1844 1574 1900 qua:
1599 1844 1724 1886 vera

151 1919 375 1982 dixisti;
407 1919 696 1988 vituperavi
726 1928 900 1972 autem
931 1919 1069 1989 quod
1097 1919 1348 1975 insidiose
1375 1921 1396 1952 ⁸
1428 1920 1723 1990 interroga-

143 2009 253 2074 sti,
284 2009 468 2062 videns
497 2008 622 2079 quid
662 2009 754 2064 tibi
795 2009 1219 2078 respondendum
1262 2020 1432 2078 esset,
1463 2021 1621 2081 atque
1649 2011 1722 2066 ita

142 2103 251 2158 hoc
281 2111 463 2158 tacens
508 2103 660 2174 quasi
709 2119 812 2156 non
841 2113 1002 2158 esset.
1057 2103 1166 2158 lloc
1209 2111 1383 2158 utrum
1417 2105 1601 2173 judicii
1630 2104 1719 2171 sit,

142 2211 215 2249 an
248 2197 459 2264 furoris,
489 2197 714 2264 videbis,
750 2198 794 2252 si
820 2213 848 2251 a
879 2197 1055 2252 furore
1084 2199 1473 2268 conquieveris.

219 2288 356 2342 XIII.
397 2289 516 2343 ιυι.
555 2291 669 2355 Quo
710 2288 887 2344 furore
919 2288 1131 2359 quidem
1163 2305 1428 2358 nunquam
1458 2289 1720 2345 cariturus

144 2393 228 2442 es,
261 2379 358 2432 nisi
389 2380 533 2449 prius
562 2381 848 2434 obscenum
877 2379 1066 2450 dogma
1094 2380 1342 2449 rejeceris
1381 2397 1394 2434 :
1433 2380 1554 2449 quia
1584 2380 1722 2435 inter

146 2470 470 2538 pmniteutize
509 2470 762 2540 pudorem
782 2512 796 2534 ,
827 2487 1092 2541 nunquam
1128 2479 1303 2525 tamen
1347 2487 1376 2525 a
1406 2471 1720 2529 Christianis

145 2568 450 2612 aversatum
470 2599 486 2624 ,
516 2568 565 2614 et
591 2560 1061 2629 argumentationis
1092 2561 1320 2631 inopiam
1340 2602 1356 2628 ,
1383 2578 1568 2632 graves
1596 2578 1718 2632 pcr-

142 2646 324 2701 ferens
353 2647 724 2720 Symplegadas
744 2690 757 2714 ,
789 2665 1008 2705 necesse
1047 2659 1127 2705 est
1166 2662 1223 2704 ut
1263 2649 1401 2706 bona
1429 2651 1569 2706 dicta
1596 2653 1716 2722 qui-

140 2734 248 2789 bus
278 2736 536 2802 obrueris,
568 2747 654 2792 aut
685 2738 946 2808 sequaris,
977 2749 1068 2793 aut
1097 2739 1316 2794 laceres.
1691 2747 1696 2753 '

217 2824 348 2878 Anc.
391 2824 504 2879 Non
543 2837 665 2880 sunt
701 2827 839 2882 bona
868 2827 1038 2888 dicta,
1068 2827 1274 2883 Juliaue
1295 2871 1310 2894 ,
1344 2845 1535 2899 negare
1563 2829 1718 2885 Chri-

140 2922 280 2967 stum
325 2915 555 2983 parvulis
597 2930 715 2971 esse
739 2915 802 2971 Je
823 2933 920 2970 .um
942 2959 956 2982 ,
988 2925 1076 2971 aut
1110 2917 1292 2972 Jesum
1313 2960 1327 2984 ,
1359 2919 1408 2973 id
1438 2929 1517 2973 est
1547 2920 1717 2974 salva-

141 3014 344 3070 torem,
397 3007 467 3059 ita
513 3021 632 3061 esse
673 3008 902 3078 parvulis
945 3007 1217 3073 c0nliteri,
1269 3009 1404 3062 sicut
1456 3011 1715 3065 universa:

142 3099 352 3153 mortali
393 3098 414 3130 ⁸
453 3109 743 3165 creaturtc,
790 3099 928 3154 unde
973 3099 1171 3154 diclttm
1221 3107 1336 3166 est,
1392 3098 1633 3154 Homines
1669 3109 1716 3154 et

141 3189 360 3262 iumenta
391 3192 557 3246 salvas
601 3192 786 3261 facies,
831 3191 1044 3247 Domine
1073 3191 1238 3264 (Psal.
1269 3208 1420 3246 xxxv
1439 3234 1456 3257 ,
1487 3193 1564 3264 7).
1597 3193 1713 3248 Νυη

143 3290 420 3350 propterea
464 3282 553 3338 ille
585 3283 801 3336 veniens
832 3283 884 3336 in
927 3282 1269 3336 similitudine
1298 3283 1473 3336 carnis
1513 3283 1712 3351 peccati

143 3370 248 3424 tale
275 3387 465 3426 nomen
491 3373 693 3440 accepit
728 3388 740 3423 :
770 3370 885 3438 sed,
915 3369 1145 3435 Vocabis,
1174 3372 1248 3424 ait
1272 3372 1505 3441 angelus,
1534 3388 1715 3425 nomen

143 3461 252 3529 ejus
287 3458 646 3532 Jcsztm;.ipse
682 3462 811 3514 enim
853 3462 1046 3514 salvum
1085 3463 1232 3533 faciet
1279 3462 1523 3532 populant
1567 3479 1714 3516 suum

148 3565 180 3602 υ
208 3552 421 3620 peccatis
449 3567 617 3605 eorum
642 3551 854 3624 (Matth.
884 3567 921 3614 ι,
954 3552 1068 3621 9.-1).
1099 3551 1209 3604 Non
1241 3561 1362 3604 sunt
1390 3551 1523 3605 bona
1551 3552 1711 3619 dicta,

145 3643 214 3696 ab
245 3642 342 3695 hoc
386 3643 575 3712 populo
621 3644 868 3712 parvulos
894 3657 1172 3712 separare,
1208 3651 1262 3696 et
1300 3641 1419 3697 ideo
1447 3642 1712 3696 Christum

142 3731 318 3786 dicere
343 3733 502 3786 etiam
533 3733 634 3787 illis
677 3748 794 3787 esse
820 3733 997 3787 Jesum
1021 3775 1035 3798 ,
1064 3734 1183 3802 quia
1213 3733 1388 3787 salvos
1433 3746 1526 3788 eos
1567 3732 1711 3799 facit,

143 3838 246 3876 non
283 3839 312 3877 a
359 3825 620 3892 peccatis,
667 3823 758 3878 sed
807 3839 834 3876 a
875 3824 1125 3877 scabiolis
1169 3839 1374 3878 eorum.
1422 3824 1710 3892 Resipisco,

141 3914 364 3969 obsecro
393 3932 408 3967 :
443 3925 569 3984 puto
609 3915 748 3985 quod
781 3929 884 3967 non
915 3930 980 3967 ex
1012 3914 1315 3982 parentibus
1347 3914 1442 3966 ista
1483 3913 1710 3968 creden-

142 4008 277 4061 tibus
304 4017 456 4062 natus
482 4021 543 4064 es
566 4023 582 4074 ;
612 4016 668 4062 et
690 4016 834 4062 certe
857 4007 906 4059 in
931 4005 1167 4061 Ecclesia
1198 4021 1301 4060 non
1330 4006 1426 4060 ista
1452 4003 1712 4060 credente

140 4107 347 4151 1⁵81131115
373 4113 451 4152 es.

207 4185 346 4239 XIV.
401 4185 520 4241 IUL.
569 4185 857 4241 Videamus
907 4196 1080 4239 tamen
1154 4185 1277 4256 quid
1333 4185 1713 4239 sententiarum

143 4291 374 4330 mearum
403 4276 720 4346 arripueris,
767 4276 905 4347 quod
953 4276 1168 4332 nomine
1215 4276 1411 4330 erroris
1458 4276 1712 4329 inccssas.

152 4385 171 4418 ι
206 4367 310 4421 Sed
338 4368 472 4432 ite,
507 4387 528 4420 ι
560 4370 734 4440 inquis
755 4409 772 4436 ,
804 4386 822 4421 ι
859 4369 912 4423 in
943 4369 1024 4422 his
1052 4367 1296 4422 omnibus
1321 4369 1591 4422 nominare
1622 4383 1716 4422 no-

153 4478 172 4511 ‹
207 4460 301 4512 luit
322 4461 794 4530 concupiscentiam
825 4461 1032 4525 carnis,
1059 4476 1176 4529 quae
1202 4474 1305 4513 non
1344 4471 1425 4513 est
1462 4475 1489 4512 a
1522 4459 1712 4526 Patre,

151 4567 172 4600 ς
208 4548 300 4602 sed
327 4565 393 4603 ex
423 4549 620 4603 mundo
643 4560 754 4615 est;
784 4551 935 4620 cujus
963 4551 1142 4604 mundi
1168 4551 1408 4619 princeps
1437 4549 1607 4604 dictus
1635 4557 1717 4604 cst

151 4657 170 4690 ι
209 4639 451 4693 diabolus
481 4656 496 4694 :
527 4640 616 4708 qui
640 4655 753 4694 eam
799 4639 850 4694 in
896 4641 1119 4695 Domino
1163 4655 1265 4693 non
1313 4639 1543 4702 invenit,
1593 4639 1716 4708 quia

151 4749 170 4782 ι
210 4730 460 4783 Dominus
487 4729 645 4784 homo
674 4747 776 4785 non
811 4747 905 4800 per
933 4732 1098 4800 ipsam
1128 4729 1192 4783 ad
1238 4729 1478 4784 homines
1515 4731 1659 4784 venit
1691 4749 1710 4783 ι

146 4819 247 4872 (De
290 4819 494 4889 Nuptiis
523 4830 569 4874 et
611 4820 1022 4888 Concupiscentia
1045 4860 1060 4884 ,
1096 4820 1181 4873 lib.
1211 4819 1267 4883 2,
1298 4835 1350 4874 η.
1381 4810 1514 4889 Η).“
1534 4820 1717 4873 Dixisti

145 4919 287 4963 certe
310 4925 394 4963 me
421 4909 662 4964 lueresim
691 4910 1057 4976 introducere,
1097 4908 1162 4962 ad
1209 4908 1349 4978 quod
1393 4907 1718 4978 probandum

146 4999 284 5052 nulla
313 5014 426 5054 mea
454 4999 590 5054 dicta
618 4999 911 5070 subjungis.

217 5092 347 5146 Anc.
379 5090 469 5146 Illa
495 5092 631 5146 dicta
661 5102 747 5147 tua
796 5092 1054 5161 subjungo
1073 5132 1088 5156 ,
1119 5092 1310 5161 quibus
1351 5089 1717 5161 interrogasti,

153 5200 173 5233 ι
208 5182 328 5252 quid
359 5198 513 5237 suum
543 5183 784 5238 diabolus
807 5193 1092 5253 cognoscat
1117 5183 1166 5236 in
1205 5181 1437 5237 sexibus.
1477 5199 1496 5236 ›
1531 5180 1721 5235 Dolose

147 5273 336 5343 quippe
361 5277 458 5327 ista
487 5273 701 5330 dicebas
720 5314 734 5335 ,
765 5273 974 5342 quando
999 5272 1478 5343 concupiscentiam
1508 5272 1718 5339 carnis,

146 5365 294 5434 cujus
319 5364 628 5436 plerumque
665 5365 896 5420 motibus
924 5376 1139 5419 necesse
1179 5372 1262 5418 est
1288 5363 1537 5419 resistere
1562 5363 1720 5417 etiam

212 5537 228 5569 ι
265 5537 551 5599 \‘ignierius,
566 5543 651 5587 est.
681 5544 735 5587 Αι
751 5546 1016 5599 nss.,esse.

208 5599 231 5662 ξ
262 5597 338 5646 sic
365 5605 467 5646 Mss.
493 5597 541 5648 In
563 5601 722 5662 tigni,
745 5598 992 5649 insidiosa.

211 5659 233 5692 ⁸
267 5667 381 5715 Vox,
401 5657 822 5718 mortalifadditur
841 5674 901 5710 ex
928 5659 1353 5720 manuscriptorum
1376 5657 1486 5710 ﬁde.

1503 255 1702 312 LIBER
1735 256 2082 324 QUARTUS.

3277 287 3416 347 1566

1841 380 1984 426 casta
2009 373 2284 444 conjugia,
2318 377 2571 450 videbas,
2612 391 2666 440 et
2691 385 2935 455 tacebas,
2979 399 3035 446 et
3074 408 3160 450 me
3185 395 3422 453 interro-

1839 462 2051 554 gatione
2077 465 2605 554 itraudulentissima,
2635 478 2785 545 quasi
2815 479 2946 534 nihil
2981 491 3121 538 esset
3162 487 3301 554 quod
3330 503 3418 542 re-

1838 551 2087 644 sponderi
2133 567 2327 624 posset,
2362 561 2605 630 urgcbas.
2636 565 2742 620 Aut
2769 566 2813 621 si
2855 584 2960 624 non
2989 551 3241 638 videbas,
3286 589 3414 644 pro-

1837 638 1974 694 tecto
2001 641 2244 700 htrresim
2274 658 2503 705 vestram
2534 652 2646 722 ipsa
2675 657 2908 712 caecitate
2933 638 3326 719 introducebas.

1905 731 2021 786 XV.
2061 733 2178 789 Jun.
2232 738 2337 794 Sed
2383 741 2462 796 ais
2509 758 2596 799 me
2650 747 2885 804 noluisse
2937 753 3415 823 concupiscentiam

1834 825 2009 880 carnis
2037 828 2330 885 nominare.
2364 832 2463 900 Qui
2493 835 2636 892 nolui
2664 841 2956 908 nominare.
2989 846 3159 912 tacui;
3186 858 3240 904 et
3267 850 3313 905 si
3337 859 3417 904 ta-

1834 917 1918 970 eui
1949 917 1986 982 ⁸,
2036 917 2167 974 nihil
2193 921 2335 990 quod
2385 927 2802 994 reprehenderes
2847 949 2963 987 sum
2989 935 3236 991 locutus:
3292 940 3414 1008 quis

1832 1021 1962 1076 ergo
2005 1023 2240 1064 errorem
2273 1017 2554 1081 persuadet
2583 1021 2848 1076 tacendo?
2889 1023 2934 1079 Ο
2973 1040 3105 1080 nova
3132 1029 3411 1085 criminum

1832 1105 1886 1151 et
1916 1096 2170 1153 hactenus
2197 1101 2427 1158 inaudita
2452 1115 2691 1174 portenta
2717 1112 2731 1164 Ι
2755 1111 2976 1168 Silentio
3004 1130 3122 1170 meo
3142 1117 3216 1172 ait
3244 1119 3266 1150 ⁸
3289 1135 3412 1188 pcr-

1831 1201 2041 1242 vcrsum
2072 1189 2260 1260 dogma
2289 1198 2532 1264 componi
2553 1198 2568 1252 ἓ

1901 1279 2036 1334 Anc.
2067 1279 2181 1335 Non
2207 1283 2442 1351 silentio,
2473 1287 2566 1341 sed
2597 1287 2776 1343 dolosa
2805 1290 3237 1364 interrogatione,
3269 1297 3409 1354 sicut

1829 1371 2074 1437 superius
2101 1370 2480 1430 demonstravi.
2510 1376 2818 1448 Quanquam
2843 1389 2898 1435 et
2919 1383 3186 1439 silentium
3216 1389 3410 1443 merito

1829 1457 2254 1527 reprehenditur,
2293 1463 2505 1533 quando
2532 1467 2582 1520 id
2623 1467 2765 1536 quod
2793 1469 3070 1525 dicendum
3110 1471 3242 1539 fuit,
3287 1475 3408 1530 ideo

1829 1560 1935 1602 non
1959 1547 2169 1616 dicitur,
2189 1567 2256 1606 ne
2277 1553 2673 1624 interrogationi
2697 1558 3003 1627 responderi
3025 1563 3258 1630 potuisse
3278 1579 3406 1618 cer-

1827 1648 2003 1694 natur.

1895 1728 2036 1787 XVI.
2064 1729 2182 1786 Jun.
2214 1731 2497 1804 Expendat
2523 1735 2627 1793 hoc
2665 1739 2939 1809 prudentia
2981 1743 3188 1810 omnis,
3232 1754 3287 1800 et
3328 1746 3404 1801 ri-

1826 1819 1949 1876 deat
1976 1821 1997 1853 ³
2025 1825 2278 1880 orationis
2307 1826 2552 1884 invidiam
2579 1832 2795 1888 nomine
2827 1835 3192 1892 taciturnitatis
3221 1847 3405 1894 osten-

1825 1926 1961 1966 sam.
1995 1913 2277 1971 Conﬁteris
2325 1917 2482 1988 igitur
2509 1935 2594 1976 me
2623 1922 2755 1979 nihil
2801 1924 2999 1983 dixisse
3041 1929 3182 1998 quod
3225 1931 3404 2000 possis

1824 2019 2070 2076 arguere.

1894 2098 2028 2153 Anc.
2062 2097 2172 2152 Imo
2209 2114 2372 2166 vero,
2401 2102 2696 2160 rectissime
2723 2107 2962 2177 arguitur
2985 2109 3125 2177 quod
3169 2110 3400 2167 interro-

1821 2186 1994 2254 gando
2022 2186 2218 2242 dixisti.
2248 2189 2318 2245 Ut
2341 2189 2482 2245 enim
2511 2193 2641 2248 nihil
2669 2209 2790 2250 esse
2818 2207 3108 2266 putaretur,
3136 2201 3275 2271 quod
3303 2202 3400 2259 tibi

1823 2275 2130 2344 responderi
2155 2288 2349 2346 posset,
2368 2279 2494 2336 illud
2505 2283 2644 2352 quod
2667 2297 2862 2354 posset,
2885 2295 2936 2341 tu
2959 2289 3135 2345 dicere
3160 2292 3397 2346 noluisti.

1821 2366 1929 2420 Aut
1953 2377 2096 2421 certe
2121 2367 2286 2439 ipsam
2333 2387 2430 2426 cur
2471 2389 2578 2429 non
2617 2389 2782 2446 arguo
2823 2379 3149 2448 caecitatem,
3195 2398 3301 2452 qua
3345 2383 3399 2439 id

1820 2471 1922 2512 nec
1945 2457 2124 2513 videre
2153 2461 2412 2529 potuisti?

1890 2544 2051 2600 XVII.
2091 2545 2208 2602 Jun.
2244 2548 2326 2603 Tu
2367 2565 2496 2606 sane
2528 2560 2768 2608 nostrum
2809 2557 3050 2613 vexando
3093 2558 3392 2628 silentium,

1818 2637 2078 2705 protulisti
2105 2640 2242 2708 quod
2271 2641 2396 2695 olim
2423 2642 2632 2712 quidem
2659 2645 2867 2701 defendi
2910 2664 3012 2704 non
3038 2653 3228 2720 potuit;
3252 2670 3396 2710 nunc

1819 2740 1948 2780 vero
1971 2735 2245 2798 postquam
2268 2730 2538 2786 Manichaei
2564 2735 2806 2802 epistola,
2835 2739 2986 2808 cujus
3011 2741 3062 2794 in
3087 2741 3219 2795 libro
3240 2746 3398 2798 tertio

1818 2819 2109 2874 sententias
2151 2822 2338 2891 posui,
2383 2822 2529 2880 venit
2551 2825 2618 2879 ad
2647 2828 2913 2896 publicum
2936 2871 2952 2896 ,
2982 2846 3081 2887 nec
3107 2834 3268 2889 celari
3298 2851 3396 2906 po-

1819 2914 1940 2962 ICSI.

1889 2999 2026 3055 Auc.
2057 2999 2550 3071 Concupiscentiam
2581 3007 2755 3062 carnis
2778 3025 2876 3064 nec
2904 3011 3221 3068 Maniclueus
3245 3031 3396 3070 vera-

1817 3087 1951 3142 citer
1981 3089 2245 3158 vituperat
2273 3091 2334 3158 ‘;
2367 3109 2464 3147 nec
2489 3103 2545 3148 tu
2577 3097 2835 3152 veraciter
2861 3100 3044 3156 laudas
3071 3119 3085 3153 :
3118 3103 3206 3158 ille
3225 3145 3242 3170 ,
3271 3107 3394 3174 quia

1819 3181 1988 3234 nescit
2017 3183 2161 3238 unde
2191 3185 2291 3247 hoc
2317 3186 2386 3239 sit
2413 3188 2640 3252 malum;
2674 3199 2758 3258 tu,
2805 3194 2924 3261 quia
2957 3211 3117 3264 negas
3146 3198 3339 3253 malum
3374 3216 3390 3252 :

1821 3271 1927 3337 ille,
1960 3273 2079 3341 quia
2107 3287 2222 3328 eam
2249 3273 2524 3345 permixta:
2545 3277 2734 3334 'nobis
2758 3291 2957 3338 natura:
2986 3285 3164 3340 tribuit
3185 3288 3392 3355 alienas;

1817 3369 1872 3414 tu
1897 3400 1912 3425 ,
1957 3362 2078 3429 quia
2117 3378 2232 3417 eam
2265 3375 2458 3420 nostra:
2481 3384 2584 3422 non
2614 3369 2691 3422 vis
2717 3385 2835 3425 esse
2864 3373 3056 3429 vitiata:
3083 3393 3097 3430 :
3126 3377 3240 3440 ille,
3271 3380 3395 3447 quia

1817 3465 1912 3520 per
1939 3451 2081 3505 illam
2113 3455 2281 3508 credit
2306 3459 2568 3526 corrumpi
2599 3461 2686 3514 Dei
2720 3471 2918 3530 partem
2946 3465 3004 3530 ος
3036 3473 3118 3532 tu,
3149 3467 3268 3536 quia
3299 3485 3398 3538 per

1817 3543 1960 3597 illam
1987 3543 2340 3601 dehonestare
2367 3549 2579 3604 conaris
2599 3553 2756 3606 etiam
2781 3554 3010 3622 paradisi
3041 3555 3366 3612 felicitatem.

1887 3633 2073 3687 XVIII.
2105 3635 2224 3690 Jun.
2260 3655 2278 3686 ι
2315 3637 2523 3703 Noluit,
2562 3659 2582 3693 ι
2633 3641 2831 3712 inquit,
2865 3662 2885 3696 ι
2941 3649 3220 3703 nominare
3261 3663 3396 3704 con-

1817 3725 2192 3796 cupiscentiam
2229 3729 2430 3792 carnis,
2462 3745 2580 3799 qua:
2624 3747 2727 3786 non
2775 3743 2858 3788 est
2895 3749 2924 3788 a
2961 3735 3144 3803 Patre,
3189 3739 3280 3792 sed
3329 3755 3396 3795 ex

1817 3817 2014 3872 mundo
2041 3827 2152 3884 est;
2177 3819 2327 3890 cuius
2353 3821 2530 3876 mundi
2553 3821 2800 3891 princeps
2819 3824 2989 3879 dictus
3015 3835 3096 3880 est
3115 3827 3391 3883 diabolus:

1816 3908 1904 3978 qui
1932 3924 2048 3962 eam
2078 3909 2129 3963 iu
2162 3910 2384 3964 Domino
2413 3925 2516 3964 non
2547 3911 2775 3978 invenit,
2804 3914 2924 3983 quia
2951 3915 3204 3970 Dominus
3231 3917 3394 3972 homo

1817 4014 1922 4053 non
1947 4014 2039 4066 per
2065 3999 2228 4068 ipsam
2257 4001 2322 4053 ad
2346 4000 2586 4056 homines
2613 4004 2755 4056 venit
2780 4021 2799 4055 ι
2832 4003 2934 4074 (De
2955 4003 3162 4074 Nuptiis
3181 4016 3225 4060 et
3251 4007 3387 4062 Con-

1815 4091 2136 4161 cupiscentia,
2157 4090 2244 4144 lib.
2266 4092 2322 4158 Ξ,
2353 4109 2405 4146 n.
2429 4092 2731 4163 It).Verbis
2753 4110 2878 4164 ergo
2903 4095 3066 4164 ipsius
3089 4097 3388 4164 Maniehzei,

1813 4181 2296 4250 concupiscentiam
2346 4182 2524 4237 carnis
2570 4197 2674 4236 non
2715 4198 2743 4235 a
2793 4185 2898 4238 Deo
2951 4185 3176 4250 factam,
3213 4187 3306 4241 sed
3360 4203 3392 4242 a

1816 4270 2048 4335 mundo,
2094 4271 2246 4340 cujus
2292 4280 2466 4326 tamen
2531 4270 2711 4326 mundi
2773 4273 3062 4343 principem
3125 4274 3390 4330 diabolum

1815 4361 1978 4423 dicis,
2028 4362 2294 4416 conditam
2340 4361 2624 4430 profiteris.

1887 4456 2022 4509 Auc.
2052 4451 2314 4522 Numquid
2332 4467 2430 4521 ego
2449 4453 2568 4508 dico
2588 4453 2853 4508 diabolum
2876 4454 3170 4522 principem
3187 4456 3390 4522 mundi,

1817 4553 1873 4600 et
1901 4543 2003 4599 hoc
2029 4545 2280 4600 Dominus
2322 4544 2435 4613 ipse
2478 4559 2582 4598 non
2624 4543 2793 4597 dicit?
2836 4543 3098 4613 Numquid
3145 4545 3246 4600 hoc
3293 4561 3394 4617 ego

1818 4635 2069 4690 dixissem
2097 4676 2111 4696 ,
2143 4635 2242 4690 nisi
2273 4635 2442 4704 ipsum
2469 4625 2666 4688 dixisse
2695 4633 2942 4703 legissem
2965 4635 2989 4686 ?
3017 4635 3156 4703 quod
3183 4651 3305 4691 cum
3336 4646 3396 4692 et

1819 4726 1933 4795 ipse
1953 4725 2143 4793 legeris
2156 4766 2170 4787 ,
2194 4740 2288 4778 cur
2306 4725 2659 4792 ohjieiendum
2683 4725 2807 4778 mihi
2832 4725 3019 4794 putasti
3042 4725 3064 4778 ?
3083 4724 3190 4780 Nec
3217 4736 3394 4782 tamen

1820 4815 1940 4870 ideo
1964 4815 2204 4870 diabolus
2246 4815 2490 4882 princeps
2524 4815 2750 4869 (πειρωιί
2797 4822 2853 4868 et
2894 4823 3082 4879 terrm,
3127 4824 3180 4870 et
3221 4817 3397 4872 omnis

1819 4903 2054 4960 etelestis
2081 4904 2446 4972 terrestrisque
2485 4912 2774 4969 creatura),
2818 4904 3107 4958 secundum
3141 4905 3280 4974 quod
3309 4905 3394 4960 di-

1885 5039 1901 5101 ξ
1937 5036 2073 5101 aditi,
2108 5033 2329 5101 cuinon
2372 5033 2516 5101 tacui.
2561 5035 2729 5096 Abest,
2769 5045 2890 5096 um,
2929 5047 2958 5085 a
2980 5038 3330 5101 manuscriptis.

1884 5099 1906 5131 ³
1939 5099 2067 5159 Apud
2095 5098 2383 5159 vignierium
2402 5096 2534 5159 ,ais.
2601 5105 2654 5146 It.

1887 5159 1908 5230 ξ
1938 5157 2011 5230 sic
2034 5157 2216 5230 hissJAt
2235 5158 2368 5230 editi,
2393 5157 2600 5230 videat,”
2859 5226 2869 5230 _
3041 5219 3054 5230 _
3243 5219 3255 5230 .

1884 5220 1906 5252 δ
1939 5219 2068 5281 Apud
2108 5228 2221 5268 Mar.
2247 5219 2364 5281 Clar.
2392 5227 2443 5281 et
2487 5219 2760 5277 editiones,
2793 5226 2908 5270 ante
2952 5219 3184 5281 verbum,
3208 5219 3396 5281 ritupeg

1823 5287 1926 5340 rat,
1951 5279 2224 5344 legebatur,
2247 5285 2291 5329 et
2329 5280 2629 5332 nitidissima
2653 5288 2819 5344 contra
2842 5279 3092 5344 nuntio/uri
3129 5289 3176 5330 et
3214 5279 3396 5344 Pelagii

1823 5341 2092 5396 sectatores.
2137 5343 2377 5390 Glossema
2418 5356 2479 5391 ex
2516 5344 2732 5404 margine
2777 5342 2870 5391 huc
2910 5341 3215 5402 translatum,
3265 5342 3394 5403 quod

1822 5406 2103 5472 auctoritate
2135 5403 2309 5453 codicis
2330 5410 2568 5472 Portamm
2593 5403 2933 5472 expunximus.
3313 5463 3342 5472 __

1886 5469 1908 5532 If
1941 5466 2200 5532 editiones,
2238 5463 2542 5526 permixtam.
2588 5463 2904 5532 [intendantur
2937 5474 2998 5512 ex
3022 5463 3390 5532 .mnuscrlmis.

1889 5528 1910 5560 ⁸
1945 5535 2068 5576 Duos
2087 5527 2161 5574 hic
2183 5525 2370 5585 versus,
2400 5539 2578 5585 nempe
2601 5539 2627 5574 a
2649 5525 2828 5583 verbis,
2852 5531 2920 5582 tu,
2950 5525 3064 5585 quia
3084 5535 3206 5582 eam,
3233 5535 3393 5584 usque

1889 5541 1910 5560 υ
1945 5541 2068 5576 Duos
2087 5541 2161 5574 mc
2183 5541 2578 5635 versustnegpe
2601 5541 2627 5574 a
2649 5541 2828 5596 vernis,
2852 5541 2920 5582 tu,
2950 5541 3064 5592 quia
3084 5541 3206 5582 eam,
3234 5541 3392 5595 usque

1828 5589 1886 5640 ad
1911 5590 2133 5646 verbum,
2152 5593 2353 5647 partem,
2380 5600 2426 5634 in
2519 5589 2757 5650 itionibus
2791 5595 3138 5650 pra-termtssos
3177 5591 3392 5634 restitut-

1830 5663 1936 5702 mus
1961 5662 2023 5700 ex
2055 5649 2486 5710 manuscriptorum
2509 5648 2618 5699 (ide.
