3980 6476
625 263 762 332 isti

617 398 760 444 ctum
791 396 892 452 est,
914 382 1138 438 blandus
1161 394 1248 451 per
1267 396 1380 434 eum
1409 379 1573 448 factus
1596 387 1668 431 est
1695 391 1715 431 :
1739 374 1834 430 sed
1857 372 1982 443 quia
2007 369 2196 427 mundi

619 479 837 536 nomine
860 475 1155 545 appellatus
1177 479 1262 527 est
1288 470 1432 525 orbis
1458 477 1613 523 terra:
1635 467 1687 521 in
1711 465 2011 519 hominibus
2027 502 2042 527 ,
2069 476 2200 532 qua-

619 570 758 624 libus
782 569 966 638 plenus
995 571 1098 627 est,
1125 561 1415 616 secundum
1441 557 1584 629 quod
1607 556 1807 611 dictum
1834 563 1940 620 est,
1962 552 2028 606 Et
2055 568 2202 605 mun-

617 660 712 713 dus
721 674 834 711 eum
860 672 958 709 non
974 655 1200 725 cognorit
1223 651 1399 724 (Joan.
1417 665 1458 719 ι,
1477 649 1564 722 10)
1583 667 1598 713 ;
1622 647 1912 704 secundum
1934 645 2072 717 quod
2087 644 2201 700 dic-

614 757 701 802 tus
727 756 808 801 est
837 755 892 801 et
913 743 1154 801 diabolus
1179 743 1411 815 princeps
1435 741 1610 796 mundi
1631 740 1782 810 hujus
1811 737 1919 811 (Id.
1947 753 2041 804 xu,
2070 734 2195 808 5|);

613 834 904 892 secundum
932 834 1074 904 quod
1100 833 1296 889 dictum
1325 842 1407 888 est
1426 873 1440 896 ,
1470 831 1695 886 Mundus
1723 831 1774 884 in
1801 830 2024 901 maligno
2052 829 2196 899 posi-

611 935 694 979 tus
719 934 792 978 est
817 923 861 993 (ι
898 922 1054 976 Joan.
1083 937 1147 989 v,
1177 921 1302 993 l9);
1331 919 1620 976 secundum
1663 919 1804 990 quod
1846 918 2045 974 dictum
2085 925 2195 984 est,

619 1014 754 1080 Quia
777 1029 891 1066 vero
918 1013 982 1066 de
1005 1012 1193 1066 mundo
1213 1027 1314 1064 non
1334 1011 1454 1066 estis
1476 1051 1492 1076 ,
1518 1019 1781 1080 propterea
1799 1009 1906 1063 odit
1933 1025 2020 1063 vos
2043 1022 2198 1062 mun-

611 1104 707 1156 dus
741 1101 918 1173 (Joan.
945 1118 1015 1156 xv
1037 1143 1052 1167 ,
1085 1100 1213 1171 l9);
1243 1108 1298 1156 et
1341 1098 1746 1155 innumerabilia
1792 1098 1938 1152 talia.
1980 1098 2060 1152 Ac
2099 1111 2198 1166 per

609 1191 732 1256 hoc,
770 1193 1047 1257 mundum,
1077 1190 1362 1260 Seripturis
1391 1190 1588 1244 sanctis
1607 1188 1941 1252 docentibus,
1973 1203 2067 1258 pro
2090 1188 2195 1243 dii-

609 1280 830 1336 ferentia
861 1281 1244 1335 sententiarum
1266 1318 1281 1345 ,
1306 1295 1446 1334 nunc
1469 1280 1520 1334 in
1541 1280 1680 1334 bono
1699 1278 1990 1348 accipimus
2007 1317 2022 1342 ,
2052 1294 2196 1334 nunc

613 1371 668 1424 in
696 1370 857 1425 malo.
902 1370 982 1424 Ad
1013 1370 1146 1423 bona
1174 1369 1289 1438 ejus
1317 1369 1583 1437 pertinent
1604 1369 1796 1424 emtum
1839 1376 1893 1422 et
1939 1375 2108 1436 terra,
2139 1379 2194 1425 et

608 1461 782 1515 omnis
805 1461 856 1514 in
882 1461 959 1514 eis
979 1459 1070 1515 Dei
1096 1469 1336 1527 creatura
1366 1458 1460 1513 :ad
1484 1459 1622 1513 mala
1646 1459 1759 1528 ejus
1776 1459 2044 1528 pertinent
2067 1475 2191 1514 con-

609 1550 916 1620 cupiscentia
940 1550 1128 1616 carnis,
1146 1557 1193 1603 et
1207 1548 1605 1618 concupiscentia
1623 1547 1900 1613 oculorum,
1927 1557 1973 1603 et
1987 1549 2190 1604 ambitio

605 1641 812 1705 sa’cult',
860 1639 982 1706 vel,
1023 1639 1160 1694 sicut
1201 1640 1316 1710 ipse
1338 1639 1582 1709 posuisti,
1624 1640 1855 1709 superbia
1881 1640 2012 1695 vita.
2041 1640 2191 1697 Sicut

607 1745 736 1800 ergo
763 1745 903 1785 nunc
931 1730 984 1786 in
1013 1729 1153 1785 bono
1175 1770 1192 1795 ,
1229 1744 1372 1784 nunc
1412 1729 1466 1784 in
1495 1729 1637 1784 malo
1679 1730 1872 1800 legitur
1908 1731 2136 1786 mundus
2170 1749 2185 1787 :

605 1820 685 1874 sic
712 1819 844 1889 lege,
875 1820 916 1874 si
964 1828 1135 1889 potes,
1165 1817 1448 1890 aliquando
1486 1819 1540 1874 in
1565 1818 1709 1876 bono
1734 1819 1958 1888 positam
1986 1835 2186 1876 concu-

605 1909 920 1978 piscentiam
963 1911 1160 1976 carnis,
1214 1909 1295 1965 vel
1341 1910 1823 1980 concupiscentiam
1869 1911 2184 1970 oculorum:

601 2001 696 2055 sed
733 2002 810 2056 sic
838 2017 943 2058 non
975 2002 1231 2069 invenies,
1253 2002 1390 2057 sicut
1411 2018 1510 2058 nec
1531 2003 1833 2073 superbiam
1852 2005 1975 2060 vita:
1997 2046 2014 2075 ,
2041 2006 2184 2078 quod

601 2087 704 2144 illis
723 2089 930 2146 duobus
955 2090 1109 2145 malis
1135 2091 1152 2123 ί
1181 2090 1418 2146 additum
1448 2100 1531 2146 est
1558 2093 1789 2147 tertium.

670 2178 815 2234 XIX.
843 2179 960 2235 Jun.
984 2179 1109 2236 Ideo
1133 2189 1309 2236 autem
1334 2179 1444 2236 dixi
1467 2181 1696 2252 eloquiis
1718 2192 1771 2238 te
1789 2198 1942 2239 usum
1963 2185 2181 2242 omnino

597 2269 908 2340 Manichaei,
934 2271 1056 2343 quia
1086 2271 1187 2327 etsi
1216 2271 1271 2326 in
1292 2273 1517 2343 apostoli
1541 2271 1762 2328 Joannis
1788 2273 2020 2345 Epistola
2045 2291 2181 2332 non-

595 2360 738 2414 nulla
765 2375 828 2416 ex
859 2360 940 2415 his
971 2360 1128 2417 verba
1157 2368 1463 2429 teneantur;
1495 2371 1667 2418 tamen
1693 2363 1814 2434 quia
1842 2373 2045 2420 certum
2072 2374 2176 2433 est,

595 2465 704 2504 non
732 2448 806 2503 ibi
854 2449 1002 2504 illum
1034 2450 1290 2506 Ecclesiae
1315 2453 1629 2523 magistrum
1656 2462 1748 2509 aut
1775 2453 1844 2510 de
1867 2469 2059 2525 carne,
2087 2466 2180 2513 aut

593 2539 662 2595 de
689 2554 848 2595 sensu
873 2540 1050 2596 carnis
1066 2582 1084 2609 ,
1111 2549 1204 2597 aut
1222 2541 1288 2598 de
1308 2543 1738 2614 concupiscentia
1756 2546 1999 2616 nuptiali,
2020 2547 2178 2618 quid-

591 2647 751 2702 quam
780 2633 883 2688 tale
919 2635 1171 2702 sensisse,
1203 2636 1360 2706 quale
1402 2637 1723 2696 Manichteus
1750 2641 2031 2696 verborum
2061 2642 2177 2713 ejus

591 2725 933 2794 usurpatione
960 2727 1269 2799 componit;
1299 2743 1404 2783 non
1451 2730 1641 2801 injuria
1685 2732 1802 2803 ejus
1848 2734 2012 2789 verba
2054 2749 2176 2792 esse

589 2812 696 2868 disi
717 2852 733 2880 ,
761 2815 914 2885 cujus
941 2817 1122 2872 sensui
1165 2817 1490 2886 serviebant,
1523 2828 1582 2875 ut
1622 2820 1830 2893 eloquia
1867 2824 2174 2881 intentionis

585 2918 701 2960 sua:
725 2907 915 2962 merito
944 2917 1264 2964 censeantur
1288 2925 1306 2964 :
1335 2916 1389 2964 et
1417 2911 1551 2966 sicut
1571 2911 1712 2981 apud
1737 2923 1978 2969 sanctum
2006 2915 2172 2970 Joan-

585 3010 710 3051 nem
752 2997 1043 3067 apostolica
1091 3008 1217 3053 sunt
1242 2999 1498 3070 dignitate
1529 3003 1840 3072 reverenda,
1888 3005 2011 3075 quia
2040 3007 2172 3062 insi-

590 3095 758 3141 nuant
791 3087 1070 3142 veritatem
1111 3129 1128 3154 ,
1160 3090 1232 3144 ita
1273 3089 1414 3158 apud
1463 3091 1814 3150 Manicltaeum
1860 3095 2172 3154 obumbrata

584 3173 798 3229 illorum
827 3175 975 3244 signa
1005 3191 1112 3231 non
1140 3193 1392 3247 expressa
1421 3180 1720 3236 videantur.

655 3266 793 3319 Anc.
825 3263 961 3331 Quid
988 3265 1141 3321 addis
1176 3285 1196 3320 ι
1229 3268 1471 3338 nuptiali,
1511 3288 1530 3323 ι
1561 3279 1615 3325 et
1645 3271 1780 3327 dicis
1812 3289 1834 3325 r
1869 3273 1939 3330 de
1970 3289 2169 3332 concu-

583 3353 839 3424 piscenlia
869 3357 1109 3427 nuptiali,
1145 3375 1165 3410 ι
1201 3369 1259 3414 ιιι
1281 3361 1476 3416 vestias
1517 3363 1816 3432 pudendam
1859 3379 2165 3440 susceptam

587 3455 730 3501 tuam
759 3448 975 3504 nomine
1015 3448 1239 3506 honesto
1285 3453 1636 3522 nuptiarum?
1678 3456 2168 3530 Concupiscentiam

591 3539 771 3598 carnis
794 3539 935 3594 dixit
956 3542 1230 3610 apostolus
1257 3543 1524 3611 Joannes,
1553 3562 1658 3602 non
1686 3551 2170 3620 concupiscentiam

589 3629 906 3700 nuptialem;
924 3644 1044 3702 quae
1054 3641 1234 3702 posset
1254 3648 1374 3689 esse
1400 3635 1449 3689 in
1469 3637 1735 3706 paradiso,
1759 3641 1919 3696 etiam
1943 3642 1990 3698 si
2013 3659 2171 3701 nemo

584 3729 882 3790 peccasset,
917 3722 968 3776 in
996 3724 1234 3794 appetitu
1262 3724 1617 3795 fecunditatis,
1641 3745 1746 3784 non
1771 3732 1824 3786 in
1848 3734 2056 3802 pruritu
2073 3751 2172 3791 vo-

582 3809 828 3880 luptatis;
859 3820 952 3866 aut
977 3822 1126 3868 certe
1153 3814 1364 3885 spiritui
1389 3831 1603 3887 semper
1645 3820 1948 3890 subjacens,
1979 3834 2037 3880 ut
2062 3841 2167 3882 non

581 3901 685 3956 nisi
729 3901 919 3972 spiritu
967 3904 1178 3959 volente
1221 3915 1520 3962 moveretur
1541 3901 1564 3972 ;'
1601 3925 1868 3981 nunquam
1913 3914 2168 3974 adversus

581 3992 828 4062 spiritum
865 3996 1272 4065 concupiscens,
1306 4006 1362 4052 ut
1401 4006 1459 4053 et
1502 3999 1719 4070 spiritus
1761 4003 2019 4061 adversus
2046 4021 2164 4062 eam

580 4085 962 4154 concupiscere
992 4095 1294 4158 cogeretur.
1326 4088 1479 4144 Absit
1505 4091 1648 4146 enim
1677 4101 1736 4148 ut
1774 4094 1826 4149 in
1857 4095 1974 4150 loco
2005 4105 2166 4156 tanta:
2220 4133 2230 4141 ι

582 4173 868 4243 felicitatis,
917 4184 973 4231 et
1013 4177 1066 4232 in
1093 4178 1397 4234 hominibus
1425 4179 1534 4235 illic
1562 4189 1706 4237 tanta
1753 4199 1884 4256 pace
1923 4185 2165 4249 felicibus

504 4307 511 4315 .
580 4273 724 4320 esset
751 4266 856 4320 ulla
883 4265 1150 4321 discordia
1173 4267 1349 4322 carnis
1374 4276 1428 4323 et
1455 4269 1693 4338 spiritus.

654 4353 772 4410 XX.
797 4355 917 4410 Jun.
949 4355 1237 4426 Apostolus
1266 4358 1462 4430 quippe
1501 4359 1733 4417 Joannes
1757 4378 1878 4420 cum
1904 4365 1970 4420 ad
1996 4366 2161 4423 virtu-

581 4452 693 4500 tum
717 4446 954 4501 omnium
987 4445 1254 4518 fastigium
1280 4461 1594 4518 provocaret
1619 4451 1820 4522 fideles,
1847 4465 1902 4511 et
1929 4456 2160 4513 studium

578 4536 872 4592 sanctitatis
917 4537 982 4593 ad
1026 4539 1358 4594 altitudinem
1419 4541 1701 4599 dominica:
1741 4549 2162 4605 conversationis

579 4625 916 4694 extenderet,
959 4627 1025 4681 ad
1072 4629 1469 4698 compendium,
1515 4633 1698 4688 mundi
1743 4636 1905 4693 totius
1946 4639 2161 4696 nomine

579 4715 825 4771 universa
853 4723 1189 4786 praesentium
1217 4723 1476 4778 bonorum
1507 4726 1599 4781 ἐι
1621 4726 2009 4796 jucunditatum
2041 4733 2162 4787 irri-

581 4811 814 4859 tamenta
843 4807 1186 4872 concludens,
1223 4810 1412 4880 Nolite,
1443 4814 1633 4885 inquit,
1663 4818 1872 4888 diligere
1891 4822 2155 4891 mundum,

581 4911 738 4965 neque
765 4914 822 4951 ea
861 4914 974 4969 quae
999 4898 1050 4954 in
1080 4902 1267 4956 mundo
1291 4914 1426 4958 sunt.
1467 4906 1529 4962 Si
1552 4909 1663 4978 quis
1689 4910 1851 4980 diligit
1880 4913 2154 4981 mundum,

579 5001 679 5040 non
704 4997 774 5040 est
801 4989 1020 5044 charilas
1049 4989 1218 5045 Patris
1244 4993 1296 5047 in
1337 5011 1393 5049 eo
1427 5011 1447 5050 :
1469 4997 1705 5065 quoniam
1751 5015 1896 5053 omne
1920 5003 2057 5070 quod
2083 5013 2158 5059 est

576 5076 628 5129 in
651 5076 837 5131 mundo
856 5119 870 5144 ,
901 5081 1297 5152 concupiscentia
1316 5085 1483 5139 carnis
1508 5126 1522 5150 ,
1545 5096 1590 5140 et
1610 5090 2012 5158 concupiscentia
2033 5109 2155 5148 ocu-

577 5163 741 5220 lorum
766 5175 839 5221 est
863 5208 878 5233 ,
910 5177 956 5222 et
1007 5170 1242 5240 superbia
1277 5173 1432 5238 uiue;
1474 5191 1588 5243 quae
1624 5192 1725 5230 non
1762 5186 1834 5231 est
1871 5195 1935 5233 es:
1977 5179 2153 5250 Patre,

575 5257 668 5312 sed
691 5275 754 5313 ea:
779 5259 966 5314 ntundo
993 5270 1066 5315 est
1096 5277 1116 5316 :
1141 5271 1188 5316 et
1216 5263 1433 5341 mundus
1448 5267 1626 5320 transit
1645 5308 1660 5334 ,
1685 5277 1730 5321 et
1749 5271 2154 5341 concupiscentia

571 5351 714 5420 ejus;
742 5350 828 5420 qui
864 5360 1030 5406 autem
1073 5353 1194 5424 facit
1224 5354 1524 5409 voluntatem
1548 5355 1672 5423 Dei,
1699 5369 1864 5414 manet
1908 5378 1963 5416 tn
2005 5380 2154 5420 ceter-

574 5458 694 5496 mtm
708 5440 752 5516 (1
765 5441 919 5498 Joan.
937 5460 996 5511 ll,
1017 5445 1142 5501 l5-l
1154 5446 1230 5518 7).
1253 5445 1516 5514 Quantum
1531 5448 1594 5505 ad
1617 5452 1950 5524 superﬁciem
1963 5458 2154 5516 verbo-

639 5597 661 5665 ξ
693 5606 787 5651 Hoc
811 5601 956 5652 etiam
980 5600 1084 5651 loco
1101 5638 1115 5661 ,
1143 5600 1302 5665 malis,
1322 5606 1659 5665 prmtcricraat
1684 5609 1940 5663 editiones.

642 5660 664 5692 ³
692 5667 744 5712 tu
777 5671 883 5713 Mss.
905 5672 1013 5716 tzar.
1039 5660 1184 5727 νοτ-ιη
1202 5660 1451 5716 nondum.

1312 265 1555 324 OPERIS
1594 256 2004 321 IMPERFECTI
2042 254 2311 315 CONTRA
2351 253 2709 326 JULIANUM,
2748 257 2807 315 Β.
2848 257 3214 318 AUGUSTINI

3763 259 3884 320 ιειι

2310 385 2424 424 rum
2454 371 2690 440 respicit,
2737 373 2918 428 odium
2960 374 3206 430 omnibs
3252 373 3440 430 indicit
3475 373 3806 439 elementis,
3842 389 3890 434 et

2307 463 2559 518 mundum
2584 474 2637 519 et
2657 475 2846 520 cuncta
2865 481 2984 536 quae
3011 467 3062 522 in
3101 467 3299 522 unde
3327 475 3457 523 sunt
3475 507 3492 533 ,
3521 481 3642 524 non
3677 481 3800 524 esse
3832 486 3886 525 es

2306 551 2463 609 Patre
2479 596 2496 621 ,
2528 571 2699 626 neque
2723 557 2869 628 diligi
2894 557 3091 613 debere
3116 557 3413 614 denuntiat.

2376 664 2509 720 Ave.
2551 665 2782 723 luaniter
2807 669 2902 723 ista
2924 669 3056 724 dicis
3086 687 3099 723 :
3127 669 3304 724 nullus
3331 671 3415 726 vel
3458 671 3634 726 idiota
3677 671 3861 726 catlmli

2302 767 2399 809 cus
2423 755 2499 810 sic
2536 757 2637 811 isto
2679 757 2797 814 loco
2829 760 3021 830 accipit
3046 761 3334 828 mundum,
3383 751 3444 817 ut
3492 763 3567 818 de
3619 763 3882 821 elementis

2301 845 2498 915 aliquid
2540 849 2754 919 cogitet.
2797 850 2979 921 Neque
3006 853 3147 907 enim
3177 862 3230 910 et
3258 855 3345 908 ubi
3389 854 3525 910 dicit
3551 853 3628 910 de
3674 855 3881 910 Domino

2301 934 2540 1001 Christo.
2589 937 2713 1010 Ipse
2755 950 2828 995 est
2862 943 3150 1014 propitiatio
3193 954 3518 1014 peccatorum
3563 957 3878 1007 nostrarum;

2299 1041 2402 1079 non
2423 1027 2585 1080 solum
2602 1039 2902 1096 nostrorum,
2925 1031 3015 1086 sed
3034 1042 3079 1086 et
3099 1033 3249 1088 totius
3273 1035 3450 1089 mundi
3471 1034 3510 1104 (1
3532 1033 3707 1088 Joan.
3736 1051 3790 1096 ιι,
3807 1037 3874 1106 2];

2299 1113 2368 1168 ita
2399 1117 2675 1187 quisquam
2703 1117 2916 1191 desipit,
2946 1130 3004 1177 ut
3023 1123 3181 1178 etiam
3206 1123 3604 1181 elementorum
3661 1127 3752 1182 llic
3784 1132 3876 1184 exi-

2297 1205 2477 1262 stimet
2515 1209 2862 1280 intelligenda
2900 1228 3019 1270 esse
3066 1227 3301 1284 peccata.
3346 1217 3546 1272 Totum
3607 1217 3721 1274 hoc
3769 1213 3873 1290 ergo

2296 1298 2437 1366 quod
2467 1300 2570 1355 isto
2600 1289 2758 1357 modo
2799 1303 2994 1359 dicitur
3020 1306 3281 1372 mundus,
3313 1322 3418 1363 non
3450 1309 3558 1364 nisi
3606 1298 3702 1364 in"
3723 1289 3870 1365 homi-

2295 1389 2452 1444 nibus
2479 1391 2808 1463 intelligitur,
2839 1397 2929 1465 qui
2974 1404 3097 1452 sunt
3126 1413 3219 1466 per
3261 1406 3427 1453 totum
3476 1400 3788 1466 mundum,
3831 1403 3868 1458 id

2293 1489 2408 1547 est,
2455 1491 2598 1549 toto,
2644 1499 3063 1556 quaquaversum
3102 1487 3368 1558 incolitur,
3408 1490 3548 1546 orbe
3597 1498 3865 1549 terrarum.

2293 1570 2467 1641 Ipsam
2493 1572 2721 1644 denique
2752 1575 3039 1632 humanam
3067 1579 3261 1646 vitam,
3293 1595 3394 1650 qua
3421 1597 3535 1635 non
3580 1582 3864 1638 secundum

2294 1662 2481 1730 Deum,
2511 1664 2604 1721 sed
2631 1667 2922 1722 secundum
2946 1668 3216 1725 hominem
3243 1671 3458 1739 vivitur,
3491 1673 3766 1727 mundum
3788 1674 3865 1730 hoc

2290 1754 2408 1810 loco
2432 1758 2716 1827 appellavit
2739 1759 3050 1830 Apostolus.
3083 1761 3209 1817 ldeo
3238 1762 3384 1834 diligi
3411 1771 3567 1818 vetat
3590 1806 3610 1831 ,
3645 1771 3706 1819 et
3731 1765 3862 1832 dicit,

2293 1843 2477 1900 Omnia
2498 1863 2612 1919 qua:
2651 1850 2704 1904 in
2725 1851 2922 1926 mundo
2948 1861 3102 1919 sunt,
3129 1855 3544 1923 concupiscentia
3574 1857 3755 1908 carnis
3775 1870 3858 1922 est,

2227 1971 2230 1974 ι
2287 1945 2334 1990 et
2361 1939 2762 2008 concupiscentia
2787 1942 3079 2007 oculorum,
3110 1951 3161 1998 et
3183 1944 3388 1999 ambitio
3413 1945 3607 2000 seculi
3625 1987 3642 2010 ,
3687 1948 3771 2001 vel
3791 1965 3862 2001 ss-

2284 2026 2456 2096 perbia
2482 2028 2627 2095 vita;
2645 2046 2759 2101 qua
2777 2048 2878 2086 non
2901 2040 2975 2087 est
2998 2050 3030 2086 a
3059 2033 3242 2100 Patre,
3276 2034 3366 2090 sed
3416 2051 3482 2090 ea:
3535 2037 3745 2091 mundo
3787 2050 3857 2092 est.

2284 2113 2362 2168 Tu
2381 2154 2398 2181 ,
2443 2118 2487 2171 si
2517 2118 2644 2188 quid
2689 2131 2838 2189 potes
2861 2161 2876 2189 ,
2909 2123 2963 2176 in
2992 2122 3132 2178 bono
3159 2123 3445 2193 aliquando
3491 2126 3859 2194 nominatam,

2285 2202 2681 2276 Scripturarum
2722 2220 3026 2268 sanctarum
3057 2213 3176 2270 loco
3203 2216 3313 2272 ullo
3331 2257 3345 2282 ,
3372 2221 3860 2290 concupiscentiam

2280 2299 2456 2354 carnis
2479 2302 2702 2358 ostende
2735 2321 2750 2358 :
2779 2313 2837 2361 et
2877 2306 2988 2362 noli
3003 2308 3202 2378 apertis
3232 2309 3394 2366 rebus
3423 2311 3675 2369 nebulas
3697 2314 3862 2386 loqua-

2279 2387 2455 2445 citatis
2483 2390 2783 2450 ollundere.

2350 2502 2491 2560 XXI.
2513 2504 2632 2562 Jun.
2657 2507 2814 2564 Certe
2829 2511 3099 2580 apostolus
3123 2523 3235 2580 est,
3264 2521 3317 2569 et
3339 2515 3619 2586 praecipua
3653 2516 3860 2574 Domino

2276 2591 2406 2648 Jesu
2433 2594 2693 2653 cbaritate
2721 2598 2946 2656 dilectus
2975 2618 2991 2655 :
3022 2611 3198 2659 tamen
3225 2605 3327 2660 nisi
3347 2607 3720 2664 intentionem
3744 2610 3862 2680 ejus,

2277 2685 2361 2739 vel
2392 2685 2742 2758 Evangelium
2783 2692 2924 2761 quod
2963 2695 3199 2765 scripsit,
3225 2697 3308 2752 vel
3339 2698 3718 2768 Epistolarum
3757 2719 3862 2772 gr:-

2277 2775 2412 2829 vitas
2439 2777 2724 2848 iudicaret,
2755 2782 2913 2838 verba
2941 2785 3041 2840 ista
3076 2801 3195 2855 qua:
3219 2789 3534 2857 posuimus,
3567 2791 3644 2847 ita
3675 2794 3863 2849 nullm

2277 2875 2500 2935 possent
2523 2868 2684 2925 rebus
2706 2871 2898 2928 all‘crre
2922 2874 3282 2946 prmjudicium
3301 2920 3317 2946 ,
3345 2889 3403 2934 ut
3431 2879 3738 2952 Scripturis
3756 2901 3862 2940 om-

2275 2956 2460 3025 nibus,
2491 2974 2611 3029 qua:
2635 2962 2892 3020 mundum
2917 2980 2949 3021 a
2975 2966 3084 3022 Deo
3104 2965 3299 3024 factum
3319 2983 3578 3029 asserunt
3595 3015 3614 3041 ,
3635 2975 3830 3032 cedere
3847 2978 3863 3010 ⁸

2275 3057 2610 3118 cogerentur.
2645 3051 2837 3109 Verum
2869 3055 2984 3126 ipse
3026 3057 3296 3131 Evangelii
3333 3063 3477 3134 quod
3517 3068 3863 3138 conscripsit,

2272 3142 2569 3197 reverendo
2608 3158 2667 3199 se
2695 3148 3044 3204 communivit
3089 3151 3382 3208 exordio”.
3432 3154 3615 3224 Deus,
3668 3157 3861 3230 inquit,

2273 3243 2380 3288 erat
2417 3233 2671 3301 Verbum;
2693 3255 2782 3308 per
2808 3239 2975 3311 ipsum
2998 3245 3133 3312 facta
3152 3254 3268 3298 sunt
3293 3246 3497 3316 omnia,
3543 3259 3598 3302 et
3626 3250 3743 3306 sine
3761 3252 3862 3322 ipse

2273 3326 2464 3396 factum
2490 3335 2562 3380 est
2591 3328 2738 3384 nihil.
2782 3329 2862 3385 Ac
2911 3331 3205 3404 deinceps:
3257 3337 3385 3391 Erat
3427 3339 3610 3395 lumen
3659 3359 3861 3409 verum,

2271 3416 2410 3483 quod
2451 3417 2708 3473 illuminat
2757 3438 2956 3478 omnem
2998 3425 3250 3481 hominem
3299 3430 3582 3486 uenientem
3633 3433 3690 3488 in
3738 3435 3861 3489 [sm

2272 3507 2556 3563 mundum:
2584 3510 2638 3564 in
2667 3511 2761 3567 hoc
2805 3515 2993 3571 mundo
3034 3528 3176 3585 erat,
3213 3528 3262 3573 et
3300 3536 3520 3576 mundus
3561 3540 3662 3593 per
3703 3525 3858 3596 ipsius

2271 3601 2438 3668 factus
2462 3611 2554 3656 est.
2583 3601 2819 3676 Itemque
2847 3624 2861 3660 :
2912 3606 3131 3663 Verbum
3165 3627 3284 3664 caro
3311 3615 3506 3682 factum
3526 3623 3646 3682 est,
3685 3627 3743 3670 ut
3769 3620 3858 3670 Ise-

2270 3689 2448 3746 bitaret
2471 3695 2523 3748 iu
2551 3695 2693 3750 uobis
2713 3696 2892 3768 (lacn.
2923 3716 2964 3766 1,
2994 3701 3056 3770 l,
3082 3703 3139 3770 δ,
3165 3701 3228 3772 9,
3263 3704 3363 3772 to,
3395 3706 3512 3776 ts).
3540 3707 3761 3774 Quibus
3783 3720 3858 3764 ω-

2269 3782 2536 3842 stimoniis
2565 3786 2697 3844 nihil
2723 3789 2776 3845 in
2818 3793 3066 3849 sensibus
3084 3795 3196 3849 suis
3222 3795 3568 3853 obscuritatis
3599 3800 3854 3871 reliquit:

2269 3876 2364 3932 sed
2390 3879 2627 3936 ostendit
2647 3882 2813 3939 Deum
2837 3899 2896 3941 se
2928 3900 3090 3942 nosse
3115 3895 3171 3943 et
3191 3902 3434 3958 asserere
3454 3891 3626 3947 totius
3653 3895 3852 3961 mundi,

2267 3975 2428 4039 atque
2451 3983 2634 4026 eorum
2652 3987 2770 4044 qua!
2789 3974 2842 4030 in
2867 3975 3068 4033 mundo
3092 3986 3217 4034 sunt
3238 3979 3474 4035 omnium
3496 3982 3850 4048 conditorem,

2267 4056 2677 4132 Maniclueisque
2724 4065 2929 4120 nullum
2979 4067 3047 4122 ad
3093 4071 3383 4126 sententias
3426 4087 3552 4127 suas
3577 4088 3850 4130 accessum

2267 4157 2451 4218 patere
2494 4151 2794 4222 perdocuit.
2825 4155 3086 4224 Quoniam
3129 4161 3218 4230 qui
3256 4163 3495 4217 omnium
3541 4174 3849 4223 naturarum

2268 4239 2436 4296 Deum
2466 4244 2659 4298 asserit
2685 4255 2980 4302 creatorem
3001 4289 3016 4314 ,
3043 4249 3296 4318 abutitur,
3324 4252 3442 4309 sine
3472 4251 3604 4310 fidei
3634 4255 3847 4327 dispen-
3949 4263 3951 4327 i

2265 4328 2354 4384 dio
2370 4332 2848 4440 ,J'substantiarum
2912 4338 3246 4408 nominibus,
3291 4341 3360 4398 ad
3404 4343 3845 4440 significationem

2229 4464 2235 4467 .
2263 4420 2565 4491 cupiditatis
2593 4423 2910 4484 immodicae.

2336 4536 2473 4594 Anc.
2499 4539 2606 4595 Sed
2635 4551 2690 4596 tu
2719 4542 3204 4613 concupiscentiam
3248 4545 3462 4615 carnis,
3508 4563 3615 4605 nec
3642 4549 3846 4620 quando

2264 4630 2546 4687 immodica
2576 4642 2661 4689 est
2676 4633 2718 4700 ³,
2739 4634 2818 4690 vis
2837 4634 3057 4707 intelligi
3081 4637 3279 4693 malum
3305 4653 3426 4694 esse
3445 4681 3460 4706 ,
3485 4640 3584 4695 sed
3609 4641 3808 4697 bonum
3829 4682 3845 4707 ,

2263 4739 2464 4796 eosque
2494 4727 2671 4796 pOtius
2696 4727 2837 4782 bono
2867 4729 3004 4784 male
3029 4729 3140 4795 uti,
3166 4730 3254 4800 qui
3285 4745 3348 4786 ea
3378 4740 3605 4787 utuntur
3655 4733 3845 4788 immo-

2263 4814 2401 4871 dice.
2425 4817 2502 4871 Ac
2522 4832 2617 4888 per
2637 4816 2739 4872 hoc
2757 4859 2772 4883 ,
2804 4817 2848 4872 si
2868 4819 3296 4888 concupiscentia
3313 4821 3492 4876 carnis
3508 4822 3716 4877 bonum
3736 4833 3843 4886 est;

2262 4907 2499 4980 profecto
2519 4916 2574 4964 et
2611 4910 2817 4965 modica
2837 4910 3032 4966 bonum
3049 4920 3131 4966 est
3154 4912 3444 4979 modicum,
3475 4923 3532 4969 et
3564 4915 3844 4970 immodica

2262 4999 2458 5055 bonum
2495 5010 2578 5056 est
2613 5001 2954 5057 immodicum
2984 5019 3000 5056 :
3035 5004 3128 5059 sed
3158 5005 3363 5060 modica
3394 5007 3491 5069 uti,
3524 5007 3634 5062 hoc
3662 5016 3768 5073 est,
3794 5017 3846 5061 ut

2257 5091 2414 5159 dicis,
2441 5092 2582 5147 bono
2608 5091 2744 5148 bene
2777 5094 2886 5160 uti;
2919 5093 3204 5150 immodica
3229 5111 3357 5151 vero
3386 5097 3482 5161 uti,
3513 5097 3617 5151 hoc
3659 5107 3768 5161 est,
3794 5108 3844 5150 ut

2259 5182 2414 5248 dicis,
2445 5183 2584 5239 bono
2610 5183 2748 5240 male
2786 5183 2883 5240 uti.
2914 5184 3062 5241 Sicut
3087 5187 3267 5242 vinum
3311 5188 3500 5259 procul
3542 5189 3716 5244 dubio
3756 5190 3841 5243 bo-

2261 5292 2384 5332 mun
2411 5286 2528 5346 est;
2575 5279 2748 5334 omnis
2773 5280 2913 5336 enim
2940 5289 3182 5336 creatura
3214 5282 3306 5338 Dei
3337 5282 3472 5337 bona
3497 5291 3582 5337 est
3619 5286 3638 5352 (
3665 5282 3681 5336 Ι
3715 5281 3837 5336 Tini.

2324 5430 2343 5505 ξ
2375 5429 2512 5505 ξτρίιῇ
2538 5430 2755 5505 credere.
2779 5431 2948 5505 Melius
2969 5434 3280 5505 manuscripti
3297 5470 3312 5494 ,
3337 5434 3526 5505 cedere.
3555 5493 3566 5504 ο
3629 5495 3642 5505 .

2321 5491 2344 5522 ⁹
2369 5491 2447 5560 _sic
2468 5497 2571 5538 Mss.
2600 5491 2876 5560 Editivero,
2903 5491 3354 5560 Evangelium'quod
3377 5493 3690 5560 conscripsit,
3718 5508 3835 5546 rere-

2259 5551 2410 5601 reudo
2437 5551 2738 5603 communivit
2759 5551 2978 5606 exordio.

2323 5611 2523 5681 'fsliti,
2563 5614 2753 5681 nwaica
2797 5624 2902 5674 est;
2937 5624 2988 5667 ct
3031 5616 3176 5681 paulo
3217 5625 3352 5680 rost,
3397 5617 3481 5680 qui
3529 5632 3588 5668 ea
3643 5625 3837 5667 uruntur

2260 5672 2459 5725 modice.
2496 5680 2704 5739 utroque
2729 5673 2834 5727 loco
2859 5672 2919 5729 ex
2954 5672 3208 5742 minuset-i1
3219 5672 3383 5731 torum
3405 5672 3500 5732 (ide
3521 5683 3830 5744 caligantes.
