3980 6534
260 382 289 438 1
300 378 406 437 569

249 511 334 560 tv,
363 493 433 566 ι)
462 510 476 547 :
501 500 558 548 et
579 490 669 562 qui
697 485 910 544 modico
936 483 1061 539 vino
1081 481 1266 550 utitur,
1293 479 1435 535 bono
1472 479 1607 535 bene
1635 482 1835 543 utitur;

249 585 346 656 qui
367 597 495 640 vero
526 579 811 636 immodico
839 575 964 631 vino
992 573 1175 640 utitur,
1203 572 1343 628 bono
1363 570 1501 624 male
1522 570 1702 625 utitur.
1733 567 1841 624 Sed

248 675 490 732 Joannes
515 683 783 739 nunquam
813 665 1012 721 diceret
1053 664 1233 717 vinum
1266 675 1297 715 a
1339 661 1492 716 Patre
1531 673 1635 714 non
1679 671 1798 714 esse
1822 697 1839 721 ,

250 766 396 820 sicut
421 758 906 830 concupiscentiam
934 754 1113 810 carnis
1140 753 1274 808 dixit
1313 765 1343 804 a
1384 751 1538 806 Patre
1563 765 1670 804 non
1697 764 1838 805 esse.

247 858 372 914 Non
398 856 556 927 igitur
580 851 807 916 invenis,
844 862 964 918 qua:
990 843 1417 916 concupiscentia
1442 841 1617 897 carnis
1642 856 1747 895 non
1773 839 1843 895 sit

248 966 287 1006 a
314 951 472 1005 Patre
503 963 518 1000 :
545 945 668 1016 quia
690 952 743 998 ct
766 940 1046 996 immodica
1070 938 1269 994 bonum
1297 943 1379 990 est
1398 932 1537 1003 apud
1564 941 1650 997 te;
1676 942 1730 986 et
1755 930 1843 986 illc

250 1041 434 1111 potius
474 1052 579 1092 non
625 1043 706 1090 est
734 1033 926 1095 bonus,
968 1030 1056 1100 qui
1083 1028 1224 1083 bono
1262 1025 1546 1080 immodico
1575 1023 1756 1087 utitur,
1788 1021 1842 1076 id

251 1141 360 1192 est,
390 1128 478 1199 qui
506 1128 646 1182 bono
676 1124 812 1177 male
840 1122 1021 1176 utitur.
1053 1118 1188 1187 Quid
1231 1131 1356 1186 ergo
1377 1114 1584 1169 dubitas
1611 1113 1844 1169 breviter

252 1231 548 1290 aperteque
593 1214 790 1277 dicere,
837 1209 980 1281 quod
1027 1209 1254 1263 obscure
1300 1206 1472 1275 longis
1514 1203 1844 1259 anfractibus

201 1337 212 1359 ι
253 1309 417 1375 dicis,
443 1305 583 1378 quod
601 1303 733 1358 dixit
751 1301 984 1357 Joannes
1010 1297 1197 1352 falsum
1226 1309 1367 1362 esse,
1395 1302 1451 1350 et
1470 1302 1521 1350 te
1546 1309 1730 1349 verum
1755 1293 1841 1348 di-

254 1400 423 1456 cere?
451 1397 660 1453 Falsum
686 1401 770 1449 est
804 1392 945 1447 enim
977 1388 1117 1461 quod
1148 1387 1236 1442 ille
1275 1387 1370 1454 ait,
1401 1385 1842 1456 Concupiscentia

254 1489 436 1547 carnis
478 1502 582 1542 non
611 1495 694 1541 est
733 1499 765 1538 a
793 1483 987 1549 Patre;
1019 1496 1047 1536 a
1078 1495 1182 1550 quo
1211 1489 1336 1534 sunt
1377 1478 1553 1534 omnia
1585 1477 1842 1532 naturalia

252 1580 396 1634 bona
429 1577 515 1633 :si
557 1573 988 1644 concupiscentia
1026 1571 1202 1625 carnis
1227 1571 1270 1637 ¹,
1301 1577 1356 1622 ιιι
1395 1566 1588 1632 dicitis,
1622 1574 1677 1623 et
1717 1575 1844 1622 tunc

252 1672 393 1726 bana
424 1676 526 1732 est,
561 1681 681 1721 cum
711 1678 773 1720 ea
811 1663 1036 1733 quisque
1077 1659 1358 1716 immodica
1401 1658 1584 1725 utitur;
1631 1656 1724 1713 sed
1755 1657 1842 1712 ille

251 1763 432 1818 malus
457 1767 538 1815 est
561 1757 651 1828 qui
676 1757 817 1812 bono
843 1757 865 1787 ⁸
889 1755 1027 1810 male
1057 1753 1242 1807 utitur.

327 1851 495 1907 XXII.
522 1848 642 1905 ιω..
682 1845 928 1915 Pra-cipit
950 1859 1078 1914 ergo
1102 1857 1209 1896 non
1238 1840 1382 1910 diligi
1425 1839 1702 1905 mundum,
1740 1851 1839 1892 ne-

261 1957 370 2012 que
393 1955 455 1995 ea
476 1952 594 2010 quae
637 1935 690 1991 in
735 1932 936 1989 mundo
973 1941 1132 1996 sunt;
1172 1937 1226 1985 et
1262 1928 1390 1985 dicit
1435 1927 1683 1998 quoniam
1709 1924 1844 1981 dile-

251 2031 498 2088 ctoribus
535 2025 716 2084 saeculi
757 2024 851 2079 Dei
893 2021 1124 2077 charitas
1171 2020 1348 2075 inesse
1388 2033 1493 2072 non
1535 2014 1842 2087 possit:sed

252 2140 367 2179 non
396 2131 452 2177 ut
479 2122 581 2177 hoc
601 2119 817 2175 nomine
841 2114 1141 2172 dilectionis
1163 2128 1195 2168 a
1217 2111 1412 2168 sacculo
1437 2108 1838 2176 submovendae,

250 2215 485 2270 alterum
504 2211 621 2282 ejus
640 2223 797 2280 quam
819 2208 984 2262 Deum
1009 2218 1192 2260 verum
1224 2200 1443 2271 intelligi
1472 2198 1630 2254 faciat
1657 2196 1843 2253 condi-

254 2311 466 2370 torem;
497 2314 682 2357 verum
713 2307 767 2353 ut
794 2303 1085 2367 agnoscant
1127 2292 1334 2359 ﬁdeles,
1368 2290 1538 2344 nullas
1566 2285 1844 2359 praisenlis

256 2393 382 2449 vita:
409 2390 725 2462 cupiditates
753 2383 1114 2457 praeferendas
1134 2397 1254 2438 esse
1273 2378 1574 2444 virtutibus,
1601 2390 1670 2431 ne
1691 2390 1844 2430 mens

254 2497 447 2540 eorum
475 2489 566 2536 aut
591 2475 963 2548 comparandis
1000 2473 1210 2542 opibus,
1236 2477 1329 2525 aut
1346 2465 1723 2537 conquirendis
1747 2479 1843 2518 vo-

257 2571 547 2645 luptatibus
573 2576 848 2639 occupata,
875 2579 905 2619 a
942 2563 1265 2625 christianat,
1295 2573 1413 2628 qua:
1441 2570 1563 2623 vera
1590 2562 1693 2622 est,
1723 2551 1841 2623 phi-

261 2643 524 2734 losophiae
546 2659 838 2716 deducatur
858 2656 1057 2726 vigore.
1087 2651 1339 2718 Quoniam
1365 2663 1510 2703 omne
1540 2645 1676 2717 quod
1693 2653 1769 2700 est
1791 2643 1846 2698 in

260 2753 475 2819 mundo,
501 2748 896 2824 concupiscentia
935 2745 1122 2812 carnis,
1167 2752 1215 2798 et
1241 2739 1648 2811 concupiscentia
1673 2737 1848 2792 oculo-

259 2861 376 2900 rum
401 2853 492 2910 est,
517 2851 564 2897 et
589 2840 821 2912 superbia
841 2838 990 2902 vitta;
1013 2850 1126 2904 qua:
1154 2839 1351 2887 nonest
1373 2846 1437 2885 ex
1470 2825 1646 2891 Patre,
1673 2827 1763 2882 sed
1783 2843 1848 2882 ea:

261 2935 452 2992 mundo
474 2944 546 2990 est
572 2949 593 2990 :
619 2943 663 2987 et
702 2929 924 2986 mundus
961 2926 1160 2991 transit,
1191 2933 1238 2978 ct
1266 2919 1671 2991 concupiscentia
1697 2919 1847 2990 ejus;

261 3029 347 3099 qui
389 3036 556 3082 autem
601 3025 723 3097 facit
769 3021 1074 3077 uoluntatem
1110 3014 1228 3080 Dei,
1279 3021 1446 3066 manet
1483 3012 1538 3066 in
1581 3019 1846 3066 cternum.

261 3121 442 3177 Mundi
463 3131 591 3189 ergo
616 3115 851 3180 nomine,
882 3125 1060 3182 mores
1089 3108 1362 3164 hominum
1397 3104 1530 3160 nihil
1559 3112 1680 3174 post
1705 3101 1847 3158 hanc

261 3214 424 3268 vitam
451 3225 573 3266 esse
596 3203 1003 3267 autumantium,
1031 3200 1374 3269 diversasque
1409 3193 1712 3251 mortalium
1739 3200 1846 3248 tam

261 3317 484 3376 pompas
507 3313 664 3368 quam
693 3295 926 3351 luxurias
955 3289 1225 3347 indicavit.

334 3394 470 3446 Auc.
510 3389 650 3457 Ergo
690 3387 736 3441 si
779 3402 799 3436 ι
847 3381 1030 3438 mundi
1070 3379 1308 3442 nomine,
1352 3390 1530 3432 mores
1570 3373 1846 3430 hominum

263 3480 396 3538 nihil
420 3486 543 3551 post
571 3477 707 3532 hanc
732 3475 895 3530 vitam
920 3475 1043 3528 esSe
1069 3467 1472 3532 autumantium,
1505 3464 1849 3535 diversasque

265 3571 569 3628 mortalium
607 3576 718 3622 tam
757 3577 983 3636 pompas
1023 3576 1182 3634 quam
1214 3557 1450 3614 luxurias
1497 3554 1787 3620 indicavit;
1822 3573 1843 3609 ι

266 3664 322 3719 in
352 3661 439 3717 his
474 3666 599 3714 sunt
633 3657 720 3712 illa
749 3670 869 3726 qua:
905 3667 1025 3709 esse
1050 3651 1186 3707 dixit
1214 3649 1268 3703 in
1294 3646 1511 3711 mundo,
1551 3656 1607 3701 et
1631 3662 1659 3698 a
1689 3645 1849 3701 Patre

266 3769 375 3808 non
396 3766 552 3814 esse;
580 3749 632 3804 in
657 3747 849 3818 quibus
872 3726 1098 3815 primum
1128 3741 1304 3796 locum
1330 3746 1478 3793 tenet
1500 3745 1586 3790 tua
1617 3735 1705 3790 illa
1735 3737 1851 3805 pul-

264 3845 396 3899 chra
420 3847 686 3910 suscepta,
715 3832 1141 3906 concupiscentia
1185 3830 1389 3886 scilicet
1423 3826 1617 3882 carnis.
1657 3824 1763 3881 Sed
1795 3835 1850 3880 tu

261 3935 482 3999 videris,
517 3933 569 3987 in
608 3929 848 3986 moribus
889 3925 1162 3981 hominum
1205 3922 1337 3976 nihil
1363 3927 1484 3992 post
1522 3918 1660 3973 hanc
1686 3917 1850 3971 vitam

260 4041 383 4082 esse
411 4022 769 4095 opinantium,
813 4016 1049 4073 voluisse
1079 4011 1300 4084 intelligi
1345 4009 1620 4066 oculorum
1647 4020 1851 4062 concu-

259 4117 600 4189 piscentiam,
621 4112 870 4184 quoniam
893 4107 976 4162 his
995 4106 1154 4162 rebus
1169 4117 1301 4174 quas
1317 4101 1497 4158 vident
1513 4097 1848 4164 inhaerendo,

265 4210 454 4266 nolunt
481 4223 544 4263 ea
570 4220 690 4278 quae
719 4218 823 4258 non
851 4200 1036 4256 vident
1059 4197 1314 4262 credere;
1343 4195 1397 4250 in
1437 4192 1645 4265 pompis
1671 4198 1851 4247 autem

266 4298 597 4365 mortalium,
641 4293 993 4351 ambitionem
1014 4287 1192 4344 saeculi
1233 4284 1318 4340 vel
1355 4284 1657 4355 superbiam
1684 4280 1848 4347 vitaz;

269 4398 325 4454 in
354 4394 580 4454 luxuriis
603 4407 749 4457 vero,
795 4383 1278 4460 concupiscentiam
1319 4380 1531 4445 carnis;
1571 4386 1633 4433 ut
1673 4375 1851 4432 omnia

273 4487 375 4543 tria
420 4500 539 4556 qua:
565 4483 794 4540 Joannes
840 4477 1035 4550 posuit,
1079 4473 1387 4544 complexus
1415 4484 1533 4524 esse
1575 4467 1848 4523 videaris:

271 4575 428 4648 quasi
454 4572 630 4645 possit
656 4570 676 4603 ³
702 4584 819 4625 esse
863 4567 1068 4622 luxnria
1096 4579 1254 4635 quam
1285 4562 1573 4630 vituperas,
1601 4557 1702 4610 nisi
1727 4570 1856 4610 con-

271 4645 537 4724 scntiatur
576 4657 1008 4729 concupiscentiae
1047 4653 1222 4710 carnis
1264 4665 1422 4722 quam
1451 4645 1850 4716 vituperandam

270 4773 394 4815 esse
424 4772 529 4812 non
559 4761 728 4824 putas,
757 4763 808 4806 et
835 4750 1030 4805 bonum
1060 4743 1375 4816 appellando
1401 4742 1617 4809 insuper
1647 4736 1850 4792 laudas.

271 4851 410 4919 Quid
449 4856 534 4904 est
573 4855 747 4900 autem
778 4843 1032 4907 insanius,
1063 4853 1218 4909 quam
1260 4834 1517 4889 luxuriam
1551 4830 1770 4896 malum,
1801 4837 1854 4883 et

273 4939 751 5010 concupiscentiam
797 4933 1018 4989 luxuriae
1067 4931 1262 4984 bonum
1306 4924 1525 4980 dicere?
1567 4932 1622 4978 et
1668 4933 1853 4992 putare

275 5030 569 5103 apostolum
598 5026 791 5082 Christi
813 5024 1026 5078 nomine
1053 5014 1492 5088 concupiscentia:
1521 5013 1717 5078 Carnis,
1745 5026 1852 5066 non

234 5184 237 5185 ν
275 5125 441 5194 ipsam
487 5115 966 5189 concupiscentiam
1011 5111 1206 5173 carnis,
1251 5108 1342 5164 sed
1375 5106 1545 5178 potius
1574 5117 1854 5159 accusasse

276 5213 562 5279 luxuriam,
602 5188 718 5280 qua:
755 5206 972 5260 omnino
1015 5203 1153 5257 nulla
1183 5208 1284 5267 est,
1331 5199 1430 5252 nisi
1469 5211 1588 5250 cum
1632 5188 1853 5264 quisque

240 5291 244 5297 ’
276 5301 700 5376 concupiscentia
743 5297 921 5353 carnis
960 5296 1189 5359 illicitur,
1223 5291 1462 5356 trahitur,
1515 5284 1854 5359 possidetur?

341 5479 674 5542 ‘__V_Iigni_erius,
697 5473 781 5526 sed
825 5467 1203 5542 concupiscentia
1229 5463 1447 5542 permisi
1462 5471 1537 5542 et“
1554 5460 1850 5542 ριῇξιξιξῇεῇς

276 5540 322 5613 si
347 5527 431 5590 ille
439 5527 614 5613 ῗηιιίιιε.
638 5527 692 5588 A't
715 5527 1021 5598 mnuscripti
1046 5534 1206 5596 priore
1229 5529 1334 5580 loco
1361 5527 1558 5586 habent,
1583 5527 1663 5586 si;
1687 5531 1851 5586 postc-

278 5604 428 5660 riore,
447 5600 551 5651 sed.

343 5665 363 5694 '
393 5661 555 5711 Codex
573 5667 702 5718 Man,
729 5656 865 5708 bona.

345 5723 366 5758 ³
397 5723 533 5781 mni,
570 5733 664 5770 non
684 5715 845 5783 possit.
871 5715 1100 5769 Partitula
1130 5725 1317 5779 negans
1353 5716 1636 5762 auctoritate
1681 5719 1827 5759 manu

281 5785 566 5849 scriptorum
590 5782 903 5846 expungitur.
1513 5813 1516 5816 .

1609 365 1812 424 LIBER
1845 360 2190 434 QUARTUS.

3387 379 3526 439 I350

1950 478 2112 546 Quasi
2140 493 2245 533 non
2290 479 2550 539 invenerit
2596 491 2771 541 tantus
2814 485 3000 543 doctor
3040 487 3182 546 unde
3222 489 3385 559 illam,
3430 494 3527 549 sed

1949 568 2088 623 unde
2131 569 2455 627 luxuriosum
2503 575 2717 632 nomine
2758 576 2874 647 ejus
2913 589 3188 650 argueret;
3219 596 3340 637 cum
3367 582 3526 640 luxu-

1948 659 2119 714 riosus
2155 675 2261 716 non
2298 673 2438 718 esset
2461 665 2780 737 arguendus,
2813 667 2913 724 nisi
2951 669 3068 740 ejus
3095 670 3370 728 desideriis
3393 672 3528 730 obe-

1947 747 2102 802 diret.
2141 749 2331 806 Desine
2358 753 2578 808 multum
2608 754 2806 824 dicere,
2832 765 2886 812 et
2909 771 3095 828 parum
3123 774 3332 831 sapere.
3377 762 3527 819 Nun-

1947 856 2103 912 quam
2120 842 2336 908 efﬁcies,
2355 846 2682 914 quantolibet
2697 847 3026 919 loquacitatis
3045 859 3147 907 tua:
3163 851 3401 923 ﬂumine,
3417 870 3528 926 quo

1949 932 2000 987 in
2039 932 2299 1003 profunda
2342 936 2600 1005 raptaris;
2631 953 2848 1008 prorsus
2893 957 3158 1013 nunquam
3201 945 3420 1014 efﬁcies,
3467 954 3527 1001 ut

1949 1023 2150 1078 luxuria
2177 1024 2245 1078 sit
2273 1025 2488 1092 malum,
2521 1035 2576 1083 et
2601 1032 2976 1099 concupiscere
2999 1047 3118 1101 qua:
3145 1032 3212 1087 ad
3257 1035 3518 1091 luxuriam

1947 1113 2211 1184 pertinent
2242 1130 2345 1169 non
2385 1116 2454 1169 sit
2482 1118 2700 1186 malum,
2731 1120 2936 1176 etiamsi
2977 1123 3067 1177 tali
3096 1125 3113 1156 ¹
3143 1125 3522 1196 concupiscen-

1949 1209 2034 1262 tia:
2063 1223 2168 1262 non
2206 1209 2583 1273 conscntiatur,
2613 1226 2680 1266 ne
2710 1211 2904 1267 malum
2931 1224 3282 1284 perpetretur.

2016 1296 2204 1352 XXIII.
2240 1298 2358 1354 ιυι.
2398 1297 2486 1354 Sic
2511 1299 2652 1354 enim
2677 1309 2732 1356 et
2759 1301 2811 1356 in
2841 1301 3131 1374 Evangelio
3155 1317 3253 1360 suo
3279 1305 3520 1362 dixerat:

1948 1388 2173 1444 Mundus
2208 1407 2298 1462 per
2325 1391 2491 1462 ipsum
2524 1391 2690 1461 factus
2716 1402 2808 1459 est,
2838 1403 2885 1448 et
2913 1395 3132 1450 mundus
3170 1413 3284 1450 eum
3308 1414 3409 1452 non
3435 1413 3524 1453 ce-

1945 1483 2114 1553 gnovit
2143 1481 2321 1553 (Jonn.
2365 1499 2402 1549 ι,
2438 1483 2525 1554 10)
2562 1501 2575 1537 :
2607 1500 2710 1539 non
2752 1486 2932 1556 utique
2973 1495 3032 1540 ut
3058 1486 3319 1542 elementa
3362 1486 3520 1543 Chris

1946 1581 2088 1627 stum
2118 1573 2320 1628 ratione
2351 1574 2582 1629 carentia
2623 1575 2858 1644 potuisse
2883 1574 3187 1630 viderentur
3210 1576 3293 1632 vel
3319 1591 3522 1646 cogno-

1945 1678 2097 1718 scere
2136 1663 2216 1718 vel
2262 1679 2489 1734 negare;
2533 1663 2626 1719 sed
2655 1672 2713 1719 ut
2753 1665 2935 1720 mundi
2974 1666 3326 1736 appellatione
3369 1667 3520 1722 turba

1946 1751 2235 1808 inﬁdelium
2265 1755 2580 1824 signaretur.
2621 1752 2821 1809 Eodem
2851 1769 2979 1826 ergo
3011 1769 3160 1810 more
3190 1755 3241 1809 in
3274 1756 3522 1826 praesenti

1944 1856 2174 1912 quoque,
2206 1857 2363 1897 omne
2404 1841 2544 1913 quod
2572 1842 2623 1897 in
2655 1842 2852 1898 mundo
2877 1853 2978 1907 est,
3010 1842 3061 1898 id
3087 1853 3189 1910 est,
3211 1846 3386 1899 omnia
3425 1860 3520 1914 ge-

1946 1947 2072 1987 nera
2115 1931 2389 1987 hominum
2417 1933 2485 1987 ita
2531 1933 2886 2004 voluptatibus
2924 1934 3260 2001 inhmrentia,
3292 1945 3348 1990 nt
3385 1937 3522 1991 bona

1945 2031 2132 2079 cuncta
2163 2023 2490 2079 rationabilis
2505 2023 2786 2079 animantis
2807 2035 2897 2080 aut
2921 2033 3241 2095 potestatum
3267 2025 3519 2096 phaleris,

1943 2123 2038 2170 aut
2077 2131 2236 2186 opum
2265 2116 2508 2182 sarcinis,
2538 2116 2783 2172 sensibus
2811 2117 3111 2182 metiantur,
3144 2132 3302 2171 exosa
3331 2118 3407 2171 ait
3430 2132 3524 2172 su-

1946 2205 2125 2277 perbia
2155 2207 2434 2276 turguisse,
2462 2223 2580 2277 qua:
2606 2222 2672 2262 ex
2695 2207 2805 2263 Deo
2821 2204 2925 2262 non
2950 2216 3052 2274 est,
3081 2206 3132 2262 id
3155 2217 3260 2274 est,
3289 2209 3399 2262 Deo
3419 2223 3523 2263 non

1945 2295 2137 2364 placet,
2175 2295 2266 2350 sed
2292 2310 2355 2350 ex
2384 2296 2584 2352 mundo
2612 2307 2713 2362 est,
2740 2297 3024 2353 voluntatis
3049 2299 3252 2354 scilicet
3279 2299 3524 2354 humana:

1946 2385 2204 2454 pravitate
2228 2394 2502 2455 concepta.
2529 2386 2598 2442 Et
2620 2387 2742 2442 ideo
2761 2401 2877 2454 vos,
2901 2388 3089 2458 inquit,
3115 2402 3212 2442 sua
3233 2404 3337 2443 non
3363 2389 3524 2445 debet

1946 2474 2282 2530 armulatione
2316 2490 2662 2546 corrumpere
2693 2493 2708 2531 :
2739 2477 2860 2548 quia
2899 2477 2990 2546 qui
3027 2478 3150 2532 facit
3194 2478 3519 2532 voluntatem

1947 2565 2063 2633 Dei,
2088 2574 2301 2622 aeterna;
2324 2565 2384 2622 ﬁt
2408 2566 2747 2622 beatitudinis
2765 2581 3001 2638 compos,
3020 2581 3120 2622 nec
3137 2581 3258 2621 cum
3283 2581 3522 2636 pra-sen-

1949 2656 2079 2711 tium
2117 2655 2400 2728 fragilitate
2424 2657 2776 2728 praetervolat.
2810 2658 2948 2728 Ergo
2980 2656 3214 2712 Joannes
3253 2657 3526 2727 apostolus

1947 2747 2071 2803 odio
2100 2747 2283 2804 haberi
2311 2748 2566 2802 mundum
2594 2749 2863 2819 praecepit,
2891 2747 3160 2819 quomodo
3184 2755 3239 2803 et
3268 2749 3525 2804 Dominus

1949 2838 2002 2893 in
2042 2839 2346 2910 Evangelio,
2383 2855 2486 2894 non
2515 2839 2686 2894 solum
2726 2853 2939 2910 corpus,
2971 2838 3066 2895 sed
3089 2839 3248 2894 etiam
3291 2841 3524 2905 animam

1949 2926 2120 2998 ipsam
2144 2936 2377 2983 nostram
2405 2928 2528 2983 odio
2552 2927 2846 2984 habendam
2872 2942 2994 2984 esse
3023 2929 3371 2984 monstravit:
3398 2929 3521 2996 Qui,

1949 3021 2137 3092 inquit,
2183 3037 2285 3076 non
2324 3021 2430 3075 odit
2470 3030 2684 3092 patrem,
2732 3030 2822 3076 aut
2864 3022 3092 3092 fratrem,
3135 3023 3340 3093 insuper
3374 3026 3525 3078 etiam

1947 3113 2170 3166 animam
2195 3127 2359 3180 suam,
2390 3129 2492 3166 non
2521 3123 2592 3167 est
2620 3129 2696 3166 me
2720 3112 2901 3182 dignus
2927 3112 3075 3184 (Luc.
3101 3129 3209 3176 xlv,
3242 3113 3358 3184 26).
3389 3115 3524 3170 Cum

1948 3196 2094 3260 certe
2118 3202 2350 3259 ﬁdelium
2373 3203 2580 3259 animus
2606 3217 2666 3259 se
2687 3203 2862 3260 odisse
2887 3219 2991 3257 non
3025 3205 3207 3272 possit,
3237 3205 3324 3274 qui
3345 3219 3528 3261 amore

1948 3295 2342 3353 consultissima
2387 3295 2692 3351 felicitatem
2740 3310 2888 3350 suam
2942 3295 3214 3350 doloribus
3261 3294 3421 3350 etiam
3475 3305 3531 3352 et

1951 3388 2196 3461 periculis
2215 3397 2497 3444 mercatur.
2520 3387 2658 3455 Quid
2675 3389 2830 3458 igitur
2843 3387 3084 3458 egimus?
3114 3388 3422 3457 Apostolum
3446 3389 3528 3442 vi-

1951 3479 2144 3535 delicet
2170 3479 2447 3545 Joannem,
2476 3495 2542 3534 ex
2566 3495 2715 3533 more
2740 3479 3126 3548 Scripturarum
3166 3479 3344 3534 mundi
3373 3495 3531 3533 voca-

1950 3569 2078 3626 hulo
2103 3583 2206 3624 non
2235 3579 2476 3624 naturam
2503 3569 2789 3639 perculisse
2815 3584 3012 3632 rerum,
3057 3568 3148 3622 sed
3177 3569 3298 3621 vitia
3338 3569 3496 3622 volun
3523 3600 3528 3602 -

1953 3667 2118 3714 tatum
2151 3675 2164 3713 :
2193 3669 2350 3731 atque
2375 3659 2445 3713 ita
2485 3659 2964 3728 concupiscentiam
3005 3658 3180 3711 carnis
3210 3673 3433 3728 negasse
3461 3675 3526 3716 ex

1953 3749 2064 3804 Deo
2106 3763 2246 3815 esse,
2293 3749 2429 3803 sicut
2471 3747 2646 3802 omnia
2690 3761 2807 3817 qua:
2854 3746 2907 3800 in
2954 3746 3152 3800 mundo
3195 3755 3336 3800 sunt.
3376 3748 3526 3813 Quod

1952 3838 2269 3895 Manichacus
2307 3853 2415 3893 non
2442 3837 2727 3892 secundum
2758 3835 2997 3905 Apostoli
3027 3850 3265 3901 sensum,
3309 3835 3402 3890 sed
3441 3851 3529 3890 se-

1953 3930 2184 3986 cundum
2215 3929 2484 3999 perﬁdiam
2506 3943 2653 3983 suam
2677 3927 2818 3982 velut
2835 3934 3223 3997 consequenter
3245 3927 3526 3995 arripiens,

1953 4041 2052 4081 nec
2075 4025 2555 4095 concupiscentiam
2591 4023 2785 4086 carnis,
2826 4035 2922 4075 nec
2949 4021 3114 4090 ipsam
3159 4035 3392 4080 carnem,
3431 4031 3530 4072 nec

1956 4128 2121 4175 totum
2154 4126 2420 4188 pestremo
2461 4114 2714 4169 mundum
2742 4129 2771 4167 a
2801 4114 2908 4167 Deo
2935 4111 3211 4166 conﬁrmat
3237 4110 3480 4165 effectum
3512 4127 3527 4163 :

1956 4227 2112 4282 quem
2139 4217 2193 4264 tu
2219 4217 2450 4272 secutus,
2479 4204 2958 4276 concupiscentiam
2983 4201 3179 4269 carnis,
3207 4187 3311 4257 non
3338 4216 3367 4256 a
3399 4202 3528 4268 Deo,

1955 4303 2048 4361 sed
2079 4317 2109 4357 a
2135 4301 2346 4356 diabolo
2371 4298 2638 4355 conditam
2668 4296 2863 4352 credis.

2026 4396 2160 4450 Auo.
2203 4392 2348 4448 Hanc
2373 4405 2470 4461 ego
2491 4386 2968 4460 concupiscentiam
2986 4384 3161 4440 carnis
3184 4383 3378 4438 malum
3408 4382 3531 4437 dico

1956 4502 2094 4550 esse,
2124 4499 2282 4556 quam
2308 4483 2436 4536 dicit
2459 4479 2690 4536 Joannes
2716 4493 2745 4532 a
2777 4477 2931 4532 Patre
2958 4492 3061 4530 non
3107 4489 3248 4536 esse.
3281 4483 3333 4529 et
3373 4489 3530 4544 quam

1954 4579 2082 4634 dicit
2107 4573 2417 4630 Ambrosius
2445 4571 2496 4625 in
2544 4578 2783 4623 naturam
2808 4576 3043 4620 nostram
3078 4579 3144 4619 ex
3177 4563 3327 4632 primi
3361 4563 3531 4616 homi-

1958 4669 2039 4722 nis
2069 4663 2496 4736 praevaricatione
2519 4659 2742 4714 vertisse
2765 4656 2897 4730 (Lib.
2927 4657 2958 4711 7
2987 4656 3040 4709 in
3063 4654 3185 4708 Luc.
3217 4653 3314 4725 xu)
3342 4669 3357 4718 ;
3392 4653 3532 4708 unde

1956 4759 2184 4815 Joannes
2210 4758 2393 4811 volens
2420 4753 2657 4808 homines
2685 4748 2924 4819 intelligi,
2952 4764 3068 4804 eam
3097 4748 3223 4801 dicit
3247 4762 3310 4801 ex
3339 4747 3533 4800 mundo

1958 4865 2094 4904 esse.
2137 4849 2281 4902 lianc
2305 4843 2779 4913 concupiscentiam
2805 4840 2979 4896 carnis
2999 4849 3052 4893 et
3078 4837 3394 4892 Manicharus
3423 4853 3533 4890 ma-

1957 4943 2066 4999 lum
2095 4940 2253 5004 dicit;
2285 4937 2376 4994 sed
2415 4935 2553 4991 unde
2581 4936 2647 4989 sit
2675 4933 2842 4988 nescit
2874 4951 2887 4986 :
2929 4941 2984 4986 tu
3028 4940 3202 4984 autem
3233 4929 3424 4983 bonum
3453 4931 3534 4983 di-

1957 5037 2050 5101 cis,
2082 5034 2202 5104 quia
2243 5041 2296 5087 el
2324 5041 2378 5086 tu
2418 5029 2556 5084 unde
2584 5029 2656 5082 sit
2683 5026 2894 5090 nescis;
2925 5034 2977 5079 et
3005 5039 3120 5079 eam
3151 5022 3389 5093 negando
3417 5038 3534 5076 esse

1957 5126 2098 5184 unde
2121 5125 2258 5179 illam
2287 5137 2404 5178 esse
2427 5120 2553 5174 dicit
2573 5117 2901 5179 Ambrosius,
2932 5114 3057 5168 facis
3087 5122 3141 5167 ut
3163 5123 3360 5167 naturzn
3388 5112 3528 5175 mali,

1958 5236 2113 5293 quam
2141 5219 2248 5272 Deo
2275 5224 2588 5270 comtcrnam
2615 5210 2825 5279 desipit,
2851 5217 2993 5264 recte
3024 5207 3120 5262 sibi
3152 5221 3268 5260 eam
3295 5205 3534 5258 videatur
3616 5211 3635 5231 ⁶

1959 5292 2190 5366 tribuere
2235 5303 2571 5360 Manichzcns.
2615 5302 2752 5370 Ergo
2798 5307 2854 5353 ut
2901 5308 2953 5351 et
3001 5304 3054 5350 tu
3103 5292 3436 5363 redarguaris
3481 5300 3534 5344 et

1959 5399 2294 5463 Manichzcus,
2339 5394 2465 5449 illud
2503 5391 2643 5463 quod
2672 5391 2794 5446 dicit
2833 5389 3062 5444 Joannes
3101 5383 3389 5453 apostolus,
3424 5381 3534 5449 epi-

1960 5506 2151 5561 scopus
2185 5489 2402 5560 exponit
2430 5477 2756 5540 Ambrosius.
2797 5478 2946 5548 Quod
2975 5477 3116 5533 enim
3150 5489 3244 5544 per
3282 5470 3557 5542 ιιι-,θνητὴ

1959 5583 2222 5639 cationem
2252 5579 2404 5651 primi
2436 5577 2660 5632 llOIIlIllIS
2686 5576 2736 5629 in
2757 5589 2788 5626 n
2808 5581 2992 5625 ituram
3021 5567 3196 5629 vertit,
3221 5579 3325 5620 Mn
3352 5561 3536 5634 utique
3572 5599 3576 5603 ι

2025 5699 2042 5730 ί
2072 5696 2362 5762 ι’ῑςζιιίοιίιις,
2405 5688 2600 5762 ιεοιὶίιηιςὶ⁶
2624 5681 3014 5759 concupiscentiw
3036 5678 3269 5741 (omisso,
3313 5669 3537 5736 manui

1962 5761 2230 5811 restituitur
2264 5771 2323 5806 cx
2370 5763 2718 5813 manuscripts.
