4058 6524
1248 321 1492 380 OPERIS
1531 315 1940 374 IMPERFECTI
1977 312 2252 370 CONTRA
2285 313 2644 382 JULIANUM,
2683 315 2742 372 S.
2782 317 3142 376 AUGUSTINI

2222 435 2276 482 ct
2301 427 2572 482 oculorum
2609 427 2794 494 fuisse,
2823 447 2978 502 quam
3005 433 3231 504 culpam.

2291 519 2424 574 Ave.
2467 519 2596 573 Huic
2619 520 2755 575 libro
2781 531 2869 576 tuo
2895 524 3146 587 secundo,
3173 527 3298 581 satis
3325 531 3582 600 respondi
3613 547 3842 604 quarto

2219 621 2360 662 meo.
2390 607 2521 662 Nam
2565 611 2700 666 sicut
2742 611 2833 676 ibi,
2874 613 2944 667 ita
2971 624 3024 669 et
3067 615 3153 671 hic
3199 619 3364 688 garris
3409 619 3616 678 inania.
3647 627 3840 683 Nullo

2219 693 2360 750 enim
2403 697 2562 752 modo
2601 701 2898 766 ostendisti,
2935 706 3413 774 concupiscentiam
3460 715 3668 778 carnis,
3701 733 3832 786 qua

2217 799 2342 842 caro
2369 790 2693 860 concupiscit
2719 791 2973 849 adversus
3003 795 3263 865 Spiritum,
3308 799 3451 867 prius
3479 801 3531 855 in
3583 803 3834 864 homine

2217 897 2336 938 esse
2356 885 2601 954 cepisse,
2633 901 2790 956 quam
2817 888 3044 958 culpam.
3075 889 3336 962 Quidquid
3360 894 3488 950 illud
3519 908 3630 964 est,
3657 903 3828 970 quod

2215 973 2322 1030 duo
2351 975 2424 1030 illi
2453 976 2694 1033 homines
2721 989 2839 1048 post
2867 990 3141 1050 peccatum
3173 983 3223 1038 in
3250 985 3506 1041 membris
3531 990 3652 1049 suis
3681 1008 3832 1047 sen-

2215 1076 2400 1123 serunt
2441 1085 2660 1136 novum,
2687 1071 2828 1126 unde
2856 1071 3025 1142 pudor
3059 1088 3242 1129 eorum
3284 1077 3530 1146 pudenda
3559 1085 3826 1138 contexit

535 329 668 388 135]
1248 329 1492 380 OPERIS
1531 329 1940 374 IMI’Ettr'L‘UII
1977 329 2252 370 tau-ama
2285 329 2644 382 JULIANUM,
2683 329 2742 372 δ.
2782 329 3141 376 AUGUSTINI
3673 333 3850 391 .353

529 439 644 494 Deo
668 446 991 496 coaeternum
1021 434 1214 492 malum
1241 443 1362 498 est;
1391 439 1562 487 taceat
1587 445 1714 500 ergo
1752 425 2109 486 Manichacus:

531 537 588 584 ct
613 539 790 586 tamen
817 527 1013 582 malum
1041 535 1159 586 est;
1189 531 1360 577 taceat
1383 535 1510 588 ergo
1538 521 1698 575 etiam
1721 517 1980 574 Julianus.

601 617 792 672 XXIV.
818 615 939 670 Jun.
965 613 1182 668 Constat
1203 612 1377 681 itaque
1399 610 1610 664 beatum
1626 607 1883 662 Joannem
1911 604 2108 658 nullam

531 707 626 761 tibi
672 705 872 758 erroris
917 702 1248 758 occasionem
1291 699 1545 755 dedisse:
1577 707 1629 753 te
1673 711 1833 768 porro
1877 695 1930 750 id
1972 693 2116 764 quod

529 789 851 852 hianicltmus
881 793 1095 864 protulit
1123 791 1415 848 imbibisse.
1455 789 1628 860 Atque
1655 797 1716 844 ut
1752 785 1980 856 apostoli
2001 785 2112 856 jam

528 885 921 941 existimatione
949 883 1190 948 defensa,
1218 897 1430 938 manum
1457 897 1616 950 super
1643 880 1747 934 hoc
1770 879 1854 934 vel
1883 878 2116 934 breviter

528 985 897 1030 construamus
923 991 936 1028 :
963 972 1090 1044 quid
1133 971 1220 1028 hic
1259 981 1498 1027 sanctum
1538 969 1797 1025 Joannem
1840 969 2114 1024 existimas

531 1063 794 1130 intimare,
820 1078 942 1118 cum
966 1061 1446 1132 concupiscentiam
1467 1059 1642 1116 carnis
1666 1060 2112 1128 etconcupiscen-

529 1157 652 1209 tiam
680 1155 952 1209 oculorum
982 1169 1048 1208 ex
1065 1153 1177 1208 Deo
1203 1167 1309 1207 non
1338 1153 1458 1208 esse
1486 1149 1834 1222 pronuntiat?
1861 1149 2112 1207 Gcnnsne

527 1247 701 1317 ipsum
718 1247 1177 1316 concupiscentiae,
1191 1261 1310 1316 qua!
1327 1260 1432 1302 non
1455 1245 1819 1300 mediocritate
1837 1259 2110 1308 concessa,

525 1336 621 1391 sed
668 1337 938 1393 nimietate
975 1336 1240 1407 prohibita
1287 1337 1338 1390 in
1367 1337 1554 1391 vitium
1601 1335 1776 1400 cadit;
1825 1349 1892 1388 an
1936 1333 2110 1390 solum

524 1441 825 1492 excessum,
869 1427 956 1497 qui
987 1441 1092 1480 non
1123 1424 1400 1492 naturalis,
1438 1423 1534 1480 sed
1561 1423 1891 1479 voluntarius
1915 1423 2110 1494 depre-

527 1515 812 1586 henditur?

597 1607 732 1662 Auc.
771 1606 828 1662 Si
870 1605 923 1660 in
969 1605 1152 1662 vitium
1178 1604 1339 1671 cadit,
1379 1611 1503 1660 tunc
1529 1619 1646 1660 eam
1691 1603 1880 1660 saltem
1909 1602 2108 1658 malum

523 1711 644 1752 esse
667 1695 900 1752 concede
933 1717 949 1752 :
979 1697 1072 1752 sed
1101 1711 1198 1750 cur
1223 1711 1340 1751 eam
1367 1703 1493 1750 tunc
1521 1709 1734 1765 queque
1761 1695 1957 1749 bonum
1983 1709 2104 1750 esse

523 1785 824 1852 contendis,
846 1795 900 1840 et
923 1801 1044 1840 eum
1075 1785 1215 1840 bono
1245 1785 1380 1840 male
1403 1785 1477 1838 uti
1503 1784 1656 1851 dicis,
1683 1783 1772 1854 qui
1796 1798 2108 1861 concessum

522 1875 640 1944 ejus
670 1875 888 1930 modum.
910 1875 1163 1932 excedit?
1191 1875 1278 1930 Sic
1305 1873 1446 1928 enim
1475 1889 1580 1928 non
1609 1873 1740 1944 ipsa,
1771 1874 1866 1928 sed
1895 1873 1986 1928 ille
2011 1887 2106 1927 ca-

522 1963 600 2018 dit
623 1964 676 2018 in
692 1964 897 2032 vitium,
920 1965 1007 2035 qui
1025 1980 1085 2020 ea
1109 1965 1246 2020 male
1267 1965 1450 2019 utitur.
1476 1964 1704 2019 Videsne
1720 1979 1878 2033 quam
1900 1964 2107 2019 nescias

521 2055 645 2126 quid
683 2055 938 2128 loquaris,
978 2056 1190 2128 quando
1235 2071 1335 2113 nec
1382 2056 1438 2112 in
1489 2065 1576 2111 tua
1619 2055 1928 2112 deﬁnitione
1972 2071 2106 2112 con-

521 2145 664 2202 sistis
686 2143 712 2200 τ

587 2253 758 2312 XXV.
802 2254 922 2312 Jun.
971 2255 1028 2312 Si
1076 2255 1308 2324 dixeris,
1355 2255 1568 2312 nomine
1616 2255 2101 2326 concupiscentiae,

517 2345 676 2400 etiam
705 2345 854 2401 illum
879 2347 1048 2416 ipsum
1089 2346 1326 2411 modum,
1357 2359 1464 2415 quo
1493 2346 1636 2400 licita
1675 2361 1854 2400 rerum
1883 2353 2102 2400 natura-

517 2435 644 2488 lium
681 2434 912 2490 afﬁcitur
955 2435 1243 2504 voluptate,
1293 2442 1350 2490 ut
1376 2435 1802 2504 concupiscentia
1844 2434 2020 2490 carnis
2048 2435 2101 2490 in

517 2526 822 2580 universum
849 2526 1128 2596 reprobata
1173 2525 1410 2580 videatur
1442 2543 1456 2580 :
1485 2540 1611 2596 ergo
1639 2535 1694 2580 et
1717 2541 1932 2580 sensum
1977 2541 2106 2580 ocu-

517 2615 716 2680 lorum,
743 2622 799 2670 et
819 2613 1072 2668 mundum
1103 2614 1298 2684 ipsum,
1322 2623 1376 2669 et
1417 2615 1671 2684 quidquid
1694 2616 1744 2668 in
1777 2614 1972 2670 mundo
1996 2623 2100 2680 est,

514 2718 546 2754 a
575 2703 789 2758 diabolo
815 2702 1086 2758 conditum
1118 2703 1405 2772 prolltcre;
1435 2704 1558 2773 quia
1586 2705 1761 2760 omnia
1809 2704 2005 2774 pariter
2031 2719 2099 2760 ex

515 2791 626 2847 Deo
665 2808 771 2848 non
799 2807 918 2848 esse
955 2792 1221 2848 dicuntur.
1249 2791 1398 2861 Quod
1425 2803 1570 2848 certe
1598 2795 1643 2848 si
1673 2793 1946 2860 annueris,
1995 2808 2100 2849 non

511 2881 760 2938 cﬂicieris
781 2883 1138 2950 Manichacus;
1168 2899 1228 2940 es
1270 2885 1414 2940 enim
1461 2885 1620 2940 etiam
1662 2899 1805 2940 nunc
1833 2903 1847 2940 :
1874 2884 1970 2941 sed
2000 2883 2102 2942 hoc

515 2985 568 3030 te
593 2989 735 3042 esse,
761 2985 818 3030 ut
857 2961 1185 3047 argumentis
1215 2976 1318 3036 tuis
1346 2975 1496 3042 olim,
1527 2976 1600 3031 ita
1643 2992 1851 3048 quoque
1891 2975 2100 3047 profes-

511 3067 662 3122 sione
690 3069 1012 3126 monstrabis
1072 3067 1129 3122 Si
1157 3076 1337 3122 autem
1375 3066 1628 3122 nudatum
1657 3083 1891 3122 errorem
1937 3083 2101 3137 pave-

510 3169 684 3221 scens,
739 3155 940 3210 dixeris
1001 3155 1315 3224 Apostolum
1379 3155 1594 3210 nomine
1657 3156 2099 3226 concupiscentia

509 3245 686 3300 carnis
705 3252 760 3298 et
781 3243 1056 3299 oculorum
1076 3244 1540 3314 concupiscentiae,
1566 3253 1621 3299 et
1644 3246 1858 3301 nomine
1883 3245 2090 3315 mundi,

509 3348 614 3387 non
645 3347 734 3388 res
761 3333 924 3402 ipsas,
955 3347 1074 3402 qua:
1109 3347 1230 3387 cum
1257 3333 1392 3387 intra
1427 3347 1712 3389 concessos
1752 3334 1882 3388 lines
1909 3343 2098 3389 tenen-

509 3431 616 3486 tur,
649 3423 894 3477 innocua:
916 3432 1078 3488 sunt;
1109 3437 1230 3477 cum
1257 3431 1434 3478 autem
1465 3422 1517 3476 in
1544 3423 1721 3477 illicita
1755 3433 2094 3492 procurrunt,

509 3511 640 3567 ﬁunt
680 3511 1149 3582 reprehensibiles,
1194 3511 1479 3568 adnotasse
1513 3529 1526 3566 :
1559 3513 1814 3580 clarebit,
1860 3512 2000 3586 quod
2045 3515 2096 3569 in

506 3603 681 3672 primo
723 3617 886 3673 opere
929 3603 1156 3672 egimus,
1203 3603 1648 3672 concupiscentim
1693 3604 1947 3658 naturalis
1988 3619 2096 3659 non

506 3709 692 3764 genus,
721 3709 828 3748 non
868 3692 1120 3764 speciem,
1153 3708 1260 3748 non
1290 3693 1526 3756 modum.
1556 3693 1648 3748 sed
1676 3709 1954 3776 excessum
1983 3703 2098 3748 tan-

506 3795 617 3840 tum
645 3785 698 3839 in
736 3785 946 3855 culpam
973 3784 1175 3840 venire.
1216 3783 1388 3854 Atque
1429 3784 1551 3838 ideo
1592 3783 1696 3840 ltoc
1737 3785 2096 3840 testimonium

505 3877 746 3948 Apostoli
787 3877 840 3932 in
870 3877 1130 3948 reliquum
1163 3875 1421 3946 pudenter
1447 3885 1653 3943 caveto,
1687 3891 1754 3931 ne
1780 3877 1908 3931 illud
1933 3877 1978 3930 si
2012 3877 2095 3931 vel

505 3965 606 4022 levi
623 3969 1126 4023 commemoratione
1149 3969 1421 4038 pollueris,
1439 3967 1686 4024 defensus
1706 3967 1916 4039 quidem
1936 3968 2092 4036 nihil,

505 4058 776 4128 prepalam
806 4073 935 4114 vero
978 4058 1218 4128 proditus
1259 4059 1571 4128 approberis
1597 4060 1639 4112 ί.

573 4149 712 4207 Anc.
753 4149 884 4216 Sed,
930 4149 1090 4204 homo
1115 4149 1466 4213 contentiose,
1500 4149 1686 4203 modus
1715 4149 2095 4218 concupiscen-

503 4239 615 4306 tiae,
645 4255 802 4308 quem
829 4238 963 4294 dicis
991 4254 1108 4293 esse
1138 4253 1474 4303 concessum,
1503 4247 1632 4292 tunc
1672 4253 1775 4292 non
1805 4247 2047 4292 servatur
2073 4279 2090 4304 ,

503 4333 716 4404 quando
742 4333 815 4387 illi
842 4331 1132 4403 impellenti
1163 4331 1494 4386 consentitur
1542 4340 1634 4385 aut
1657 4331 1883 4398 ceditur,
1912 4341 1965 4386 et
1990 4331 2095 4386 itur

504 4423 558 4478 in
584 4427 698 4492 ejus
723 4435 998 4478 excessum
1034 4438 1048 4473 :
1079 4435 1184 4490 quo
1209 4427 1268 4475 ut
1296 4434 1400 4475 non
1428 4429 1598 4487 eatur,
1640 4420 1905 4474 resistitur
1929 4421 2089 4474 malo.

502 4511 632 4580 Quis
655 4513 796 4566 enim
836 4509 1041 4566 dubitet
1067 4509 1260 4564 malum
1287 4524 1407 4564 csse
1431 4511 1475 4574 ⁸,
1509 4511 1593 4564 cui
1633 4510 1676 4564 si
1705 4510 1944 4575 obedias,
1975 4525 2090 4564 ma-

503 4596 612 4650 lum
642 4594 805 4662 facis;
838 4595 882 4650 si
907 4609 1190 4666 repugnes,
1217 4595 1413 4650 bonum
1435 4593 1460 4648 ?
1483 4593 1584 4661 Qui
1609 4609 1736 4663 ergo
1757 4595 1868 4648 vult
1889 4602 2092 4662 tempe-

503 4694 683 4740 ranter
722 4684 928 4752 vivere,
970 4701 1074 4738 non
1119 4683 1417 4742 consentiat
1441 4684 1584 4737 malo
1621 4683 1758 4753 quod
1788 4684 2006 4747 laudas;
2036 4691 2091 4738 et

501 4777 588 4846 qui
625 4776 738 4829 vult
769 4773 992 4830 fideliter
1015 4777 1209 4842 vivere,
1241 4789 1345 4831 non
1385 4775 1478 4829 tibi
1507 4775 1800 4830 consentiat
1823 4791 1942 4830 cum
1976 4791 2090 4830 ma-

500 4865 610 4920 lum
638 4865 860 4919 laudas:
891 4865 1112 4933 proinde
1140 4872 1196 4918 ut
1229 4879 1324 4919 vos
1366 4873 1568 4932 caveat,
1601 4865 2084 4934 concupiscentiam

499 4955 678 5009 carnis
717 4955 912 5008 malum
959 4968 1078 5008 esse
1107 4953 1273 5020 sciat;
1307 4965 1364 5009 ut
1407 4961 1582 5008 autem
1625 4963 1678 5010 ct
1703 4969 1798 5009 vos
1843 4965 1897 5010 et
1925 4953 2090 5008 Mani-

503 5046 707 5112 chaeos,
737 5045 878 5100 unde
904 5045 972 5098 sit
999 5044 1153 5098 sciat.

574 5153 767 5210 XXVI.
807 5153 928 5209 JUL.
969 5153 1196 5208 Exercui
1238 5153 1376 5208 hunc
1403 5154 1575 5208 locum
1603 5155 1656 5210 in
1683 5155 1915 5210 seetmdo
1942 5155 2087 5228 prio-

500 5246 575 5304 ris
623 5245 801 5316 operis
847 5244 1046 5310 libello,
1098 5251 1258 5313 atque
1306 5244 1536 5308 ostendi,
1583 5247 1731 5316 prius
1775 5246 1827 5301 in
1872 5247 2085 5303 homine

500 5336 981 5408 concupiscentiam
1009 5334 1184 5390 carnis
1210 5351 1328 5405 qua:
1371 5336 1604 5406 speciem
1632 5337 1652 5369 ³
1682 5337 1854 5393 irritat
1881 5341 2086 5410 saporis

563 5469 583 5504 ι
615 5467 754 5529 aditi,
777 5479 865 5531 per
905 5466 1069 5533 palam
1095 5465 1768 5533 verquerditusapparebis.
1805 5471 2085 5522 Concinnior

501 5538 683 5602 nostra,
855 5525 1076 5602 veterum
1102 5525 1453 5602 (ιεῌὶϋιιριζηίη2
1475 5525 1635 5581 lectio.

565 5595 585 5622 ¹
616 5589 919 5656 viguit-rius:
971 5590 1094 5656 ouis
1117 5589 1244 5656 enim
1268 5589 1454 5642 dubitat
1496 5605 1597 5643 esse
1607 5607 1627 5654 ;
1670 5594 1844 5643 omisso
1881 5592 2077 5656 malum,

505 5652 634 5712 quod
657 5652 764 5702 erat
788 5653 839 5700 in
861 5653 1210 5714 manuscriptis.

565 5715 588 5742 "
621 5719 669 5760 tu
693 5719 821 5772 Μέθη
846 5725 992 5774 spem.
1020 5713 1166 5762 locus
1190 5713 1456 5777 perplexus
1483 5723 1530 5766 ct
1555 5715 1860 5780 tlt‘ltmt'nflls.

2219 1155 2366 1227 (Gen.
2392 1174 2468 1220 ιιι,
2499 1160 2584 1230 7),
2612 1161 2792 1230 procul
2819 1161 2982 1218 dubio
3005 1164 3157 1233 culpa
3185 1168 3471 1222 contraxit.

2285 1247 2496 1304 XXVII.
2525 1249 2641 1332 Jun.
2678 1250 2774 1305 Hic
2812 1261 2986 1306 tamen
3025 1255 3322 1308 necessario
3365 1257 3557 1327 exigo,
3597 1261 3818 1330 quibus

2215 1335 2307 1392 tibi
2331 1339 2550 1394 somniis
2576 1340 2862 1394 revelatum
2889 1341 2975 1405 sit,
3005 1349 3062 1396 ut
3081 1343 3294 1398 nomine
3312 1347 3816 1418 concupiscentiae,

2211 1427 2516 1484 coeuntium
2560 1429 2834 1486 libidinem
2873 1431 3156 1486 indicatam
3187 1443 3422 1503 putares.
3452 1437 3634 1494 Salvis
3662 1443 3814 1496 enim

2209 1519 2439 1590 opibus'
2480 1521 2752 1590 veritatis,
2799 1537 2930 1592 quas
2975 1523 3260 1594 disputatio
3305 1526 3462 1597 longa
3511 1529 3812 1600 patefecit,

2211 1617 2459 1677 putemus
2481 1611 2704 1665 necdum
2735 1611 3013 1678 claruisse,
3041 1613 3108 1668 ad
3136 1614 3380 1670 eumdem
3411 1628 3696 1674 auctorem
3721 1631 3812 1676 at-

2211 1699 2381 1756 tinere
2409 1717 2596 1756 sensus
2621 1705 2798 1760 carnis
2821 1746 2836 1770 ,
2885 1704 2952 1760 ad
2978 1722 3136 1777 quem
3163 1706 3281 1776 ejus
3308 1707 3476 1764 forma
3509 1713 3808 1780 pertineat.

2279 1793 2412 1848 Avo.
2433 1792 2534 1847 Alii
2557 1803 2680 1850 sunt
2705 1795 2882 1850 carnis
2909 1811 3121 1864 sensus,
3143 1799 3336 1868 quibus
3355 1815 3480 1854 caro
3502 1807 3802 1872 presenti:

2207 1883 2502 1951 corporalia
2531 1885 2737 1955 spiritui
2763 1886 2990 1956 quodam
3015 1888 3174 1944 modo
3204 1891 3439 1956 nuntiat;
3469 1901 3528 1948 et
3553 1893 3650 1948 alii
3679 1907 3808 1952 sunt

2206 1973 2436 2028 carnalis
2462 1975 2904 2046 concupiscentia:
2928 1987 3131 2045 motus,
3167 1979 3358 2049 quibus
3381 1997 3512 2037 caro
3535 1983 3806 2040 adversus

2205 2063 2451 2133 spiritum
2481 2069 2862 2138 concupiscens
2899 2069 2952 2124 in
2979 2085 3203 2142 qumque
3237 2073 3418 2128 illicita
3446 2086 3610 2145 atque
3643 2077 3808 2132 inho-

2206 2164 2356 2208 nesta
2385 2157 2698 2228 praecipitat,
2725 2159 2824 2214 nisi
2845 2159 3102 2216 adversus
3120 2176 3236 2216 eam
3257 2163 3414 2218 etiam
3437 2167 3552 2235 ipse
3577 2167 3806 2236 spiritus

2204 2245 2546 2314 concupiscat
2575 2265 2590 2301 :
2623 2263 2742 2318 quae
2787 2248 3050 2305 discordia
3090 2251 3268 2307 carnis
3311 2263 3366 2307 et
3402 2256 3661 2323 spiritus,
3693 2274 3802 2312 non

2203 2338 2430 2392 creatori
2459 2341 2634 2393 carnis
2663 2349 2754 2394 aut.
2785 2355 2975 2396 sensus
2994 2381 3010 2408 ,
3056 2342 3150 2397 sed
3181 2344 3318 2397 malo
3347 2347 3558 2399 suasori
3599 2358 3658 2401 et
3701 2349 3802 2402 bo-

2205 2427 2334 2480 mini
2365 2429 2754 2498 prmvaricatori
2782 2431 3031 2486 tribuitur
3054 2431 3120 2490 ab
3145 2433 3246 2500 eis,
3279 2449 3501 2503 quorum
3533 2435 3644 2492 ﬁde
3669 2455 3799 2493 sana

2204 2531 2356 2571 error
2383 2517 2598 2576 insanus
2617 2519 3017 2591 Pelagianorum
3038 2529 3092 2578 et
3119 2522 3531 2580 Manicltmorum
3557 2527 3792 2583 damna-

2205 2613 2313 2660 tur.
2515 2605 2526 2614 ’
3559 2633 3562 2636 -

2273 2695 2512 2752 XXVIII.
2553 2696 2675 2752 ιω..
2717 2697 2822 2754 Sed
2862 2699 2908 2754 si
2953 2699 3056 2756 hoc
3095 2701 3322 2772 [iugatur
3355 2703 3706 2774 ambiguum,
3743 2717 3796 2763 te

2203 2787 2454 2842 continuo
2478 2788 2805 2844 crassissima
2827 2787 2969 2844 dubii
2995 2790 3164 2846 nubes
3184 2792 3436 2848 involvet.
3459 2792 3577 2850 Hae
3595 2797 3794 2867 quippe

2201 2877 2630 2946 concupiscentia
2685 2878 2863 2932 carnis
2917 2879 3118 2935 nullum
3173 2882 3415 2938 absolute
3468 2887 3789 2954 genitalium

2202 2973 2414 3021 tenetur
2443 2963 2763 3022 indicium’.
2799 2970 2975 3024 Dicam
3013 2984 3142 3040 ergo
3183 2986 3340 3026 aures
3378 2971 3481 3027 hoc
3527 2976 3790 3032 vocabulo

2201 3056 2470 3110 variorum
2496 3057 2737 3113 sitientes
2763 3059 3058 3114 carminum
3081 3059 3386 3129 verberari,
3413 3061 3592 3117 dicam
3621 3067 3790 3121 casti-

2201 3145 2313 3218 gari
2341 3161 2372 3202 a
2399 3155 2584 3202 sancto
2609 3146 2814 3204 Joanne
2839 3148 3146 3205 helluonum
3176 3151 3408 3222 palatum
3430 3195 3448 3222 ,
3477 3153 3654 3210 dicam
3676 3157 3790 3212 cnl-

2200 3239 2315 3308 pari
2355 3239 2756 3294 immorientes'
2781 3240 3034 3298 odoribus
3075 3257 3262 3309 nares;
3307 3251 3472 3298 totum
3513 3257 3788 3315 postremo

2201 3340 2395 3400 praeter
2421 3329 2473 3384 id
2509 3329 2650 3400 quod
2681 3339 2739 3386 tu
2771 3331 3045 3388 arbitraris
3071 3349 3085 3386 :
3111 3331 3279 3388 libera
3309 3344 3393 3388 est
3427 3335 3658 3400 electio,
3697 3337 3786 3393 ubi

2199 3417 2447 3488 specialis
2473 3419 2619 3474 verbi
2649 3419 2795 3474 nulla
2822 3435 3071 3492 pressura
3100 3427 3205 3476 est.
3239 3423 3343 3476 Aut
3370 3439 3498 3494 ergo
3531 3441 3670 3496 nega
3697 3428 3784 3481 illa

2199 3524 2317 3580 qua:
2335 3509 2564 3565 diximus
2582 3511 2912 3583 concupisci;
2935 3523 2987 3568 et
3001 3511 3260 3580 inliciare,
3283 3523 3344 3569 ut
3361 3515 3524 3582 soles,
3542 3519 3783 3572 omnium

2199 3601 2538 3658 conscientia:
2561 3620 2575 3657 :
2595 3612 2686 3658 aut
2713 3603 2759 3658 si
2788 3604 3014 3659 necdum
3057 3619 3122 3668 eo
3147 3619 3316 3675 usque
3345 3605 3670 3676 impudentia
3701 3609 3782 3662 iu-

2199 3692 2402 3760 calluit,
2433 3701 2490 3748 ut
2517 3693 2601 3748 his
2625 3702 2850 3748 conetur
2877 3694 3068 3760 obniti,
3095 3695 3361 3750 assentire
3385 3694 3782 3753 damnationem

2197 3783 2444 3854 genitalis
2467 3783 2812 3852 iucunditatis
2838 3799 2938 3840 nec
2962 3784 3015 3838 in
3043 3781 3384 3842 sermonibus
3408 3787 3658 3842 inveniri.
3769 3781 3776 3788 ’

2269 3873 2401 3930 Anc.
2426 3873 2502 3928 ita
2521 3873 2623 3928 hoc
2642 3874 2795 3941 dicis,
2814 3874 2964 3944 quasi
2989 3888 3086 3928 nos
3105 3877 3588 3946 concupiscentiam
3607 3877 3780 3934 carnis

2198 3965 2252 4020 in
2297 3965 2464 4021 solam
2511 3965 2836 4035 voluptatem
2883 3966 3192 4036 genitalium
3243 3966 3482 4024 dicamus
3529 3979 3776 4025 aestuare.

2197 4057 2424 4124 Prorsus
2463 4055 2518 4111 in
2559 4071 2894 4128 quocumque
2938 4058 3178 4128 corporis
3221 4073 3384 4114 sensu
3427 4075 3553 4116 caro
3597 4072 3780 4116 contra

2197 4147 2444 4216 Spiritum
2490 4145 2846 4216 concupiscit,
2888 4147 3001 4216 ipsa
3045 4149 3500 4218 cognoscitur:et
3529 4152 3776 4219 quoniam

2197 4235 2243 4290 si
2284 4251 2390 4300 non
2431 4236 2686 4291 adversus
2713 4251 2831 4291 eam
2860 4237 3077 4306 spiritus
3104 4237 3292 4293 fortius
3319 4239 3688 4310 concupiscat,
3715 4243 3776 4298 ad

2195 4325 2334 4378 mala
2387 4325 2682 4394 pertrahit,
2741 4326 2936 4380 malum
2987 4341 3108 4382 esse
3152 4328 3504 4383 convincitur.
3559 4331 3782 4400 Propter

2197 4415 2366 4484 ipsam
2411 4415 2684 4486 Scriptura
2727 4416 2853 4471 dicit
2888 4435 2902 4470 :
2937 4415 3168 4488 Nequius
3212 4419 3358 4473 oculo
3400 4421 3523 4490 quid
3559 4432 3777 4476 creatum

2193 4515 2266 4559 est
2292 4503 2476 4580 (Eccli.
2510 4523 2641 4563 xxxi
2665 4550 2680 4574 ,
2713 4507 2844 4581 15)"!
2873 4509 2937 4564 Et
2963 4511 3143 4584 utique
3173 4512 3386 4566 oculum
3406 4552 3422 4578 ,
3450 4528 3558 4568 non
3587 4517 3774 4584 nequi—

2196 4595 2320 4652 tiam
2341 4639 2355 4662 ,
2387 4599 2588 4653 creavit
2620 4599 2858 4653 omnium
2889 4583 3097 4654 creator
3139 4601 3278 4656 Deus
3319 4611 3373 4657 et
3411 4583 3696 4674 corporum
3725 4614 3776 4658 et

2193 4703 2466 4744 sensuum.
2487 4689 2625 4746 Ecce
2645 4691 2784 4746 unde
2813 4691 3072 4762 intelligas
3097 4691 3162 4764 (si
3183 4693 3387 4748 veritati
3410 4709 3515 4749 non
3539 4695 3774 4766 resistas)

2193 4779 2384 4856 inesse.
2414 4781 2614 4836 malum
2662 4791 2861 4838 naturae
2899 4794 3117 4848 nostrae.
3162 4785 3320 4840 etiam
3367 4801 3488 4841 cum
3533 4797 3772 4854 creatur,

2191 4870 2432 4940 quamvis
2457 4881 2669 4926 creetur
2706 4887 2738 4926 a
2775 4871 2918 4927 bono
2945 4871 3082 4928 bene
3113 4872 3333 4929 bonum.
3377 4875 3482 4930 Sed
3533 4877 3672 4931 unde
3709 4879 3772 4930 sit

2195 4959 2298 5016 hoc
2327 4963 2543 5027 malum,
2575 4961 2722 5018 disce
2748 4963 2815 5018 ab
2842 4962 3147 5030 Ambrosio,
3181 4981 3246 5019 ne
3274 4965 3340 5020 ad
3369 4967 3548 5033 aliam,
3583 4968 3634 5022 id
3665 4979 3738 5022 es:
3757 5012 3770 5030 ,

2190 5052 2316 5108 mali
2344 5064 2582 5108 naturam
2611 5053 3046 5111 introduccndam
3075 5056 3184 5111 Deo
3211 5067 3558 5125 comternam,
3587 5059 3768 5114 sull'ra-

2189 5144 2330 5215 gium
2354 5146 2592 5213 praebeas
2614 5145 2925 5201 Manichaao.

2260 5233 2454 5290 XXIX.
2478 5233 2597 5290 Jun.
2617 5235 2752 5302 Quid
2779 5252 2904 5306 ergo
2924 5237 3014 5292 tibi
3031 5235 3276 5308 opitulari
3299 5247 3490 5308 potest,
3515 5240 3658 5306 quod
3679 5255 3772 5308 egn

2191 5325 2328 5381 inter
2365 5319 2796 5382 commixtionem
2847 5341 3104 5395 sexuum,
3151 5328 3526 5386 fecunditatem
3571 5347 3764 5386 coetu:-

2192 5417 2345 5486 tium,
2367 5419 2510 5472 nolui
2528 5418 2970 5489 concupiscentia:
2999 5419 3209 5476 nomine
3232 5421 3490 5490 lacerare,
3513 5437 3634 5480 cum
3658 5443 3772 5483 eam

2254 5593 2272 5664 ξ
2305 5592 2379 5664 sic
2397 5597 2506 5664 nise.
2532 5591 3113 5664 t-‘xlitinautemhoperibtts.

2252 5657 2273 5722 ξ
2304 5661 2376 5701 Slc
2397 5659 2503 5722 MSS.
2527 5660 2578 5701 Αι
2602 5655 2739 5710 editi,
2763 5655 3012 5707 iudidum,

2255 5719 2275 5750 ³
2299 5723 2453 5768 Forte.
2474 5719 2792 5766 immerentes.
