3980 6460
172 391 195 445 1
206 388 312 446 555

171 518 271 558 nec
291 511 344 556 tu
366 514 486 555 cum
518 498 807 553 Manu-hmo
831 493 1144 550 diabolicam
1169 491 1402 562 potueris
1423 487 1746 558 approbare;

170 606 226 650 et
247 595 355 663 jam
383 593 496 661 ipsa
527 589 816 661 prmmissm
841 586 1210 656 disputationis
1239 579 1614 651 consequentia
1641 577 1751 630 cla-

173 687 387 751 ruisset,
410 684 476 737 ad
503 680 742 751 ejusdem
773 694 985 749 operam
1016 692 1294 732 recurrere
1322 687 1535 730 sensum
1567 669 1714 722 illum
1735 708 1750 732 ,

173 793 280 850 quo
306 775 714 831 commixtorum
745 785 939 841 corpus
969 758 1232 833 afﬁcitur,
1270 767 1334 822 ad
1361 765 1510 833 cujus
1537 760 1752 815 institu-

176 872 373 926 tionem
395 881 642 936 corpora,
670 864 914 934 conjugia
941 861 1142 917 semina
1164 855 1520 914 referrentur?

246 963 378 1015 Aac.
409 958 524 1012 Alia
553 964 636 1010 est
661 954 740 1009 vis
768 953 1064 1015 sentiendi,
1112 949 1252 1006 aliud
1296 947 1477 1001 vitium
1507 939 1759 1011 concupi-

177 1050 358 1107 scendi
387 1067 398 1102 ε
424 1039 670 1102 discerne
698 1045 804 1099 duo
833 1045 930 1098 ista
957 1043 1237 1112 diligenter
1255 1079 1271 1104 ,
1314 1037 1419 1092 noli
1458 1050 1638 1090 errare
1666 1033 1760 1088 de-

179 1141 437 1195 formiter.
463 1139 574 1191 Alia
595 1144 699 1198 est,
720 1135 958 1203 inquam,
982 1133 1060 1185 vis
1087 1128 1371 1193 sentiendi,
1402 1125 1544 1180 aliud
1574 1124 1758 1178 vitiutn

179 1228 606 1300 concupiscendi.
636 1226 778 1295 Lege
803 1223 1180 1293 Evangelium:
1208 1220 1308 1284 Qui
1333 1219 1529 1282 viderit,
1559 1215 1758 1284 inquit,

181 1325 450 1378 mulierem
477 1320 542 1372 ad
575 1316 1028 1387 concupiscendum
1056 1329 1197 1379 eam,
1231 1313 1344 1381 jam
1389 1309 1661 1363 moechatus
1689 1315 1764 1359 est

183 1433 292 1469 eam
319 1416 369 1467 in
393 1413 542 1466 corde
564 1427 656 1465 suo
682 1408 893 1482 (Matth.
923 1423 973 1472 ν,
1008 1406 1102 1477 28)
1125 1423 1137 1458 :
1174 1421 1280 1458 non
1303 1403 1461 1468 dixit,
1487 1401 1588 1467 Qui
1613 1398 1761 1452 vidc-

181 1507 269 1570 rit,
314 1502 454 1573 quod
491 1512 574 1557 est
611 1501 807 1556 sentire
851 1514 946 1565 per
984 1513 1108 1553 eum
1155 1509 1369 1551 sensum
1409 1487 1646 1561 corporis
1674 1487 1764 1559 qui

181 1597 373 1650 dicitur
397 1594 568 1658 visus;
598 1591 714 1656 sed,
745 1589 831 1661 qui
855 1588 1053 1654 uiderit,
1085 1587 1274 1656 inquit,
1309 1583 1374 1636 ad
1398 1583 1765 1652 concupiscen-

183 1689 301 1740 dum
321 1728 337 1749 ,
378 1684 521 1755 quod
551 1692 634 1738 est
663 1682 842 1736 videre
876 1680 942 1734 ad
979 1679 1197 1733 malum.
1239 1676 1395 1730 Visus
1421 1689 1549 1744 ergo
1578 1687 1768 1728 sensus

184 1779 359 1833 eat-nis
397 1785 480 1831 est
522 1769 1173 1841 bonus:concupiscentia
1202 1782 1331 1822 vero
1373 1767 1550 1822 carnis
1593 1774 1769 1820 motus

188 1878 272 1923 est
314 1868 508 1922 malus.
540 1865 658 1934 Quo
686 1865 826 1919 malo
855 1863 900 1918 si
929 1864 1063 1916 bene
1090 1861 1254 1916 utitur
1278 1860 1620 1929 conjugatus,
1662 1873 1768 1913 non

192 1975 312 2015 eum
356 1960 552 2013 bonum
596 1956 750 2020 facit;
779 1953 872 2008 sed
911 1951 1057 2023 operi
1088 1953 1226 2007 bono
1253 1951 1454 2005 servire
1477 1949 1767 2018 compellit.

195 2051 340 2106 Facit
365 2049 507 2104 enim
539 2046 750 2102 nonnisi
776 2044 902 2100 boni
925 2043 1121 2114 aliquid
1147 2052 1202 2098 et
1223 2059 1320 2113 per
1349 2043 1541 2113 ipsum,
1569 2042 1614 2095 si
1640 2040 1771 2094 nihil

192 2140 348 2194 faciat
378 2147 594 2208 propter
621 2137 790 2206 ipsum
817 2153 829 2187 :
853 2135 896 2190 si
925 2144 1102 2189 autem
1134 2133 1292 2189 faciat
1315 2133 1533 2202 aliquid,
1565 2131 1660 2187 sed
1689 2140 1772 2186 ta-

195 2245 315 2283 men
343 2231 393 2282 in
424 2226 680 2297 conjuge,
710 2233 924 2295 propter
951 2225 1121 2293 ipsum
1143 2265 1158 2289 ,
1186 2238 1292 2277 non
1314 2221 1364 2276 ei
1390 2223 1596 2276 veniam
1618 2221 1774 2275 daret

191 2319 478 2389 Apostolus
514 2318 682 2388 gratia
726 2315 1026 2386 nuptiarum
1073 2313 1131 2386 (l
1163 2312 1281 2369 Cor.
1325 2328 1419 2379 vn,
1467 2311 1545 2384 6),
1579 2311 1628 2367 si
1667 2325 1772 2366 non

193 2420 505 2481 agnosceret
527 2425 646 2465 esse
671 2419 968 2478 peccatum.

265 2501 434 2556 XXX.
476 2500 593 2556 Jun.
635 2499 919 2570 Oporteret
955 2497 1170 2568 quidem
1217 2495 1346 2550 nihil
1391 2503 1509 2564 post
1544 2493 1774 2564 primum

197 2609 352 2662 opus,
380 2593 518 2663 quod
543 2591 608 2646 ad
641 2597 882 2645 sanctum
919 2589 1264 2644 Turhantium
1301 2586 1472 2650 edidi,
1502 2601 1665 2655 super
1685 2599 1778 2639 ne-

198 2687 430 2740 cessario
474 2683 790 2739 naturalium
841 2681 1043 2751 pudore
1085 2679 1379 2742 disserere;
1423 2677 1544 2746 quia
1589 2675 1658 2730 ibi
1705 2675 1776 2728 ita

200 2777 352 2845 plene
375 2783 548 2828 actum
575 2781 654 2826 est
671 2813 688 2838 ,
738 2781 794 2826 ut
821 2771 920 2826 nisi
948 2770 1203 2839 depositis
1229 2768 1446 2823 omnino
1477 2765 1741 2822 mentibus
1758 2805 1775 2832 ,

199 2866 329 2920 nihil
358 2865 483 2918 hinc
506 2863 674 2934 possit
697 2861 1053 2931 ambiguitatis
1079 2859 1299 2914 oboriri.

266 2959 403 3013 Avo.
424 2955 650 3012 Sanctus
667 2955 800 3008 forte
819 2951 1161 3016 Turhantins,
1186 2950 1301 3020 ipso
1320 2963 1483 3018 opere
1506 2957 1596 3002 tuo
1617 2948 1776 3014 lecto,

197 3048 339 3117 quod
369 3047 434 3101 ad
460 3062 582 3102 eum
611 3054 661 3102 te
687 3045 966 3114 scripsisse
1006 3056 1412 3105 commemoras,
1462 3041 1623 3095 etiam
1652 3054 1778 3110 pro-

200 3148 378 3209 pterea
409 3139 461 3192 in
489 3137 804 3192 catholicam
845 3133 1002 3189 [idem
1034 3133 1341 3204 reSpiravit,
1369 3133 1618 3202 quoniam
1648 3140 1699 3185 te
1726 3130 1778 3184 in

201 3230 287 3300 tali
313 3245 469 3284 causa
495 3227 754 3283 defecisse
777 3225 1052 3296 cognovit.

270 3320 460 3375 XXXI.
488 3320 608 3375 Jun.
635 3319 837 3373 Tamen
862 3332 986 3372 cum
1011 3316 1258 3372 defensor
1284 3314 1513 3370 traducis
1539 3329 1605 3368 ne
1637 3312 1781 3368 tenui

201 3411 414 3482 quidem
437 3410 601 3480 possit
626 3410 692 3464 ab
719 3424 784 3464 eo
814 3423 988 3478 ungue
1014 3405 1317 3471 deﬂectere,
1348 3421 1629 3475 meumque
1658 3404 1782 3460 rhe-

204 3502 371 3556 torica
397 3501 652 3572 elegantia
683 3499 862 3570 fatiget
889 3499 1144 3570 pudorem
1167 3539 1181 3562 ,
1225 3513 1320 3552 cur
1343 3498 1570 3552 diversis
1611 3497 1784 3552 homi-

207 3593 396 3648 nibus‘
429 3594 692 3663 negotium
741 3591 912 3660 ipsum
956 3589 1348 3645 commixtionis
1374 3589 1524 3659 juvat
1566 3589 1689 3642 hinc
1721 3605 1784 3643 ea

207 3700 325 3754 ane
355 3683 513 3739 rebus
538 3684 668 3738 actis
694 3683 964 3748 convenit,
994 3681 1250 3752 parcitate
1278 3680 1608 3736 decernere?
1635 3681 1700 3734 Et
1733 3680 1787 3734 in

207 3777 307 3829 hoc
332 3790 458 3844 ergo
481 3775 612 3840 loco,
642 3783 696 3830 et
721 3774 774 3829 in
802 3772 1160 3836 inferioribus,
1189 3772 1276 3827 ubi
1303 3787 1402 3842 ego
1427 3772 1573 3837 dixi,
1608 3789 1627 3823 ι
1653 3772 1786 3827 Ρνο-

204 3877 314 3935 pter
336 3866 430 3918 hoc
456 3866 697 3935 relinquet
727 3866 877 3919 homo
918 3873 1111 3934 patrem
1147 3872 1195 3917 et
1225 3872 1453 3929 matrem,
1483 3871 1526 3916 et
1555 3863 1787 3917 adhazre-

201 3965 303 4010 scet
333 3957 510 4020 uxori;
541 3965 589 4010 et
615 3965 762 4010 erunt
804 3957 904 4009 duo
947 3955 1001 4008 in
1044 3971 1195 4008 carne
1237 3971 1338 4007 una
1366 3951 1517 4025 (Gen.
1552 3970 1610 4021 ll,
1656 3954 1787 4022 24):

204 4059 262 4102 ut
294 4048 622 4119 exprimeret
647 4046 805 4102 ﬁdem
845 4061 1066 4117 operum
1093 4045 1352 4117 propheta
1383 4060 1549 4114 prope
1578 4046 1788 4114 pericu-

203 4140 313 4194 lum
344 4138 563 4209 pudoris
587 4138 843 4203 accessit;
871 4155 890 4189 ι
940 4137 1093 4208 quasi
1135 4136 1366 4206 praedam
1405 4136 1678 4190 inveniens
1704 4150 1794 4206 ge-

206 4231 324 4296 stit,
345 4230 594 4293 exsultat,
616 4239 672 4284 et
702 4230 896 4284 clamat
922 4246 934 4280 :
958 4228 1144 4298 Aperta
1164 4245 1390 4298 prorsus,
1417 4238 1463 4281 et
1484 4229 1530 4280 vi
1551 4228 1789 4293 veritatis,

209 4320 414 4389 inquit,
447 4328 638 4373 extorta
672 4318 960 4388 confessio!
985 4318 1198 4372 Dicatur
1225 4335 1398 4384 causa,
1431 4335 1519 4372 cur
1543 4320 1595 4372 in
1623 4319 1794 4388 expri-

210 4411 408 4463 mendis
432 4410 658 4480 operibus
687 4411 800 4478 Dei,
826 4412 1074 4482 pr0pheta
1102 4428 1258 4481 prope
1282 4410 1560 4482 periculum
1589 4411 1796 4482 pudoris

211 4506 494 4559 accesserit.
531 4505 675 4559 Itane
706 4521 820 4560 vero
859 4506 1082 4559 humana
1110 4522 1262 4575 Opera
1289 4505 1524 4575 pudenda
1557 4521 1664 4558 esse
1697 4521 1797 4558 non

212 4595 426 4660 debent,
471 4596 559 4650 sed
585 4597 734 4666 plane
757 4597 1052 4669 glorianda,
1094 4607 1139 4651 et
1177 4597 1346 4650 divina
1375 4597 1610 4668 pudenda
1643 4599 1799 4651 sunt?

210 4687 366 4742 Itane
395 4704 510 4742 vero
537 4689 590 4742 in
617 4690 899 4758 eloquendis
939 4700 984 4744 et
1013 4691 1351 4760 exprimendis
1388 4689 1618 4759 aperibus
1666 4689 1759 4743 Dei
1779 4730 1796 4756 ,

210 4796 314 4834 non
338 4781 618 4833 honoratur
642 4783 908 4850 prophetat.
927 4781 1004 4834 vel
1024 4798 1165 4835 amor
1187 4783 1263 4834 vel
1293 4782 1452 4847 labor,
1479 4782 1567 4834 sed
1594 4782 1798 4851 pericli-

211 4883 351 4926 tatur
375 4871 577 4940 pudor?
619 4871 753 4939 Quid
782 4874 912 4926 enint
943 4873 1099 4942 potuit
1140 4872 1274 4925 Deus
1314 4875 1496 4943 facere,
1527 4874 1663 4942 quod
1689 4874 1800 4942 ejus

211 4963 596 5033 praedicatorem
637 4963 826 5034 pudeat
855 4964 1057 5018 dicere?
1088 4961 1154 5015 Et
1177 4964 1312 5033 quod
1339 4972 1411 5015 cst
1443 4964 1664 5032 gravius,
1703 4980 1800 5031 pu-

213 5057 330 5110 deat
355 5057 602 5110 hominem
629 5057 849 5128 alicujus
875 5057 1058 5126 operis,
1081 5057 1218 5126 quod
1238 5072 1337 5108 non
1363 5057 1532 5120 homo,
1561 5057 1648 5108 sed
1665 5054 1803 5109 Deus

212 5151 334 5219 fecit
359 5149 413 5202 in
441 5148 645 5202 homine
671 5164 823 5202 :cum
852 5165 1023 5203 omnes
1052 5149 1259 5218 api/ices
1281 5152 1523 5216 quantum
1543 5148 1563 5177 ¹
1595 5157 1804 5217 possunt

213 5242 390 5295 labare
411 5251 459 5295 et
485 5241 739 5296 industria
767 5241 821 5293 id
849 5249 1031 5311 agant,
1059 5256 1120 5293 ne
1144 5241 1206 5293 de
1242 5239 1347 5294 suis
1375 5239 1606 5309 operibus
1634 5239 1806 5292 erube—

211 5334 398 5388 scant?
424 5333 529 5389 Sed
553 5337 781 5405 profecto
800 5331 932 5386 illud
953 5349 1042 5386 nos
1065 5331 1233 5401 pudet,
1257 5331 1390 5397 quod
1408 5331 1586 5401 puduit
1617 5331 1805 5400 primos
1848 5326 1852 5330 ’

211 5427 336 5482 illos
361 5428 586 5483 homines
604 5469 619 5494 ,
658 5425 864 5499 quando
891 5424 1126 5496 pudenda
1155 5433 1380 5479 texerunt
1406 5441 1424 5478 :
1443 5425 1533 5478 illa
1563 5433 1633 5478 cst
1659 5439 1807 5494 poena

281 5543 299 5573 ¹
326 5548 466 5592 Forte
481 5577 495 5602 ,
517 5539 804 5592 nominibus.

279 5605 302 5637 ²
338 5611 465 5662 Mss,
482 5598 681 5667 quanto.
699 5602 919 5650 ——t.iber
942 5601 1184 5651 secundus
1204 5601 1268 5667 de
1283 5603 1463 5665 Nuptiis
1499 5608 1550 5650 et
1581 5598 1809 5662 Concupi-

205 5667 424 5726 scentia,
452 5661 513 5712 n:
536 5663 616 5724 22,
642 5664 756 5722 fert,
797 5676 908 5712 cum
944 5676 1104 5712 omnes
1157 5661 1367 5726 opiﬁces
1396 5670 1570 5726 quanto
1614 5661 1808 5725 possunt

209 5725 536 5782 labore;cum
562 5727 650 5775 hac
689 5734 854 5776 tamen
892 5734 1003 5773 nota
1029 5738 1040 5772 :
1075 5742 1097 5769 α
1119 5725 1334 5773 I‘Otiort-s
1356 5732 1481 5784 Mss,
1500 5738 1605 5773 eum
1647 5737 1809 5777 omnes

215 5805 244 5834 ι
266 5787 466 5851 opiﬁces
482 5795 711 5850 quantum
734 5794 926 5850 possunt
949 5784 1126 5834 labore.
1165 5803 1186 5828 »
1261 5795 1310 5832 Μ.

461 5890 686 5951 Ssscr.
728 5894 1003 5952 Ancusr.
1060 5889 1140 5948 Χ.

1521 367 1716 424 LIBER
1755 365 2094 433 QUARTUS.

3307 381 3326 432 l
3337 379 3441 435 354

1862 483 2071 550 peccati,
2117 482 2206 536 illa
2244 487 2392 558 plaga
2432 489 2788 560 vestigiumqne
2827 493 3033 560 peccati,
3081 493 3169 546 illa
3207 493 3438 546 illecebra

1861 577 2110 646 famesque
2150 582 2371 648 peccati,
2417 583 2510 637 illa
2551 585 2632 638 lea:
2671 587 2724 638 in
2760 586 2990 641 membris
3025 603 3313 658 repugnans
3339 590 3438 658 legi

1860 671 2057 723 utentis.
2089 671 2256 743 Hujus
2283 676 2452 743 pudet,
2488 685 2533 728 et
2570 679 2744 730 merito
2774 678 2945 747 pudet.
2980 677 3118 732 Nam
3143 681 3187 732 si
3212 681 3307 732 hoc
3340 696 3439 732 non

1861 770 2006 825 esset,
2034 762 2156 831 quid
2179 765 2320 818 nobis
2347 777 2472 818 esset
2493 767 2761 837 ingratius,
2791 771 2912 834 quid
2940 769 3287 840 irreligiosius,
3317 771 3362 826 si
3388 773 3442 824 in

1863 852 2096 908 membris
2131 855 2315 907 nostris
2333 895 2348 918 ,
2389 872 2489 909 non
2517 859 2577 910 de
2605 860 2722 912 vitio
2747 860 2824 913 vel
2850 877 2995 929 pretia
3021 871 3190 914 nostra
3209 902 3224 924 ,
3265 862 3354 914 sed
3381 863 3444 914 de

1864 941 1958 996 Dei
1987 943 2407 1013 confunderemur
2434 948 2665 1016 operibus
2707 949 2822 1017 (De
2859 949 3066 1018 Nuptiis
3108 958 3151 1003 et
3195 949 3447 1019 Concupi-

1865 1037 2070 1099 srentia,
2105 1035 2192 1088 lib.
2232 1036 2287 1102 ‘2,
2317 1054 2369 1090 η.
2400 1038 2529 1106 22)?
2556 1038 2755 1094 Claruit
2783 1049 2928 1094 certe
2958 1041 3183 1110 qualiter
3215 1042 3443 1110 gestiat:

1865 1125 2056 1194 gaudio
2097 1139 2196 1180 suo
2221 1141 2325 1180 non
2357 1137 2530 1196 potest
2552 1129 2806 1184 adhibere
2841 1128 3056 1195 frenos;
3099 1139 3242 1185 tenet
3273 1146 3448 1184 meam

1867 1217 2205 1279 sententiam,
2251 1231 2353 1286 qua
2392 1219 2876 1287 concupiscentiam
2919 1220 3211 1274 naturalem
3252 1221 3447 1274 malam

1870 1308 2036 1376 possit
2063 1307 2366 1372 ostendere,
2399 1319 2453 1363 ct
2480 1309 2673 1365 diaboli
2700 1311 2952 1380 operibus
2979 1313 3267 1380 deputare:
3292 1328 3452 1382 quam

1869 1399 2183 1453 sententiam
2228 1399 2294 1454 de
2335 1415 2429 1454 ore
2472 1417 2592 1456 meo
2630 1402 2760 1457 dicit
2798 1403 2846 1455 vi
2886 1404 3125 1458 veritatis
3151 1412 3449 1466 extortam,

1870 1490 2318 1559 concioneturque
2345 1491 2780 1546 scelestissimum
2823 1501 2980 1561 atque
3024 1493 3453 1562 profanissimnm

1870 1594 2024 1644 esse,
2070 1581 2114 1634 si
2153 1596 2214 1635 ea
2243 1597 2362 1650 qua:
2391 1598 2420 1635 a
2454 1582 2562 1638 Deo
2599 1583 2732 1637 facta
2760 1584 3032 1650 dicamus,
3080 1584 3282 1653 pudore
3326 1600 3455 1653 ope-

1872 1670 2050 1725 rienda
2082 1670 2365 1727 fateamur.
2391 1672 2496 1727 Sed
2519 1673 2794 1729 alacritate
2814 1676 3130 1729 commotior
3153 1690 3257 1729 non
3287 1675 3456 1744 potuit

1877 1762 2172 1829 ponderarc
2217 1763 2343 1831 quid
2373 1763 2576 1819 diceret
2605 1781 2618 1817 :
2647 1779 2894 1820 asserens
2934 1766 3076 1820 enim
3121 1767 3170 1819 in
3208 1767 3457 1837 operibus

1876 1853 1968 1908 Dei
2018 1853 2320 1923 pudendum
2350 1855 2480 1909 nihil
2506 1871 2626 1910 esse
2647 1898 2663 1923 ,
2697 1872 2915 1927 operam
2945 1867 3121 1913 autem
3147 1858 3456 1929 genitalium

1879 1945 2175 2011 pudendam
2214 1962 2358 2009 esse,
2407 1955 2460 2001 et
2507 1947 2627 2002 ideo
2666 1964 2770 2003 non
2819 1965 2972 2018 posse
3012 1966 3128 2006 eam
3157 1950 3459 2005 Conditoris

1877 2037 2128 2105 operibus
2171 2037 2436 2103 adscribi;
2487 2039 2662 2094 subito
2705 2041 2980 2096 confessus
3027 2052 3108 2096 est
3161 2042 3306 2096 illam
3353 2057 3469 2095 non

1878 2128 2048 2181 solum
2104 2127 2418 2195 honestam,
2477 2129 2570 2184 sed
2627 2130 2786 2186 etiam
2834 2132 3060 2200 justam;
3120 2149 3226 2187 non
3283 2133 3460 2188 solum

1880 2227 2096 2274 creante
2127 2218 2254 2286 Deo,
2285 2235 2467 2274 verum
2491 2222 2650 2276 etiam
2675 2223 2968 2291 judicante,
3003 2225 3198 2280 nostris
3224 2227 3462 2294 corpori-

1880 2310 1980 2365 bus
1999 2313 2014 2343 ι
2041 2313 2369 2368 attributam.
2391 2313 2608 2370 Ostendi
2632 2316 2683 2368 in
2709 2316 2865 2370 tertio
2885 2317 3077 2384 prioris
3101 2318 3276 2387 operis
3305 2318 3461 2382 libro,

1882 2415 1987 2454 non
2013 2417 2170 2472 posse
2200 2402 2338 2457 idem
2371 2419 2582 2473 pinnam
2611 2420 2729 2460 esse
2759 2406 2899 2476 quod
2926 2408 3153 2476 culpam.

1950 2491 2086 2548 Auc.
2120 2493 2232 2548 Non
2262 2495 2576 2557 ostendisti,
2618 2495 2759 2567 quod
2814 2507 2864 2550 te
2909 2499 3206 2554 ostendisse
3238 2499 3466 2554 inaniter

1879 2582 2049 2651 jactas
2068 2601 2083 2637 :
2103 2585 2208 2639 imo
2234 2585 2394 2640 etiam
2425 2587 2537 2656 ipse
2561 2589 2789 2657 quodam
2817 2589 2935 2644 loco
2962 2589 3157 2645 oblitus
3186 2592 3312 2661 quid
3341 2602 3466 2646 ante

1883 2676 2127 2742 dixisses,
2154 2679 2428 2733 confessus
2453 2695 2510 2735 es
2536 2681 2745 2749 culpam
2771 2682 2930 2736 etiam
2962 2699 3170 2752 poenam
3197 2700 3316 2740 esse
3343 2702 3470 2754 pee-

1883 2767 2072 2822 cantis.
2090 2767 2240 2836 Quod
2258 2783 2356 2838 ego
2379 2785 2499 2824 cum
2527 2770 2618 2824 tibi
2640 2773 2881 2841 superius
2906 2773 3284 2843 responderem
3311 2775 3469 2846 (Con-

1885 2865 1963 2910 tra
1986 2856 2284 2926 lulianum,
2315 2858 2403 2914 tib.
2436 2861 2497 2926 5,
2526 2878 2580 2914 n.
2614 2861 2725 2932 10),
2755 2863 2884 2918 satis
2913 2864 3188 2922 evidenter
3214 2867 3468 2923 ostende—

1886 2963 2036 3015 ram,
2077 2949 2236 3004 etiam
2284 2965 2377 3020 per
2414 2952 2728 3021 Apostolum
2772 2954 3002 3023 probans
3041 2957 3213 3024 puniri
3253 2969 3468 3026 peccata

1888 3041 2262 3111 peccatiszqui
2289 3057 2407 3096 cum
2448 3043 2516 3098 de
2543 3044 2858 3114 quibusdam
2889 3046 3143 3111 dixisset,
3188 3049 3328 3118 quod
3365 3050 3468 3104 im-

1887 3132 2208 3186 mutaverint
2245 3132 2470 3201 gloriam
2507 3133 2920 3205 incorruptibilis
2945 3137 3040 3192 Dei
3071 3137 3124 3191 in
3165 3139 3472 3193 similitudi-

1889 3239 2009 3278 nem
2041 3223 2285 3294 imaginis
2313 3226 2674 3294 corruptibilis
2705 3227 2966 3294 hominis,
2999 3237 3051 3282 ct
3079 3229 3388 3294 volucrum,
3421 3241 3475 3285 et

1887 3314 2308 3384 quadrupedum,
2335 3324 2386 3371 et
2413 3317 2768 3386 serpentium;
2798 3320 3040 3388 protinus
3069 3319 3170 3376 hoc
3199 3330 3475 3390 peccatum

1890 3407 2007 3461 aliis
2037 3408 2264 3476 peccatis
2291 3409 2724 3465 ostendensesse
2753 3412 2995 3480 punitum
3016 3454 3032 3478 ,
3063 3411 3360 3482 Propterea,
3389 3415 3474 3469 in-

1893 3498 2037 3565 quit,
2071 3497 2279 3550 tradidit
2308 3499 2423 3552 illos
2451 3499 2589 3554 Deus
2614 3501 2666 3553 in
2697 3501 2944 3554 desideria
2971 3503 3138 3556 cordis
3161 3503 3394 3569 illorum,
3422 3505 3476 3558 in

1891 3590 2294 3655 immunditiam;
2331 3600 2386 3645 ut
2427 3593 2743 3646 contumeliis
2785 3594 3000 3664 afficiant
3039 3611 3252 3665 corpora
3293 3612 3387 3649 sua
3424 3597 3477 3649 in

1892 3681 2171 3750 semetipsis
2213 3680 2390 3751 (Rom.
2420 3697 2471 3746 ι,
2515 3681 2621 3748 25,
2662 3681 2775 3752 24),
2808 3693 2860 3736 et
2888 3693 3079 3738 caetera
3104 3700 3220 3754 qum
3249 3685 3317 3739 ibi
3343 3701 3475 3740 con—

1895 3773 2079 3825 texuit.
2114 3771 2222 3825 Nec
2258 3772 2310 3825 in
2348 3772 2561 3827 Psalmo
2598 3773 2895 3837 diceretur,
2939 3776 3145 3845 Appone
3167 3777 3477 3847 iniquitatem

1895 3879 2046 3932 super
2069 3864 2380 3934 iniquitatem
2406 3880 2598 3930 eorum,
2624 3874 2674 3919 et
2697 3866 2718 3896 ³
2749 3881 2849 3919 non
2871 3867 3056 3920 intrent
3085 3868 3136 3920 in
3163 3877 3298 3921 tuam
3322 3869 3476 3941 justi-

1897 3953 2017 4004 tiam
2066 3951 2245 4024 (I’sal.
2275 3968 2469 4019 vani,
2496 3953 2627 4023 28);
2661 3954 2760 4008 nisi
2789 3954 2936 4024 justo
2960 3955 3159 4024 judicio
3201 3957 3290 4012 Dei
3323 3959 3478 4027 puni-

1898 4053 2084 4099 rentur
2109 4044 2300 4099 additis
2329 4045 2682 4114 praecedentia
2719 4056 2934 4116 peccata
2966 4048 3215 4116 peccatis.

1971 4137 2185 4192 XXXII.
2217 4138 2332 4194 Jun.
2368 4139 2436 4193 Et
2475 4139 2595 4194 ideo
2634 4155 2794 4210 super
2835 4140 2936 4195 hoc
2982 4140 3329 4195 laborandum
3375 4157 3479 4196 non

1900 4238 2013 4284 est:
2037 4230 2353 4284 commendo
2383 4239 2558 4286 tamen
2583 4231 2928 4301 disputatoris
2953 4233 3295 4286 acrimoniam
3318 4231 3359 4296 ³,
3391 4235 3481 4302 qui

1900 4335 2057 4390 quam
2087 4321 2215 4375 dicit
2238 4336 2268 4375 a
2295 4322 2404 4376 Deo
2429 4321 2714 4389 redditam,
2739 4337 2844 4376 non
2866 4323 3026 4376 vulta
3053 4323 3160 4376 Deo
3185 4323 3479 4387 conditam;

1903 4411 2251 4480 pronuntians
2283 4413 2374 4467 Dei
2407 4428 2512 4467 non
2543 4413 2829 4468 convenire
2858 4413 3111 4482 operibus
3137 4454 3152 4478 ,
3197 4413 3337 4482 quod
3375 4415 3486 4468 vult

1901 4503 2016 4572 ejus
2044 4505 2330 4558 convenire
2354 4504 2586 4573 judiciis.

1974 4594 2108 4650 Auo.
2149 4597 2380 4664 Apparet
2423 4605 2474 4650 te
2513 4611 2616 4649 non
2663 4596 2958 4665 intelligere
2989 4597 3253 4666 quomodo
3286 4597 3485 4654 dictum

1904 4688 1992 4751 sit,
2023 4686 2162 4742 Deus
2191 4697 2398 4741 mortem
2428 4705 2527 4742 non
2553 4689 2670 4756 fecit
2704 4689 2857 4760 (Sap.
2893 4706 2939 4752 ι,
2982 4691 3073 4760 15)
3095 4708 3106 4742 :
3127 4691 3275 4758 cujus
3308 4699 3487 4746 tamen

1900 4779 2100 4850 judicio
2120 4779 2208 4849 qui
2234 4790 2416 4849 peccat
2443 4780 2686 4834 moritur.
2709 4779 2971 4835 Convenit
2997 4796 3123 4851 ergo
3144 4781 3345 4850 judicio
3370 4783 3497 4851 ejus

1909 4880 1964 4924 ut
1991 4871 2246 4925 moriatur
2271 4879 2547 4940 peccator;
2596 4887 2694 4927 nec
2723 4880 2898 4926 tamen
2924 4873 3072 4942 operi
3100 4873 3215 4943 ejus
3243 4876 3493 4928 convenit

1909 4977 2072 5026 mors,
2097 4962 2220 5031 quia
2249 4960 2390 5016 Deus
2415 4972 2624 5017 mortem
2643 4979 2745 5018 non
2765 4963 2902 5033 fecit.
2927 4965 3053 5034 Ejus
3074 4967 3267 5035 quippe
3285 4967 3489 5036 justum

1907 5065 1989 5110 est
2030 5055 2325 5125 judicium,
2370 5064 2428 5109 ut
2471 5065 2686 5126 peccato
2716 5071 2814 5112 suo
2851 5057 3075 5128 quisque
3103 5072 3322 5128 pereat,
3369 5075 3491 5114 cum

1910 5157 2181 5219 peccatum
2221 5149 2363 5203 Deus
2406 5164 2510 5202 non
2553 5148 2708 5203 faciat
2734 5167 2746 5202 :
2772 5150 2910 5204 sicut
2940 5158 3164 5203 mortem
3194 5166 3300 5203 non
3333 5150 3489 5214 fecit,

1909 5249 1962 5295 et
1990 5248 2164 5294 tamen
2194 5254 2352 5310 quem
2384 5249 2554 5294 morte
2583 5239 2796 5310 dignum
2841 5248 3060 5306 censet,
3092 5240 3304 5295 occidit.
3336 5240 3489 5295 Unde

1911 5334 2124 5404 legitur,
2153 5333 2290 5387 Deus
2313 5344 2520 5387 mortem
2547 5349 2647 5387 non
2677 5334 2826 5403 fecit;
2852 5334 3065 5402 legitur,
3096 5332 3239 5385 Mors
3269 5341 3312 5385 et
3343 5332 3440 5384 vita
3463 5349 3494 5383 a

1912 5425 2129 5479 Domino
2158 5425 2268 5478 Deo
2293 5435 2366 5479 est
2393 5424 2580 5496 (Eccli.
2611 5440 2686 5487 ιι,
2713 5424 2800 5493 14)
2826 5442 2841 5478 :
2863 5439 2982 5494 qua:
3008 5424 3114 5478 duo
3139 5424 3279 5477 inter
3300 5436 3359 5477 se
3389 5439 3492 5479 non

1912 5533 2032 5574 esse
2065 5517 2330 5572 contraria
2370 5516 2608 5588 profecto
2647 5516 2823 5582 videt,
2869 5514 3107 5584 quisquis
3141 5514 3209 5568 ab
3247 5513 3498 5584 operibus

1981 5683 1995 5711 ι
2032 5679 2150 5727 Fditi
2170 5714 2182 5736 ,
2220 5675 2460 5738 operibus.
2487 5676 2652 5724 Melius
2678 5682 2804 5731 Mss.,
2829 5670 3122 5733 corporibus.

1977 5745 1998 5806 ξ
2037 5741 2309 5806 \‘ignierius
2328 5740 2523 5806 omittit,
2549 5747 2610 5806 ct.
2677 5745 2713 5806 at

1982 5805 2000 5835 ³
2033 5804 2104 5851 sic
2124 5810 2225 5850 uss.
2255 5809 2301 5848 tn
2326 5804 2482 5862 \igu.,
2505 5804 2804 5849 arinumirun.

2603 5883 3158 5961 (Quarunle—truis
3187 5886 3217 5958 λι
