3980 6468
519 378 654 432 ιζ)δὸ

517 490 914 562 divinisjudicia
938 489 1114 544 divina
1139 486 1428 542 discernit‘
1457 481 1630 554 :quod
1655 491 1708 536 tu
1734 481 1777 537 si
1797 479 2092 550 potuisses,

523 603 628 642 non
659 587 840 654 utique
870 583 969 636 ista
1003 593 1137 634 vana
1167 578 1419 632 dixisses.

587 672 826 730 XXXIII.
870 671 988 726 Jun.
1033 670 1170 740 Ergo
1196 668 1246 721 in
1279 665 1529 736 operibus
1558 663 1676 734 ejus
1717 661 1896 716 nullus
1928 658 2103 730 pudor

516 775 630 830 est;
679 765 732 818 in
775 761 1056 818 sententiis
1083 769 1259 815 autem
1289 772 1494 812 summa
1523 755 1854 811 deformitas.
1885 753 2098 808 Certum

516 869 598 916 est
628 873 816 928 nempe
834 898 850 924 ,
895 855 1036 928 quod
1069 869 1278 926 pmnam
1307 858 1574 907 mereatur
1597 857 1809 905 reatus:
1830 862 1954 901 num
1981 844 2102 900 ideo

521 963 696 1007 tamen
723 947 965 1005 confusio
990 948 1158 1018 culp:c
1188 947 1386 1013 debita,
1419 946 1470 1000 in
1503 943 1729 999 vindicta
1757 940 2013 1005 recurrit,
2045 945 2104 992 ut

519 1041 815 1112 appelletur
854 1041 972 1095 sine
1019 1039 1224 1109 pudore
1269 1036 1410 1107 quod
1463 1035 1588 1090 fecit
1629 1049 1792 1095 reus,
1850 1029 1944 1086 sed
1994 1042 2101 1083 non

515 1134 684 1201 possit
714 1131 829 1186 sine
855 1129 1143 1201 ignominia
1171 1128 1277 1183 dici
1301 1127 1444 1198 quod
1468 1125 1754 1198 iudicando
1781 1123 1906 1180 fecit
1931 1120 2102 1176 Deus?

586 1225 724 1281 Anc.
751 1223 886 1290 Quid
913 1222 1172 1292 explicata
1201 1221 1461 1291 implieas,
1491 1228 1546 1275 et
1569 1219 1782 1274 evoluta
1807 1213 2096 1278 convolvis,

517 1325 576 1370 ut
623 1314 848 1384 ingeniis
891 1313 1246 1376 tardioribus,
1289 1311 1464 1382 qualia
1509 1312 1561 1364 in
1607 1308 1913 1364 hominibus
1951 1305 2101 1375 plura

517 1412 671 1473 sunt,
697 1404 926 1459 videaris
953 1403 1134 1458 dicere
1161 1401 1381 1471 aliquid,
1409 1415 1530 1455 cum
1558 1399 1704 1454 dicas
1735 1397 1896 1452 nihil?
1930 1396 2102 1451 Homo

517 1508 578 1549 es
596 1493 763 1561 enim,
793 1494 881 1564 qui
913 1492 1091 1564 potius
1125 1490 1497 1546 inverecundia
1523 1505 1680 1560 quam
1711 1487 1950 1542 facundia
1979 1501 2101 1556 per-

516 1585 744 1640 suadere
771 1585 1004 1647 eonaris,
1027 1583 1165 1653 quod
1192 1581 1500 1637 deformitas
1524 1579 1608 1636 vel
1637 1579 1799 1644 nulla,
1827 1578 1910 1632 vel
1939 1591 2099 1647 parva

515 1675 606 1740 sit,
637 1683 696 1729 ut
724 1689 843 1730 cum
874 1674 1112 1743 subjecta
1138 1687 1257 1728 esse
1285 1686 1410 1726 caro
1437 1671 1641 1740 Spiritui
1671 1669 1880 1736 debeat,
1907 1667 2101 1722 adver-

516 1779 608 1819 sus
633 1765 876 1835 spiritum
924 1765 1298 1834 concupiscat;
1341 1769 1433 1816 aut
1470 1761 1609 1832 quod
1648 1777 1752 1816 non
1793 1761 1862 1814 sit
1896 1759 2098 1830 justum

519 1855 613 1910 Dei
635 1855 929 1926 judicium,
973 1855 1272 1924 relinquere
1314 1853 1740 1923 delinquentem,
1775 1861 1833 1906 ut
1859 1852 1972 1919 ipse
2000 1850 2100 1904 sibi

518 1943 588 1998 sit
619 1959 796 2014 pruna,
824 1945 907 2000 cui
940 1944 1078 2000 Deus
1106 1943 1276 1999 fuerat
1301 1959 1424 1999 vera
1459 1943 1714 2008 felicitas;
1745 1951 1835 1997 aut
1863 1941 2000 2012 quod
2031 1941 2101 1996 de

518 2043 738 2102 peccato
766 2034 986 2100 debeat,
1029 2049 1131 2089 non
1159 2034 1227 2090 de
1255 2049 1409 2104 pmna
1440 2049 1534 2089 sua
1565 2034 1787 2102 quisque
1814 2031 2096 2096 confundi;

517 2139 637 2182 cum
670 2125 904 2195 plerique
929 2126 996 2181 de
1019 2126 1248 2196 peccatis
1267 2127 1376 2180 suis
1401 2140 1507 2180 non
1532 2126 1868 2188 erubescant,
1889 2126 1933 2178 si
1957 2123 2096 2178 nulla

519 2231 674 2286 pmna
719 2215 880 2272 fuerit
921 2219 1205 2272 subsecuta
1249 2232 1408 2287 quam
1451 2216 1717 2283 sentiant,
1743 2225 1798 2271 et
1824 2231 1918 2271 eos
1943 2213 2100 2269 faciat

516 2321 672 2376 pmna
719 2307 1011 2374 confundi,
1056 2307 1198 2378 quod
1245 2322 1349 2362 non
1394 2305 1620 2362 fecisset'
1643 2306 1948 2378 impunitas.
1992 2304 2096 2359 Sed

517 2406 702 2452 contra
735 2411 821 2453 res
847 2399 1210 2468 apertissimas
1236 2413 1393 2468 quem
1434 2399 1622 2454 liberet
1660 2413 1780 2454 esse
1804 2398 2094 2463 disertum,

517 2487 618 2542 nisi
647 2503 678 2542 a
699 2488 921 2544 veritate
947 2487 1258 2544 desertum?
1283 2487 1582 2558 Utrumque
1607 2497 1784 2543 autem
1811 2502 1910 2543 nos
1935 2487 2098 2542 libere

515 2578 776 2646 dicimus,
803 2587 860 2635 et
887 2579 1027 2650 quod
1057 2579 1182 2634 fecit
1220 2579 1382 2635 homo
1409 2579 1628 2647 volens,
1667 2589 1722 2636 et
1747 2581 1884 2652 quod
1911 2593 2099 2651 passus

513 2680 592 2723 est
615 2669 834 2736 nolens;
865 2670 916 2724 id
941 2678 1042 2736 est,
1065 2679 1120 2726 et
1143 2669 1366 2739 spiritus
1391 2669 1826 2736 inobedientiam,
1849 2679 1904 2726 et
1919 2670 2098 2725 carnis

510 2768 696 2815 contra
735 2759 980 2830 spiritum
1021 2759 1510 2831 concupiscentiam
1537 2761 1668 2816 :sed
1697 2777 1860 2816 unum
1907 2761 2096 2817 horum

511 2850 692 2907 dicere
721 2859 774 2906 tu
804 2852 1179 2918 erubescebas,
1209 2865 1278 2906 ne
1305 2865 1404 2906 nos
1434 2851 1754 2907 admoneres
1783 2851 1923 2908 unde
1951 2859 2096 2906 tuum

510 2943 948 2999 convinceremus
977 2957 1240 2999 errorem.
1268 2943 1335 2996 Et
1361 2956 1502 2996 nunc
1529 2941 1741 3012 quando
1761 2941 1870 3012 jam
1895 2955 2097 2996 concu-

514 3032 823 3100 piscentiam
864 3032 1045 3087 carnis
1071 3043 1127 3086 et
1153 3031 1426 3086 libidinem
1470 3031 1746 3094 nominas,
1789 3045 1857 3086 ne
1895 3030 1966 3086 de
1993 3039 2098 3085 tum

513 3133 778 3190 suscepta:
802 3122 1020 3176 nomine
1043 3119 1363 3175 erubescere
1382 3119 1580 3176 dicaris
1597 3161 1613 3188 ,
1643 3121 1756 3191 plus
1784 3121 2098 3177 erubescere

514 3209 692 3276 times,
723 3219 780 3264 ct
807 3223 994 3264 errare
1021 3226 1128 3264 non
1160 3210 1334 3266 times.

583 3297 825 3354 XXXIV.
851 3299 969 3354 ιω..
999 3300 1219 3354 Constat
1245 3309 1419 3355 tamen
1447 3309 1810 3356 accusatorem
1857 3310 2096 3358 nostrum

513 3391 565 3446 in
593 3389 806 3458 eodem,
824 3405 982 3461 quem
1011 3399 1308 3457 aversatur,
1332 3391 1613 3448 lutovolvi.
1635 3391 1769 3448 Cum
1797 3393 1938 3448 enim
1963 3409 2097 3450 con-

515 3483 726 3540 nxerit
759 3484 902 3553 justo
930 3482 1188 3540 redditam
1217 3483 1453 3540 libidinis
1480 3497 1712 3555 pinnam,
1743 3493 1799 3541 et
1847 3487 1982 3542 hanc
2008 3487 2098 3557 ju-

513 3575 708 3630 stitiam
735 3572 929 3629 divina:
954 3574 1180 3630 inculcat
1209 3575 1499 3631 convenire
1517 3577 1821 3641 sententiae,
1845 3578 1898 3632 in
1919 3578 2098 3648 prola-

515 3664 660 3720 tione
677 3673 856 3719 autem
881 3663 1164 3719 sententia:
1192 3678 1326 3735 opus
1356 3664 1449 3720 Dei
1469 3679 1589 3720 esse
1611 3679 1718 3720 non
1759 3665 2005 3737 denegat,
2033 3650 2097 3723 ex

515 3769 616 3825 qua
637 3753 913 3809 libidinem
939 3755 1183 3810 evenisse
1205 3754 1356 3822 dicit,
1386 3771 1546 3827 quam
1573 3758 1994 3814 erubescendum
2025 3759 2102 3812 fa-

516 3855 688 3914 tetur;
719 3846 771 3902 in
793 3861 1010 3917 operam
1045 3846 1295 3902 nimirum
1341 3848 1456 3916 Dei,
1481 3848 1651 3917 illum,
1701 3865 1857 3920 quem
1885 3849 2101 3920 prepul-

515 3947 744 4001 saverat,
771 3938 989 3994 reduxit
1013 3938 1290 4008 pudorem.

585 4028 724 4085 Anc.
751 4026 868 4084 Jam
896 4028 991 4084 tibi
1019 4027 1224 4084 dictum
1254 4037 1358 4095 est,
1401 4028 1536 4086 Deus
1563 4039 1772 4084 mortem
1795 4048 1895 4085 non
1938 4032 2054 4102 fecit
2081 4048 2100 4085 :

514 4117 568 4172 in
597 4116 889 4188 prolatione
915 4125 1094 4172 autem
1119 4119 1398 4174 sententiae
1429 4119 1518 4174 Dei
1547 4127 1648 4185 est,
1677 4119 1844 4174 Morte
1875 4123 2102 4176 morieris

519 4207 675 4281 (Gen.
705 4225 762 4276 ιι,
796 4209 904 4279 17).
947 4209 1086 4264 Ecce
1115 4209 1258 4264 Deus
1291 4209 1391 4265 hoc
1412 4211 1630 4266 retribui
1661 4214 1925 4282 peceatori
1955 4212 2097 4280 fecit,

514 4299 658 4371 quod
687 4301 828 4356 Deus
855 4301 970 4370 ipse
993 4317 1097 4355 non
1128 4299 1270 4356 fecit.
1307 4301 1368 4356 Et
1409 4311 1582 4358 tamen
1607 4303 1726 4374 quia
1777 4303 1917 4359 Deus
1945 4305 2100 4360 ultio-

517 4408 643 4446 num
670 4400 754 4448 est
781 4391 954 4462 (Psal.
984 4406 1130 4456 rem,
1165 4392 1244 4463 l),
1274 4393 1404 4449 dicit
1447 4395 1611 4449 etiam
1643 4409 1828 4450 creare
1865 4409 1924 4450 se
1962 4396 2101 4450 mala

520 4481 674 4556 (faui.
699 4499 827 4554 XLV,
857 4485 911 4554 7)
948 4493 1046 4540 :et
1067 4483 1308 4555 quaedam
1351 4487 1402 4539 in
1443 4485 1580 4540 libro
1624 4485 1997 4542 Eeclesiastico
2036 4487 2102 4541 ad

517 4578 803 4634 vindictam
861 4584 1038 4634 creata
1101 4577 1348 4635 dicuntur
1396 4575 1583 4652 (Ereti.
1617 4593 1804 4646 xxxix,
1833 4578 1944 4650 35).
1997 4579 2100 4634 Sed

519 4685 640 4727 eum
659 4679 935 4742 peccatum
971 4670 1131 4724 etiam
1159 4685 1294 4741 pona
1319 4671 1518 4740 peccati
1546 4679 1648 4735 est,
1684 4685 1789 4725 non
1819 4672 1957 4726 Deus
1979 4687 2103 4743 pec-

519 4771 699 4818 eatum
729 4759 1036 4830 facitopere
1057 4760 1259 4831 iniquo,
1293 4761 1386 4817 sed
1419 4771 1474 4816 ut
1520 4769 1794 4832 peccatum
1840 4763 1909 4817 sit
1947 4778 2100 4832 penna

522 4851 792 4924 peccantis
819 4851 942 4906 facit
968 4865 1129 4922 opere
1152 4851 1314 4920 justo.
1333 4850 1463 4920 Quis
1489 4852 1631 4906 enim
1663 4861 1820 4922 neget
1841 4867 1960 4908 esse
1979 4867 2104 4922 pee-

519 4953 718 5010 catum,
741 4941 1014 5013 prophetis
1044 4941 1389 4997 mendacibus
1412 4942 1670 4998 credere?
1695 4943 1760 4997 Et
1787 4953 1963 4998 tamen
1991 4943 2104 4998 hrec

521 5036 620 5090 fuit
643 5049 799 5106 pmna
831 5035 970 5104 regis
997 5033 1214 5099 Achab,
1251 5034 1428 5089 divino
1457 5033 1655 5088 inflicta
1699 5034 1919 5104 judicio,
1968 5036 2105 5090 sicut

521 5127 827 5198 Regnorum
849 5131 1075 5180 testatur
1120 5125 1338 5179 historia
1378 5123 1468 5196 (Ill
1501 5123 1628 5196 Reg.
1661 5123 1816 5195 xm).
1843 5125 1951 5180 Nec
1985 5126 2104 5182 ideo

517 5217 799 5288 quisquam
850 5214 922 5272 ita
959 5215 1174 5287 desipit,
1222 5225 1280 5271 ut
1327 5213 1908 5286 pseudoprophetarum
1955 5227 2104 5287 putet

521 5307 778 5366 laudanda
803 5321 926 5366 esse
947 5307 1243 5375 mendacia,
1271 5317 1365 5364 aut
1390 5307 1650 5364 mendacii
1671 5309 1834 5363 Deum
1855 5308 1996 5365 dicat
2011 5327 2103 5365 au-

521 5410 740 5466 etorem,
793 5415 918 5456 cum
937 5399 1138 5471 judicio
1163 5399 1332 5470 justo,
1377 5399 1470 5456 ubi
1511 5399 1600 5454 tali
1639 5415 1796 5469 poma
1850 5402 2104 5474 perspicit

519 5491 758 5563 dignum,
810 5490 936 5546 facit
978 5490 1151 5561 decipi
1195 5505 1462 5561 quemque
1501 5491 1800 5548 mendacio.
1857 5492 2018 5564 Lege,
2049 5505 2104 5549 ct

522 5663 532 5673 ,
584 5603 602 5635 ι
637 5608 842 5673 Its-asper
868 5601 935 5673 in_
939 5603 1304 5673 sententiarum
1325 5600 1469 5673 libro,
1492 5605 1736 5673 sententia
1752 5605 1866 5673 503,
1885 5605 1978 5673 hoc
2001 5606 2105 5673 loco

519 5663 694 5727 inserit
717 5661 867 5713 verba
881 5661 984 5727 __ttla
1021 5675 1035 5727 ξ
1071 5662 1187 5727 quia
1208 5663 1344 5727 aliud
1365 5671 1435 5727 est
1456 5661 1669 5717 creando
1712 5679 1806 5718 non
1847 5661 2102 5720 instituisse

519 5721 795 5798 mortalem,
833 5721 978 5798 aliud
1001 5721 1284 5798 judicando
1323 5723 1528 5798 plectere
1563 5735 1874 5792 precatorem.
1922 5733 2102 5782 Absunt

523 5790 715 5834 omntno
732 5797 760 5834 a
776 5785 1112 5850 titanusa-iptis
1130 5785 1275 5852 hujus
1306 5785 1483 5852 operis.

1218 371 1458 428 OPERIS
1497 365 1910 424 IMPERFECTI
1948 362 2218 418 CONTRA
2259 361 2618 434 JULIANUM,
2658 367 2715 424 S.
2759 369 3118 428 AUGUSTINI

3673 377 3816 432 1556

2211 477 2476 550 intellige;
2504 491 2558 536 et
2586 483 2692 538 noli
2725 484 2837 552 tibi,
2867 500 2934 541 ne
2971 485 3254 557 intelligas,
3291 487 3520 545 tumultu
3559 489 3810 561 loquaci-

2209 569 2331 623 tatis
2355 571 2682 643 obstrepere.

2281 659 2498 718 XXXV.
2525 663 2645 719 ιω..
2678 665 2759 722 Ad
2779 665 2921 737 quod
2948 674 3127 724 tamen
3155 671 3305 740 quasi
3331 671 3684 728 corollarium
3711 689 3812 745 pe-

2207 751 2422 807 culiaris
2439 754 2657 812 sceleris
2676 756 2934 828 adjunxit,
2965 765 3022 814 ut
3050 759 3206 815 talem
3243 776 3462 832 poenam
3501 779 3532 818 a
3581 764 3700 820 Deo
3743 765 3812 820 il-

2209 841 2370 898 latam
2401 844 2622 916 diceret,
2649 863 2768 918 quae
2795 857 2938 905 esset
2965 850 3216 908 illecebra
3243 862 3299 909 et
3341 852 3516 911 fomes
3571 858 3808 925 peccati.

2207 949 2325 1004 qua:
2353 935 2438 992 lex
2463 938 2516 992 in
2569 940 2826 996 membris
2871 941 3062 996 invicta
3100 955 3419 1014 repugnaret
3455 945 3564 1017 legi
3607 949 3808 1004 mentis

2207 1035 2406 1082 nostra:
2433 1045 2449 1082 :
2475 1044 2582 1100 quo
2604 1045 2803 1100 genere
2825 1031 3043 1088 ultionis
3067 1033 3442 1105 multiplicaret
3467 1037 3620 1093 Deus
3657 1037 3808 1108 flagi-

2209 1117 2299 1181 tia,
2329 1135 2434 1174 non
2455 1121 2699 1191 puniret;
2745 1131 2800 1179 et
2826 1125 2918 1194 qui
2944 1125 3109 1180 iratus
3153 1133 3270 1181 erat
3312 1127 3468 1183 malm
3509 1127 3804 1192 voluntati,

2207 1222 2310 1277 qua
2341 1208 2512 1264 fuerat
2537 1219 2793 1279 erratum,
2815 1213 3078 1285 reliquum
3107 1215 3304 1271 faceret
3333 1218 3602 1286 peccandi
3627 1233 3806 1274 neces-

2208 1299 2440 1354 sitatem.
2493 1301 2659 1370 Quale
2701 1305 2770 1359 sit
2819 1312 2996 1361 tamen
3043 1305 3144 1361 hoc
3181 1305 3459 1376 judicium,
3517 1307 3804 1365 Manicha-i

2207 1391 2354 1447 furor
2382 1393 2608 1450 viderit:
2631 1395 2755 1450 dum
2773 1405 2999 1463 constet,
3021 1399 3143 1468 quia
3169 1399 3256 1455 hic
3274 1399 3444 1469 judex
3465 1401 3558 1470 qui
3591 1402 3668 1456 ab
3697 1403 3804 1456 Au-

2206 1485 2416 1553 gustino
2443 1485 2677 1556 fingitur,
2699 1489 2964 1543 simularit
2985 1503 3046 1544 se
3069 1489 3292 1546 horrere
3315 1499 3621 1560 peccantur,
3655 1505 3804 1548 caete-

2207 1590 2323 1628 rum
2355 1584 2500 1631 tanto
2536 1578 2615 1634 eis
2639 1578 2879 1634 adhaeret
2905 1579 3124 1646 affectu,
3153 1589 3212 1635 ut
3247 1581 3656 1653 diligentiorem
3702 1599 3800 1638 nu-

2208 1666 2412 1722 tritium
2435 1668 2676 1725 invenire
2705 1686 2814 1726 non
2831 1672 3060 1742 possint.

2276 1757 2412 1814 Auc.
2443 1759 2584 1830 Lege
2606 1761 2750 1830 quod
2777 1763 3034 1832 scriptum
3056 1771 3160 1830 est,
3187 1765 3438 1834 quoniam
3481 1783 3592 1820 non
3619 1765 3800 1835 proba-

2206 1857 2382 1903 verunt
2405 1849 2572 1904 Deum
2599 1850 2780 1906 habere
2803 1854 2857 1906 in
2901 1855 3097 1919 notitia,
3130 1855 3338 1909 tradidit
3383 1857 3508 1912 illos
3565 1857 3712 1913 Dm
3751 1859 3800 1912 in

2205 1939 2470 2005 reprobam
2531 1950 2745 1995 mentem
2763 1983 2778 2006 ,
2835 1953 2890 1996 ut
2939 1943 3132 2012 faciant
3181 1961 3298 2016 qua
3343 1963 3446 2001 non
3495 1949 3802 2003 conueniunt

2206 2026 2382 2098 (Rom.
2411 2045 2449 2094 ι,
2475 2029 2570 2102 28)
2603 2047 2616 2084 :
2643 2039 2698 2086 et
2725 2031 2845 2087 vide
2863 2033 3108 2104 quaedam
3151 2043 3369 2104 peccata
3389 2036 3560 2090 etiam
3607 2052 3800 2106 pmnas

2204 2133 2324 2173 esse
2345 2121 2697 2189 peccantium.
2715 2122 2994 2192 Quomodo
3013 2113 3196 2180 autem
3221 2125 3272 2180 id
3293 2109 3452 2182 faciat
3467 2127 3620 2183 Deus
3647 2137 3710 2183 ut
3727 2129 3800 2183 ia-

2205 2208 2430 2279 telligas,
2457 2213 2804 2283 relege'quod
2845 2221 2898 2269 te
2925 2214 3178 2270 admonui
3227 2217 3476 2286 superius
3531 2217 3604 2274 de
3661 2218 3802 2290 Rege

2203 2302 2388 2359 Achab
2417 2306 2606 2375 :cujus
2634 2306 2814 2378 utique
2844 2317 3118 2377 peccatum
3147 2308 3246 2364 fuit
3303 2309 3529 2366 credere
3569 2311 3798 2380 pseudo«

2203 2395 2508 2465 prOphetis;
2539 2406 2594 2452 et
2632 2407 2808 2454 tamen
2859 2399 2966 2456 hoc
3005 2409 3302 2470 peccatum,
3335 2403 3446 2458 Deo
3469 2403 3796 2467 vindicante,

2204 2484 2302 2540 fuit
2342 2486 2503 2541 etiam
2553 2503 2709 2557 pmna
2745 2492 3038 2560 peccantis.
3087 2491 3188 2546 Ista
3233 2493 3540 2560 considera,
3591 2504 3652 2550 et
3695 2495 3797 2550 noli

2201 2577 2468 2634 oblatrare
2491 2579 2724 2646 veritati,
2775 2597 2844 2636 ne
2898 2581 2950 2637 in
3002 2591 3056 2638 te
3080 2597 3294 2654 quoque
3317 2598 3652 2655 agnoscatur
3689 2585 3798 2641 hau:

2201 2682 2381 2738 poena.

2273 2759 2514 2816 XXXVI.
2541 2761 2661 2817 Jun.
2692 2762 2829 2833 Quid
2855 2779 2982 2834 ergo
3009 2764 3110 2828 vis,
3157 2765 3510 2822 subtilissime
3557 2766 3796 2838 disputa-

2203 2851 2326 2906 tor?
2372 2853 2682 2924 sacrilegam
2721 2869 2842 2910 esse
2885 2855 2940 2910 in
2975 2855 3067 2911 Dei
3091 2856 3344 2926 operibus
3391 2858 3796 2923 verecundiam,

2202 2945 2325 3016 quia
2345 2947 2523 3001 omnia
2551 2964 2670 3017 qua:
2701 2948 2840 3003 Deus
2867 2947 3068 3015 fecerit,
3099 2949 3296 3020 passim
3325 2951 3408 3021 agi
3433 2951 3695 3018 debeant,
3725 2967 3792 3008 ue

2204 3046 2381 3092 nostra
2407 3039 2688 3109 trepidatio
2713 3041 2957 3110 opificem
2993 3042 3238 3097 videatur
3280 3044 3547 3114 arguere?
3589 3043 3796 3100 Errarit

2202 3144 2330 3201 ergo
2353 3132 2625 3202 apostolus
2651 3133 2868 3198 Paulus,
2894 3134 2986 3204 qui
3012 3135 3105 3190 Dei
3127 3150 3292 3205 opera
3312 3135 3654 3204 describens,
3681 3137 3794 3192 ait:

2211 3222 2582 3280 Verecundiam
2621 3237 2794 3280 nostra
2837 3229 3081 3298 majorem
3127 3227 3437 3282 honestatem
3475 3229 3702 3296 habent;
3749 3239 3798 3284 et

2203 3314 2342 3372 Deus
2367 3317 2654 3387 temperavit
2677 3332 2881 3387 corpus,
2910 3319 2956 3371 ei
2974 3319 3054 3372 cui
3080 3317 3252 3372 deerat
3271 3319 3650 3374 abundantiore
3673 3319 3796 3374 dato

2205 3409 2412 3476 honore,
2461 3417 2518 3463 ut
2559 3425 2662 3463 non
2698 3410 2763 3464 sit
2807 3409 3028 3464 scissura
3089 3411 3144 3464 in
3200 3427 3411 3483 corpore
3459 3412 3501 3482 (1
3529 3410 3656 3468 Cor.
3699 3428 3794 3480 xu,

2202 3499 2416 3570 23-25).

2275 3592 2410 3647 Anc.
2437 3591 2580 3662 Lege
2605 3590 2904 3660 diligenter,
2933 3599 2983 3646 et
3011 3593 3213 3662 inspice
3240 3592 3480 3650 codicem
3521 3609 3792 3665 greeum;

2205 3696 2259 3743 et
2283 3686 2521 3743 invenies
2549 3685 2862 3755 Apostolum
2902 3685 3169 3740 inhonesta
3188 3685 3388 3742 dixisse
3415 3684 3520 3759 (α),
3548 3701 3672 3756 qua:
3711 3703 3794 3740 ee-

2203 3777 2504 3831 recundiora
2526 3785 2581 3831 tu
2623 3775 2793 3831 dicis:
2819 3783 2876 3831 et
2920 3789 3166 3844 quarrens
3197 3791 3294 3832 cur
3328 3775 3616 3832 inhonesta
3665 3777 3793 3842 sint,

2203 3885 2324 3938 quae
2352 3869 2500 3940 prius
2523 3883 2695 3938 usque
2724 3867 2858 3923 adeo
2879 3867 3088 3923 fuerant
3113 3867 3356 3936 honesta,
3388 3869 3590 3924 utnudi
3615 3879 3796 3925 essent

2203 3959 2311 4015 duo
2335 3960 2433 4028 illi,
2451 3967 2636 4015 etnon
2660 3959 3113 4014 confunderentur
3129 3959 3282 4032 (Gen.
3303 3976 3360 4027 ιι,
3389 3960 3506 4032 25);
3529 3961 3792 4030 reperies,

2205 4051 2252 4106 si
2276 4066 2378 4106 non
2409 4059 2462 4106 te
2480 4049 2792 4105 animositas
2819 4049 3176 4105 contentionis
3199 4060 3456 4119 exemeet,
3488 4061 3544 4106 ut
3575 4051 3680 4106 hoc
3711 4067 3798 4106 se-

2206 4153 2478 4213 queretur,
2507 4143 2846 4211 prarcessisse
2870 4153 3145 4211 peceatum
3176 4159 3190 4195 :
3214 4157 3387 4213 neque
3409 4143 3460 4196 in
3483 4142 3794 4199 hominibus

2207 4235 2391 4305 primis
2423 4234 2585 4290 Deum
2627 4233 2824 4304 aliquid
2868 4231 3058 4290 fecisse
3101 4233 3476 4300 inhonestum;
3524 4235 3666 4290 sicut
3695 4251 3790 4290 nec

2208 4333 2429 4379 mortem
2458 4323 2581 4379 fecit
2607 4324 2767 4388 Deus,
2789 4337 2908 4378 cum
2938 4337 3130 4393 corpus
3157 4339 3262 4378 non
3293 4323 3450 4379 faciat
3475 4325 3580 4379 nisi
3621 4325 3792 4388 Deus;

2207 4421 2262 4470 et
2285 4425 2481 4480 tamen,
2504 4413 2702 4484 Corpus
2733 4413 2934 4484 quidem
2964 4425 3213 4466 mortuum
3249 4425 3322 4467 est
3371 4425 3579 4484 propter
3619 4431 3790 4485 perca-

2209 4517 2332 4572 tum,
2361 4521 2518 4561 verax
2545 4505 2670 4560 dicit
2694 4505 2978 4574 Apostolus
3001 4502 3174 4577 (Rom.
3203 4519 3318 4571 vtu,
3352 4503 3461 4575 I0).

2279 4596 2539 4654 XXXVII.
2569 4595 2687 4652 Jun.
2721 4595 2877 4650 Errat
2903 4596 3060 4651 etiam
3091 4595 3434 4651 honestorum
3459 4597 3792 4666 cautio,qn:e

2209 4689 2536 4745 naturalibus
2583 4688 2741 4744 rebus
2766 4689 3100 4744 verecundiae
3137 4687 3417 4758 prmtendit
3463 4688 3790 4743 umbracula.

2207 4782 2286 4837 Tu
2312 4797 2436 4854 ergo
2465 4783 2577 4851 ipse
2602 4781 2850 4851 reliquias
2871 4781 3108 4836 ciborum
3132 4823 3144 4844 ,
3175 4795 3307 4850 quas
3335 4789 3482 4835 certe
3521 4781 3792 4835 conﬁteris

2208 4887 2312 4928 non
2341 4872 2606 4941 pertinere
2632 4871 2697 4925 ad
2727 4871 3021 4935 libidinem,
3055 4871 3156 4925 sub
3184 4872 3349 4926 oculis
3378 4871 3590 4940 depelle
3621 4887 3786 4940 popu-

2209 4965 2414 5028 lorum;
2465 4963 2572 5016 imo
2619 4971 2680 5016 ut
2723 4961 2954 5032 dogmati
3001 4971 3088 5016 tuo
3120 4961 3488 5016 auctoritatem
3545 4963 3794 5016 concilies

2209 5053 2474 5122 exemplo,
2505 5051 2557 5106 in
2587 5051 2820 5106 Ecclesia
2874 5051 3033 5105 facito
3080 5052 3280 5118 omnia,
3331 5067 3451 5121 qua:
3501 5051 3570 5105 ad
3611 5061 3792 5106 nutu

2209 5145 2341 5200 dicis
2380 5145 2490 5199 fieri
2538 5144 2843 5210 voluntatis,
2904 5145 3328 5213 contentusque‘
3367 5159 3588 5212 operam
3637 5145 3794 5199 solius

2210 5235 2599 5291 commixtionis
2627 5235 2889 5300 occulere,
2916 5249 2943 5287 a
2975 5249 3096 5304 qua,
3124 5243 3178 5288 et
3205 5233 3331 5287 olim
3355 5235 3654 5303 proposito,
3689 5233 3792 5288 foro

2209 5329 2366 5394 sitan,
2399 5337 2453 5383 et
2481 5343 2619 5382 nunc
2647 5328 2796 5382 senio
2819 5327 3087 5392 destitisti,
3116 5327 3280 5382 dicito
3299 5327 3364 5381 ad
3387 5328 3594 5398 grande
3623 5327 3788 5382 sacri-

2211 5421 2403 5491 legium
2429 5420 2714 5488 pertinere,
2746 5420 2789 5474 si
2809 5434 2893 5474 rcs
2921 5434 3040 5489 qua:
3061 5419 3227 5473 Deum
3255 5419 3590 5474 conditorem
3613 5419 3790 5481 habet,

2212 5510 2475 5580 publicum
2503 5509 2632 5564 vitet
2657 5517 2951 5580 aspectum.
2977 5507 3212 5564 Comede
3255 5511 3414 5581 igitur
3435 5511 3490 5564 in
3531 5509 3670 5574 foro,
3705 5517 3792 5562 aut

2272 5713 2288 5742 ι
2325 5707 2478 5771 vign.,
2503 5713 2896 5768 commeatusque.
2919 5717 3022 5760 szss.
3041 5743 3058 5771 ,
3081 5715 3425 5772 contentusque.

2271 5793 2346 5857 (α)
2387 5790 2448 5844 Td
2469 5790 2766 5844 asrhémona.
