3980 6530
259 422 396 478 1557

256 542 311 595 in
339 536 643 610 synagogis,
681 537 732 590 in
758 535 950 606 quibus
975 531 1363 603 disputationes
1393 537 1495 584 tua:
1522 538 1841 600 personant;

256 641 312 686 et
339 645 460 686 cum
501 629 820 684 vestimenta
844 625 948 682 sub
969 624 1081 680 sole
1109 622 1311 677 torrido
1337 621 1532 677 fuerint
1571 623 1739 685 oneri,
1769 630 1846 676 te-

255 736 387 792 gens
414 719 558 774 illam
605 715 970 771 tantummodo
1026 715 1268 784 corporis
1314 713 1385 766 tui
1441 719 1643 781 partem
1685 724 1842 780 quam

255 809 497 867 diabolus
549 809 743 868 movit,
787 807 988 861 relicua
1039 805 1210 859 nudus
1255 804 1488 858 incedito
1520 821 1533 855 :
1562 803 1682 871 quia
1716 817 1844 871 pro-

256 902 470 956 nuntias
499 899 762 971 ingratum
808 912 928 952 esse
955 906 1010 952 et
1046 895 1347 966 profanum,
1396 894 1439 947 si
1466 892 1592 964 quid
1638 901 1846 964 tegatur

254 991 397 1063 quod
428 990 518 1046 Dei
543 987 796 1060 operibus
823 987 1160 1042 adscribitur.
1192 985 1342 1050 Quod
1385 999 1505 1038 cum
1529 983 1719 1038 horum
1764 983 1843 1038 tti-

255 1083 326 1137 hil
350 1082 478 1137 facis
503 1081 569 1150 (si
599 1091 774 1134 tamen
792 1094 898 1134 non
923 1077 1249 1148 proliciendo
1271 1079 1288 1109 ¹
1310 1075 1544 1144 feceris),
1560 1074 1688 1144 ipsis
1709 1090 1840 1147 ope-

257 1175 405 1231 ribus
429 1171 715 1230 couftrmas
743 1173 967 1228 alterum
996 1171 1063 1226 de
1115 1171 1341 1236 duobus,
1370 1173 1471 1224 'aut
1513 1171 1692 1225 omnia
1742 1172 1839 1225 ista

256 1266 325 1320 ad
357 1266 624 1321 diabolum
659 1265 944 1334 pertinere,
975 1279 1094 1332 qua:
1122 1277 1224 1316 non
1257 1263 1567 1332 exsequeris
1591 1264 1691 1318 sub
1713 1279 1840 1318 con-

257 1367 442 1428 spectu
469 1357 709 1428 publico;
733 1364 824 1410 aut
843 1355 1034 1426 dogma
1056 1363 1313 1421 vestrum,
1342 1353 1387 1409 si
1414 1370 1522 1411 non
1543 1355 1726 1422 corde,
1757 1357 1839 1411 vel

255 1459 439 1504 ventre
465 1457 554 1502 tuo
581 1457 712 1502 teste
736 1445 1014 1501 cecidisse.

324 1539 457 1594 Anc.
485 1537 685 1592 Eorum
716 1552 834 1607 qua:
863 1537 1092 1590 occultat
1120 1535 1305 1606 pudor,
1335 1535 1434 1589 alia
1458 1543 1586 1590 sunt
1622 1536 1842 1590 horribi-

254 1630 342 1694 lia,
376 1629 478 1682 alia
499 1627 927 1696 coneupiscibilia
957 1644 972 1680 :
997 1627 1081 1680 illa
1103 1627 1435 1691 occuluntur,
1467 1642 1537 1683 ne
1577 1627 1836 1681 horrean-

251 1731 358 1786 tur,
391 1719 530 1774 sicut
555 1717 859 1789 egestiones
911 1718 1248 1788 reliquiarum
1291 1733 1354 1772 ex
1401 1717 1697 1780 alimentis;
1738 1717 1837 1771 ista

247 1826 396 1875 vero,
428 1825 496 1864 ne
521 1809 981 1878 concupiscantur,
1011 1809 1090 1863 vel
1119 1823 1186 1863 ne
1214 1807 1265 1862 id
1295 1807 1436 1878 quod
1486 1823 1580 1877 per
1605 1823 1667 1862 ea
1717 1807 1832 1863 fieri

247 1899 406 1965 solet,
430 1899 751 1953 admoneant
790 1898 1115 1967 concupisci,
1157 1898 1293 1952 sicut
1322 1905 1445 1951 sunt
1470 1912 1535 1952 ea
1574 1897 1834 1963 membra,

248 2006 368 2060 qua:
396 1989 464 2045 ab
494 1990 609 2058 ipso
633 1989 843 2060 pudore
868 1989 1080 2058 proprie
1120 1988 1362 2058 pudenda
1390 1990 1654 2051 dicuntur,
1688 1989 1768 2044 vel
1791 1990 1837 2044 si

248 2085 326 2138 eis
353 2084 524 2153 ipsum
555 2080 997 2151 concupiscentia:
1030 2095 1164 2152 opus
1193 2081 1384 2150 agitur.
1414 2079 1544 2134 Nam
1568 2090 1621 2134 et
1645 2089 1835 2136 eielera

239 2174 488 2244 corporis
508 2173 576 2228 ab
612 2173 692 2227 his
727 2172 1035 2237 remotiora,
1064 2187 1183 2226 cum
1199 2171 1360 2240 pudet
1383 2171 1520 2225 nuda
1538 2170 1836 2240 relinquere

241 2266 363 2319 sive
384 2263 606 2328 nudare,
634 2263 698 2316 ad
730 2263 829 2316 hoc
861 2263 1107 2332 pertinet,
1150 2262 1401 2331 quoniam
1445 2261 1836 2330 concupiscen-

246 2356 318 2410 tia
345 2355 521 2410 carnis
550 2354 706 2408 latius
730 2369 827 2424 per
864 2354 1047 2409 oculos
1073 2353 1323 2423 pascitur.
1349 2351 1501 2408 Unde
1543 2351 1618 2405 illi
1658 2353 1834 2421 impu-

239 2445 350 2501 dici
381 2445 627 2518 pudicatn
655 2443 974 2508 Susannam,
1003 2453 1258 2514 quantum
1297 2450 1604 2512 potuerunt,
1631 2442 1836 2498 nudare

248 2535 532 2591 voluerunt
556 2535 716 2608 (Dan.
749 2550 863 2602 xui,
886 2535 1001 2604 52).
1042 2533 1228 2589 Potest
1261 2547 1391 2602 ergo
1434 2531 1572 2587 bene
1614 2531 1834 2604 intelligi

249 2629 410 2684 etiam
451 2628 611 2692 Deus,
647 2626 889 2696 ejusdem
915 2640 1127 2696 quoque
1170 2624 1390 2694 pudoris
1433 2622 1836 2680 commendasse

248 2735 457 2784 curam,
497 2717 706 2789 quando
750 2717 873 2772 illos
911 2717 1004 2786 qui
1031 2716 1131 2770 sibi
1179 2714 1527 2770 succinctoria
1573 2713 1832 2782 fecerant,

239 2809 316 2866 de
331 2826 426 2865 sua
446 2808 682 2864 nuditate
703 2805 931 2871 confusi,
956 2807 1114 2861 etiam
1148 2805 1338 2860 tunicis
1363 2804 1568 2870 induit;
1591 2814 1835 2874 propter-

248 2917 312 2957 ea
340 2901 555 2972 quidem
582 2899 816 2969 pelliceis
845 2896 996 2970 (Gen.
1025 2913 1100 2963 ιιι,
1130 2894 1247 2970 21),
1307 2905 1364 2950 ιιι
1405 2895 1835 2966 corruptibilibus

241 2991 352 3062 jam
381 2990 698 3062 corporibus
724 3003 870 3042 mors
891 2987 1194 3058 signaretur
1221 2985 1495 3055 adjuncta.
1516 2984 1577 3040 In
1624 2985 1834 3055 publico

238 3094 423 3138 autem
468 3081 613 3136 vesci
643 3095 757 3134 mos
784 3077 1052 3149 prohibet,
1095 3090 1460 3147 quoscumque
1488 3075 1754 3145 prohibet,
1781 3085 1836 3132 et

241 3174 421 3228 facere
445 3180 634 3227 contra
656 3185 859 3225 morem
878 3168 1067 3224 merito
1088 3167 1273 3238 pudet.
1300 3166 1432 3222 Nam
1454 3167 1685 3222 Romani
1733 3182 1833 3222 an-

242 3265 400 3336 tiqui,
425 3261 571 3335 quod
597 3262 758 3317 etiam
777 3262 890 3333 ipse
907 3259 1100 3331 legisti,
1130 3259 1183 3313 in
1206 3259 1484 3330 propatulo
1506 3259 1836 3316 cmuitabant

245 3369 406 3426 atque
438 3355 823 3427 pransitabaut.
855 3354 993 3423 Quid
1016 3361 1100 3409 est
1121 3368 1250 3424 ergo
1279 3352 1438 3423 quod,
1483 3367 1588 3406 non
1627 3353 1835 3408 ratioci-

247 3449 456 3514 nando,
503 3447 599 3503 sed
647 3445 994 3501 conviciando
1031 3444 1278 3515 spatiaris
1321 3443 1374 3496 iu
1433 3443 1694 3498 vacuum?
1740 3443 1835 3498 Be-

248 3539 397 3608 spice
426 3537 542 3591 illos
569 3535 770 3606 primos
791 3541 1060 3605 parentes,
1107 3533 1196 3603 qui
1241 3531 1368 3587 nudi
1403 3540 1577 3598 erant,
1624 3543 1679 3587 et
1726 3547 1832 3587 non

245 3628 709 3686 confundebantur
740 3645 754 3682 :
784 3625 998 3681 attende
1036 3624 1165 3695 quid
1201 3625 1450 3688 texerint,
1495 3633 1548 3679 et
1577 3625 1833 3680 confitere

247 3723 375 3795 quid
421 3722 703 3778 senserint.
744 3721 788 3775 A
825 3717 1194 3794 succinctoriis
1250 3717 1317 3771 ad
1359 3717 1565 3772 tunicas
1615 3725 1832 3771 ventum

247 3823 363 3870 est:
390 3813 515 3869 inde
552 3813 733 3882 cmpit,
764 3819 818 3865 et
843 3808 1249 3866 crevitbumani
1288 3807 1532 3876 corporis
1577 3807 1829 3877 tegimen,

242 3906 333 3962 ubi
364 3904 609 3960 humanis
648 3902 902 3958 membris
944 3899 1308 3971 pudendorum
1346 3906 1430 3953 est
1468 3898 1690 3952 inditum
1731 3913 1832 3952 no-

241 4012 386 4052 men.
414 3995 493 4050 lbi
513 3993 735 4066 pudoris
763 3991 934 4062 major
961 4000 1043 4046 est
1064 4005 1212 4058 cura,
1237 3990 1326 4045 ubi
1354 3989 1554 4043 resistit
1576 3988 1832 4058 concupi-

240 4089 460 4145 scentize
486 4087 760 4158 pudicitia.
806 4083 978 4139 Pudet
1014 4083 1158 4138 enim
1206 4090 1451 4136 naturam
1516 4081 1830 4136 rationalem

243 4180 444 4252 aliquid
473 4178 671 4234 habere
700 4177 754 4231 in
782 4191 942 4230 carne
971 4189 1088 4240 sua,
1113 4173 1200 4228 ubi
1230 4173 1273 4227 si
1307 4189 1408 4226 non
1455 4173 1569 4226 vult
1593 4186 1688 4241 per
1729 4172 1832 4225 im-

243 4272 550 4342 pudicitiam
570 4267 931 4333 dehonestari,
952 4280 1170 4321 necesse
1196 4264 1266 4320 sit
1283 4263 1550 4330 reluctari,
1574 4273 1678 4318 tam
1697 4277 1829 4319 cou-

243 4362 442 4433 jugatis
466 4377 532 4416 ne
556 4361 763 4426 illicito,
798 4373 956 4428 quam
980 4355 1376 4412 continentibus
1404 4370 1470 4410 ne
1501 4355 1609 4410 ullo
1634 4369 1832 4410 concu-

248 4454 365 4509 bitu
392 4452 748 4508 sordidentur.
778 4449 910 4523 Haec,
933 4447 1198 4504 discordia
1225 4447 1402 4501 carnis
1436 4457 1491 4501 et
1530 4445 1748 4516 spiritus
1778 4446 1830 4500 in

249 4541 518 4614 paradiso,
549 4543 594 4598 si
615 4556 770 4596 nemo
798 4546 1094 4612 peccasset,
1133 4539 1271 4593 absit
1305 4547 1363 4591 ut
1397 4552 1519 4593 esse
1561 4537 1830 4606 potuerit:

247 4649 358 4689 non
381 4643 561 4688 autem
591 4647 686 4687 nos
711 4647 776 4687 ex
794 4633 983 4687 aliena:
1012 4639 1216 4684 natum
1236 4629 1617 4683 commixtione
1644 4643 1830 4697 posse-

243 4723 325 4780 dit
353 4742 367 4778 :
392 4722 534 4778 unde
553 4736 680 4792 ergo
705 4720 770 4776 ad
795 4737 914 4788 nos,
944 4721 1047 4775 nisi
1074 4735 1139 4775 ex
1176 4719 1334 4789 primi
1369 4719 1600 4774 hominis
1623 4733 1830 4789 prmva-

242 4815 503 4871 ricatione
530 4812 840 4869 descendit?

312 4905 604 4963 XXXVIII.
659 4905 782 4960 Jun.
835 4904 943 4959 Res
991 4903 1182 4974 ineptae
1233 4908 1392 4968 sunt,
1440 4909 1496 4956 et
1542 4915 1661 4971 qua:
1709 4900 1831 4955 stilo

243 5007 429 5054 nostro
456 4995 756 5052 convicium
781 4994 948 5064 magis
971 4991 1168 5048 faciant
1216 5007 1374 5060 quant
1424 4990 1660 5046 laborem
1691 5007 1704 5044 :
1736 4991 1830 5046 sed

244 5089 403 5145 fidem
432 5097 577 5144 tuam
603 5089 625 5120 ²
658 5085 963 5142 necessario
1007 5088 1422 5152 consequuntur.
1451 5080 1830 5135 Verumtamen

241 5179 436 5244 adhuc,
483 5187 544 5235 ut
583 5177 654 5233 sit
690 5177 925 5232 intentus
966 5176 1154 5239 lector,
1181 5172 1461 5228 admoneo.
1512 5171 1748 5227 Conatus
1772 5187 1831 5228 es

243 5288 438 5342 nempe
457 5286 720 5335 asserere,
749 5268 892 5341 quod
919 5268 1015 5324 Dei
1059 5280 1193 5337 opus
1236 5265 1489 5335 probetur
1527 5264 1830 5334 pudendum

246 5377 353 5418 non
378 5376 528 5427 esse;
560 5361 654 5418 sed
685 5370 743 5415 ut
771 5361 874 5415 hoc
901 5359 1113 5415 efficere
1157 5355 1458 5427 nequivisti,
1495 5355 1566 5410 ita
1594 5371 1830 5425 spopon-

243 5452 370 5508 disti
389 5450 518 5509 illud
546 5449 961 5514 absolutissime,
1009 5447 1225 5505 demere
1251 5455 1303 5502 te
1351 5462 1382 5501 a
1424 5445 1644 5500 libidine
1681 5461 1832 5501 vere-

241 5541 517 5607 cundiam,
561 5541 606 5596 si
635 5555 770 5610 opus
796 5539 893 5595 Dei
917 5552 1040 5594 esse
1080 5535 1363 5602 doceatur;
1395 5536 1536 5606 quod
1576 5536 1629 5591 in
1661 5536 1832 5606 primo

241 5645 411 5704 opere
433 5633 506 5688 ita
533 5629 844 5702 approbavi,
876 5637 938 5684 ut
960 5644 1061 5685 nec
1101 5637 1153 5684 te
1178 5628 1303 5683 inde
1331 5639 1510 5698 putem
1555 5627 1828 5684 dubitatu-

310 5766 330 5799 ⁸
363 5766 439 5816 sic
458 5773 564 5816 Mss.
589 5772 643 5816 Αι
659 5764 823 5826 vign.,
847 5759 1159 5826 perﬁciendo.

308 5828 332 5859 ί
355 5826 492 5888 Editi,
514 5828 689 5888 etiam;
717 5821 1013 5887 'pro,‘tudm.
1047 5821 1366 5873 Emendantur
1390 5833 1454 5869 ex
1475 5827 1583 5871 Mss.

1605 412 1807 468 LIBER
1846 413 2071 481 QUAi‘U
2089 419 2193 473 US.

3405 437 3540 492 i338

1957 545 2074 584 rum
2101 543 2243 595 esse,
2273 545 2392 588 eum
2422 535 2648 606 legeris:
2676 545 2852 593 tamen
2869 539 3116 610 quoniam
3148 541 3247 597 hoc
3267 555 3539 598 commcn-

1953 623 2062 672 tum‘
2095 628 2241 676 tuum
2272 623 2554 695 signiﬁcat,
2584 628 2809 684 necdum
2838 630 2905 684 ad
2937 647 3124 687 manus
3149 641 3267 688 tuas
3293 633 3411 688 illos
3442 650 3536 689 ve-

1952 708 2094 764 nisse
2123 710 2305 777 libros,
2353 714 2403 769 id
2449 716 2618 786 ipsum
2652 718 2702 771 in
2736 721 2982 788 prmscuti
3008 737 3218 792 quoque
3255 724 3539 781 ostendero

1951 815 2056 853 non
2097 800 2314 871 pigebit.
2360 804 2755 862 lrratiouabiles
2786 810 2944 879 igitur
2981 813 3298 880 animantes,
3347 829 3378 866 a
3431 831 3536 884 quo

1949 888 2191 944 conditas
2213 902 2389 961 putas,
2418 908 2538 962 quin
2582 898 2742 952 cortis
2783 899 3113 968 temporibus
3158 903 3534 959 ardentissima

1950 979 2164 1035 libidine
2193 994 2622 1052 commoventur,
2671 986 2741 1040 ita
2791 996 2848 1042 ut
2890 989 3048 1042 etiam
3099 989 3337 1047 fcritates
3380 1007 3535 1048 acuat

1949 1070 2312 1138 singularum?
2342 1072 2492 1130 Tunc
2533 1090 2708 1132 sievus
2745 1093 2895 1148 aper,
2929 1088 3054 1135 tunc
3084 1083 3312 1152 pessima
3361 1085 3529 1155 tigris.

1949 1162 2087 1216 Ante
2111 1176 2297 1217 omnes
2344 1162 2492 1218 furor
2537 1175 2624 1221 est
2663 1166 2887 1237 insignis
2939 1185 3193 1238 equarum
3235 1171 3531 1244 (Virgilius,

1950 1251 2132 1324 Georg.
2162 1253 2249 1308 lib.
2280 1256 2334 1320 3,
2388 1271 2516 1309 vers.
2563 1257 2690 1323 248,
2719 1257 2873 1331 266).
2907 1261 3044 1317 Vere
3079 1271 3285 1320 tument
3329 1266 3529 1321 herbae.

1948 1341 2085 1397 Vere
2109 1343 2433 1400 abundantia
2465 1348 2630 1401 teneri
2655 1348 2896 1404 humoris
2926 1353 3202 1407 exuberat.
3234 1353 3300 1408 Et
3329 1356 3526 1412 coitum

1941 1434 2106 1488 certis
2129 1444 2376 1504 repetunt
2394 1447 2635 1493 armenta
2652 1438 2841 1494 diebus
2860 1438 3042 1511 (Ibid.,
3062 1441 3149 1496 lib.
3172 1441 3230 1510 2,
3253 1458 3379 1499 vers.
3402 1445 3526 1512 524,

1945 1524 2070 1592 551,
2098 1524 2246 1596 529).
2277 1526 2518 1598 Longum
2566 1538 2648 1584 est
2686 1530 2764 1584 ire
2796 1545 2896 1601 per
2930 1531 3136 1603 singula
3164 1550 3180 1589 :
3211 1536 3389 1590 omnia
3438 1551 3532 1606 ge-

1953 1631 2103 1684 nera,
2132 1633 2251 1688 qua:
2293 1620 2572 1690 suspendit
2595 1621 2824 1691 volatus,
2851 1637 2971 1693 qua:
3017 1625 3273 1682 demersit
3299 1635 3527 1693 natatus,

1942 1721 2062 1776 quae
2089 1708 2285 1777 sparsit
2311 1719 2554 1780 vagatus,
2582 1725 2679 1780 per
2704 1725 2850 1778 aera,
2877 1727 2971 1782 per
2985 1711 3138 1778 freta,
3169 1729 3264 1784 per
3288 1730 3528 1783 nemora,

1941 1813 2044 1854 nec
2072 1807 2247 1855 tamen
2271 1811 2365 1857 aut
2387 1802 2692 1858 sublimavit
2716 1805 2875 1872 ratio,
2933 1814 3024 1860 aut
3059 1806 3215 1877 culpa
3241 1807 3527 1878 depressit,

1942 1899 2068 1947 nota
2096 1893 2618 1949 commiscendorum
2647 1909 2936 1966 corporum
2961 1896 3233 1968 voluptate
3253 1898 3530 1956 flamman-

1946 1989 2046 2037 tur.
2076 1980 2231 2037 Illum
2277 1997 2407 2054 ergo
2450 1998 2675 2038 sexuum
2731 1999 2889 2054 quem
2942 1987 3216 2057 patiuntur
3258 1988 3524 2057 ardorem,

1944 2069 2038 2126 Dei
2057 2085 2125 2126 an
2146 2071 2343 2127 diaboli
2369 2086 2535 2143 opere
2563 2076 2952 2143 susceperunt?
2978 2075 3247 2133 Cla—mabis
3287 2078 3404 2134 sine
3432 2079 3529 2134 du-

1943 2158 2050 2227 bio,
2081 2161 2195 2216 Dei.
2227 2163 2367 2218 Deus
2418 2176 2546 2233 ergo
2575 2177 2761 2219 sexum
2800 2165 3031 2219 naturali
3088 2167 3362 2237 voluptate
3409 2182 3530 2225 suc-

1941 2253 2149 2320 cendit;
2203 2253 2346 2324 quod
2388 2262 2536 2311 certe
2583 2257 2999 2326 consequentius
3041 2274 3201 2329 quam
3239 2270 3313 2328 tu,
3363 2261 3529 2317 Ilani-

1940 2343 2122 2398 chmus
2142 2352 2319 2414 negat.
2339 2343 2437 2400 Ille
2463 2345 2629 2412 enim,
2663 2360 2694 2400 a
2721 2361 2828 2417 quo
2847 2350 3331 2417 concupiscentiam
3352 2353 3528 2407 carnis

1941 2434 2195 2491 damnare
2220 2435 2473 2504 didicisti,
2503 2437 2630 2507 quid
2660 2437 2762 2492 sibi
2802 2437 3087 2494 dicendum
3141 2450 3288 2496 esset
3325 2457 3529 2512 expen-

1939 2525 2095 2593 dens,
2127 2542 2239 2583 rem
2261 2542 2420 2597 quam
2442 2527 2759 2583 diabolicam
2785 2527 3120 2598 deliniverat,
3168 2539 3328 2600 atque
3361 2546 3391 2586 a
3433 2533 3527 2588 Dei

1940 2619 2190 2689 operibus
2214 2627 2539 2686 removerat,
2570 2634 2997 2690 quaquaversum
3021 2634 3146 2675 eam
3175 2622 3344 2691 potuit
3372 2622 3528 2679 inve-

1939 2713 2057 2768 nire
2081 2712 2419 2782 persequitur
2448 2721 2536 2767 :et
2557 2711 2676 2767 ideo
2705 2720 2760 2766 ut
2778 2728 2876 2784 per
2895 2713 3385 2782 concupiscentiam
3401 2730 3528 2770 cor-

1941 2818 2071 2873 pora
2091 2803 2388 2870 hominum,
2439 2803 2509 2858 ita
2542 2820 2638 2874 per
2681 2803 2949 2872 homines,
2998 2819 3186 2861 omnes
3228 2806 3529 2864 animantes

1940 2895 2154 2952 diabolo
2172 2895 2444 2966 deputavit
2468 2896 2695 2951 auctori.
2741 2896 2822 2951 'I’u
2865 2904 3065 2964 autem,
3096 2913 3218 2952 cum
3253 2898 3307 2954 in
3362 2898 3531 2955 Mani-

1939 2987 2073 3051 chiei
2098 2988 2290 3043 castris
2333 2987 2591 3044 hactenus
2615 3003 2857 3055 manens,
2889 2990 3182 3045 maximum
3224 2991 3344 3062 ejus
3385 2991 3529 3049 feras

1939 3078 2258 3148 draconem,
2282 3079 2352 3135 de
2371 3095 2476 3149 quo
2506 3079 2808 3136 infelicibus
2837 3081 3105 3138 mentibus
3147 3097 3246 3154 per
3288 3085 3529 3139 naturale

1939 3169 2138 3223 malum
2165 3177 2220 3224 et
2247 3169 2470 3224 crimina
2510 3170 2814 3239 nuptiarum
2842 3169 3040 3226 letbale
3091 3171 3320 3241 inspiras
3361 3189 3526 3230 vene-

1940 3277 2088 3327 num;
2125 3276 2231 3316 non
2263 3261 2342 3316 vis
2383 3271 2559 3316 tamen
2613 3261 2666 3315 in
2697 3277 2885 3317 omnes
2931 3269 3151 3318 naturas
3202 3273 3448 3336 suggesta
3497 3283 3529 3322 a

1940 3355 2194 3423 magistro
2222 3353 2326 3408 tela
2352 3353 2575 3424 iaculari
2609 3363 2703 3409 :et
2747 3353 2915 3410 brutis
2958 3354 3274 3412 familiarior
3313 3356 3530 3431 (quibus

1939 3455 2116 3501 tamen
2141 3445 2210 3500 ob
2234 3444 2336 3500 hoc
2355 3446 2547 3514 parcis,
2569 3455 2626 3500 ut
2654 3445 3042 3501 rationabilium
3071 3455 3265 3503 statum
3287 3459 3530 3506 auctora-

1942 3540 2046 3593 titts
2070 3537 2420 3606 critniueris),
2435 3538 2708 3591 consentis
2726 3539 2774 3591 iu
2795 3536 3012 3592 illorum
3028 3539 3340 3610 corporibus
3362 3541 3527 3596 Deum

1941 3630 2162 3694 fecisse,
2199 3627 2339 3698 quod
2371 3628 2423 3681 in
2469 3628 2667 3682 nostris
2709 3628 2723 3659 ¹
2763 3627 3215 3684 diabolumzcum
3261 3638 3437 3686 tamen
3475 3633 3526 3687 id

1940 3723 2133 3791 ipsum,
2153 3721 2247 3776 sed
2267 3720 2444 3776 mitius
2458 3722 2507 3774 in
2533 3720 3018 3791 ltominibus,quam
3041 3723 3092 3775 in
3111 3722 3393 3792 pecoribus
3407 3738 3529 3780 esse

1940 3811 2158 3866 fateare.
2187 3809 2254 3867 Ut
2277 3824 2406 3880 ergo
2425 3809 2549 3879 quid
2568 3810 2638 3864 sit
2657 3809 2926 3877 eﬂ'ectum;
2949 3810 3183 3882 prudens
3201 3813 3366 3868 lector
3387 3815 3529 3868 acci-

1941 3904 2065 3972 piat,
2096 3899 2366 3956 libidincm
2392 3915 2674 3970 corporum
2706 3900 2760 3955 in
2798 3902 3115 3956 animalibus
3139 3902 3330 3958 factam
3355 3919 3386 3959 a
3417 3906 3527 3961 Deo

1940 4009 2043 4048 nou
2064 4007 2248 4063 negas.
2278 3990 2393 4046 Non
2413 4000 2640 4062 estergo
2658 3991 2747 4047 Dei
2767 3992 3016 4060 operibus
3039 3992 3250 4063 indigna
3275 3994 3361 4049 illa
3387 3995 3522 4052 affe-

1939 4083 2068 4148 ctio,
2093 4081 2374 4152 quminhis
2395 4081 2706 4137 substantiis
2731 4083 2906 4137 acrior
2931 4082 3219 4151 invenitur,
3249 4100 3370 4156 qua:
3396 4087 3526 4142 nihil

1938 4172 2007 4228 de
2029 4171 2225 4228 diaboli
2255 4172 2417 4238 malo,
2460 4173 2543 4226 vel
2568 4171 2708 4226 tenui
2735 4171 3008 4227 voluntate
3034 4183 3344 4242 rapuerunt.
3379 4175 3521 4246 Ergo

1938 4266 2060 4334 quia
2105 4264 2535 4334 concupiscentia
2565 4263 2782 4320 defensa
2807 4272 2892 4319 est
2911 4264 3160 4334 exemplo
3188 4265 3520 4334 animalium,

1939 4355 2153 4411 defensa
2175 4355 2334 4411 etiam
2363 4355 2618 4426 dignitate
2669 4355 2902 4410 auctoris
2929 4355 3031 4422 sui,
3083 4370 3182 4410 nec
3225 4357 3384 4424 mala,
3427 4374 3527 4414 nec

1937 4445 2198 4503 diabolica
2227 4457 2330 4512 est,
2371 4461 2532 4517 quam
2578 4446 2703 4501 fecit
2757 4445 2896 4500 Deus
2933 4443 3188 4500 formator
3216 4460 3522 4516 corporum,

1938 4547 1993 4594 et
2017 4554 2173 4610 quam
2201 4547 2345 4594 tenet
2370 4553 2434 4593 ea
2460 4553 2578 4609 qua:
2598 4545 2681 4592 ρει
2705 4552 2896 4608 expers
2924 4545 3107 4592 natura
3138 4541 3337 4607 peccati
3368 4556 3524 4596 :cum

1939 4630 2043 4686 hoc
2103 4645 2233 4700 ergo
2282 4630 2494 4696 claruit,
2544 4630 2753 4699 inquiro
2797 4639 2976 4684 utrum
3028 4631 3184 4685 istam
3228 4632 3522 4701 libidinem,

1935 4738 2096 4795 quam
2147 4737 2370 4792 corpora
2412 4723 2643 4778 humana
2723 4725 3070 4797 persentiunt,
3117 4726 3284 4782 Deum
3335 4729 3526 4787 fecisse

1934 4813 2276 4872 consentias?
2313 4815 2368 4871 Si
2395 4817 2680 4883 annueris,
2726 4817 2932 4872 sublata
2985 4821 3260 4875 contentio
3303 4833 3404 4887 est,
3465 4834 3521 4880 tu

1937 4904 2272 4972 emendatus,
2303 4915 2359 4961 et
2385 4905 2708 4961 Manichacus
2734 4909 3067 4976 permanebit
3087 4913 3320 4970 attritus.
3350 4913 3407 4970 Si
3428 4932 3524 4971 au-

1939 5006 2046 5052 tem
2064 4995 2284 5063 dixeris,
2315 4997 2369 5051 ln
2395 4998 2710 5068 corporibus
2738 4997 3010 5054 hominum
3039 5017 3068 5054 a
3093 5002 3200 5058 Deo
3219 5021 3324 5059 non
3354 5009 3527 5076 potuit

1938 5088 2053 5144 fleri
2087 5105 2102 5142 :
2131 5088 2330 5155 refero,
2379 5088 2524 5142 illam
2569 5089 2892 5160 voluptatem
2946 5099 3001 5148 et
3037 5096 3523 5164 concupiscentiam

1937 5180 2134 5245 carnis,
2157 5180 2389 5235 hominis
2417 5189 2492 5248 te,
2524 5197 2630 5236 non
2674 5183 2769 5238 Dei
2818 5184 3068 5252 operibus
3111 5185 3383 5258 indignam
3428 5206 3525 5261 pu-

1939 5282 2073 5329 tare.
2123 5271 2335 5342 Ambigi
2368 5271 2565 5342 quippe
2621 5287 2726 5326 non
2769 5283 2961 5342 potest,
2996 5277 3246 5347 quoniam
3297 5279 3342 5334 si
3381 5292 3523 5352 quod

1938 5364 2211 5420 conﬁteris
2233 5379 2262 5417 a
2301 5362 2408 5419 Deo
2437 5363 2756 5436 ubicumque
2797 5363 3012 5430 factum,
3043 5367 3146 5423 hoc
3169 5367 3319 5423 dicas
3347 5369 3400 5424 in
3430 5371 3525 5426 ho-

1939 5458 2148 5513 mines'
2175 5456 2289 5512 fieri
2323 5456 2643 5526 nequivisse,
2673 5471 2776 5510 non
2816 5457 3257 5527 concupiscentia:
3287 5461 3529 5516 testimo-

1940 5551 2027 5606 nia
2053 5548 2234 5605 aufers
2257 5547 2457 5614 debita,
2482 5547 2573 5604 sed
2595 5547 2830 5603 humano
2847 5550 3058 5619 corpori
3077 5551 3348 5622 conquiris
3374 5552 3526 5610 inde-

2004 5705 2020 5734 ⁸
2058 5700 2177 5751 Editi
2193 5735 2210 5760 ,
2231 5698 2762 5770 mauisLloootnostris
2789 5712 2808 5750 :
2832 5701 2952 5753 etin
2972 5709 3220 5770 sequeote
3240 5715 3408 5768 versu,
3433 5719 3526 5757 nu.

1940 5776 2029 5814 nus
2043 5797 2058 5823 ,
2082 5775 2186 5824 pro,
2207 5761 2386 5826 mitius.
2411 5761 2732 5826 mentiantur
2755 5773 2818 5812 ex
2843 5761 3197 5826 martusu‘iptis.

2007 5828 2026 5856 ι
2046 5821 2217 5886 Forte,
2239 5821 2288 5873 in
2312 5821 2517 5875 homine.
