3980 6524
470 353 604 407 1359

464 468 595 522 bita.
633 464 761 519 Vide
784 478 911 532 ergo
935 462 1085 531 cujus
1107 459 1438 530 profanitatis
1455 459 1525 512 sit
1551 465 1711 513 secta:
1739 464 1842 510 tuae
1874 454 1991 510 finis
2013 454 2051 507 ‘.

466 557 608 611 Dicis
637 569 754 611 esse
782 552 1051 622 indignum
1084 564 1246 605 carne
1274 547 1563 612 mortalis’,
1593 546 1738 616 quod
1780 544 2053 616 indignum

465 666 572 703 non
601 648 698 702 fuit
726 660 889 715 opere
914 640 1239 698 Conditoris.
1264 639 1427 710 Igitur
1455 639 1556 693 hoc
1598 652 1763 694 sensu
1787 651 1893 693 non
1938 636 2057 691 libi-

463 739 643 793 dinem
680 732 1025 804 vituperasti;
1057 730 1153 786 sed
1183 730 1476 796 hominem,
1506 743 1664 800 quem
1692 742 1945 783 accusare
1964 741 2057 782 vo-

465 829 659 890 lueras,
688 824 945 879 extulisti.
976 821 1157 878 Talem
1196 820 1357 877 habet
1391 819 1744 877 constantiam
1790 818 2056 889 talemque

465 917 791 983 mercedem,
826 914 919 986 qui
942 913 1154 970 veritati
1184 913 1371 968 indicit
1394 912 1617 979 bellum,
1669 918 1726 966 ut
1772 910 2056 965 contrariis

464 1024 677 1079 semper
699 1009 913 1077 conatui
936 1019 1035 1061 suo
1058 1002 1281 1060 feriatur
1302 1002 1602 1060 effectibus.
1633 1002 1746 1072 Ego
1772 1015 1900 1071 ergo
1916 1014 2058 1056 nunc

466 1100 569 1153 tuis
594 1097 769 1153 verbis
797 1095 1237 1167 consequentius,
1266 1094 1405 1149 sicut
1445 1091 1621 1148 omnis
1661 1091 1939 1162 prudentia
1966 1105 2057 1144 co-

462 1189 689 1261 gnoscit,
737 1188 978 1259 insurgo.
1028 1185 1176 1241 Itane
1204 1185 1258 1240 in
1303 1183 1549 1239 taxandis
1599 1191 1653 1238 et
1694 1180 2056 1251 exprimendis

462 1282 715 1353 cperibus
740 1279 855 1346 Dei,
889 1292 996 1334 non
1022 1277 1236 1332 auditur
1256 1275 1412 1341 ratio,
1443 1290 1547 1330 non
1569 1273 1806 1331 omnium
1837 1281 2056 1327 natura-

463 1388 581 1427 rum
610 1369 1020 1427 considerantur
1047 1366 1291 1436 exempla
1323 1364 1424 1437 (De
1446 1363 1658 1435 Nuptiis
1710 1372 1755 1417 et
1799 1361 2054 1433 Concupi-

464 1462 670 1528 scentia,
695 1460 782 1515 lib.
813 1459 870 1528 Ξ,
898 1475 951 1513 n.
981 1457 1097 1530 22);
1120 1455 1216 1512 sed
1242 1455 1295 1509 in
1328 1463 1533 1509 tantum
1576 1452 1811 1507 hominis
1836 1452 2056 1508 effertur

467 1552 692 1620 insania,
722 1561 781 1606 ut
824 1557 974 1621 putet
1008 1547 1389 1603 inconveniens
1425 1544 1538 1601 suis
1581 1558 1701 1599 esse
1740 1543 2050 1607 visceribus,

465 1643 607 1714 quod
659 1657 754 1712 per
802 1641 896 1696 Dei
949 1654 1168 1709 operam
1208 1640 1262 1692 in
1291 1645 1493 1692 natura:
1522 1650 1633 1691 suze
1661 1635 1835 1691 cernit
1876 1634 2055 1706 vigere

466 1732 840 1790 consortibus?
880 1731 1063 1803 Neque
1103 1730 1246 1786 enim
1267 1729 1369 1784 alia
1412 1734 1716 1783 nostrorum
1768 1741 2051 1798 corporum

466 1808 567 1893 est,
596 1825 678 1881 vel
708 1825 881 1895 origo,
911 1824 997 1880 vel
1028 1823 1184 1889 ratio,
1212 1836 1370 1893 quam
1400 1829 1693 1876 mutorum.

538 1920 670 1973 Aue.
715 1918 810 1973 Dic
841 1931 969 1986 ergo
1014 1914 1459 1970 resurrectionem
1500 1921 1661 1982 atque
1692 1911 2048 1983 incorruptio-

467 1990 587 2066 nem
634 2007 1013 2077 sempiternam
1053 2006 1300 2060 humanis
1336 2004 1647 2076 corporibus
1685 2019 1793 2059 non
1832 2003 2051 2069 deberi;

464 2102 583 2172 quia
604 2100 741 2157 sicut
765 2100 1019 2169 belluina,
1040 2099 1199 2156 etiam
1222 2107 1433 2155 terrena
1462 2098 1575 2168 ipsa
1600 2105 1757 2153 sunt:
1784 2096 1871 2152 dic
1894 2097 2051 2152 finem

466 2207 568 2250 non
601 2208 720 2249 esse
749 2206 906 2264 posse
931 2190 1220 2255 diversum,
1254 2189 1342 2245 ubi
1379 2203 1484 2244 non
1514 2196 1598 2244 est
1626 2188 1776 2259 origo
1794 2187 2002 2243 diversa
2035 2204 2048 2239 :

463 2283 548 2339 dic
578 2283 706 2350 ista,
758 2284 802 2337 si
848 2282 1057 2351 placet;
1103 2289 1158 2336 et
1198 2288 1383 2335 contra
1425 2278 1757 2349 evangelicas
1799 2276 2048 2345 Litteras,

463 2382 716 2444 quantum
744 2372 1086 2428 ssecularibus
1121 2371 1312 2426 litteris
1341 2369 1652 2441 profeceris,
1681 2369 1879 2440 impetu
1905 2383 2053 2423 vanae

463 2463 795 2534 loquacitatis
820 2472 1048 2518 ostenta.
1075 2461 1132 2518 Si
1158 2471 1334 2517 autem
1362 2461 1463 2516 hoc
1481 2460 1661 2517 dicere
1681 2475 1789 2517 non
1809 2459 2049 2526 audebis;

464 2558 630 2611 l'attu-e
658 2554 951 2611 Secundum
979 2554 1321 2610 christianam
1352 2552 1535 2620 fidem,
1562 2554 1723 2609 etiam
1751 2553 1908 2609 istam
1932 2565 2054 2608 esse

465 2648 695 2702 Itutuinis
734 2661 978 2717 umnam,
1011 2645 1152 2716 quod
1187 2654 1526 2719 comparatus
1551 2654 1635 2705 est
1659 2644 1938 2719 pecoribus
1967 2647 2051 2702 in-

463 2736 711 2803 seusatis,
756 2745 809 2794 et
844 2736 1035 2796 similis
1064 2738 1234 2795 factus
1262 2749 1345 2796 est
1369 2740 1449 2796 eis
1495 2738 1679 2811 (Psal.
1708 2755 1891 2804 xmn,
1921 2737 2050 2812 f3).

462 2829 598 2890 Huic
625 2847 752 2904 ergo
779 2833 879 2887 ista
923 2831 1138 2886 miseria
1182 2839 1297 2898 est,
1330 2845 1451 2886 cum
1491 2830 1687 2886 misera
1712 2843 1832 2886 esse
1861 2843 2052 2901 pecora

465 2940 569 2982 non
604 2923 805 2995 possint
834 2942 847 2978 :
875 2924 952 2980 sic
979 2931 1032 2978 et
1065 2922 1242 2977 carnis
1265 2921 1713 2992 concupiscentia,
1745 2919 1945 2975 homini
1971 2927 2055 2976 est

408 3041 417 3048 -
465 3032 644 3086 poma,
669 3031 774 3071 non
800 3015 1007 3081 bestiae,
1038 3015 1090 3068 in
1115 3029 1217 3084 qua
1239 3027 1507 3084 nunquam
1532 3026 1657 3068 caro
1674 3011 1932 3068 adversus
1946 3010 2055 3082 spi-

465 3108 623 3162 ritum
648 3106 994 3175 concupiscit.
1026 3104 1109 3158 An
1138 3104 1310 3174 placet
1342 3102 1456 3169 tibi,
1484 3103 1563 3158 sic
1605 3116 1818 3174 aequare
1854 3109 2053 3156 morta—

466 3199 542 3252 les
568 3207 806 3261 naturas,
837 3204 891 3250 ut
923 3196 975 3249 in
994 3194 1183 3249 bestiis
1204 3208 1413 3263 quoque
1433 3207 1642 3249 asseras
1662 3207 1881 3248 carnem
1921 3207 2053 3247 con-

468 3301 545 3345 tra
572 3287 818 3357 spiritum
845 3283 1266 3356 concupiscere?
1294 3284 1447 3353 Quod
1469 3285 1515 3341 si
1542 3300 1647 3341 non
1674 3284 1826 3353 facis,
1853 3300 1921 3342 ne
1944 3285 2051 3340 sic-

464 3390 523 3437 ut
541 3394 712 3451 equus
733 3389 787 3434 et
807 3378 981 3434 mulus
1009 3393 1115 3433 non
1134 3376 1334 3433 habeas
1351 3377 1678 3433 intellectum
1701 3376 1872 3449 (Psal.
1897 3393 2053 3445 xxxi,

464 3472 567 3543 9);
601 3483 832 3541 agnosce
869 3468 1161 3536 libidinem,
1191 3468 1399 3538 qualem
1438 3468 1697 3535 dicimus,
1727 3468 1783 3524 in
1810 3469 2054 3539 paradiso

463 3563 692 3619 futuram
724 3577 830 3617 non
848 3559 1022 3617 fuisse
1040 3601 1055 3627 ,
1080 3561 1124 3616 si
1154 3575 1311 3616 nemo
1339 3570 1629 3631 peccasset,
1652 3576 1756 3633 qua
1775 3577 1901 3618 caro
1920 3578 2053 3619 con-

464 3651 690 3723 cupiscit
716 3650 973 3708 adversus
1001 3650 1264 3722 spiritum.
1296 3650 1439 3706 Talis
1466 3649 1659 3722 quippe
1694 3652 1746 3706 in
1776 3653 2056 3721 pecoribus

467 3759 576 3800 non
594 3751 697 3808 est,
722 3758 786 3799 ex
811 3742 1005 3814 quibus
1028 3751 1130 3797 tua:
1154 3753 1415 3812 suscepta:
1436 3741 1541 3798 tale
1561 3743 1908 3812 patrocinium
1930 3759 2055 3815 pro-

472 3836 682 3901 vidisti,
715 3834 802 3890 ubi
833 3835 996 3890 mutis
1034 3833 1137 3889 illis
1168 3842 1223 3888 tu
1245 3847 1433 3905 posses
1461 3848 1584 3890 esse
1622 3835 1898 3891 verbosus.
1922 3836 2053 3891 Nam

467 3931 510 3985 si
540 3928 769 3983 humana
798 3925 1014 3982 libidine
1049 3940 1177 3981 caro
1212 3940 1318 3981 non
1356 3926 1757 3996 concupisceret
1799 3926 2055 3986 adversus

467 4020 734 4091 spiritum,
765 4017 859 4073 sed
889 4016 1053 4073 libido
1077 4016 1200 4072 talis
1229 4015 1283 4071 in
1314 4015 1622 4071 hominibus
1663 4026 1843 4082 esset,
1889 4027 1949 4072 ut
1985 4018 2053 4074 ad

469 4118 657 4167 nutum
684 4108 984 4175 voluntatis,
1018 4122 1140 4164 cum
1180 4121 1316 4177 opus
1347 4115 1522 4173 esset,
1554 4117 1899 4179 exsurgeret,
1930 4123 2051 4164 eum

468 4212 649 4259 autem
682 4216 784 4256 non
814 4214 950 4269 opus
977 4206 1154 4265 esset,
1184 4197 1326 4252 nulla
1355 4196 1697 4253 incitamenta
1720 4207 2051 4269 suggereret.

422 4274 429 4279 h
471 4312 591 4354 cum
610 4294 801 4365 quibus
816 4290 1130 4348 cohibendis
1144 4298 1305 4360 atque
1320 4287 1591 4344 freuaudis
1607 4289 1853 4344 voluntas
1873 4299 2053 4345 nostra

476 4392 768 4457 pugnaret;
812 4381 943 4437 nihil
972 4392 1067 4436 vos
1102 4393 1487 4450 argueremus,
1527 4377 1668 4449 quod
1715 4378 1766 4433 in
1808 4378 2055 4448 paradiso

469 4492 586 4532 eam
606 4516 623 4543 ,
670 4474 772 4531 hoc
806 4481 922 4539 est,
949 4471 1005 4527 in
1034 4469 1358 4527 habitatione
1404 4459 1562 4523 tautaé
1602 4466 1874 4524 felicitatis
1894 4510 1911 4536 ,
1944 4477 2051 4524 tam

473 4566 752 4623 infeliciter
781 4564 956 4620 locare
975 4560 1200 4618 velletis.

540 4655 785 4713 XXXIX.
825 4655 945 4711 Jun.
985 4653 1054 4711 Ut
1083 4653 1224 4709 enim
1252 4652 1535 4723 imaginem
1562 4650 1654 4707 Dei
1677 4651 1871 4708 mentis
1889 4651 2053 4708 ratio-

472 4765 539 4805 ne
576 4747 951 4817 suscepimus:
996 4745 1068 4800 ita
1096 4743 1525 4800 communionem
1570 4742 1833 4813 pecudum
1876 4743 2055 4799 carnis

470 4839 726 4894 affinitate
751 4836 1037 4901 sentimus;
1065 4835 1216 4906 cujus
1257 4834 1380 4890 licet
1405 4834 1475 4890 sit
1518 4832 1685 4890 forma
1710 4834 1942 4899 diversa,
1969 4843 2055 4891 est

471 4944 649 4987 tamen
692 4928 760 4986 de
787 4927 1007 4984 materia
1041 4926 1429 4983 elementorum
1470 4940 1574 4981 una
1599 4925 1926 4993 substantia;
1960 4939 2055 4995 pro

470 5019 800 5077 rationabilis
839 5032 967 5074 sane
1007 5017 1170 5072 animi
1213 5016 1417 5073 meritis
1443 5016 1793 5071 aeternitatem
1836 5015 2012 5071 visura
2035 5055 2051 5081 ,

471 5113 554 5170 vel
583 5109 836 5169 aerumnis
863 5107 1111 5165 miseram
1128 5149 1144 5173 ,
1175 5107 1260 5164 vel
1286 5107 1518 5178 praemiis
1538 5106 1841 5178 gloriosam.

543 5206 675 5261 Atto.
699 5201 755 5259 Si
780 5216 879 5275 pro
903 5198 1176 5256 rationalis
1198 5198 1363 5253 animi
1382 5198 1603 5263 meritis,
1622 5207 1683 5252 ut
1706 5195 1909 5263 fateris,
1931 5210 2056 5252 caro

472 5306 705 5363 terrena,
732 5302 788 5349 et
810 5292 949 5349 sicut
985 5290 1191 5361 pecoris
1229 5287 1610 5360 corruptibilis,
1635 5295 1809 5343 tamen
1837 5289 2057 5343 aeterni-

472 5395 633 5443 tatem
671 5387 826 5456 longe
859 5383 1070 5439 diverso
1111 5380 1215 5437 fine
1238 5380 1415 5436 visura
1443 5388 1559 5445 est;
1586 5393 1681 5434 cur
1704 5393 1809 5433 non
1838 5379 2055 5450 accipis,

472 5496 569 5553 pro
596 5478 841 5551 imaginis
860 5477 953 5533 Dei
984 5474 1223 5544 meritis,
1249 5489 1369 5545 qua:
1395 5472 1542 5528 nullo
1566 5470 1736 5527 fuerat
1763 5469 2054 5527 deformata

470 5578 690 5643 peccato
712 5611 728 5636 ,
758 5569 836 5624 sic
861 5566 1009 5638 prius
1039 5565 1201 5622 fuisse
1223 5563 1492 5623 conditam
1521 5577 1735 5619 carnem
1764 5603 1777 5628 ,
1807 5563 2055 5634 quamvis

539 5724 565 5796 ἶ
597 5730 731 5796 ωξίὲν
759 5724 999 5796 βψω-,βε
1019 5731 1149 5796 H35"
1169 5723 1296 5796 ﬁn“:

540 5786 565 5823 3
592 5786 730 5853 Editi,
759 5786 957 5841 'mortafi
971 5800 989 5850 ;
1012 5786 1412 5838 dissentientibus
1436 5787 1784 5848 manuscriptis.

1142 346 1384 401 OPElilS
1428 342 1838 399 lMPERFECTl
1879 337 2149 395 CONTRA
2188 337 2547 406 JUIJANUM,
2587 339 2643 396 S.
2686 339 3051 397 AUGUSTINI

3617 342 3767 403 πω

2160 454 2227 508 de
2266 453 2489 509 materie
2517 461 2746 517 terrena,
2780 462 2835 508 ut
2863 455 2907 509 si
2951 469 3109 510 nemo
3151 465 3460 526 peccasset,
3506 464 3662 513 esset
3705 458 3767 515 il:

2160 545 2455 600 arternitate
2484 554 2643 616 atque
2669 545 2721 598 in
2753 545 3147 615 incorruptione
3174 560 3458 612 mansura;
3485 560 3593 602 nec
3610 557 3767 604 esset

2159 636 2504 707 corruptibile
2526 652 2715 706 corpus
2744 651 3035 707 aggravans
3059 637 3313 705 animam,
3345 639 3451 693 hoc
3474 647 3585 701 est,
3617 638 3768 696 ima-

2157 731 2334 800 ginem
2361 728 2489 795 Dci;
2520 729 2614 784 sed
2645 728 2714 782 ita
2743 729 2817 784 illi
2838 729 3128 796 subditum,
3156 738 3209 785 ut
3249 739 3469 802 prepter
3494 731 3642 786 filios
3670 746 3770 803 ge-

2161 820 2444 886 nerandos,
2475 820 2609 875 sicut
2655 828 2848 875 caetera
2888 820 3080 890 quibus
3113 819 3313 891 aliquid
3347 836 3670 892 operamur,
3696 822 3771 878 ad

2160 919 2345 966 nutum
2364 910 2647 967 voluntatis
2662 910 2821 966 etiam
2841 909 3082 965 membra
3101 910 3347 982 genitalia
3370 922 3769 979 moverentur;

2158 1013 2252 1057 aut
2291 1002 2412 1058 talis
2451 1011 2595 1058 esset
2625 1002 2802 1059 carnis
2833 1002 3294 1073 concupiscentia,
3332 1019 3454 1075 quae
3488 1003 3601 1059 nisi
3644 1007 3772 1060 ani-

2160 1108 2264 1161 ma,
2294 1092 2396 1148 hoc
2420 1102 2503 1149 est
2531 1094 2624 1149 Dei
2658 1093 2920 1164 imagine,
2951 1093 3167 1150 volente
3209 1110 3315 1150 non
3353 1105 3627 1168 surgeret,
3659 1113 3769 1154 nec

2157 1184 2488 1256 demergeret
2519 1184 2892 1257 cogitationem
2920 1187 3113 1241 mentis
3148 1187 3474 1243 exundantia
3507 1188 3767 1259 volupta-

2161 1278 2268 1332 tis?
2301 1279 2357 1333 Si
2387 1279 2528 1333 enim
2559 1279 2718 1334 etiam
2750 1278 2868 1334 talis
2898 1293 3038 1333 nunc
3065 1289 3229 1347 esset,
3258 1295 3363 1335 non
3385 1279 3457 1335 de
3483 1281 3584 1336 illa
3611 1279 3766 1337 dice-

2158 1377 2336 1436 retur,
2369 1369 2508 1439 quod
2548 1383 2577 1423 a
2617 1369 2774 1424 Patre
2802 1385 2906 1425 non
2936 1378 3115 1436 esset;
3146 1368 3242 1425 sed
3278 1384 3343 1426 ex
3375 1370 3588 1426 mundo
3613 1381 3767 1427 esset

2158 1458 2197 1529 (l
2224 1458 2381 1515 Joan.
2415 1476 2472 1527 ιι,
2502 1459 2613 1530 16),
2645 1460 2697 1515 id
2725 1468 2838 1525 est,
2868 1475 2932 1516 ex
2962 1459 3299 1528 hominibus,
3327 1461 3416 1530 qui
3446 1476 3546 1532 per
3571 1462 3760 1529 illam,

2156 1558 2211 1604 et
2236 1564 2357 1604 cum
2390 1550 2477 1603 illa
2509 1558 2798 1606 nascuntur
2827 1550 3057 1618 mundo,
3102 1559 3158 1606 et
3197 1552 3382 1623 procul
3411 1552 3584 1608 dubio
3612 1555 3765 1624 peri-

2158 1639 2259 1694 turi
2285 1649 2410 1695 sunt
2438 1640 2539 1695 nisi
2568 1649 2913 1697 renascantur
2944 1641 3072 1696 Deo.
3101 1640 3341 1698 Materiei
3383 1658 3516 1715 ergo
3561 1659 3765 1714 corpo-

2156 1731 2309 1799 ralis,
2338 1731 2492 1788 nobis
2535 1732 2918 1803 pecoribusque
2967 1720 3266 1790 communis
3287 1774 3305 1802 ,
3360 1737 3763 1792 convenienter

2155 1824 2388 1880 creditur
2409 1866 2425 1892 ,
2467 1825 2659 1880 merito
2682 1825 2924 1896 imaginis
2956 1826 3086 1893 Dei,
3114 1825 3349 1882 nondum
3387 1837 3620 1898 peccato
3649 1842 3762 1885 σωκ

2157 1926 2250 1984 pto
2274 1916 2539 1972 diversum
2573 1916 2733 1973 fuisse
2755 1916 3022 1986 initium‘,
3051 1916 3190 1973 sicut
3215 1928 3432 1990 peccato
3466 1931 3762 1990 assumpto

2154 2008 2395 2063 diversus
2424 2016 2507 2063 est
2531 2007 2673 2062 finis.
3496 2028 3505 2031 -

2225 2098 2336 2155 XL.
2377 2099 2495 2155 Jun.
2536 2098 2649 2169 Qua
2681 2114 2810 2171 ergo
2849 2098 3054 2154 ratione
3099 2099 3371 2172 indignum
3408 2110 3594 2169 esset,
3650 2117 3758 2158 non

2156 2190 2382 2261 imagine
2423 2190 2548 2255 Dei,
2581 2190 2704 2261 quia
2741 2190 2933 2245 anima:
2958 2205 3116 2262 quam
3151 2192 3330 2246 carnis
3367 2191 3589 2247 diversa
3622 2192 3757 2247 sub-

2154 2284 2343 2339 stantia
2385 2291 2501 2348 est,
2542 2281 2636 2337 sed
2683 2282 2950 2351 mancipio
2994 2280 3290 2337 dissolubili
3338 2282 3596 2354 imaginis
3627 2283 3755 2350 Dei,

2154 2374 2293 2446 quod
2324 2374 2596 2444 indignum
2638 2389 2741 2428 non
2781 2374 2949 2428 fuerat
2972 2373 3188 2429 conditu
3234 2374 3402 2445 ipsius
3443 2374 3575 2430 Dei?
3601 2374 3756 2431 Fecit

2154 2482 2284 2538 ergo
2312 2480 2534 2536 corpora
2564 2467 2702 2522 Deus
2722 2507 2736 2532 ,
2781 2464 3025 2523 distinxit
3047 2480 3237 2521 sexum
3261 2480 3553 2537 corporum
3586 2467 3751 2533 Deus,

2156 2556 2279 2619 fecit
2297 2555 2537 2615 membra
2560 2554 2808 2630 genitalia
2837 2555 2997 2625 Deus,
3030 2554 3221 2614 indidit
3242 2554 3495 2617 affectum
3517 2572 3631 2630 quo
3654 2557 3752 2612 sibi

2155 2651 2272 2708 hmc
2311 2664 2534 2721 corpora
2572 2649 2924 2706 miscerentur
2951 2649 3091 2705 Deus
3110 2690 3125 2714 ,
3156 2647 3304 2705 dedit
3329 2650 3492 2705 etiam
3525 2651 3637 2704 vim
3663 2664 3749 2706 se-

2155 2742 2359 2796 minum
2387 2741 2549 2809 Deus,
2581 2748 2831 2810 operatur
2858 2740 2910 2795 in
2951 2739 3173 2796 secretis
3199 2748 3404 2795 natura:
3428 2740 3500 2796 de
3524 2742 3750 2797 materia

2155 2832 2415 2886 seminum
2442 2830 2582 2886 Deus
2611 2846 2623 2884 :
2654 2829 2783 2885 nihil
2810 2838 2988 2885 autem
3017 2829 3236 2896 malum,
3267 2829 3399 2886 nihil
3437 2846 3596 2887 reum
3626 2829 3751 2888 facit

2158 2924 2318 2979 Deus.

2226 3019 2361 3073 Ave.
2408 3033 2427 3067 ι
2460 3013 2603 3070 Nihil
2633 3013 2854 3082 malum,
2886 3012 3020 3068 nihil
3044 3028 3194 3069 reum
3230 3011 3356 3068 facit
3386 3013 3562 3080 Deus;
3601 3032 3621 3067 ι
3651 3014 3752 3070 sed

2156 3107 2209 3162 in
2238 3112 2490 3177 quantum
2522 3106 2661 3161 Deus
2693 3103 2852 3173 facit,
2887 3120 2992 3160 non
3019 3105 3070 3159 in
3104 3114 3358 3175 quantum
3384 3120 3565 3162 massa
3595 3107 3751 3163 vitia-

2158 3210 2208 3256 ta
2236 3208 2395 3270 atque
2421 3198 2668 3254 danmata
2703 3207 2816 3266 est,
2840 3197 2908 3254 de
2932 3214 3036 3269 qua
3061 3197 3206 3253 facit.

2226 3286 2362 3344 XLI.
2402 3288 2520 3344 Jun.
2562 3287 2858 3343 Libidinem
2885 3294 2944 3342 ut
2968 3302 3241 3358 pecorum,
3268 3287 3342 3343 ita
3366 3287 3647 3344 hominum
3672 3288 3748 3346 fe-

2155 3384 2230 3440 cit
2257 3382 2396 3438 Deus
2439 3399 2453 3436 :
2492 3380 2587 3437 sed
2626 3380 2680 3436 in
2706 3381 2986 3452 pecoribus
3023 3381 3342 3437 incoercitos
3388 3380 3597 3438 dimisit
3619 3381 3750 3437 ασθ-

2156 3483 2295 3541 ctus,
2318 3473 2372 3529 in
2400 3473 2616 3529 homine
2638 3481 2817 3528 autem
2846 3470 3145 3527 rationabili
3170 3470 3388 3527 modum
3419 3472 3568 3528 Deus
3594 3472 3748 3528 insti-

2159 3565 2277 3621 tuit.
2325 3564 2590 3621 Atnictum
2643 3562 2693 3618 ei
2734 3561 3011 3632 prudentia
3048 3571 3105 3617 et
3141 3562 3397 3619 honestas
3430 3573 3747 3634 comparat,

2156 3671 2317 3728 quam
2334 3654 2481 3712 dedit
2508 3656 2666 3712 Deus.
2693 3654 2854 3726 lgitur
2884 3670 2990 3709 non
3014 3652 3254 3721 modum,
3286 3670 3395 3709 non
3416 3669 3624 3727 genus;
3650 3655 3749 3711 sed

2157 3761 2433 3803 excessum
2458 3745 2578 3816 ejus
2618 3745 2797 3816 culpat
2825 3745 2999 3811 Deus,
3030 3744 3118 3814 qui
3146 3743 3213 3800 de
3241 3744 3526 3800 insolentia
3562 3745 3748 3801 libera:

2155 3837 2442 3893 voluntatis
2463 3837 2733 3906 exoriens,
2766 3835 2905 3891 haud
2935 3844 3133 3891 statum
3150 3836 3171 3867 '
3197 3844 3425 3907 naturai,
3452 3823 3548 3893 scd
3579 3838 3745 3894 meri-

2159 3938 2270 3985 tum
2300 3930 2507 4001 agentis
2535 3937 2770 3984 accusat.
3556 3988 3567 3993 κ

2228 4023 2365 4079 Atto.
2405 4019 2512 4077 Cur
2554 4035 2681 4092 ergo
2706 4019 2871 4076 libido
2905 4020 3113 4091 spiritui
3156 4021 3358 4078 resistit
3398 4023 3451 4078 in
3495 4024 3743 4090 homine,

2156 4110 2298 4182 quod
2328 4125 2434 4167 non
2465 4110 2591 4167 facit
2614 4111 2666 4165 in
2697 4124 2922 4182 pecore:
2954 4111 3054 4166 nisi
3081 4112 3203 4183 quia
3229 4114 3459 4182 pertinet
3489 4114 3558 4171 ad
3586 4124 3745 4171 uatu-

2158 4219 2271 4259 ram
2294 4206 2524 4275 pecoris,
2551 4205 2618 4261 ad
2640 4220 2852 4277 poenam
2881 4221 3011 4262 vero
3037 4205 3270 4262 hominis
3288 4248 3303 4273 ,
3344 4207 3459 4264 sive
3487 4209 3613 4281 quia
3641 4219 3742 4274 est,

2157 4310 2278 4367 quas
2303 4296 2445 4351 nulla
2471 4305 2634 4364 esset,
2656 4295 2770 4352 sive
2795 4296 2916 4367 quia
2943 4297 3164 4363 resistit,
3183 4313 3301 4368 qute
3316 4298 3554 4369 subjecta
3578 4310 3743 4365 esset,

2156 4389 2204 4443 si
2231 4393 2451 4458 peccato
2494 4384 2670 4441 facta'
2700 4387 2788 4443 vel
2816 4387 2997 4442 vitiata
3042 4402 3146 4443 non
3174 4387 3357 4444 esset?
3392 4388 3526 4444 Nam
3557 4390 3605 4445 si
3644 4408 3665 4443 ι
3689 4390 3744 4445 in

2158 4478 2438 4549 pecoribus
2464 4478 2603 4534 Deus
2626 4478 2945 4535 incoercitos
2969 4478 3174 4535 dimisit
3210 4478 3474 4547 affectus;
3513 4498 3535 4534 ι
3568 4479 3747 4552 profe-

2157 4577 2244 4625 cto
2264 4569 2532 4633 libidines,
2556 4568 2984 4641 quandoquidem
3011 4568 3110 4625 hos
3129 4569 3263 4625 dicis
3282 4569 3531 4641 affectus,
3558 4569 3741 4628 fateris

2157 4661 2225 4717 ab
2248 4661 2466 4717 homine
2500 4660 2739 4717 coerceri
2767 4678 2782 4717 :
2813 4661 2952 4716 nulla
2979 4670 3159 4717 autem
3192 4665 3399 4719 ratione
3423 4677 3740 4721 coemeren-

2160 4761 2265 4821 tur,
2296 4753 2397 4808 nisi
2424 4753 2616 4808 vitiose
2653 4763 3018 4810 moverentur.
3048 4752 3189 4810 Ecce
3230 4754 3371 4810 enim
3417 4754 3586 4811 Deum
3612 4756 3743 4815 dicis

2159 4844 2213 4899 in
2235 4842 2448 4899 homine
2475 4842 2690 4898 modum
2721 4843 3014 4900 instituisse
3048 4842 3254 4899 libidini
3281 4861 3296 4899 :
3326 4859 3423 4901 cur
3448 4845 3503 4900 in
3531 4861 3602 4903 eo
3627 4863 3741 4903 mo-

2159 4942 2228 4998 do
2253 4957 2361 4998 non
2385 4950 2523 5010 stat,
2554 4944 2604 4998 iu
2635 4958 2742 5013 quo
2770 4953 2855 5000 est
2887 4943 3145 5000 divinitus
3164 4944 3404 5000 instituta
3423 4984 3442 5012 ,
3473 4941 3571 4999 sed
3599 4956 3737 5008 eum,

2162 5034 2263 5090 nisi
2287 5044 2621 5103 eoerceatur,
2645 5035 2953 5105 egreditur?
2981 5036 3261 5110 Quomodo
3281 5050 3412 5108 ergo
3440 5036 3641 5091 bonum
3659 5034 3741 5089 di-

2160 5124 2317 5192 citur,
2344 5140 2463 5195 qua:
2489 5132 2644 5195 urget
2662 5133 2716 5181 et
2733 5127 3006 5196 compellit
3031 5126 3300 5183 hominem
3325 5124 3505 5182 facere
3522 5125 3738 5189 malum,

2161 5216 2209 5272 si
2249 5215 2300 5270 ei
2349 5230 2455 5270 non
2502 5215 2822 5271 resistatur?
2874 5215 3105 5272 Videsne
3145 5217 3394 5273 eximiam
3440 5223 3739 5288 susceptam

2164 5314 2306 5361 tuam
2331 5304 2385 5360 in
2410 5312 2595 5360 natura
2638 5304 2870 5362 hominis
2906 5316 3000 5364 aut
3042 5322 3108 5364 ex
3155 5316 3375 5378 peccato
3400 5316 3617 5375 natam,
3655 5316 3742 5361 aut

2166 5403 2384 5466 peccato
2410 5409 2533 5452 esse
2553 5393 2828 5463 vitiatam;
2855 5407 2909 5453 et
2936 5398 3058 5454 hinc
3082 5413 3205 5456 esse
3230 5397 3377 5464 illud,
3415 5398 3559 5470 quod
3590 5397 3743 5469 primi

2167 5485 2410 5542 homines
2435 5494 2555 5556 post
2578 5495 2849 5556 peccatum
2882 5488 3126 5559 pudenda
3166 5499 3446 5556 texerunt,
3487 5491 3577 5562 qui
3619 5487 3741 5544 undi

2231 5598 2403 5667 Santi
2458 5596 2656 5660 ferunt,
2709 5598 2950 5651 meritum.
3007 5602 3307 5667 Castigautur
3361 5614 3423 5653 ex
3481 5601 3740 5653 nummat-

2136 5720 2151 5737 ‘
2169 5666 2356 5770 pu's'sic
2374 5727 2481 5771 Mss.
2510 5726 2557 5770 In
2582 5723 2738 5784 vign.,
2762 5728 2962 5773 tantum.

2244 5785 2256 5813 ι
2280 5784 2352 5833 sic
2375 5788 2478 5834 Mss.
2501 5783 2615 5834 Editi
2639 5783 2822 5847 autem,
2839 5784 2985 5848 facta.
