3980 6458
232 338 368 399 1361

231 460 389 510 erant
430 456 554 505 ante
582 456 858 519 peccatum
880 490 894 514 ,
930 456 983 502 et
1022 460 1125 501 non
1153 442 1653 499 confundebantur?
1681 439 1819 509 Quid

232 553 319 600 est
357 541 499 597 enim
526 539 669 611 quod
695 539 851 607 dicis,
885 558 903 590 ι
939 538 1204 592 Amictum
1236 535 1436 591 homini
1461 532 1740 606 prudentia
1769 538 1823 585 et

235 637 491 692 honestas
517 641 815 702 comparat,
845 647 1003 702 quam
1044 630 1193 687 dedit
1237 630 1417 685 Deus?
1446 648 1464 681 ι
1505 627 1664 683 Stulti
1692 639 1822 695 ergo

235 735 392 784 erant
419 732 474 781 et
500 722 800 790 inhonesti,
828 731 884 778 ct
909 721 1272 793 imprudentes
1298 730 1460 790 atque
1488 716 1822 787 impudentes

238 816 487 872 homines
506 822 632 869 ante
654 822 950 885 peccatum,
974 811 1187 884 quando
1207 826 1301 869 eos
1321 807 1575 865 nuditatis
1600 821 1706 862 non
1730 820 1824 874 pu-

238 904 441 961 debat?
465 900 678 961 Gratias
706 911 965 976 peccato:
995 917 1117 959 nam
1144 901 1223 958 sic
1246 899 1646 956 remansissent.
1673 894 1824 963 Quod

239 997 287 1052 si
312 994 698 1052 absurdissime
739 993 950 1060 dicitur,
983 991 1223 1063 profecto
1252 988 1531 1060 prudentia
1572 985 1826 1042 naturalis

232 1082 300 1145 et
330 1087 581 1143 honestas
620 1083 866 1157 pudenda
905 1092 1182 1149 texerunt;
1213 1080 1309 1138 sed
1342 1094 1462 1150 quae
1486 1089 1611 1134 ante
1638 1091 1827 1147 pecca-

245 1189 359 1234 tum
388 1174 631 1248 pudenda
657 1190 763 1230 non
786 1173 1022 1228 fuerunt.
1049 1173 1315 1228 Excessus
1334 1167 1576 1241 proinde
1596 1166 1829 1222 libidinis

248 1270 303 1322 in
334 1274 547 1339 peccato
573 1274 654 1321 est
683 1282 697 1318 :
729 1265 824 1320 sed
851 1264 1012 1319 etiam
1044 1262 1303 1333 impulsus
1345 1261 1397 1316 in
1427 1260 1574 1315 vitio.
1622 1258 1697 1314 De
1724 1273 1830 1328 quo

247 1359 477 1430 impulsu
502 1356 829 1414 erubuerunt
853 1354 970 1422 illi,
996 1354 1086 1425 qui
1122 1353 1362 1408 membra
1382 1366 1502 1421 quze
1525 1359 1709 1406 contra
1734 1363 1829 1403 eo-

248 1465 370 1504 rum
399 1447 719 1503 voluntatem
741 1455 984 1515 suscepta
1014 1453 1102 1499 tua
1132 1441 1471 1507 sollicitabat,
1506 1439 1644 1495 nuda
1670 1434 1831 1494 relin-

245 1558 414 1615 quere
439 1542 745 1603 noluerunt.

321 1633 482 1690 XLII.
522 1632 644 1689 ius.
683 1630 913 1688 Attende
941 1646 1070 1687 sane
1098 1644 1239 1686 nunc
1275 1627 1432 1701 quale
1464 1626 1567 1692 sit,
1596 1623 1738 1696 quod
1767 1622 1833 1679 de

249 1736 340 1781 tua
365 1725 619 1796 opinione
637 1724 905 1795 colligitur
931 1742 946 1779 :
980 1722 1228 1778 videlicet
1255 1718 1604 1793 operiendam
1632 1716 1834 1795 pudore

249 1834 359 1874 non
379 1833 520 1885 esse,
542 1817 795 1889 quidquid
816 1816 1014 1871 bonum
1037 1814 1294 1870 creditur.
1322 1812 1431 1868 Nos
1452 1820 1628 1867 autem
1651 1807 1836 1865 docui-

250 1926 371 1967 mus
401 1909 726 1985 voluntatem
748 1910 765 1940 ¹
806 1907 952 1963 illam
987 1905 1300 1962 naturaliter
1326 1902 1543 1960 sexibus
1570 1898 1791 1956 inditam
1816 1940 1831 1965 ,

249 2011 362 2057 tam
387 2000 579 2055 malam
615 2015 722 2054 non
749 2013 889 2066 esse,
921 2012 1079 2067 quam
1106 1996 1172 2052 ad
1200 1996 1296 2052 Dei
1326 2009 1542 2064 operam
1572 1991 1837 2062 pertinen-

250 2103 385 2151 tem.
415 2095 494 2149 Ac
520 2109 615 2165 per
634 2092 739 2149 hoc
766 2099 820 2147 tu
849 2100 940 2147 aut
967 2090 1292 2159 impietatem
1323 2098 1465 2143 tuam
1486 2086 1724 2151 deseres,
1746 2090 1838 2136 aut

254 2185 535 2256 pudorem.
586 2184 693 2240 Sed
732 2183 859 2255 quid
913 2195 1010 2238 nos
1055 2182 1171 2236 hace
1215 2178 1470 2236 autem“?
1518 2177 1578 2232 Si
1627 2173 1839 2229 mutabit

253 2276 503 2346 Ειὴἱορε
528 2275 707 2346 pellem
736 2290 915 2342 suam,
955 2280 1041 2326 aut
1068 2270 1260 2342 pardus
1288 2269 1578 2324 uarietatem
1606 2262 1836 2334 (Jerem.

258 2384 386 2437 xm,
415 2366 487 2424 25
511 2367 567 2439 );
600 2367 669 2422 ita
700 2374 755 2421 et
792 2372 848 2421 tu
875 2379 905 2419 a
941 2362 1353 2420 Manichazorum
1382 2358 1650 2432 mysteriis
1689 2355 1838 2411 eluc-

256 2459 353 2514 ris.
771 2526 773 2529 ι

333 2549 468 2604 Anc.
509 2544 620 2601 Imo
650 2553 703 2601 tu
725 2543 1050 2601 Manicbzeos
1075 2543 1328 2614 adjuvare
1348 2557 1453 2597 non
1478 2539 1715 2607 desines,
1738 2538 1842 2593 nisi

262 2639 423 2694 istam
450 2647 749 2708 susceptam
775 2645 942 2703 tuam,
983 2651 1139 2709 quam
1168 2636 1326 2692 etiam
1352 2632 1624 2690 Manichtei
1650 2630 1843 2686 malam

261 2746 383 2787 esse
408 2731 752 2798 convincunt,
781 2744 903 2784 cum
939 2728 1225 2784 Ambrosio
1246 2736 1299 2783 et
1329 2741 1450 2782 cum
1476 2723 1723 2780 omnibus
1746 2723 1847 2778 Ca-

260 2822 471 2881 tholicis
495 2822 713 2891 dixeris,
754 2836 819 2879 ex
848 2820 1293 2892 praevaricatione
1336 2820 1492 2890 primi
1520 2818 1753 2874 hominis
1791 2817 1844 2872 in

257 2921 498 2968 nostram
535 2912 760 2967 vertisse
802 2920 1079 2969 naturam:
1109 2925 1177 2966 ne
1216 2909 1509 2967 secundum
1545 2910 1686 2977 illos,
1712 2922 1846 2979 quos

257 3004 511 3060 nesciens
529 3002 747 3072 adiuvas
766 2999 1022 3058 nefandos
1056 2993 1358 3067 haereticos,
1387 3000 1498 3056 Deo
1522 3008 1847 3055 comternum

260 3093 511 3150 credatur
534 3094 734 3150 habere
756 3091 1102 3164 principium,
1125 3098 1232 3146 tam
1254 3088 1590 3146 manifestum
1619 3088 1849 3144 hominis

262 3185 469 3241 vitium.

333 3273 519 3330 XLIII.
557 3273 680 3331 ius.
730 3272 982 3346 Sequitur
1019 3287 1148 3346 ergo
1179 3284 1237 3329 ut
1276 3271 1648 3330 verecundiam
1685 3270 1851 3340 depo-

263 3382 385 3433 nas,
412 3382 476 3423 ac
500 3376 750 3423 manente
778 3366 1013 3423 amicitia
1037 3381 1159 3423 cum
1181 3366 1457 3436 magistro,
1500 3364 1712 3437 Cynicis
1748 3361 1851 3418 fte-

265 3459 474 3517 dereris
504 3476 676 3531 :quos
705 3469 880 3515 tamen
908 3459 1226 3530 aliquorum,
1257 3464 1316 3512 ut
1345 3453 1531 3511 Cicero
1560 3456 1611 3511 in
1652 3453 1853 3511 Officiis

270 3552 457 3620 refert,
488 3554 645 3609 etiam
673 3537 972 3609 Stoicorum
1002 3559 1312 3623 argumenta
1335 3549 1675 3606 comitantur.
1711 3566 1730 3600 ι
1755 3548 1857 3602 Ar-

264 3654 439 3717 guunt
461 3646 651 3716 quippe
669 3660 1009 3702 communem
1031 3643 1387 3710 honestatem,
1410 3640 1550 3712 quod
1573 3656 1635 3696 ea
1657 3656 1777 3711 qua:
1797 3654 1856 3696 re

271 3735 446 3813 turpia
483 3750 586 3791 non
608 3735 732 3802 sint,
764 3734 928 3791 verbo
954 3733 1210 3804 ﬂagitiosa
1240 3732 1495 3788 ducamus
1526 3748 1539 3784 :
1565 3730 1654 3786 illa
1681 3739 1855 3785 autem

269 3842 390 3897 qua:
427 3840 487 3882 re
519 3824 690 3895 turpia
719 3824 847 3893 sint,
880 3824 1185 3881 nominibus
1219 3822 1552 3895 appellemus
1581 3821 1711 3877 suis.
1750 3820 1855 3877 La-

267 3917 554 3974 trocinium
596 3926 930 3989 perpetrare,
993 3916 1233 3972 fraudem
1289 3915 1489 3981 facere,
1537 3914 1858 3971 adulterium

266 4008 627 4074 committere,
674 4023 734 4064 re
764 4015 918 4077 turpe
950 4015 1052 4073 est,
1094 4005 1190 4062 sed
1230 4005 1425 4061 dicitur
1449 4021 1553 4061 non
1580 4005 1812 4061 obscene
1843 4021 1856 4058 :

269 4099 450 4157 liberis
479 4114 697 4170 operam
725 4099 876 4164 dare,
904 4098 1187 4154 honestum
1207 4106 1288 4154 est
1317 4113 1395 4166 re,
1428 4097 1646 4153 nomine
1670 4097 1860 4154 obsce-

274 4202 422 4243 num.
444 4188 708 4259 Pluraque
728 4188 781 4243 in
798 4203 916 4244 eam
934 4189 1275 4254 sententiam,
1297 4187 1364 4243 ab
1380 4187 1602 4253 eisdem,
1626 4205 1644 4240 ι
1668 4187 1861 4257 inquit,

279 4288 467 4334 contra
491 4279 865 4335 verecundiam
887 4279 1243 4350 disputantur.
1271 4278 1376 4335 Nos
1410 4288 1590 4335 autem
1620 4287 1862 4335 naturam

283 4387 590 4443 sequamur,
620 4382 675 4430 et
712 4388 871 4429 omne
899 4374 1040 4445 quod
1068 4373 1322 4430 abhorret
1354 4373 1425 4429 ab
1456 4373 1732 4430 oculorum
1765 4387 1864 4429 au-

186 4500 187 4503 η
282 4462 527 4533 riumque
548 4465 929 4536 approbatione
956 4466 1217 4537 fugiamus
1237 4484 1256 4519 ι
1299 4465 1401 4539 (De
1429 4465 1636 4537 Ofﬁciis,
1664 4467 1754 4522 lib.
1787 4465 1863 4538 I).

282 4552 352 4608 Et
378 4565 434 4609 tu
463 4568 620 4624 ergo,
649 4556 732 4611 cui
757 4555 999 4628 displicet
1024 4557 1124 4617 ista
1169 4558 1306 4613 ratio
1336 4558 1593 4615 naturalis
1617 4573 1866 4630 germana

281 4643 601 4712 honestatis,
648 4654 738 4702 aut
781 4646 888 4716 dic,
939 4657 995 4704 et
1028 4649 1328 4716 latrocinio,
1370 4657 1427 4705 et
1467 4650 1765 4721 sacrilegio,
1812 4659 1869 4706 et

277 4733 585 4804 parricidio,
618 4752 734 4806 quae
760 4739 938 4794 omnia
962 4738 1015 4793 in
1043 4754 1105 4794 re
1123 4738 1323 4796 habent
1351 4740 1728 4810 turpitudinem
1750 4756 1868 4798 ma-

280 4825 498 4894 ximam,
527 4827 578 4882 in
625 4829 929 4884 nominibus
975 4830 1176 4885 nullam
1228 4831 1631 4900 obscenitatem,
1682 4831 1871 4895 tetrius

278 4930 399 4972 esse
422 4925 476 4973 et
498 4916 771 4988 profanins
796 4934 1011 4991 operam
1038 4919 1168 4976 dare
1193 4920 1392 4987 liberis,
1413 4937 1572 4993 quam
1600 4936 1867 4979 verecun-

280 5008 383 5065 dia:
408 5012 637 5081 reposcit
667 5012 901 5069 ofﬁcium
934 5030 948 5068 :
977 5023 1069 5070 aut
1107 5014 1155 5070 si
1184 5015 1456 5073 erubescis
1482 5031 1549 5072 eo
1578 5032 1745 5088 usque
1769 5033 1872 5074 nu-

280 5102 418 5172 ptias
443 5117 719 5173 accusare,
749 5115 808 5161 ut
835 5105 995 5162 etiam
1021 5107 1312 5163 sceleribus
1329 5108 1535 5164 collata:
1554 5109 1869 5181 praeponde-

283 5202 440 5263 rent;
467 5194 755 5252 adhortare
791 5198 1044 5270 conjuges
1074 5207 1179 5256 tam
1206 5214 1394 5257 secure
1422 5201 1694 5272 appellare
1726 5201 1872 5258 illam

246 5340 256 5376 ³
349 5370 559 5446 {Emis
584 5372 892 5446 υριυρεαιεηξο

349 5433 467 5503 {Sic
494 5433 769 5503 Vignierius
791 5444 845 5487 et
865 5435 1012 5503 Morel
1031 5475 1045 5497 ,
1071 5436 1222 5503 talem.
1245 5441 1376 5503 prit.,
1402 5440 1555 5503 p._61.
1590 5447 1641 5491 In
1664 5447 1711 5490 Β.
1738 5454 1752 5492 :
1778 5442 1870 5493 Sed

1164 5494 1375 5575 arma
1386 5494 1729 5575 βεαειιιευφη,

285 5555 445 5605 at'dita
468 5555 559 5606 hac
595 5559 845 5609 notatione
872 5574 884 5609 :
916 5578 939 5607 ι
976 5568 1111 5615 Post.
1135 5562 1221 5612 sed
1254 5555 1396 5615 ouid'
1416 5576 1502 5615 nos
1521 5563 1546 5615 Ζ)
1576 5555 1875 5615 ευιιειύαίθιιέ

293 5595 454 5691 sum
479 5595 574 5691 si,
596 5595 947 5691 suam.
973 5595 1220 5691 varos;
1254 5595 1877 5691 γεξέηδῖῖηῖε

293 5638 316 5659 ι
339 5638 454 5663 ιιιιΙΙΙ
479 5638 574 5677 εει,
597 5638 947 5691 τπῑδιῑηιαζηω.
976 5638 1059 5691 γει
1092 5638 1215 5692 Ιοςίὓ
1260 5638 1309 5672 10
1347 5638 1551 5676 enuum:
1597 5638 1689 5677 sea
1712 5639 1874 5691 quem-

291 5692 318 5722 c
340 5676 605 5755 erigiterigit
658 5688 894 5755 Jereuuas
946 5686 1014 5734 ait
1033 5715 1047 5741 ,
1101 5692 1148 5735 SI
1193 5638 1387 5736 nuttaﬁrit
1448 5686 1658 5754 ast/riam
1700 5688 1874 5755 pellent

295 5755 318 5785 1
341 5751 502 5796 suam.
528 5747 622 5793 etc.
648 5758 672 5787 ἱ
746 5750 803 5793 Μ.
1392 5782 1399 5786 .

1576 314 1783 374 LIBER
1821 310 2165 396 ouamus.

3376 338 3511 393 I362

1929 440 2381 512 commixtionem,
2427 452 2636 515 tamque
2668 445 2847 513 libere,
2876 461 3035 517 quam
3074 447 3305 502 solemus
3335 453 3505 517 parri-

1929 531 2123 587 cidium
2148 542 2200 590 et
2225 534 2559 592 latrocinium
2579 536 2871 595 nominare.
2897 538 3147 595 Jamvero
3172 538 3217 595 si
3239 538 3510 595 addideris

1929 624 2356 695 coniunctionem
2375 644 2657 699 corporum
2678 629 2872 686 fetibus
2907 630 3245 696 destinatam,
3279 630 3348 686 ob
3388 630 3505 684 illuv

1926 718 2183 785 dendum,
2203 730 2258 775 ut
2284 723 2445 787 soles,
2476 721 2691 777 auribus
2717 721 3041 789 cbristianis,
3061 722 3204 777 nulla
3233 721 3511 791 iniquitate

1930 809 2205 877 maculari,
2247 809 2341 865 sed
2370 825 2467 880 pro
2494 825 2591 866 suo
2616 811 2776 868 modo
2810 812 3003 867 bonam
3051 826 3211 882 posse
3263 811 3470 866 censeri
3490 852 3504 874 ,

1930 899 2236 971 amplexare
2265 898 2461 957 factum
2485 900 2613 957 illud
2640 901 2811 958 Grata:
2839 903 2855 934 ¹
2878 900 3138 967 Thebani,
3174 899 3404 957 hominis
3434 899 3513 955 Io-

1932 992 2156 1063 cuplctis
2192 1001 2248 1049 et
2276 991 2490 1060 nobilis,
2511 992 2596 1050 cui
2623 992 2759 1048 adeo
2783 991 2884 1048 fuit
2906 992 3053 1050 cordi
3099 1000 3244 1048 secta
3286 989 3514 1063 Cynico-

1933 1099 2071 1150 rum,
2095 1093 2151 1139 ut
2173 1083 2485 1154 relinquens
2510 1092 2757 1154 paternas
2781 1099 2932 1155 opes,
2948 1083 3182 1140 Athenas
3200 1098 3322 1140 cum
3350 1097 3515 1139 uxore

1934 1176 2248 1247 migraverit
2286 1176 2605 1248 Ilyparcide,
2646 1176 2760 1248 pari
2786 1176 2965 1231 animo
2990 1177 3143 1232 istius
3168 1174 3515 1247 philosophia:

1934 1267 2237 1333 sectatrice,
2257 1282 2378 1322 cum
2395 1281 2497 1336 qua
2515 1281 2637 1321 cum
2657 1266 3013 1322 concumbere
3033 1266 3084 1319 in
3107 1266 3314 1336 publico
3334 1265 3514 1326 vellet,

1936 1368 1993 1413 ut
2017 1357 2178 1415 refert
2210 1357 2489 1414 Cornelius
2517 1357 2713 1429 Nepos,
2764 1366 2821 1413 et
2857 1357 2947 1412 illa
2980 1355 3277 1413 occultandi
3323 1356 3514 1426 gratia,

1934 1451 2079 1522 pallii
2111 1451 2352 1505 velamen
2395 1451 2706 1515 obduceret,
2740 1450 3019 1506 verberata
3071 1456 3154 1503 est
3204 1463 3233 1501 a
3277 1448 3468 1502 marito
3502 1462 3515 1496 :

1942 1562 1961 1595 ε
1990 1542 2118 1598 Tuis
2138 1542 2382 1598 sensibus
2400 1542 2668 1607 nimirum,
2696 1560 2715 1592 ι
2751 1540 2940 1611 inquit,
2971 1558 2991 1591 ι
3020 1553 3206 1609 parum
3222 1536 3395 1592 adhuc
3419 1535 3521 1593 do-

1935 1645 2021 1691 cta
2046 1650 2126 1703 es,
2152 1651 2271 1704 qua:
2295 1634 2436 1705 quod
2460 1645 2510 1689 te
2530 1643 2675 1689 recte
2704 1632 2878 1689 facere
2898 1632 3132 1697 noveris,
3169 1630 3222 1686 id
3240 1629 3359 1687 aliis
3383 1643 3520 1699 pra:-

1938 1728 2180 1784 sentibus
2194 1743 2444 1784 exercere
2461 1742 2568 1783 non
2596 1726 2813 1783 audeas.
2837 1744 2857 1780 ι
2888 1727 3117 1782 Debetur
3147 1724 3367 1781 omnino
3405 1722 3523 1778 talis

1941 1821 2152 1876 habitus
2177 1820 2367 1875 vestris
2403 1819 2672 1889 gregibus,
2701 1827 2758 1874 ut
2793 1818 3073 1884 naturalia,
3122 1817 3246 1889 quia
3290 1831 3384 1887 per
3423 1814 3523 1870 hoc

1940 1912 2078 1968 bona
2107 1913 2128 1944 ¹
2150 1911 2294 1982 quod
2323 1925 2355 1967 a
2380 1911 2489 1966 Deo
2504 1909 2714 1965 condita
2741 1909 2794 1964 in
2817 1907 3306 1979 multiplicationem
3336 1920 3526 1975 corpo-

1942 2018 2062 2057 rum
2112 2000 2550 2071 comprobantur,
2608 1998 2725 2055 sine
2781 1999 2888 2054 ullo
2934 1998 3152 2070 pudoris
3207 2003 3530 2066 usurpentur

1942 2091 2173 2161 obiectu.
2207 2090 2487 2147 Restituite
2529 2090 2688 2161 igitur
2725 2088 3157 2160 quadrupedibus
3196 2086 3438 2158 gratiam,
3471 2094 3531 2141 ut

1943 2184 2064 2254 quia
2100 2183 2188 2238 illa
2231 2196 2445 2238 sensum
2474 2196 2757 2251 corporum
2795 2189 3094 2237 vestrorum
3131 2194 3161 2232 a
3190 2177 3531 2249 possessione

1942 2274 2139 2331 diaboli
2165 2282 2221 2330 et
2256 2288 2352 2329 ore
2374 2272 2653 2328 Maniclmi
2691 2272 2803 2327 suis
2850 2278 3067 2327 tuentur
3105 2268 3384 2339 exemplis,
3435 2281 3531 2325 vos

1943 2380 2157 2437 quoque
2202 2365 2413 2420 illorum
2439 2363 2491 2419 in
2517 2361 2760 2420 coeundo
2785 2361 3085 2417 libertatem
3125 2373 3223 2429 pro
3260 2358 3338 2414 rei
3377 2357 3532 2415 bona:

1946 2457 2283 2514 attestatione
2307 2456 2607 2513 sectamini.
2647 2454 2903 2525 Congruit
2950 2454 3148 2525 quippe
3191 2460 3249 2506 ut
3280 2458 3534 2521 praestent

1946 2564 2155 2605 morum
2174 2548 2558 2620 magisterium,
2580 2545 2773 2617 quibus
2796 2544 3145 2616 patrocinium
3176 2542 3534 2613 prtestiterunt

1949 2643 2333 2700 membrorum.
2363 2642 2431 2697 Et
2450 2649 2508 2697 ut
2530 2640 2671 2710 quod
2710 2639 2915 2709 egimus
2945 2637 3261 2708 repetitione
3293 2634 3533 2704 assigne—

1950 2743 2035 2790 tur
2059 2733 2081 2766 ⁸
2105 2751 2119 2789 :
2142 2731 2324 2789 dixisti
2359 2730 2657 2798 libidinem,
2710 2731 2757 2785 si
2798 2744 2916 2786 eam
2946 2729 3086 2784 Deus
3112 2726 3353 2790 fecisset,
3391 2723 3537 2780 nullo

1949 2824 2297 2883 amiciendam
2319 2824 2524 2897 pudore
2549 2844 2563 2880 :
2589 2839 2691 2881 nos
2714 2823 2838 2879 licet
2857 2823 2909 2877 in
2928 2830 3161 2893 quatuor
3178 2819 3370 2890 prioris
3397 2832 3525 2887 ope-

1949 2917 2026 2975 ris
2045 2918 2194 2976 libris
2217 2917 2271 2973 id
2300 2916 2455 2987 plene
2486 2915 2790 2987 egerimus,
2821 2923 2998 2973 tamen
3029 2914 3082 2968 in
3117 2911 3365 2983 prmscnti
3400 2925 3535 2980 quo-

1950 3024 2056 3081 que
2077 3008 2315 3065 omnium
2354 3006 2663 3062 animalium
2694 3004 3028 3069 testimonio,
3054 3017 3173 3073 qua:
3204 3018 3234 3056 a
3266 3002 3377 3057 Deo
3412 3014 3541 3054 con-

1951 3102 2062 3158 dita
2087 3099 2301 3155 interim
2325 3097 2620 3163 confiteris,
2644 3096 2916 3152 libidinem
2942 3109 3165 3150 sexuum
3192 3108 3221 3147 a
3251 3092 3361 3147 Deo
3385 3106 3538 3147 crea-

1954 3201 2061 3247 tam
2102 3205 2224 3247 esse
2259 3187 2694 3254 monstravimus,
2732 3201 2891 3258 quam
2925 3196 3101 3241 tamen
3145 3184 3196 3239 in
3239 3181 3543 3239 hominibus

1952 3280 2161 3353 pudore
2212 3279 2634 3337 obumbrandam
2685 3278 2913 3334 fatemur
2940 3294 2955 3331 :
2981 3285 3129 3332 tuum
3179 3289 3308 3347 ergo
3351 3273 3540 3345 dogma

1955 3372 2321 3444 consequitur,
2365 3379 2421 3427 ut
2455 3372 2614 3443 longo
2645 3369 2971 3442 postliminio
3018 3367 3340 3440 Cynicorum
3390 3366 3543 3422 nobis

1956 3472 2308 3535 repraesentes
2335 3462 2607 3529 decorem,
2637 3471 2692 3518 et
2718 3476 2782 3517 ea
2810 3476 2928 3532 qua:
2951 3459 3210 3514 naturalia
3230 3466 3382 3523 sunt,
3421 3457 3543 3526 quia

1957 3570 1989 3610 a
2011 3554 2120 3611 Deo
2141 3554 2276 3610 facta
2296 3563 2441 3621 sunt,
2472 3553 2523 3608 in
2547 3552 2716 3608 oculis
2743 3551 2972 3607 civitatis
3000 3543 3270 3607 exerceas.
3300 3548 3546 3606 Sentisne

1959 3659 2120 3716 quam
2164 3644 2418 3701 involutis
2471 3642 2760 3699 luminibus
2806 3641 3090 3697 insilivcris
3133 3641 3184 3694 in
3226 3639 3545 3696 sententiam

1962 3751 2160 3804 meam,
2181 3751 2282 3807 qua
2322 3735 2455 3802 dixi,
2492 3753 2511 3787 ‹
2542 3734 2611 3791 Ut
2633 3734 2957 3804 exprimeret
2986 3732 3141 3787 fidem
3168 3746 3387 3802 operum
3418 3746 3547 3802 pro-

1961 3828 2141 3898 pheta,
2170 3841 2336 3897 prope
2365 3825 2653 3896 periculum
2684 3823 2902 3894 pudoris
2920 3822 3181 3879 accessit?
3210 3838 3229 3875 ι
3254 3821 3380 3878 Ilaec
3403 3821 3546 3877 enim

1964 3930 2020 3977 ut
2044 3928 2430 3991 consequenter
2451 3919 2606 3990 juxta
2659 3932 2783 3973 suas
2831 3916 3038 3973 fabulas
3085 3925 3379 3988 praeceptor
3430 3925 3549 3971 tuus

1962 4013 2156 4084 arguit,
2182 4012 2333 4081 cujus
2357 4011 2409 4065 in
2440 4010 2576 4066 libro
2600 4009 2752 4081 posui
2790 4009 3067 4079 superiore
3092 4016 3392 4064 commenta
3415 4048 3428 4070 ,
3461 4008 3551 4077 qui

1965 4104 2142 4160 omnia
2166 4118 2390 4173 corpora
2411 4101 2548 4156 facta
2578 4117 2608 4155 a
2640 4101 2749 4156 Deo
2770 4108 3057 4171 pernegat;
3088 4099 3162 4155 ita
3188 4108 3240 4154 tu
3268 4098 3553 4169 impuden-

1969 4205 2048 4253 ter
2072 4205 2408 4252 contrectare
2423 4208 2586 4250 ausus
2610 4195 2798 4263 es,qui
2837 4202 3131 4248 creatorem
3164 4192 3330 4249 Deum
3373 4190 3553 4247 fateris

1970 4288 2228 4357 (timendo
2265 4287 2409 4360 licet)
2437 4301 2744 4356 corporum,
2776 4299 3003 4355 quorum
3045 4299 3260 4341 sensum
3295 4283 3554 4339 adscribis

1971 4381 2195 4451 principi
2225 4381 2560 4437 tenebrarum
2588 4397 2601 4433 :
2633 4378 2772 4449 quod
2801 4387 2947 4434 certe
2970 4387 3114 4434 tanta
3138 4377 3380 4434 veritatis
3405 4386 3554 4447 pote-

1970 4478 2108 4527 state
2131 4471 2381 4526 detritum
2403 4480 2505 4536 est,
2528 4478 2723 4541 quanta
2754 4469 2857 4525 fide
2881 4468 3080 4524 dictum
3098 4468 3163 4523 ab
3188 4467 3554 4538 Evangelista,

1972 4560 2104 4629 Quia
2132 4577 2225 4631 per
2252 4561 2418 4617 Deum
2446 4561 2582 4629 facta
2618 4568 2733 4615 sunt
2770 4559 2961 4626 autnia,
2988 4567 3036 4614 et
3071 4559 3179 4614 sine
3212 4558 3324 4629 ipso
3368 4562 3557 4629 litatum

1973 4662 2044 4707 est
2072 4652 2199 4708 nihil
2224 4650 2399 4723 (Joan.
2430 4668 2463 4717 ι,
2484 4651 2562 4724 5).
3040 4636 3043 4637 ν

2045 4746 2180 4802 Anc.
2223 4745 2489 4815 Numquid
2521 4759 2705 4816 posses
2733 4745 2783 4800 in
2810 4744 2988 4800 carnis
3015 4742 3443 4813 concupiscentia
3476 4742 3558 4797 vel

1977 4838 2196 4893 libidine
2222 4837 2422 4892 bestias
2439 4835 2742 4897 hominibus
2769 4850 3097 4908 comparare,
3127 4835 3227 4890 nisi
3255 4836 3414 4889 etiam
3444 4833 3563 4890 illos

1976 4930 2177 5001 primos
2199 4937 2447 4999 parentes
2476 4929 2693 5000 generis
2722 4927 2937 4984 humani
2964 4936 3211 4998 tanquam
3238 4927 3530 4996 corruptibi
3547 4953 3564 4964 -

1978 5025 2047 5080 lia
2071 5034 2319 5097 gerentes
2344 5039 2592 5095 corpora,
2611 5023 2819 5080 etiamsi
2837 5039 2941 5079 non
2961 5032 3290 5092 peccassent,
3313 5021 3564 5077 crederes

1978 5119 2141 5176 fuisse
2166 5119 2487 5175 morituros?
2513 5119 2591 5174 Ac
2632 5116 2734 5173 hoc
2761 5117 2813 5171 in
2841 5115 3062 5172 haeresis
3105 5126 3293 5171 vestrae
3330 5127 3515 5167 errore
3545 5111 3566 5143 ⁸

1980 5211 2182 5268 novitio
2209 5210 2290 5267 sic
2333 5208 2595 5265 catholica
2643 5207 2865 5264 damnat
2915 5207 3176 5271 Ecclesia,
3221 5214 3278 5261 ut
3323 5203 3565 5271 Pelagius

1982 5303 2228 5373 princeps
2265 5310 2442 5357 vester
2473 5299 2522 5355 id
2560 5299 2660 5356 sibi
2704 5299 2842 5356 inter
2869 5306 3063 5355 caetera
3109 5296 3376 5367 obiectum
3422 5291 3564 5363 apud

2046 5504 2061 5534 ί
2098 5508 2296 5559 Nomen,
2320 5506 2498 5561 crate,
2523 5500 2743 5550 addimus
2767 5511 2828 5549 ex
2856 5505 2963 5550 Mss.

2046 5566 2066 5596 ¹
2099 5563 2245 5627 Editi,
2284 5557 2372 5627 pro
2406 5557 2495 5627 (ioc
2528 5562 2662 5612 bono.
2706 5562 3006 5627 castigantur
3031 5572 3093 5608 ex
3136 5557 3489 5627 tnanttscriptis.

2049 5627 2069 5657 ³
2094 5624 2156 5672 Ad
2181 5617 2314 5673 oram
2334 5624 2511 5674 codicis
2533 5632 2773 5672 Portntum
2796 5617 2992 5684 antiqua
3015 5635 3175 5680 nianu,
3199 5617 3503 5682 utsigltt'ittur.

2047 5686 2067 5717 ‘
2101 5694 2149 5735 In
2176 5685 2320 5735 editis
2354 5687 2603 5744 omissum,
2642 5696 2806 5735 errare
2835 5697 2851 5735 .'
2878 5685 3068 5734 tametsi
3116 5690 3279 5733 exstet
3314 5684 3363 5732 in
3396 5694 3570 5735 manuv

1985 5750 2177 5803 seruilis
3139 5767 3148 5779 .
