3980 6460
542 274 560 323 l
575 271 677 324 565

537 382 941 453 quatuordecim
961 383 1241 452 episcopos
1257 378 1564 442 orientales,
1583 393 1612 430 a
1642 377 1836 446 quibus
1855 373 2122 444 iudicibus

538 475 873 542 audiebatur,
903 470 1259 526 damnationis
1285 484 1395 523 sua:
1423 468 1612 521 timore
1638 466 1916 519 damnaret
1943 463 2041 534 (η).
2067 461 2122 514 In

537 583 642 635 quo
663 564 864 636 judicio
887 558 1129 632 profecto
1153 560 1311 612 etiam
1355 567 1408 611 tu
1453 558 1567 626 ipse
1605 556 1882 611 damnatus
1925 569 2002 616 es,
2035 553 2124 624 qui

536 656 669 710 dicis
698 655 865 710 Adam
893 655 964 708 ita
987 652 1202 718 factum,
1229 659 1286 705 ut
1311 652 1422 706 sive
1445 659 1706 721 peccaret,
1737 648 1848 703 sive
1880 663 1982 700 non
2001 661 2126 715 pec-

535 753 705 810 caret,
729 743 1019 798 moriturus
1034 751 1211 798 esset:
1234 741 1604 796 contradicens
1629 739 1882 810 Apostolo
1903 737 2122 802 dicenti,

537 834 734 906 Corpus
759 841 1012 888 mortuum
1042 843 1114 888 est
1141 843 1346 902 propter
1371 841 1629 904 peceatum
1656 831 1832 901 (Rom.
1861 845 1976 892 vm,
2007 827 2120 898 10).

535 924 726 990 Porro,
755 923 798 978 si
825 939 931 978 non
977 921 1312 993 praecedente
1356 929 1572 992 peccato
1601 921 1854 975 moritura
1893 919 1980 973 illa
2019 931 2123 972 non

537 1023 691 1070 erant
716 1029 960 1084 corpora,
987 1015 1168 1084 utique
1193 1029 1294 1068 nec
1322 1012 1683 1083 corruptibilia
1707 1022 1877 1078 erant,
1904 1026 1972 1066 ne
1999 1010 2126 1065 bea-

539 1117 619 1161 tas
638 1106 844 1162 animas
860 1106 977 1160 illas
991 1113 1336 1176 aggravarent
1361 1123 1373 1158 :
1394 1104 1592 1174 Corpus
1618 1104 1746 1156 enim
1777 1101 2121 1171 corruptibile,

536 1199 672 1253 sicut
695 1198 950 1267 scriptum
981 1207 1084 1264 est,
1103 1205 1342 1267 aggravet
1365 1197 1587 1248 animum
1621 1193 1773 1266 (Sap.
1799 1209 1872 1258 ιχ,
1909 1191 2018 1262 l5).
2049 1193 2126 1246 Ac

537 1303 634 1358 per
658 1289 781 1356 hoc,
811 1288 1258 1360 quemadmodum
1285 1303 1431 1342 mors
1458 1297 1617 1357 atque
1641 1287 1910 1356 corruptio
1937 1285 2126 1340 bellui-

541 1380 626 1434 nis
653 1379 1006 1449 humanisque
1043 1379 1356 1448 corporibus
1395 1378 1564 1446 potuit
1600 1393 1704 1431 non
1731 1391 1851 1432 esse
1878 1391 2122 1432 commu-

537 1473 642 1536 nis,
667 1472 908 1541 quamvis
945 1470 1244 1525 communis
1278 1470 1355 1524 eis
1397 1477 1538 1524 esset
1575 1480 1785 1523 terrena
1824 1469 2074 1523 materies
2106 1487 2118 1522 :

537 1565 609 1620 ita
642 1565 809 1634 potuit
839 1578 936 1618 nec
985 1564 1036 1617 in
1088 1561 1442 1633 propagandis
1497 1561 1619 1616 filiis
1669 1562 1747 1615 eis
1798 1575 1918 1616 esse
1959 1561 2123 1615 libido

536 1657 869 1721 communis;
892 1655 984 1710 sed
1011 1663 1101 1710 aut
1122 1655 1264 1709 nulla
1277 1643 1337 1708 in
1366 1654 1689 1721 hominibus,
1705 1663 1763 1708 ut
1789 1654 2126 1724 quemadmo-

545 1747 661 1813 jum
689 1746 804 1800 aliis
833 1744 1090 1799 membris
1126 1745 1192 1798 ad
1227 1759 1390 1814 opera
1439 1759 1693 1813 congrua,
1749 1745 1827 1799 sie
1873 1744 1937 1798 ad
1989 1758 2124 1814 opus

537 1836 827 1907 generandi
843 1836 1112 1890 voluntate
1125 1836 1282 1888 motis
1302 1835 1460 1889 etiam
1482 1834 1796 1904 genitalibus
1813 1843 2120 1902 uterentur;

535 1937 626 1983 aut
655 1943 760 1984 non
781 1928 904 1982 talis
932 1927 1106 1998 qualis
1135 1928 1187 1981 in
1213 1927 1419 1994 bestiis,
1449 1926 1543 1980 sed
1563 1927 1628 1981 ad
1651 1935 1837 1982 nutum
1861 1927 2120 1994 serviens,

539 2029 595 2074 et
623 2035 892 2090 nunquam
925 2029 1156 2074 mentem
1188 2033 1224 2073 a
1252 2019 1589 2089 cogitationis
1625 2018 1822 2089 vigilia,
1867 2029 1968 2073 nec
2007 2017 2122 2088 ipsa

531 2117 804 2180 postremo
841 2111 858 2142 ⁸
897 2109 1166 2180 voluptate
1194 2108 1490 2179 deponens.
1519 2107 1674 2164 Nunc
1698 2117 1874 2164 autem
1917 2121 2122 2178 praece-

536 2201 698 2258 dente
723 2211 962 2273 peccato,
989 2217 1096 2273 quo
1115 2201 1344 2256 humana
1368 2202 1420 2256 in
1448 2201 1682 2258 deterius
1711 2211 1897 2257 natura
1920 2209 2123 2256 mutata

530 2303 635 2362 est,
661 2294 796 2350 facta
829 2304 954 2350 sunt
993 2294 1042 2350 ei
1079 2294 1331 2364 pcenalia,
1363 2309 1482 2364 quae
1515 2302 1641 2349 sunt
1675 2303 1879 2349 natura:
1914 2295 2124 2364 pecoris

531 2401 764 2456 congrua
807 2403 821 2438 :
867 2386 960 2441 sed
1013 2385 1066 2440 in
1115 2385 1217 2441 hoc
1253 2386 1414 2452 malo,
1465 2401 1572 2456 quo
1620 2400 1748 2443 caro
1797 2385 2126 2456 concupiscit

535 2477 794 2533 adversus
832 2477 1102 2546 spiritum,
1143 2477 1316 2549 major
1361 2476 1586 2548 pudoris
1631 2485 1714 2532 est
1754 2491 1934 2541 causa,
1980 2475 2124 2547 quod

531 2567 675 2624 inter
697 2567 823 2632 duo,
855 2583 1081 2638 quorum
1109 2567 1174 2622 ad
1201 2577 1439 2623 nostram
1467 2568 1697 2638 pertinet
1721 2575 2008 2639 utrumque
2026 2581 2122 2621 na-

533 2671 804 2724 turam,et
831 2675 1057 2730 quorum
1109 2661 1372 2730 imperare
1405 2676 1596 2727 unum,
1650 2661 1854 2716 servire
1895 2659 2124 2716 alterum

531 2751 710 2818 debet,
740 2761 921 2807 exorta
953 2761 1036 2807 cst
1061 2767 1166 2806 non
1193 2751 1422 2807 dolenda
1453 2761 1661 2807 tantum
1683 2794 1697 2817 ,
1738 2765 1923 2806 verum
1961 2752 2122 2806 etiam

531 2845 758 2902 multum
785 2844 1148 2901 erubescenda
1190 2843 1477 2900 discordia.
1519 2844 1655 2913 Quid
1687 2844 1844 2915 igitur
1871 2843 1965 2899 tibi
1993 2859 2122 2915 pro-

533 2936 747 2992 fuerunt
773 2935 840 2991 ad
869 2951 983 2990 rem
1007 2951 1112 2990 non
1137 2935 1456 3004 pertinentia
1481 2943 1772 2990 convocata
1796 2934 1992 2998 auxilia
2015 2934 2122 3006 Cy-

533 3027 810 3089 nicorum;
841 3025 1270 3096 quandoquidem
1308 3034 1360 3080 te
1399 3025 1454 3078 in
1481 3023 1582 3079 hac
1617 3024 1693 3078 tui
1726 3024 1926 3079 erroris
1950 3024 2034 3079 via
2055 3023 2123 3080 de

531 3117 614 3170 via
639 3115 1000 3181 deﬁcientem,
1035 3131 1135 3170 nec
1171 3130 1235 3170 ea
1275 3130 1395 3185 qua:
1436 3114 1740 3170 hominibus
1777 3115 2119 3185 comparasti,

528 3207 770 3278 iumenta
799 3204 983 3276 juvarc
1006 3205 1336 3274 potuerunt?

603 3295 790 3352 XLIV.
830 3295 950 3351 Jun.
991 3295 1226 3365 Tempus
1269 3294 1524 3350 admonet
1557 3303 1615 3351 ut
1641 3295 1708 3351 ad
1741 3295 1844 3350 alia
1879 3303 2119 3351 transea-

533 3405 654 3444 mus
681 3405 697 3443 :
723 3387 817 3444 sed
848 3389 1102 3459 quoniam
1126 3395 1332 3443 certum
1357 3395 1472 3456 est,
1501 3387 1634 3442 nihil
1667 3395 1718 3443 te
1754 3386 1955 3443 habere
1979 3388 2121 3458 quod

533 3481 776 3537 vendites
805 3481 1071 3552 imperitis
1095 3481 1312 3536 auribus
1339 3487 1534 3551 praeter
1555 3479 1931 3536 verecundiam
1962 3489 2122 3535 natu-

532 3572 721 3627 ralium
746 3587 761 3638 ;
789 3585 947 3643 quam
971 3570 1284 3627 brevissime
1304 3579 1512 3641 potero,
1533 3569 1675 3641 quod
1693 3579 1906 3640 putatur
1926 3585 2121 3641 super-

537 3678 692 3730 esse,
731 3663 1055 3733 contingam.
1084 3661 1214 3730 Quis
1234 3675 1360 3732 ergo
1391 3669 1566 3734 neget,
1597 3661 1929 3716 honestatem
1959 3661 2118 3730 hanc,

533 3771 636 3824 qua
657 3755 908 3826 genitalia
941 3763 1122 3809 nostra
1153 3753 1512 3824 contegimus,
1539 3767 1638 3823 pro
1673 3753 1932 3822 personis,
1965 3752 2117 3820 locis,

532 3847 724 3904 ofﬁciis
751 3847 1097 3917 moribusque
1127 3847 1352 3900 variari?
1378 3845 1467 3901 Sic
1495 3845 1547 3900 in
1589 3845 1974 3901 conventiculis
2017 3859 2119 3915 pu-

532 3939 687 3994 blicis
716 3939 998 3994 obscenior
1025 3939 1256 4003 nuditas,
1310 3937 1443 3992 nihil
1489 3936 1647 3993 habet
1687 3936 2026 4008 turpitudinis
2066 3937 2118 3991 in

533 4029 778 4086 lavacris.
807 4029 897 4086 Sic
921 4030 1055 4086 alter
1079 4039 1160 4084 est
1185 4028 1503 4084 cubicularis
1539 4028 1748 4083 habitus
1765 4026 2120 4093 ,‘seminudus

531 4131 588 4175 et
611 4135 868 4186 securus;
893 4121 1028 4177 alter
1047 4137 1174 4176 vero
1194 4121 1442 4188 forensis,
1459 4120 1738 4174 sollicitior
1755 4127 1810 4175 et
1829 4119 2114 4189 profusior.

535 4211 694 4279 Quid,
719 4209 860 4282 quod
891 4211 956 4267 ad
985 4212 1347 4266 testimonium
1385 4210 1573 4265 crebro
1600 4209 1994 4278 familiaritatis,
2027 4225 2117 4265 rc—

531 4301 689 4373 spicit
708 4303 1023 4375 negligentia
1063 4303 1348 4370 cantionis,
1405 4311 1460 4357 et
1501 4311 1700 4373 quanto
1751 4319 1977 4374 persona
2027 4313 2119 4360 aut

531 4395 762 4466 ignotior
789 4403 881 4450 aut
909 4393 1219 4450 honoratior
1243 4393 1490 4462 adfuerit,
1524 4405 1670 4449 tanto
1691 4395 1994 4466 diligentior
2019 4395 2117 4450 ha-

530 4486 673 4542 bitus
695 4485 1071 4557 comparatur?
1097 4483 1253 4554 Quid,
1275 4485 1415 4555 quod
1440 4485 1612 4540 nautis
1633 4495 1685 4542 et
1705 4486 1984 4557 Opiﬁcibus
2007 4488 2120 4558 ple-

531 4577 712 4647 risque
741 4591 900 4632 nemo
927 4577 1058 4632 vitio
1083 4577 1376 4632 nuditatem
1405 4575 1590 4632 dedit?
1625 4577 1704 4633 Ac
1733 4594 1798 4634 nc
1835 4579 1934 4634 ista
1983 4579 2116 4634 sim-

531 4668 736 4737 plicitas
785 4669 1029 4739 personis
1074 4669 1240 4740 magis
1290 4683 1448 4740 quam
1501 4671 1726 4740 negotiis
1778 4671 2070 4742 imputetur
2099 4714 2112 4736 ,

534 4774 687 4815 more
721 4761 956 4815 omnium
985 4761 1145 4815 etiam
1181 4761 1370 4815 Petrus
1399 4761 1687 4830 apostolus,
1715 4769 1770 4817 et
1795 4771 1912 4832 post
1941 4779 2119 4818 resur-

529 4853 823 4908 rectionem
845 4852 1052 4907 Domini
1083 4853 1254 4912 nudus
1271 4853 1324 4906 in
1345 4853 1554 4922 navigio
1573 4855 1594 4884 ¹
1613 4853 1918 4922 piscabatur
1936 4854 2111 4926 (Joan.

531 4956 648 5007 ut,
675 4941 754 5013 7).
779 4941 958 5012 Dirige
987 4941 1112 4998 hinc
1147 4943 1334 4998 oculos
1365 4943 1430 4997 ad
1460 4943 1815 4998 medicantum
1845 4961 2064 4999 numera
2100 4965 2112 5000 :

533 5031 734 5087 ducunt
758 5041 927 5094 artem
953 5033 1129 5088 studio
1157 5033 1344 5089 salutis
1367 5035 1417 5088 in
1445 5033 1592 5090 locos
1619 5035 1854 5104 pudoris.
1887 5035 2116 5094 Athletis

532 5123 744 5180 nuditas
767 5124 926 5180 etiam
955 5124 1152 5181 decora
1176 5134 1282 5181 est.
1325 5125 1443 5180 iam
1491 5139 1620 5180 vero
1647 5139 1754 5180 non
1782 5125 1954 5180 solum
1986 5127 2116 5182 ado-

531 5215 860 5285 lescentulis,
882 5225 936 5272 et
961 5215 1222 5287 petulanti
1247 5216 1347 5271 sibi
1373 5217 1632 5271 societate
1669 5215 1965 5286 coniunctis
1981 5258 1996 5283 ,
2017 5218 2112 5272 sed

531 5311 692 5366 etiam
711 5311 836 5366 totis
849 5309 1165 5382 quibusdam
1175 5309 1422 5380 gentibus
1433 5317 1658 5376 uterque
1678 5323 1836 5364 sexus
1857 5319 2110 5378 retectos,

530 5413 583 5457 et
624 5403 740 5458 sine
773 5399 964 5457 secreti
988 5408 1072 5456 est
1098 5399 1360 5456 electione
1403 5400 1732 5455 commixtio.
1764 5399 1900 5469 Quid
1932 5410 2109 5457 tamen

596 5518 611 5546 ³
644 5516 716 5564 sic
737 5521 842 5565 Mss.
869 5522 923 5563 At
947 5513 1082 5577 editi,
1109 5519 1362 5577 postrema.

537 5639 544 5646 θ
593 5579 804 5686 tivum,
836 5577 992 5626 nudus
1015 5573 1289 5638 [nauabatur
1307 5589 1326 5638 ;
1347 5577 1542 5638 omisso,
1566 5576 1618 5629 in
1637 5579 1826 5644 narigio
1842 5592 1861 5642 ;
1885 5581 2010 5644 quod
2038 5591 2113 5632 est

537 5652 580 5685 hi
601 5667 610 5685 ι
639 5653 704 5687 SS.

535 5652 580 5685 ω
597 5652 812 5762 iiii-ui..-
837 5713 911 5763 θυι
929 5713 996 5762 ra,
1034 5701 1096 5749 de
1119 5703 1274 5751 Gcstis
1292 5700 1486 5764 Pelagii,
1513 5715 1593 5752 nn.
1619 5701 1696 5766 95,
1717 5705 1793 5766 δἻ,
1813 5705 1884 5758 60.

1210 267 1454 322 OPERIS
1494 257 1904 318 IMPERFECTI
1945 253 2219 311 CONTRA
2262 253 2620 321 JUIJANUM,
2663 256 2723 312 s.
2763 255 3132 314 AUGUSTINI

3695 257 3824 316 εδει

2236 366 2452 434 mirum,
2483 369 2525 422 si
2549 368 2600 424 id
2625 369 2814 424 Scotus
2835 372 3234 442 vicinarumque
3267 373 3516 444 gentium
3557 371 3834 430 barbaries

2232 471 2385 530 agat;
2415 477 2536 517 cum
2577 473 2630 517 et
2659 462 2990 535 philosophia
3015 507 3030 530 ,
3063 465 3214 535 cujus
3240 480 3401 536 supra
3429 481 3828 522 commemora-

2235 554 2431 607 tionem
2464 553 2684 610 fecimus
2737 555 2874 610 idem
2921 557 3211 622 censuerit,
3256 567 3310 612 et
3361 557 3828 614 Traducianorum

2235 641 2336 698 huc
2360 644 2548 716 dogma
2591 647 2928 716 pervenerit?
2971 647 3100 716 Qum
3141 664 3270 719 ergo
3303 649 3526 719 pudoris
3561 648 3828 705 tenebitur

2232 737 2520 806 quantitas,
2565 740 2724 810 quive
2777 741 2929 796 limes
2977 741 3116 796 inter
3159 750 3238 796 tot
3285 743 3403 812 ejus
3457 741 3824 806 diversitates.

2231 837 2390 899 atque
2411 830 2550 885 inter
2567 839 2773 901 cceptus
2799 831 2986 902 partim
3015 834 3350 888 necessarios
3367 876 3380 899 ,
3423 834 3632 902 partim
3658 834 3828 887 socie-

2233 927 2340 975 tate
2363 919 2634 989 defensos,
2661 937 2756 992 per
2775 937 2931 994 quem
2954 924 3123 993 possit
3165 923 3368 990 doceri,
3403 923 3694 978 diabolum
3747 941 3830 978 ua-

2232 1011 2456 1066 turalem
2477 1011 2724 1069 ardorem
2753 1013 2968 1069 sexibus
2997 1014 3310 1070 miscuisse?
3337 1015 3416 1069 Ac
3467 1029 3574 1084 per
3631 1013 3755 1078 hoc,
3781 1027 3828 1068 ut

2231 1103 2534 1172 prmsidium
2561 1105 2825 1175 opinionis
2851 1116 2956 1160 tute
2999 1113 3228 1170 constat,
3274 1105 3488 1173 officiis,
3517 1105 3680 1168 locis,
3725 1121 3830 1160 mo-

2229 1195 2401 1263 ribus,
2429 1195 2651 1263 artibus,
2679 1205 2735 1252 et
2763 1197 2892 1251 totis
2916 1195 3070 1251 simul
3101 1197 3348 1267 gentibus
3373 1195 3740 1259 dissolutum;
3763 1196 3826 1250 ita

2231 1285 2490 1341 remansit
2515 1287 2790 1355 invictum,
2824 1285 2967 1357 quod
2997 1301 3097 1342 nos
3123 1287 3234 1356 ipsa
3265 1287 3476 1342 ratione
3497 1296 3556 1341 et
3583 1285 3826 1356 apostolo

2231 1377 2398 1433 Paulo
2447 1379 2674 1436 docente
2723 1379 3080 1447 defendimus,
3124 1381 3302 1436 omnia
3337 1395 3600 1451 corpora,
3657 1381 3822 1434 omnia

2231 1471 2467 1526 membra
2517 1485 2802 1542 corporum
2831 1513 2850 1540 ,
2897 1488 3190 1543 omnesque
3242 1487 3432 1528 sensus
3487 1485 3784 1542 corporum
3809 1513 3822 1536 ,

2229 1561 2400 1617 Deum
2447 1573 2721 1620 auctorem
2751 1565 3123 1620 universorum
3167 1579 3424 1630 creasse;
3450 1563 3548 1620 sed
3599 1563 3678 1617 ita
3703 1563 3824 1618 ordi»

2229 1669 2401 1721 nasse,
2426 1665 2486 1710 ut
2513 1657 2760 1727 quaedam
2781 1657 2834 1713 in
2859 1658 3113 1713 membris
3141 1658 3337 1714 nostris
3365 1673 3464 1728 pro
3506 1659 3824 1728 opportuni-

2230 1746 2423 1802 tatibus
2469 1755 2765 1817 temporum
2788 1749 3028 1804 amiciret
3066 1747 3255 1819 pudor,
3289 1748 3536 1820 qumdam
3575 1747 3828 1802 honestas

2230 1837 2484 1892 naturalis
2510 1837 2748 1906 offerret,
2779 1839 2970 1910 quibus
3015 1847 3120 1893 tam
3169 1839 3480 1894 indecorum
3509 1847 3670 1894 esset
3707 1841 3824 1908 tegi-

2228 1945 2350 1985 men
2376 1929 2641 1996 adhiberi,
2683 1946 2842 2002 quam
2883 1931 3191 2001 importune
3241 1931 3560 2003 genitalium
3615 1931 3826 2002 vulgare

2227 2028 2516 2075 secretum.

2298 2110 2432 2166 Anc.
2471 2111 2553 2166 Tu
2595 2110 2775 2182 potius
2833 2101 3140 2182 importune
3195 2112 3348 2182 culpa
3401 2113 3828 2184 importunitatis

2225 2201 2468 2272 aspergis
2489 2215 2604 2268 eos,
2655 2201 2724 2257 de
2767 2203 2960 2273 quibus
2995 2203 3066 2258 ait
3098 2201 3370 2275 Scriptura
3423 2204 3636 2270 divina,
3693 2203 3832 2258 Νιέ

2225 2301 2387 2360 erant,
2415 2301 2580 2347 etnon
2607 2293 3043 2366 confundebantur
3081 2292 3238 2366 (Gen.
3293 2311 3348 2362 ιι,
3401 2293 3520 2364 25).
3569 2295 3646 2350 Et
3693 2304 3830 2350 certe

2228 2394 2353 2441 tunc
2373 2385 2444 2440 ita
2473 2385 2606 2440 recti
2634 2394 2806 2453 erant,
2841 2394 2898 2440 ut
2925 2386 3060 2440 recti
3099 2385 3225 2440 facti
3266 2393 3422 2442 erant
3446 2403 3461 2441 t
3487 2385 3644 2440 Fecit
3685 2387 3822 2441 enim

2226 2474 2388 2542 Deus,
2415 2475 2552 2530 sicut
2578 2475 2826 2546 legimus,
2861 2475 3112 2530 hominem
3132 2483 3324 2530 rectum
3351 2475 3554 2546 (Eccle.
3581 2492 3688 2543 vn,
3717 2476 3824 2546 50).

2225 2563 2323 2620 Illo
2351 2580 2478 2635 ergo
2508 2575 2748 2635 tempore
2791 2573 2952 2620 tanta:
2999 2565 3340 2621 rectitudinis
3387 2581 3523 2632 sum,
3571 2567 3828 2636 nulliquid

2226 2665 2332 2712 tam
2359 2657 2513 2729 pravi
2537 2665 2690 2713 erant
2707 2699 2722 2725 ,
2749 2666 2809 2712 ut
2835 2657 3220 2728 imprudenter,
3249 2657 3598 2728 impudenter
3615 2699 3634 2724 ,
3681 2657 3826 2712 inho-

2226 2757 2418 2815 neste,
2467 2747 2806 2820 importune,
2872 2749 3183 2820 genitalium
3241 2757 3451 2805 secreta
3513 2749 3828 2820 vulgarent?

2225 2841 2468 2909 Agnosco
2537 2839 2700 2909 igitur
2749 2838 2986 2894 nondum
3047 2837 3211 2894 fuisse
3261 2853 3478 2894 causam
3549 2839 3826 2909 pudendi,

2225 2929 2437 3000 quando
2483 2927 2720 2984 nondum
2760 2929 3005 3000 pudenda
3057 2937 3212 2985 erant
3263 2929 3352 2984 illa
3393 2929 3661 2994 membra,
3715 2946 3828 3000 qua

2225 3035 2366 3076 nunc
2393 3021 2608 3090 proprie
2629 3020 2874 3091 pudenda
2904 3021 3174 3076 dicuntur.
3203 3019 3320 3076 Non
3357 3021 3500 3075 enim
3555 3019 3828 3075 habitabat

2225 3113 2278 3167 in
2303 3113 2560 3168 membris
2585 3111 2672 3168 lex
2697 3127 2998 3182 repugnans
3017 3113 3120 3182 legi
3147 3113 3341 3168 mentis
3364 3153 3384 3179 ,
3407 3114 3526 3168 sine
3553 3127 3664 3184 qua
3693 3129 3828 3168 nunc

2225 3203 2462 3259 nascitur
2503 3218 2683 3259 nemo.
2723 3203 2968 3259 Nondum
3006 3204 3176 3260 fuerat
3189 3203 3333 3274 justo
3356 3203 3562 3274 judicio
3593 3205 3716 3272 Dei,
3739 3207 3825 3274 qui

2226 3295 2420 3351 merito
2446 3293 2685 3350 deseruit
2707 3294 3060 3360 desertorem,
3091 3293 3420 3350 inobedienti
3465 3294 3678 3349 homini
3721 3310 3828 3350 sua:

2223 3385 2400 3440 carnis
2429 3383 2786 3440 inobedientia
2827 3383 3108 3440 retributa.
3157 3383 3341 3455 Neque
3388 3385 3536 3441 enim
3589 3401 3704 3440 non
3751 3396 3826 3440 est

2224 3477 2402 3532 carnis
2455 3476 2815 3532 inobedientia
2870 3485 3056 3533 contra
3109 3477 3356 3548 spiritum
3407 3479 3824 3550 concupiscere,

2225 3571 2466 3640 quamvis
2493 3571 2652 3626 etiam
2695 3569 2884 3640 spiritu
2910 3578 3096 3626 contra
3123 3585 3242 3626 eam
3271 3571 3696 3641 concupiscente
3724 3587 3824 3626 non

2223 3663 2429 3716 sinatur
2453 3661 2592 3733 quod
2620 3671 2844 3716 conatur
2863 3661 3108 3732 implere.
3131 3661 3244 3716 Hoc
3257 3675 3386 3731 ergo
3413 3661 3656 3716 nondum
3683 3673 3824 3728 erat,

2224 3752 2437 3823 quando
2469 3753 2596 3807 nudi
2627 3761 2800 3818 erant,
2829 3759 2886 3808 et
2911 3767 3016 3808 non
3055 3752 3544 3808 confundebantur.
3575 3753 3696 3809 Non
3727 3755 3822 3809 ita-

2223 3860 2327 3916 que
2363 3845 2436 3900 illi
2463 3861 2588 3900 vera
2614 3845 2854 3901 nuditate
2880 3847 2896 3877 '
2926 3845 3227 3915 importune
3264 3847 3578 3916 genitalium
3619 3859 3822 3902 secreta

2225 3937 2540 4008 vulgabant:
2573 3937 2668 3992 sed
2697 3937 2871 3992 adhuc
2905 3937 3266 4008 importunum
3308 3937 3440 3992 nihil
3489 3937 3542 3992 in
3571 3939 3818 4010 genitali-

2225 4031 2326 4085 bus
2367 4041 2668 4086 senserant.
2700 4031 2836 4100 Quid
2864 4031 3068 4103 colligis
3117 4033 3276 4087 verba
3311 4033 3511 4099 inania,
3565 4041 3816 4106 tanquam

2225 4121 2346 4176 folia
2371 4124 2532 4189 levia,
2556 4124 2746 4192 quibus
2771 4131 2826 4177 et
2851 4133 2906 4177 tu
2931 4133 3181 4194 contegas
3208 4125 3478 4180 carnalem
3515 4127 3816 4182 contentio-

2223 4227 2344 4267 nem
2371 4221 2514 4266 tuam
2537 4221 2720 4267 contra
2747 4213 3079 4284 spiritualem
3097 4215 3490 4283 auctoritatem,
3515 4217 3670 4287 quasi
3691 4232 3814 4272 con-

2222 4303 2584 4374 cupiscentem
2619 4311 2806 4359 contra
2839 4304 3080 4374 spiritum
3131 4306 3391 4360 carnem?
3433 4305 3575 4372 Quid
3623 4307 3816 4377 quaeris

2221 4409 2339 4466 qua:
2377 4394 2596 4465 pudoris
2634 4395 2864 4450 tenenda
2892 4397 2960 4449 sit
2987 4397 3256 4466 quantitas
3277 4438 3290 4460 ,
3318 4398 3432 4451 sive
3450 4397 3644 4466 limes,
3679 4399 3816 4452 inter

2221 4495 2300 4540 tot
2324 4487 2438 4556 ejus
2457 4485 2817 4553 diversitates,
2839 4501 2956 4556 qum
2973 4487 3342 4542 fiuntdiversis
3364 4489 3796 4556 necessitatibus,

2221 4577 2445 4644 artibus,
2468 4577 2830 4648 opinionibus,
2853 4577 3114 4644 moribus,
3155 4579 3268 4634 sive
3305 4580 3488 4647 rectis,
3533 4581 3650 4636 sive
3685 4597 3810 4652 pcr-

2225 4669 2434 4726 versis?
2452 4669 2590 4726 Ecce
2606 4669 2773 4726 babes
2793 4669 3058 4736 homines,
3081 4685 3186 4726 non
3211 4671 3435 4740 alicujus
3453 4671 3654 4742 gentis,
3677 4676 3814 4728 sicut

2221 4761 2432 4829 Scotos,
2460 4759 2556 4815 sed
2600 4769 2853 4832 parentes
2885 4762 3121 4814 omnium
3161 4763 3438 4832 gentium;
3483 4778 3590 4818 non
3637 4763 3810 4835 aliqua

2221 4867 2379 4922 prava
2409 4851 2660 4922 opinione
2699 4851 3034 4922 depravatos,
3058 4853 3196 4908 sicut
3227 4851 3477 4924 Cynicos,
3507 4861 3568 4910 et
3603 4855 3810 4926 quosli-

2219 4945 2310 5001 bet
2328 4944 2462 5000 alios
2481 4943 2672 4999 similis
2691 4943 3053 4999 irreverentia:
3071 4943 3410 5000 deformitate
3437 4943 3692 5012 foedatos,
3715 4945 3810 5002 sed

2219 5051 2248 5090 a
2283 5037 2398 5092 Deo
2417 5035 2662 5091 conditos
2678 5043 2856 5091 rectos
2875 5049 2893 5102 ',
2919 5049 3028 5089 non
3046 5050 3209 5105 opere
3231 5035 3456 5106 alicujus
3471 5037 3810 5092 necessitatis

2218 5125 2524 5192 obstrictos,
2545 5125 2682 5181 sicut
2709 5123 2852 5180 Petri
2879 5125 3092 5180 nuditas
3121 5124 3242 5192 fuit,
3264 5139 3367 5195 qua
3393 5133 3444 5180 te
3465 5127 3662 5196 putasti
3692 5141 3810 5180 esse

2217 5217 2644 5286 velandum,sed
2683 5219 2736 5273 in
2761 5217 3067 5274 deliciarum
3105 5219 3356 5289 paradiso
3401 5217 3808 5288 liberoszipsos

2217 5313 2432 5381 aspice,
2469 5319 2595 5365 ante
2631 5317 2908 5380 peccatum
2947 5319 3304 5365 ostentatores
3349 5309 3632 5378 libertatis,
3687 5318 3810 5380 post

2219 5413 2490 5474 peccatum
2516 5402 2764 5458 doctores
2786 5401 3021 5474 pudoris.
3043 5403 3182 5458 Ante
3195 5411 3466 5472 peccatum
3479 5403 3606 5459 nudi
3627 5413 3802 5468 erant,

2219 5503 2272 5548 et
2321 5509 2426 5547 non
2466 5491 2925 5547 confundebantur
2952 5511 2966 5546 :
2999 5501 3119 5564 post
3149 5501 3424 5564 peccatum
3451 5493 3520 5549 de
3564 5495 3806 5549 nuditate

2283 5651 2296 5680 ¹
2337 5647 2498 5714 ⁷ξιοισιιὶ,
2520 5647 2666 5714 lj‘._l_et_n_.
2689 5651 2823 5708 Crit.,
2845 5661 2952 5714 pag.
2967 5647 3078 5710 281,
3094 5648 3202 5712 282,
3223 5651 3291 5702 sic
3315 5647 3438 5714 legit
3459 5650 3588 5702 hunc
3605 5649 3800 5702 boum:

2223 5719 2249 5760 Α
2261 5725 2318 5760 on
2344 5711 2502 5774 itaque
2520 5709 2590 5760 illi
2609 5710 2754 5760 libera
2771 5709 2999 5761 nuditate.
3067 5717 3122 5759 It.
