3980 6476
201 289 360 349 1365

199 403 428 461 confusi
458 409 602 459 sunt.
630 399 769 456 Ante
795 404 1068 468 peccatum
1115 388 1364 463 genitalia
1417 387 1649 441 nondum
1701 399 1799 452 pu-

201 497 394 554 denda
416 495 534 550 sine
557 491 810 562 tegimine
833 489 1159 558 reliquerunt
1180 500 1197 538 :
1220 490 1337 552 post
1363 488 1634 552 peccatum
1656 475 1806 546 geni-

209 589 348 643 talia
372 587 482 657 jam
511 581 758 654 pudenda
790 587 1055 636 texerunt.
1090 577 1151 631 lli
1182 589 1310 645 ergo
1339 581 1502 629 testes
1529 569 1656 626 satis
1687 567 1804 622 ido-

208 679 330 745 nei,
383 686 439 732 et
477 674 882 746 Pelagianorum
927 669 1302 742 pervicaciam,
1351 673 1406 720 et
1458 658 1804 733 quarumdam

211 768 462 839 gentium
491 766 920 838 Cynicorumque
949 758 1350 830 impudentiam,
1394 753 1542 824 prius
1569 764 1674 804 non
1707 763 1805 818 pu-

213 858 396 914 denda
429 867 483 912 et
507 863 692 928 postea
723 851 968 924 pudenda
990 850 1229 906 nuditate
1253 862 1346 902 sua
1371 843 1710 901 convincunt.

293 949 459 1004 XLV.
498 949 616 1004 Jun.
661 947 773 1002 Hoc
802 946 959 1014 igitur
985 945 1036 998 in
1062 940 1307 1012 prmsenti
1336 953 1518 1008 opere,
1546 940 1800 1005 quantum

219 1057 314 1097 res
340 1049 458 1096 aeta
483 1038 718 1110 pertulit,
745 1037 1007 1101 absoluto,
1038 1035 1195 1088 venio
1215 1031 1278 1087 ad
1305 1028 1436 1084 illud
1455 1025 1594 1098 quod
1613 1023 1810 1087 dixisti,

225 1134 283 1189 in
301 1132 522 1188 Christo
541 1131 678 1184 hanc
694 1128 988 1183 naturalem
1005 1121 1486 1194 concupiscentiam
1508 1133 1611 1172 non
1632 1116 1809 1170 fuisse.

225 1224 321 1280 Sic
343 1223 488 1278 enim
523 1218 826 1289 obloqueris
854 1217 980 1270 mihi
1015 1233 1027 1267 :
1065 1233 1085 1266 t
1119 1213 1226 1268 Sed
1258 1213 1357 1266 iste
1382 1211 1434 1265 in
1463 1208 1546 1264 his
1570 1206 1819 1262 omnibus

231 1314 406 1369 noluit
419 1311 690 1368 nominare
709 1306 1190 1378 concupiscentiam
1209 1303 1406 1370 carnis,
1431 1315 1548 1371 quae
1569 1313 1673 1354 non
1691 1305 1771 1352 est
1788 1313 1819 1352 a

231 1407 412 1468 Patre,
439 1403 534 1459 sed
561 1418 627 1458 ex
652 1401 850 1456 mundo
874 1407 989 1465 est;
1011 1397 1160 1468 cujus
1179 1394 1359 1451 mundi
1380 1393 1624 1464 princeps
1646 1390 1822 1446 dictus

235 1505 316 1553 est
339 1495 582 1551 diabolus
611 1512 624 1548 :
657 1493 746 1564 qui
772 1507 890 1547 eam
934 1490 986 1545 in
1024 1489 1250 1544 Domino
1295 1501 1400 1540 non
1447 1482 1674 1548 invenit,
1701 1480 1822 1551 quia

237 1587 499 1642 Dominus
542 1585 707 1641 homo
737 1598 844 1638 non
898 1597 994 1652 per
1034 1582 1202 1650 ipsam
1231 1577 1298 1633 ad
1342 1575 1588 1631 homines
1614 1571 1760 1627 venit
1797 1589 1816 1622 l

235 1675 344 1749 (De
363 1676 575 1748 Nuptiis
600 1685 647 1730 et
671 1672 1107 1744 Concupiscentia,
1134 1669 1222 1724 tib.
1250 1669 1307 1736 2,
1335 1683 1451 1737 cap.
1474 1665 1554 1737 5).
1579 1664 1826 1720 Pronun-

235 1767 380 1821 tiasti
420 1781 549 1835 ergo
575 1763 867 1828 Christum,
915 1776 1073 1832 quem
1101 1774 1288 1815 verum
1314 1772 1409 1826 per
1448 1754 1625 1811 omnia
1655 1751 1828 1807 homi-

238 1871 363 1911 nem
391 1854 526 1909 fides
547 1852 811 1908 catholica
829 1849 1133 1914 confitetur,
1156 1847 1294 1902 hanc
1319 1842 1824 1915 concupiscentiam,

231 1960 400 2016 quam
429 1944 560 2000 dicit
597 1943 834 1999 Joannes
859 1939 1157 2011 apostolus,
1197 1938 1251 1992 in
1285 1951 1380 1992 sua
1429 1950 1534 1990 non
1581 1933 1830 1988 habuisse

240 2050 425 2091 carne.
456 2034 564 2090 Sed
591 2034 826 2090 Joannes
843 2073 860 2100 ,
892 2039 952 2086 ut
978 2031 1095 2101 ejus
1122 2029 1263 2086 dicta
1292 2028 1607 2092 docuerunt,
1632 2039 1830 2080 concu-

244 2124 556 2196 piscentiam
580 2123 780 2187 carnis,
801 2130 856 2176 et
880 2118 1360 2191 concupiscentiam
1387 2116 1685 2178 oculorum,
1709 2127 1830 2168 eum

243 2216 391 2270 omni
410 2213 612 2269 mundo
633 2228 701 2269 ex
727 2212 886 2268 Patre
915 2225 1021 2266 non
1043 2223 1164 2266 esse
1191 2207 1494 2280 pronuntiat
1527 2205 1742 2278 (lJoan.
1772 2219 1831 2268 ll,

246 2304 338 2376 16)
354 2320 373 2359 :
400 2303 544 2376 quod
574 2317 674 2360 nos
697 2299 1142 2374 quemadmodum
1167 2297 1392 2370 intelligi
1415 2296 1634 2353 deberet
1656 2303 1836 2352 osten-

245 2395 442 2451 dimus.

322 2478 470 2544 Luc:
490 2484 783 2543 Ostendisti
808 2482 1048 2556 quidem,
1077 2480 1173 2538 sed
1199 2477 1647 2552 quemadmodum
1673 2483 1730 2532 tu
1750 2475 1834 2530 in-

257 2580 542 2651 telligeres,
563 2579 649 2634 vel
668 2577 845 2649 potius
864 2591 974 2632 non
995 2575 1340 2645 intelligeres,
1363 2585 1468 2627 non
1490 2568 1839 2640 quemadmo-

256 2670 385 2726 dum
410 2669 629 2726 deberet
654 2668 876 2740 intelligi
909 2684 924 2724 :
950 2667 1020 2722 de
1047 2680 1151 2736 qua
1177 2679 1237 2721 re
1261 2664 1355 2718 tibi
1394 2663 1448 2717 in
1470 2662 1585 2733 ipsa
1613 2669 1702 2716 tua
1732 2673 1838 2715 non

257 2763 452 2827 veraci,
480 2761 575 2818 sed
593 2760 802 2832 loquaci
827 2757 1205 2830 disputatione,
1231 2755 1471 2812 eertans'
1503 2767 1599 2824 pro
1615 2751 1849 2808 veritate

254 2854 526 2926 respondi.

324 2945 511 3002 XLVI.
543 2944 670 3001 Jun.
710 2942 793 2999 Tu
813 2955 944 2998 vero
968 2955 1162 2996 nomen
1195 2939 1368 3009 ipsum
1395 2933 1841 3006 concupiscentiae

257 3038 610 3110 amplexatus,
634 3037 716 3091 vis
739 3051 770 3090 a
795 3032 990 3090 Christi
1014 3045 1241 3101 corpore
1282 3039 1386 3085 tam
1413 3026 1687 3084 oculorum
1716 3039 1812 3081 seu
1827 3056 1842 3068 -

257 3146 374 3188 sum
399 3129 656 3197 abfuisse,
678 3141 836 3199 quam
860 3125 1143 3181 viscerum.

331 3224 467 3279 Aue.
507 3219 614 3277 Ista
651 3234 759 3274 non
799 3218 1040 3281 diceres,
1079 3215 1125 3271 si
1150 3224 1207 3270 tu
1233 3227 1424 3269 sanum
1459 3223 1700 3278 sensum,
1736 3223 1843 3264 non

258 3315 518 3386 corporis,
544 3311 642 3369 sed
667 3310 830 3366 animi
855 3308 1101 3364 haberes.

331 3407 537 3463 XLVII.
553 3406 672 3462 Jun.
693 3403 789 3460 ilic
803 3404 962 3474 igitur
981 3409 1038 3457 ut
1055 3399 1195 3456 adsit
1218 3407 1329 3453 toto
1356 3396 1536 3452 animo
1556 3394 1742 3460 lector,
1761 3391 1850 3447 ad-

267 3513 458 3553 moneo
484 3496 720 3552 :videbit
747 3495 888 3550 enim
933 3488 1428 3561 Apollinaristarum
1467 3484 1735 3552 hazresim,
1751 3482 1847 3538 sed

268 3605 390 3647 cum
416 3589 687 3645 Manichtei
715 3603 812 3658 per
836 3594 889 3641 te
914 3583 1212 3654 adjectioue
1245 3579 1503 3650 reparari.
1526 3573 1850 3646 Apollinaris

271 3683 464 3752 quippe
493 3680 664 3750 primo
693 3679 850 3734 talem
895 3674 1310 3730 incarnationem
1357 3670 1552 3726 Christi
1578 3667 1850 3723 induxisse

271 3772 455 3838 fertur,
487 3782 542 3827 ut
565 3770 771 3827 diceret
793 3768 964 3824 solum
989 3778 1185 3835 corpus
1210 3763 1276 3819 de
1296 3763 1526 3817 humana
1555 3757 1850 3814 substantia

270 3871 596 3932 assumptum
621 3860 810 3925 videri,
842 3873 939 3928 pro
959 3857 1135 3910 anima
1159 3868 1289 3909 vero
1313 3852 1481 3923 ipsam
1507 3851 1670 3905 fuisse
1692 3847 1852 3903 deita-

269 3963 373 4008 tem
389 3969 404 4018 ;
424 3951 773 4020 Cbristusque
787 3963 896 4005 non
919 3947 1211 4010 hominem,
1234 3943 1328 3999 sed
1344 3942 1571 3998 cadaver
1585 3940 1854 3996 videretur

269 4046 502 4102 hominis
528 4044 850 4114 suscepisse.
888 4039 1042 4111 Quod
1081 4047 1422 4109 posteaquam
1450 4034 1611 4105 coepit
1638 4043 1743 4088 tam
1769 4046 1853 4088 rae

274 4138 432 4195 tionis
467 4152 629 4209 quam
658 4135 931 4206 Evangelii
972 4132 1311 4187 attestatione
1333 4128 1580 4194 convelli,
1609 4124 1856 4182 videlicet

274 4231 396 4300 quia
423 4230 525 4285 hoc
551 4230 668 4300 ipso
690 4242 911 4284 necesse
927 4236 1045 4281 erat
1068 4233 1235 4278 totum
1261 4221 1388 4277 illud
1415 4218 1657 4275 falsitatis
1682 4215 1852 4287 argui,

278 4320 419 4390 quod
448 4321 715 4376 hominem
756 4334 816 4374 se
852 4317 1095 4373 Christus
1129 4315 1364 4381 dixerat,
1394 4327 1552 4384 quem
1578 4311 1856 4366 veritatem

279 4412 510 4466 locutum
535 4409 988 4483 persequebantur
1012 4406 1203 4474 Judaei,
1231 4406 1274 4461 si
1300 4413 1417 4462 erat
1445 4405 1512 4460 ab
1536 4418 1602 4460 eo
1625 4417 1752 4459 caro
1771 4415 1860 4456 so-

280 4506 328 4559 la
370 4514 635 4576 suscepta,
678 4519 798 4560 cum
847 4503 1008 4557 homo
1042 4500 1142 4555 nisi
1187 4499 1362 4553 anima
1408 4497 1564 4553 simul
1591 4505 1644 4551 et
1663 4508 1858 4565 corpus

277 4612 398 4654 esse
425 4612 532 4652 non
575 4605 783 4666 posset;
810 4595 895 4650 vel
919 4592 1060 4665 quod
1107 4591 1160 4645 in
1193 4590 1480 4660 Evangelio
1516 4587 1743 4651 dixerat,
1791 4583 1860 4638 In

281 4696 529 4758 potestate
556 4687 710 4741 habeo
736 4701 920 4758 ponere
941 4684 1166 4738 animam
1204 4696 1388 4746 meam,
1432 4688 1481 4734 et
1526 4678 1581 4732 in
1619 4683 1862 4747 potestate

277 4780 433 4834 habeo
461 4779 642 4833 iterum
678 4792 874 4832 sumere
916 4793 1027 4830 eam
1071 4773 1251 4846 (Joan.
1294 4785 1353 4835 .
1399 4768 1510 4843 18).
1555 4769 1684 4838 Qua:
1717 4769 1861 4824 enim

275 4870 450 4924 anima
480 4877 787 4940 poneretur,
815 4868 858 4925 si
894 4875 1163 4936 assumpta
1191 4879 1296 4919 non
1337 4861 1552 4918 fuerat?
1578 4861 1712 4916 Cum
1735 4875 1863 4930 ergo

277 4963 596 5018 auctoritate
625 4961 808 5017 talium
838 4959 1265 5017 testimoniorum
1296 4966 1351 5012 et
1377 4955 1668 5028 pet-Spicum
1695 4954 1863 5008 ratio-
1946 5002 1952 5009 .

279 5054 362 5110 nis
405 5069 626 5110 eversus
672 5053 888 5119 fuisset,
918 5051 1235 5122 excogitavit
1259 5047 1403 5103 aliud
1439 5047 1581 5102 unde
1617 5046 1731 5116 ejus
1755 5045 1866 5100 Ine-

281 5147 443 5213 rcsis,
477 5163 596 5218 qua:
635 5146 887 5217 perdurat
915 5145 1193 5206 hactenus,
1231 5149 1576 5205 nasceretur;
1616 5147 1671 5194 et
1711 5137 1862 5204 dixit,

278 5238 508 5292 animam
534 5237 750 5306 quidem
777 5235 1060 5290 humanam
1091 5233 1145 5289 in
1172 5232 1385 5290 Christo
1410 5229 1594 5295 fuisse,
1617 5227 1712 5284 sed
1738 5243 1864 5284 seu-

281 5342 372 5383 sus
420 5328 471 5382 in
501 5342 570 5383 eo
613 5327 859 5398 corporis
903 5341 1010 5380 non
1051 5325 1250 5392 fuisse,
1288 5332 1448 5394 atque
1487 5318 1865 5390 impassibilem

280 5435 401 5475 eum
424 5419 784 5489 pronuntiavit
854 5415 1115 5473 universis
1140 5414 1408 5472 exstitisse
1433 5411 1686 5483 peccatis.

403 5592 694 5660 addidimus,
719 5597 924 5660 certans,
952 5604 1014 5660 ex
1040 5589 1291 5660 veteribus
1314 5587 1466 5638 libris.

683 5649 1023 5717 -.
1047 5653 1179 5715 nine,
1205 5663 1324 5711 esse,
1347 5650 1644 5702 removimus
1659 5649 1862 5698 auctori-

353 5732 384 5770 e

1571 265 1769 324 LIBER
1808 262 2148 330 QUARTUS.

3363 261 3496 316 i366

1988 379 2120 434 Ave.
2164 378 2372 433 Sanctzc
2411 379 2681 434 memoria:
2708 377 2930 448 Cyprius
2965 377 3244 446 episcopus
3269 376 3496 444 Epipha-

1914 468 2028 522 nius
2050 467 2100 522 in
2127 469 2381 536 opusculo
2395 469 2536 539 quod
2558 467 2624 523 de
2641 467 2928 522 havresibus
2952 465 3134 532 edidit,
3153 464 3283 519 dixit
3303 464 3501 533 Apolli-

1915 560 2233 615 naristarum
2262 562 2517 631 quosdam
2552 562 2604 614 in
2632 558 2852 615 Domino
2873 559 2996 613 Jesu
3018 557 3231 613 Christo
3257 552 3503 609 divinita-

1914 653 1951 706 ti
1977 666 2172 720 corpus
2199 653 2648 708 consubstantiale
2670 653 2900 716 dixisse;
2931 652 3062 704 alios
3085 657 3259 704 autem
3283 660 3504 716 negasse

1915 741 2054 812 quod
2079 742 2309 796 animam
2354 744 2675 812 sumpserit;
2718 743 2851 797 alios
2890 750 3107 811 propter
3134 738 3275 809 quod
3305 737 3503 792 dictum

1916 840 2019 900 est,
2047 831 2262 887 Verbum
2285 849 2403 886 caro
2429 834 2615 902 factum
2638 843 2708 888 est
2731 832 2909 904 (Joan.
2941 848 2981 897 1,
3008 829 3118 903 M),
3143 827 3495 895 contendisse,

1921 941 2022 982 non
2049 941 2170 981 eum
2214 940 2428 981 carnem
2467 926 2758 994 sumpsisse
2797 925 2864 979 de
2902 932 3080 978 creata
3106 935 3288 985 carne,
3322 917 3374 972 id
3401 928 3498 982 est,

1923 1018 2136 1084 -,
2176 1017 2272 1071 sed
2317 1017 2548 1072 Verbum
2597 1033 2813 1072 carnem
2871 1017 3099 1080 factum;
3145 1021 3326 1083 postea
3379 1025 3507 1064 vero

1923 1108 2106 1166 nescio
2151 1107 2278 1178 quid
2307 1110 2600 1178 cogitantes
2647 1107 2847 1161 dixisse
2888 1103 3029 1175 quod
3066 1118 3173 1157 non
3219 1098 3509 1170 sumpserit

1923 1209 2178 1255 mentem.
2223 1196 2378 1265 Quod
2416 1213 2544 1266 ergo
2579 1196 2811 1251 affirmas
2848 1194 3252 1264 Apollinaristas
3287 1206 3503 1246 asseve-

1925 1305 2073 1345 rasse
2100 1288 2154 1344 in
2182 1287 2400 1344 Christo
2424 1301 2614 1343 sensus
2642 1286 2884 1356 corporis
2909 1300 3012 1340 non
3037 1283 3258 1350 fuisse,
3283 1296 3512 1349 eumque

1926 1380 2047 1435 illos
2078 1380 2450 1450 pronuntiasse
2471 1378 2882 1448 impassibilem;
2912 1391 3012 1431 nec
3032 1378 3238 1445 uspiam
3261 1373 3379 1443 legi,
3408 1372 3513 1426 nisi

1928 1472 1979 1525 iu
2007 1472 2109 1525 hoc
2136 1469 2275 1524 libro
2306 1478 2419 1536 tuo,
2451 1484 2552 1524 nec
2575 1467 2862 1539 aliquando
2887 1468 2954 1520 ah
2976 1466 3154 1536 aliquo
3181 1464 3378 1519 audivi.
3408 1463 3513 1517 Sed

1925 1563 2177 1634 quoniam
2208 1560 2366 1616 video
2405 1570 2458 1614 te
2494 1574 2737 1630 quaerere
2782 1559 2872 1613 ubi
2903 1557 3174 1628 expandas
3209 1555 3510 1625 vaniloquia

1929 1663 2039 1723 tua,
2062 1664 2119 1708 ut
2145 1669 2268 1710 cum
2293 1653 2366 1708 sis
2387 1653 2664 1715 verbosus,
2695 1651 2931 1706 videaris
2953 1666 3074 1705 esse
3104 1651 3376 1718 copiosus,
3406 1647 3513 1702 cito

1930 1745 2262 1816 respondeo:
2285 1743 2537 1814 Quisquis
2559 1743 2729 1798 credit
2749 1742 2833 1797 vel
2856 1742 2943 1796 illa
2969 1757 3087 1811 qua:
3118 1738 3519 1810 Apollinaris-tas

1931 1835 2112 1892 dicere
2139 1849 2299 1905 supra
2328 1834 2765 1902 commemoravi,
2807 1831 2891 1888 vel
2938 1848 3045 1888 non
3089 1831 3340 1887 habuisse
3360 1828 3519 1885 Chri-

1933 1934 2070 1981 stum
2105 1925 2351 1995 corporis
2375 1938 2584 1992 sensus,
2605 1934 2765 1994 atque
2787 1924 3168 1994 impassibilem
3191 1920 3373 1988 fuisse,
3395 1934 3522 1974 ana-

1937 2017 2114 2074 thema
2164 2018 2252 2072 sit.
2311 2016 2382 2073 Ut
2423 2031 2549 2071 vero
2597 2024 2655 2071 te
2691 2031 2902 2086 quoque
2956 2015 3129 2084 possis
3179 2025 3518 2082 agnoscere:

1934 2108 2186 2179 Quisquis
2209 2107 2376 2163 credit
2403 2123 2620 2163 carnem
2647 2106 2848 2163 Christi
2880 2114 3064 2160 contra
3095 2103 3341 2174 Spiritum
3381 2116 3518 2157 eon-

1936 2202 2170 2270 eupisse,
2199 2198 2480 2254 anathema
2511 2201 2602 2253 sit.

2013 2289 2242 2347 XLVIII.
2283 2291 2404 2347 Jun.
2446 2289 2560 2346 Non
2589 2289 2679 2360 qui
2699 2289 2898 2344 virtute
2919 2287 3104 2358 judieii
3145 2285 3338 2341 delicta
3368 2283 3528 2339 vitas-

1939 2396 2054 2451 set;
2097 2383 2194 2440 sed
2221 2385 2311 2455 qui
2358 2384 2608 2438 felicitate
2647 2383 2826 2438 carnis
2862 2397 2895 2436 a
2939 2380 3137 2436 nostris
3161 2375 3412 2434 sensibus
3435 2388 3526 2430 se-

1939 2484 2243 2547 questratae,
2265 2475 2607 2545 cupiditatem
2633 2474 2881 2528 vitiorum
2901 2471 3098 2526 sentire
3119 2467 3463 2538 nequivisset.

2011 2569 2147 2625 Auc.
2187 2565 2301 2623 Non
2333 2566 2562 2621 dicimus
2581 2579 2700 2630 nos,
2781 2562 3056 2618 Christum
3079 2559 3326 2616 felicitate
3353 2556 3530 2612 carnis

1942 2676 1973 2716 a
2003 2659 2200 2716 nostris
2228 2660 2475 2716 sensibus
2492 2666 2860 2728 sequestrate,
2902 2654 3244 2726 cupiditatem
3283 2651 3530 2706 vitiorum

1945 2752 2145 2808 sentire
2171 2766 2277 2807 non
2299 2751 2574 2820 potuisse:
2669 2748 2765 2804 sed
2788 2747 3034 2814 dicimus,
3055 2742 3455 2814 euancrfectio
3465 2756 3534 2797 ne

1944 2844 2173 2909 virtutis,
2201 2852 2258 2900 et
2284 2859 2390 2898 non
2415 2858 2510 2913 per
2535 2841 2717 2900 carnis
2745 2837 3234 2910 concupiscentiam
3258 2843 3532 2907 procreata

1945 2949 2130 2999 carne,
2157 2932 2504 3004 cupiditatem
2538 2949 2642 2988 non
2686 2931 2936 2987 habuisse
2966 2929 3236 2983 vitiorum.
3267 2925 3422 2980 Aliud
3452 2932 3536 2981 est

1945 3024 2091 3079 enim
2120 3038 2224 3078 non
2243 3022 2492 3078 habuisse
2509 3021 2850 3093 cupiditatem
2874 3020 3066 3075 malam
3090 3035 3104 3083 ;
3133 3016 3275 3072 aliud
3293 3032 3399 3071 non
3416 3029 3534 3070 eam

1951 3115 2188 3186 potuisse
2227 3115 2428 3170 sentire
2462 3131 2477 3170 :
2508 3113 2766 3169 sensisset
2799 3113 2944 3169 enim
2984 3111 3028 3164 si
3074 3110 3382 3174 ltabulSsel;
3430 3121 3535 3162 non

1949 3207 2094 3262 enim
2116 3220 2306 3262 sensus
2331 3205 2380 3261 ei
2411 3204 2580 3261 deluit
2614 3220 2720 3276 quo
2744 3220 2862 3260 eam
2895 3202 3142 3266 sentiret,
3171 3200 3264 3256 sed
3294 3201 3539 3256 volunt-ts

1948 3295 2117 3350 adfuit
2141 3311 2244 3365 qua
2273 3311 2378 3350 nun
2406 3294 2647 3350 haberet.
2671 3293 2781 3350 Nec
2797 3293 3010 3348 mireris
3034 3292 3325 3359 Christum,
3349 3307 3538 3362 quam-

1951 3387 2030 3442 vis
2059 3386 2330 3442 hominem
2356 3402 2564 3453 vcrum,
2609 3395 2784 3442 tamen
2828 3401 2923 3456 per
2956 3385 3134 3440 omnia
3163 3384 3385 3452 bonum,
3435 3399 3536 3438 no-

1957 3476 2122 3532 luisse
2165 3475 2366 3532 habere
2408 3476 2752 3546 cupiditatem
2779 3477 2996 3530 malam.
3026 3475 3156 3530 Nam
3199 3475 3317 3546 quis
3347 3482 3540 3544 prmter

1953 3581 2049 3621 vos
2091 3567 2436 3636 cupiditatem
2480 3575 2638 3637 negat
2683 3581 2803 3622 esse
2851 3566 3064 3631 malam,
3115 3581 3216 3636 qua
3256 3564 3542 3635 eupiuutur

1955 3655 2136 3710 mala?
2163 3655 2302 3726 quis,
2332 3656 2566 3726 inquam,
2602 3663 2794 3726 printer
2835 3670 2929 3711 vos
2957 3653 3275 3725 persuadere
3301 3663 3528 3710 conatur

1956 3761 2060 3800 non
2108 3761 2228 3801 esse
2269 3746 2473 3810 vitium,
2510 3761 2668 3815 quam
2713 3745 3056 3816 cupiditatem
3098 3745 3384 3800 confitetur
3422 3758 3543 3799 esse

1957 3837 2235 3900 vitiorum;
2262 3845 2312 3890 et
2360 3851 2464 3890 non
2503 3851 2623 3892 esse
2668 3835 2888 3903 malum,
2935 3835 3020 3890 cui
3063 3834 3307 3892 suadenti
3335 3834 3379 3889 si
3409 3849 3544 3890 conc

1955 3927 2212 3982 sentiatur
2243 3929 2300 3982 lit
2326 3942 2465 3998 opus
2492 3927 2729 3982 malum?
2754 3926 2904 3984 Hanc
2937 3926 3282 3997 cupiditatem
3302 3925 3545 3982 Christus

1957 4029 2007 4074 ct
2038 4019 2240 4074 sentire
2271 4029 2471 4089 posset,
2501 4019 2546 4074 si
2591 4018 2845 4084 haberet;
2892 4030 2945 4074 et
2974 4018 3173 4076 habere
3189 4021 3232 4084 ',
3265 4020 3310 4074 si
3341 4017 3503 4074 vellet
3528 4036 3542 4072 :

1958 4111 2054 4166 sed
2079 4112 2219 4168 absit
2245 4121 2304 4166 ut
2351 4111 2528 4166 vellet.
2563 4109 2940 4168 Verumtamen
2967 4111 3010 4166 si
3049 4111 3266 4166 haberet
3290 4109 3549 4180 cupidita-

1961 4211 2068 4258 tem
2096 4205 2310 4269 malam,
2343 4211 2504 4273 atque
2530 4213 2588 4258 ut
2637 4211 2726 4258 tuo
2767 4202 2930 4257 verbo
2968 4210 3106 4266 utar,
3140 4219 3158 4254 t
3207 4200 3547 4270 cupiditatem

1962 4294 2233 4360 vitiorum,
2322 4293 2391 4349 ab
2421 4292 2588 4364 ipsius
2611 4293 2882 4348 voluntate
2908 4292 2959 4348 in
2989 4292 3077 4349 illo
3106 4307 3226 4348 esse
3253 4291 3544 4362 empissct;

1960 4383 2084 4455 quia
2107 4399 2215 4439 non
2240 4399 2361 4440 cum
2380 4383 2470 4439 illa
2499 4393 2582 4439 est
2609 4393 2786 4450 natus,
2816 4393 2875 4438 ut
2901 4399 3018 4438 nos.
3053 4385 3128 4438 Ae
3158 4398 3253 4454 per
3269 4382 3389 4448 hoc,
3411 4382 3551 4437 illius

1963 4475 2131 4529 virtus
2159 4473 2273 4529 haec
2316 4481 2454 4541 erat,
2485 4488 2603 4528 eam
2633 4489 2738 4528 non
2775 4472 3013 4530 habere:
3045 4481 3225 4528 nostra
3255 4472 3421 4527 virtus
3445 4479 3548 4534 est,

1963 4567 2010 4621 ei
2035 4581 2138 4620 non
2167 4565 2470 4622 consentire
2492 4582 2508 4632 ;
2534 4575 2590 4622 et
2614 4566 2667 4621 in
2689 4565 2791 4621 hoc
2816 4565 2961 4620 illum
2980 4566 3196 4631 imitari,
3223 4565 3553 4635 utqucmad~

1967 4655 2183 4710 modum
2215 4655 2329 4726 ipse
2358 4666 2636 4726 peccatum
2665 4671 2770 4712 non
2795 4655 2940 4725 fecit,
2970 4671 3089 4713 eam
3134 4673 3240 4711 non
3284 4656 3549 4721 habendo,

1966 4745 2038 4800 ita
2070 4760 2170 4802 nec
2199 4760 2299 4800 nos
2323 4743 2601 4815 faciamus,
2633 4762 2738 4802 non
2766 4747 2816 4802 ei
2842 4747 3262 4810 eouscntiendo;
3295 4754 3352 4802 et
3370 4761 3554 4816 quem-

1967 4835 2250 4891 admodum
2273 4836 2386 4905 ipse
2408 4852 2524 4892 eam
2549 4838 2711 4892 voluit
2735 4846 2789 4894 et
2815 4839 2980 4909 potuit
3011 4853 3114 4893 non
3146 4837 3362 4903 habere,
3395 4838 3473 4892 sic
3491 4853 3554 4892 ea

1971 4945 2072 4986 nos
2118 4929 2366 4995 velimus,
2406 4931 2529 5001 quia
2575 4933 2884 5001 poterimus,
2931 4947 3136 4988 carere.
3185 4931 3312 5002 Ejus
3360 4931 3558 5002 quippe

1967 5021 2136 5091 gratia
2164 5037 2261 5076 nos
2285 5020 2524 5078 liberabit
2553 5021 2620 5076 de
2649 5037 2873 5090 corpore
2906 5022 3097 5078 mortis
3117 5020 3295 5092 hujus,
3326 5019 3428 5076 hoc
3454 5031 3553 5084 est,

1969 5111 2036 5167 de
2073 5127 2238 5168 carne
2267 5115 2488 5183 peccati,
2533 5113 2621 5184 qui
2654 5115 2802 5169 venit
2839 5112 2906 5169 ad
2939 5129 3038 5168 nos
3073 5113 3125 5168 in
3152 5111 3556 5170 similitudinem

1968 5205 2144 5259 carnis
2165 5206 2389 5276 peccati,
2419 5219 2523 5259 nou
2554 5205 2604 5259 in
2632 5219 2794 5261 carne
2823 5206 3048 5276 peccati.

2044 5295 2231 5351 XLIX.
2273 5297 2392 5352 JcL.
2426 5297 2556 5352 Tam
2596 5297 2766 5368 gravi,
2821 5307 2879 5352 ut
2930 5313 3016 5354 res
3061 5297 3278 5360 indicat,
3311 5294 3363 5351 in
3397 5295 3555 5350 fidem

1971 5391 2742 5456 Catholicorutnadulatione,
2780 5408 2884 5444 non
2916 5390 3092 5444 solum
3135 5389 3266 5444 nihil
3306 5403 3556 5444 necessa-

2088 5525 2236 5573 Hicin
2261 5524 2404 5574 editis
2441 5525 2688 5581 omissum,
2715 5521 2763 5572 iu
2786 5519 2972 5571 (hristo
3016 5532 3181 5570 sensus
3215 5531 3432 5581 corporis
3467 5531 3562 5570 non

1972 5587 2136 5648 fuisse.
2163 5587 2439 5648 Itestituitur
2465 5600 2524 5634 ex
2546 5585 2898 5648 manuscriptis.

2079 5649 2150 5696 sic
2175 5656 2278 5694 MSS.
2384 5647 2516 5702 editi,
2535 5645 2744 5696 haberet.

2091 5710 2238 5759 Editi:
2270 5717 2375 5758 rum
2400 5707 2628 5766 graviter.
2651 5711 2699 5756 ut
2725 5716 2801 5757 res
2830 5701 3031 5761 indicat,
3055 5704 3102 5756 in
3125 5703 3273 5757 uent
3311 5706 3560 5758 catholico-
