3980 6510
502 297 637 351 1367

506 415 602 480 ria,
636 424 818 466 verum
857 408 1016 463 etiam
1043 403 1284 477 profana.
1316 404 1448 459 Cum
1491 403 1630 457 enim
1661 401 1773 456 vult
1802 396 2084 454 ostendere

503 504 620 572 plus
640 501 836 574 aliquid
861 500 1021 554 fuisse
1046 497 1099 551 in
1115 496 1311 585 Christi
1339 509 1584 563 corpore,
1609 508 1677 548 ne
1691 492 1869 547 carnis
1889 497 2084 589 nostrae

499 591 873 648 communione
901 587 1199 651 vilesceret,
1234 584 1550 640 naturalium
1572 597 1695 637 eum
1725 595 1976 636 sensuum
2001 584 2085 632 in-

503 686 749 754 tegritate
809 679 1105 744 fraudavit;
1163 693 1269 732 non
1330 677 1516 731 videns
1557 676 1610 730 in
1670 683 1925 744 quantum
1984 673 2086 726 iret

505 775 726 829 exitium
767 771 1020 826 damnum
1069 770 1306 825 veritatis
1339 768 1421 823 vel
1445 766 1753 822 adulatione
1793 773 2081 834 corrupta}.

502 862 778 920 Infremuit
805 861 1002 932 quippe
1042 877 1074 916 a
1117 859 1406 916 Catholicis
1446 859 1679 914 excitata
1724 855 2082 927 przescriptio;

503 954 628 1026 quia
684 952 824 1025 apud
880 953 1041 1008 talem
1094 952 1254 1008 fidem
1303 952 1474 1022 majus
1527 950 1778 1006 damnum
1832 946 2084 1019 mysteria

500 1044 722 1109 Christi,
763 1057 923 1113 quam
945 1041 1187 1098 membra
1233 1041 1551 1113 perferrent.
1581 1042 1638 1097 Si
1681 1040 1824 1096 enim
1873 1046 2088 1109 propter

497 1134 622 1200 hoc,
670 1134 931 1204 inquiunt,
987 1134 1155 1189 factus
1195 1144 1278 1190 est
1314 1134 1558 1189 Christus
1596 1148 1662 1189 ex
1686 1133 1891 1188 semine
1922 1129 2084 1185 David

496 1224 672 1297 (Rom.
703 1239 742 1291 ι,
783 1221 861 1295 5),
910 1224 1080 1282 factus
1123 1242 1189 1282 ex
1232 1226 1476 1293 muliere,
1525 1225 1797 1296 factusque
1841 1223 1942 1280 sub
1968 1224 2085 1293 lege

497 1313 694 1387 (Galat.
724 1332 800 1384 tv,
827 1317 908 1386 4),
939 1328 996 1371 ut
1023 1317 1178 1373 nobis
1199 1318 1351 1373 daret
1380 1320 1704 1387 exemplum,
1737 1327 1793 1371 ct
1820 1331 2081 1385 sequere-

496 1420 620 1459 mur
646 1408 862 1477 vestigia
888 1406 1023 1478 ejus,
1053 1409 1141 1478 qui
1170 1419 1442 1478 peccatum
1471 1426 1576 1464 non
1604 1408 1751 1476 fecit,
1779 1423 1877 1463 nec
1896 1408 2085 1464 inven-

498 1514 588 1554 tus
613 1509 696 1554 est
723 1500 874 1555 dolus
914 1501 969 1555 in
993 1516 1087 1556 ore
1115 1501 1230 1573 ejus
1260 1501 1312 1573 (Ι
1331 1501 1477 1557 Petr.
1520 1518 1576 1566 ιι,
1603 1503 1690 1570 12,
1718 1502 1849 1573 22);
1878 1517 1980 1557 nec
2009 1511 2085 1557 ta-

502 1607 628 1647 men
668 1607 763 1662 per
794 1593 974 1648 omnia
1012 1595 1323 1651 substantia:
1359 1604 1558 1652 nostrae
1586 1595 1759 1651 induit
1788 1596 2083 1667 proprieta-

501 1691 631 1748 tem,
658 1683 703 1738 si
752 1684 838 1739 vel
883 1698 1099 1741 carnem
1143 1686 1260 1742 sine
1286 1687 1483 1755 anima,
1534 1686 1618 1743 vel
1659 1687 1931 1744 hominem
1969 1689 2085 1742 sine

501 1773 771 1842 sensibus,
802 1775 995 1846 quibus
1021 1791 1119 1833 nos
1141 1777 1328 1832 imbuit
1354 1787 1562 1844 natura,
1584 1779 1831 1849 gestavit,
1853 1781 2085 1849 exempli

498 1863 726 1920 formam
752 1875 807 1921 et
830 1867 960 1938 legis
988 1884 1096 1923 non
1123 1867 1344 1925 docetur
1367 1870 1639 1940 implesse.
1662 1870 1802 1937 Quid
1821 1872 1962 1927 enim
1988 1871 2086 1927 fuit

499 1955 658 2013 laude
681 1957 924 2029 dignum,
949 1968 1293 2016 contemnere
1316 1960 1597 2018 illecebras
1632 1976 1907 2030 sensuum,
1947 1977 2082 2034 qua-

498 2062 618 2103 rum
667 2049 893 2120 incapax
932 2060 1051 2106 erat
1089 2051 1350 2108 beneficio
1396 2054 1637 2109 natura}?
1678 2053 1814 2122 Quid
1866 2054 2081 2122 mirum,

499 2140 754 2197 cohibere
800 2142 988 2198 oculos
1025 2143 1202 2199 carnis
1245 2159 1356 2200 sua:
1384 2145 1588 2200 auxilio
1639 2160 1744 2199 non
1790 2146 2082 2215 vagantes?

498 2231 639 2298 Quid
662 2248 937 2305 magnum,
961 2235 1232 2292 abducere
1257 2236 1326 2292 ab
1352 2236 1681 2293 illecebrosis
1706 2236 1963 2293 odoribus
1989 2253 2085 2293 na-

496 2340 610 2391 res,
639 2326 832 2397 quibus
859 2330 1130 2384 nescirent
1155 2328 1375 2399 patere?
1395 2329 1532 2397 Quid
1559 2329 1901 2399 stupendum,
1938 2338 2087 2387 tene-

496 2432 558 2472 re
578 2418 797 2474 arduam
824 2420 1063 2491 quotidie
1089 2422 1143 2476 in
1165 2422 1334 2491 epulis
1367 2421 1703 2493 parcitatem,
1730 2438 1956 2493 quarum
1984 2438 2082 2478 ne—

497 2510 681 2580 quibat
711 2511 1047 2569 irritamenta
1076 2513 1320 2570 sentire?
1349 2513 1486 2582 Quid
1509 2526 1780 2584 postremo
1803 2515 1957 2571 ardui
1989 2516 2084 2575 ha-

492 2602 686 2659 berent
730 2605 783 2661 in
835 2606 1298 2677 quadragesimum
1346 2607 1486 2664 diem
1529 2608 1737 2678 prolata
1771 2608 1994 2679 jejunia,
2037 2609 2083 2663 si

494 2696 702 2752 esuries
728 2698 953 2754 molesta
976 2713 1097 2754 esse
1125 2714 1231 2754 non
1273 2699 1518 2769 poterat?
1543 2699 1681 2766 Quid
1722 2699 2081 2755 venerationis

495 2786 780 2859 disciplina
804 2791 1017 2846 aurium
1043 2800 1362 2857 mereretur,
1402 2806 1671 2862 nunquam
1698 2792 1801 2846 nisi
1831 2791 2081 2848 honesta-

499 2894 620 2935 rum
644 2896 837 2937 vocum
872 2883 1157 2952 receptrix,
1187 2882 1230 2936 si
1268 2882 1499 2937 nativam
1521 2883 1820 2952 patiebatur
1848 2882 1901 2937 in
1931 2880 2082 2937 inde-

494 2968 633 3026 hitas
674 2970 1032 3026 surditatem?
1074 2972 1203 3040 Quae
1242 2981 1419 3027 autem
1468 2971 1637 3042 gloria
1677 2972 1969 3036 castitatis,
2032 2970 2081 3026 si

491 3059 719 3115 virilitas
744 3062 913 3132 magis
941 3062 1127 3116 aberat
1156 3077 1313 3132 quam
1358 3062 1621 3128 voluntas,
1651 3071 1707 3116 et
1736 3060 1879 3132 quod
1924 3072 2078 3131 puta—

493 3148 655 3203 batur
697 3149 811 3204 fieri
859 3151 927 3205 de
974 3151 1157 3220 vigore
1208 3150 1394 3216 animi,
1435 3149 1777 3206 veniebatde
1804 3149 2076 3208 debilitate

490 3238 854 3293 membrorum
871 3239 896 3292 ?

571 3337 708 3389 Anc.
747 3332 935 3386 Merito
979 3331 1228 3388 dicuntur
1274 3333 1411 3399 haec,
1440 3347 1546 3388 non
1591 3342 1775 3388 contra
1801 3333 2076 3404 Apollina-

495 3443 613 3485 rem
641 3426 727 3482 vel
761 3424 1263 3496 Apollinaristarum
1295 3425 1547 3496 aliquem,
1585 3440 1721 3497 quos
1744 3426 1943 3482 dixisse
1970 3441 2076 3482 non

490 3519 724 3575 arbitror
749 3514 948 3573 Christi
971 3531 1184 3571 carnem
1221 3530 1327 3572 non
1359 3516 1610 3573 habuisse
1629 3517 1845 3574 humani
1878 3534 2074 3588 corpo-

489 3611 566 3666 ris
594 3624 805 3676 sensus,
830 3607 925 3664 sed
955 3616 1139 3663 contra
1181 3608 1472 3679 quemlibet
1516 3609 1758 3680 quisquis
1787 3610 1889 3666 hoc
1921 3611 2072 3667 dicit.

488 3704 600 3760 Nos
626 3712 803 3759 autem
834 3701 980 3756 illum
1020 3708 1075 3756 et
1116 3699 1334 3770 pulchra
1379 3715 1443 3755 ac
1469 3699 1731 3757 deformia
1756 3716 1853 3771 per
1889 3703 2072 3758 oculos

488 3794 732 3853 sensisse
755 3793 1003 3860 dicimus,
1033 3801 1087 3848 et
1107 3793 1465 3849 suaveolentia
1486 3802 1541 3848 et
1565 3795 1925 3864 graveolentia
1950 3809 2074 3850 sen-

487 3887 623 3943 sisse
651 3900 748 3957 per
773 3899 952 3953 nares,
980 3892 1035 3940 et
1057 3899 1217 3940 sensu
1243 3885 1449 3940 aurium
1477 3885 1779 3956 percepisse
1800 3901 1994 3942 canora
2021 3895 2077 3942 et

486 3976 740 4044 absurda,
761 3986 817 4031 et
838 3990 869 4031 a
899 3975 1144 4031 dulcibus
1167 3990 1347 4030 amara
1368 3975 1687 4032 discrevisse
1707 3978 1991 4048 gustando,
2020 3987 2076 4033 et

487 4083 675 4140 aspera
700 4083 764 4124 ac
784 4068 946 4138 lenia,
973 4067 1105 4124 dura
1132 4083 1195 4123 ac
1224 4067 1422 4134 mollia,
1454 4066 1641 4139 frigida
1670 4079 1721 4123 et
1744 4069 1914 4124 calida
1935 4062 2093 4140 diju-'

487 4162 697 4219 dicasse
736 4160 1038 4233 tangendo;
1075 4169 1132 4216 et
1172 4160 1427 4231 quidquid
1469 4161 1611 4216 aliud
1640 4163 1885 4231 corporis
1909 4177 2069 4218 sensu

486 4248 675 4304 sentiri
735 4255 792 4303 et
845 4246 1047 4317 percipi
1121 4254 1330 4316 potest,
1390 4246 1590 4301 sentire
1654 4262 1719 4301 ac
1791 4248 2069 4317 percipere

486 4339 762 4410 potuisse;
795 4353 896 4394 nec
917 4338 966 4392 ei
999 4336 1428 4407 possibilitatem,
1453 4337 1499 4392 si
1526 4338 1804 4405 voluisset,
1833 4339 2071 4397 defuisse

485 4429 897 4503 generandizet
945 4440 1119 4484 tamen
1159 4428 1276 4500 ejus
1322 4444 1538 4486 carnem
1571 4446 1840 4502 nunquam
1884 4443 2070 4491 contra

484 4526 734 4597 spiritum
759 4523 1093 4594 concupisse.
1126 4521 1276 4590 Quod
1303 4523 1348 4578 si
1391 4532 1670 4595 propterea
1700 4540 1948 4597 magnum
1975 4528 2070 4583 ho-

482 4632 611 4672 num
640 4625 744 4682 est,
766 4624 824 4671 ut
853 4624 1027 4686 putas,
1056 4614 1326 4671 abstinere
1352 4629 1384 4670 a
1410 4614 1641 4682 delictis,
1673 4618 1795 4688 quia
1827 4633 1931 4674 non
1969 4620 2069 4675 de-

484 4721 609 4766 sunt
642 4710 889 4768 libidines
926 4726 1046 4782 quae
1084 4712 1380 4779 vincantur,
1427 4726 1533 4768 non
1580 4721 1762 4769 autem
1817 4728 2066 4786 magnum

484 4812 661 4865 esset,
695 4803 741 4856 si
788 4801 1081 4858 defuissent
1120 4820 1133 4857 :
1178 4811 1324 4858 tanto
1353 4803 1580 4874 quisque
1627 4806 1732 4860 erit
1774 4806 1827 4859 in
1875 4807 2069 4862 virtute

482 4892 818 4960 laudabilior,
840 4900 1037 4963 quanto
1053 4892 1213 4948 fuerit
1233 4894 1286 4949 in
1318 4909 1482 4950 carne
1497 4895 1851 4951 libidinosior.
1870 4897 1947 4951 Ac
1973 4911 2068 4966 per

477 4985 586 5040 hoc
626 4983 891 5052 Christus,
942 4985 1236 5041 secundum
1271 4985 1429 5042 istam
1475 4995 1704 5044 vestram
1759 4987 2066 5044 horribilem

480 5085 538 5134 et
566 5075 937 5133 detestabilem
970 5077 1305 5146 pravitatem,
1345 5078 1486 5134 sicut
1514 5078 1568 5132 in
1596 5079 1790 5133 virtute
1826 5079 2065 5135 omnium

480 5167 794 5224 hominum‘
835 5171 1123 5234 maximus,
1159 5167 1230 5224 ita
1259 5183 1379 5224 esse
1407 5168 1460 5222 in
1489 5182 1652 5224 carne
1690 5168 2066 5226 libidinosissi-

479 5277 599 5320 mus
625 5261 833 5319 debuit.
860 5261 1013 5331 Quod
1033 5269 1227 5333 quanta
1256 5261 1517 5318 sentiatur
1543 5262 1837 5332 impietate,
1865 5263 1909 5317 si
1938 5277 2062 5319 scn-

478 5354 571 5422 tis,
592 5353 908 5411 sententiam
933 5361 1140 5409 mutare
1160 5367 1228 5409 ne
1252 5351 1467 5408 differas
1486 5369 1501 5420 ;
1519 5360 1573 5409 et
1592 5352 1841 5410 libidines
1860 5353 2066 5410 discer-

477 5541 587 5592 [itm
611 5526 900 5579 adulatione.
927 5535 982 5579 Αι
1003 5540 1175 5579 omnes
1197 5536 1322 5589 Mss,
1338 5526 1490 5592 gravi.
1513 5532 1567 5577 Et
1583 5539 1646 5577 ex
1666 5527 1743 5578 his
1762 5528 1918 5579 codex
1932 5537 2061 5592 titan,

475 5587 882 5765 ﬁdf’zigniﬁrius,
909 5649 1120 5703 omm'tmt
1137 5650 1413 5714 maximus;
1437 5654 1629 5714 omisso,
1650 5651 1907 5716 hominum,
1933 5654 2060 5716 quod

475 5729 541 5765 ex
571 5723 669 5765 uss.
699 5730 725 5765 a
759 5715 932 5765 nimus.

474 5729 541 5765 ex
571 5723 669 5766 Mss.
699 5715 932 5765 addimus.

1170 290 1412 346 OPElllS
1452 282 1859 343 lMPERFECTl
1895 278 2163 338 CONTRA
2204 280 2561 352 JULIANUM,
2602 285 2660 341 S.
2701 284 3066 345 AUGUSTINI

2198 412 2327 453 nere
2353 414 2384 453 a
2435 401 2702 471 sensibus,
2742 418 2865 475 qua:
2905 405 3208 464 sentiuntur
3241 410 3427 480 potius
3476 411 3538 469 in
3566 414 3795 485 (litibus-

2192 507 2325 561 que,
2379 509 2538 563 quam
2595 498 2882 555 sentiunt:
2931 514 3001 556 ne
3051 504 3797 584 tanto.quisque‘-videatur

2192 598 2351 638 sensu
2366 584 2382 615 ¹
2400 599 2521 641 esse
2546 587 2800 655 vivacior,
2829 600 3027 661 quanto
3044 592 3204 649 fuerit
3222 595 3446 654 libidine
3462 599 3756 658 ardentior
3778 622 3797 665 ;

2193 681 2247 729 et
2271 684 2416 730 tanto
2444 677 2689 734 Christus
2713 681 2914 738 arsisse
2952 684 3201 741 credatur
3223 686 3541 747 libidinibus
3561 693 3801 749 acriori.

2193 762 2311 827 bus,
2338 777 2537 834 quanto
2564 768 2731 840 viguit
2749 772 3054 841 purioribus
3082 776 3350 834 sensibus.

2262 855 2326 910 L.
2356 856 2472 912 Jun.
2501 859 2633 927 Quae
2678 870 2950 932 postremo
2989 867 3165 935 palma
3185 869 3510 942 tolerantiae,
3538 874 3590 930 si
3634 875 3805 932 dolor

2193 944 2470 1003 vulnerum
2512 961 2566 1006 et
2593 953 2906 1021 verberum,
2949 955 3244 1029 intercepto
3266 961 3459 1020 itinere
3480 979 3753 1022 sensuum
3779 1010 3799 1033 ,

2193 1040 2494 1111 pertingere
2520 1043 2587 1099 ad
2614 1046 2851 1103 animum
2891 1063 2998 1104 non
3022 1050 3271 1108 valebat?
3294 1055 3412 1122 Quo
3435 1071 3573 1129 ergo
3602 1059 3797 1128 profe-

2192 1129 2265 1185 cit
2285 1131 2605 1201 Apollinaris
2631 1135 2910 1195 adulatio?
2941 1139 3197 1198 Videlicet
3223 1152 3283 1199 ut
3316 1147 3492 1202 omnis
3529 1149 3798 1206 virtutum

2194 1219 2528 1288 pulchritttdo
2547 1265 2563 1291 ,
2593 1240 2748 1295 quam
2789 1228 2844 1283 in
2869 1243 2929 1285 se
2952 1229 3196 1288 Christus
3217 1247 3567 1304 expresserat
3584 1281 3602 1306 ,
3633 1240 3797 1297 inde-

2193 1311 2315 1368 bitis
2339 1323 2542 1372 natura:
2581 1318 2696 1389 ejus
2723 1320 2969 1378 laudibus
2997 1334 3220 1382 vacuata
3243 1326 3592 1387 tlaceesceret
3613 1371 3633 1397 ,
3658 1348 3801 1389 cln-

2192 1411 2383 1475 ctoquc
2401 1407 2637 1465 veritatis
2658 1424 2770 1467 sua:
2793 1413 3078 1483 splendore
3096 1417 3293 1473 nudata
3306 1434 3517 1477 sacrum
3536 1426 3801 1495 magiae.

2191 1495 2328 1550 rium
2355 1496 2663 1557 Mediatoris
2697 1502 2917 1563 offerret
2939 1507 3139 1565 irrisui.
3171 1509 3287 1566 Huc
3322 1514 3624 1572 accedebat
3652 1533 3795 1589 quo-

2190 1585 2333 1679 niam
2368 1603 2476 1644 non
2523 1591 2695 1649 solum
2720 1609 2941 1665 operum
2986 1612 3207 1656 suorum
3234 1602 3492 1672 perdebat
3510 1585 3753 1679 insignia
3775 1653 3795 1677 ,

2191 1678 2494 1748 nativitate,
2546 1698 2653 1739 non
2713 1686 2908 1743 virtute
2948 1687 3191 1758 felicior;
3229 1693 3326 1749 sed
3363 1696 3527 1753 etiam
3587 1678 3797 1756 fratulis

2191 1768 2506 1828 criminibus
2533 1775 2836 1846 urgebatur,
2859 1778 2905 1833 si
2932 1779 3191 1837 indiceret
3212 1785 3551 1856 mortalibus,
3582 1789 3794 1847 Exten-

2191 1857 2378 1916 dimini
2404 1861 2473 1917 ad
2503 1864 2814 1934 patientiam
2843 1867 3073 1926 hominis
3099 1871 3232 1927 nihil
3267 1875 3589 1947 sentientis,
3616 1888 3674 1934 et
3695 1896 3796 1937 ve—

2190 1954 2303 2010 nite
2339 1968 2437 2024 per
2461 1971 2615 2012 veras
2642 1973 2831 2015 cruces
2860 1961 2928 2016 ad
2957 1962 3178 2020 virtutes
3214 1968 3456 2036 corporis
3497 1968 3629 2026 falsi
3656 1972 3797 2028 nihil

2190 2044 2455 2116 dolentis;
2500 2050 2616 2118 vel,
2668 2051 2951 2109 imitamini
2998 2057 3328 2126 castitatem,
3375 2069 3526 2118 certa
3581 2074 3797 2121 natura

2190 2146 2381 2194 vestra:
2428 2139 2759 2199 irritamenta
2810 2146 3120 2216 vincentes,
3169 2150 3311 2207 illius
3334 2167 3498 2222 quem
3538 2154 3798 2211 debilitas

2188 2226 2315 2284 fecit
2356 2231 2606 2300 pudicum
2655 2235 2843 2292 videri.
2900 2238 3060 2296 Certe
3107 2241 3240 2298 nihil
3287 2245 3567 2314 profanius
3589 2288 3609 2313 ,
3655 2250 3794 2306 nihil

2188 2319 2469 2378 scelestius
2511 2324 2704 2382 talibus
2751 2329 3036 2400 excogitari
3096 2336 3417 2391 commentis
3462 2345 3671 2406 potest.
3721 2340 3795 2395 Et

2188 2410 2511 2481 Apollinaris
2548 2416 2726 2471 omnia
2772 2417 2871 2472 ista
2900 2434 3006 2489 non
3032 2419 3279 2477 dixerat:
3308 2439 3404 2494 per
3442 2426 3578 2482 illud
3620 2442 3791 2484 unum

2188 2500 2332 2571 quod
2370 2505 2737 2572 pronuntiarat
2759 2549 2774 2573 ,
2804 2506 3006 2565 homini
3030 2508 3247 2568 Christo
3271 2515 3513 2573 defuisse
3538 2533 3639 2575 eos
3660 2534 3791 2576 sen-

2186 2606 2298 2658 sus,
2322 2594 2413 2664 qui
2441 2611 2472 2649 a
2498 2604 2684 2651 natura
2712 2597 2862 2654 inditi
2887 2636 2902 2666 ,
2933 2616 3040 2656 non
3067 2616 3195 2669 usu,
3223 2605 3318 2661 sed
3352 2622 3586 2664 excessu
3614 2610 3687 2665 ad
3707 2612 3790 2667 vi-

2187 2683 2259 2738 tia
2283 2683 2555 2753 labuntur;
2579 2687 2697 2744 haec
2720 2691 2899 2746 omnia
2923 2707 3041 2762 quae
3068 2708 3100 2749 a
3128 2692 3415 2753 Catholicis
3441 2699 3617 2755 relata
3638 2713 3787 2770 sunt,

2185 2774 2493 2845 praeiudicio
2510 2777 2775 2849 opinionis
2796 2795 2908 2838 suae
2921 2791 3100 2839 mutus
3119 2788 3346 2857 excepit.
3366 2788 3576 2847 llorttm
3589 2793 3787 2864 quippe

2183 2873 2498 2922 cunctorum
2541 2868 2897 2928 affirmatione
2945 2876 3274 2934 construitur
3316 2879 3584 2937 catholica
3613 2883 3783 2949 fides,

2183 2975 2411 3030 quorum
2439 2964 2719 3032 negatione
2743 2966 2826 3022 vel
2849 2969 3227 3025 consecutione
3254 2971 3589 3042 Apollinaris
3611 2974 3783 3032 here-

2184 3050 2261 3106 sis
2309 3063 2582 3123 compacta
2631 3064 2715 3111 est
2761 3065 2920 3128 atque
2960 3058 3229 3116 damnata.
3273 3062 3354 3118 Tu
3383 3064 3549 3135 igitur
3574 3066 3783 3137 conjice

2183 3140 2311 3210 quid
2336 3142 2403 3197 de
2430 3151 2480 3197 te
2505 3143 2696 3200 debeat
2709 3145 2956 3216 judicari,
2974 3149 3066 3221 qui
3084 3153 3522 3212 commixtionem
3552 3170 3779 3214 sexuum

2182 3230 2426 3300 damnas,
2449 3242 2506 3289 ut
2524 3234 2864 3304 Manichacus;
2886 3251 3131 3296 naturam
3154 3245 3330 3301 carnis
3352 3242 3558 3301 Christi
3576 3262 3607 3301 a
3630 3263 3783 3304 com-

2183 3321 2436 3379 munione
2458 3324 2731 3382 hominum
2758 3339 3086 3399 sequestras,
3103 3333 3395 3389 secundum
3426 3335 3775 3404 Manichaes;

2183 3414 2669 3483 concupiscentiam
2693 3418 2871 3473 carnis
2888 3434 3129 3485 accusas,
3149 3421 3302 3492 juxta
3332 3427 3685 3496 praeceptoris
3706 3428 3777 3482 tui

2181 3504 2321 3560 dicta
2351 3505 2664 3573 Manichaei;
2693 3508 2827 3565 dicis
2857 3511 3342 3582 concupiscentiam
3391 3530 3655 3573 sensuum
3678 3521 3700 3550 ³
3725 3520 3777 3573 in

2179 3592 2378 3651 Christi
2396 3612 2620 3669 corpore
2638 3614 2744 3654 non
2769 3599 2934 3657 fuisse
2953 3641 2969 3667 ,
2999 3603 3084 3658 vel
3108 3604 3399 3661 secundum
3422 3606 3776 3676 Manichm

2179 3686 2264 3742 vel
2309 3688 2600 3745 secundum
2638 3691 3047 3760 Apollinaristas
3073 3710 3087 3747 :
3118 3703 3175 3751 et
3220 3703 3394 3750 tamen
3428 3699 3509 3753 vis
3544 3713 3579 3753 a
3621 3700 3778 3756 nobis

2180 3790 2279 3831 nec
2303 3777 2682 3847 Apollinarista
2705 3821 2721 3848 ,
2747 3796 2847 3838 nec
2870 3781 3189 3840 Manichacus
3217 3786 3413 3842 vocari.
3454 3785 3776 3860 Quanquam

2178 3863 2249 3920 do
2276 3881 2499 3935 manus,
2524 3878 2824 3942 przestoque
2847 3871 3190 3941 beneficium;
3218 3888 3318 3931 nec
3345 3890 3447 3932 nos
3472 3876 3745 3934 liberalita
3767 3906 3779 3925 ι

2179 3955 2247 4012 tis
2277 3958 2498 4026 panitet
2518 3975 2534 4024 ;
2557 3974 2655 4030 per
2672 3975 2760 4017 me
2782 3971 2840 4017 ut
2857 3962 3185 4034 Apollinaris
3209 3974 3444 4024 sectator
3463 3983 3574 4025 non
3594 3971 3778 4027 videa-

2177 4050 2253 4105 ris
2273 4049 2483 4106 licebit:
2504 4052 2724 4109 minoris
2748 4054 2943 4125 quippe
2965 4064 3049 4113 est
3071 4057 3162 4114 ille
3181 4058 3467 4129 impietatis
3486 4061 3771 4120 inventor.

2177 4159 2274 4215 per
2309 4154 2364 4203 te
2398 4156 2577 4205 autem
2610 4165 2718 4207 non
2742 4150 2868 4209 licet
2908 4159 2968 4209 ut
2994 4153 3201 4210 voceris
3237 4154 3383 4210 aliud
3407 4172 3569 4227 quam
3602 4158 3777 4214 ﬂaui—

2176 4235 2375 4295 clttcus.

2245 4329 2383 4386 Aac.
2410 4329 2521 4387 Nec
2556 4331 2936 4402 Apollinarista
2958 4375 2974 4402 ,
3005 4350 3107 4392 nec
3142 4336 3467 4396 Maniclueus
3499 4339 3608 4397 fuit
3626 4382 3643 4408 ,
3671 4344 3772 4400 sed

2174 4417 2550 4477 haereticorum
2593 4433 2924 4495 expugnator
2965 4427 3279 4484 Ambrosius
3301 4470 3319 4496 ,
3348 4430 3439 4501 qui
3488 4447 3589 4502 per
3621 4442 3770 4489 tuam

2174 4519 2476 4581 susceptam
2505 4512 2758 4586 quidquid
2796 4515 3071 4573 hominum
3097 4528 3409 4576 nasceretur
3435 4520 3458 4553 ³
3478 4562 3497 4589 ,
3529 4523 3650 4579 sine
3671 4524 3770 4580 de-

2174 4601 2301 4659 licto
2328 4602 2464 4660 dixit
2485 4619 2606 4662 esse
2633 4621 2742 4662 non
2767 4622 2925 4678 posse
2948 4650 2964 4677 ,
2988 4611 3289 4680 apostolum
3334 4612 3563 4669 Paulum
3584 4654 3600 4680 ,
3629 4616 3771 4671 sicut

2174 4694 2439 4763 oportuit,
2460 4704 2520 4750 et
2546 4696 2844 4767 intelligens
2884 4706 2938 4754 et
2974 4714 3268 4770 exponens.
3291 4701 3373 4757 Tu
3398 4712 3585 4758 autem
3619 4714 3768 4762 nam

2173 4785 2341 4855 magis
2364 4783 2585 4856 adjuvas
2622 4787 2972 4856 Manichacus,
3002 4788 3147 4860 quod
3183 4791 3485 4861 saepissime
3510 4795 3721 4851 ostendi
3746 4838 3763 4861 ,

2171 4884 2371 4947 quanto
2389 4878 2557 4949 magis
2578 4878 2647 4935 ab
2663 4879 2743 4935 eis
2766 4890 2818 4936 te
2834 4895 2952 4936 esse
2974 4882 3246 4939 arbitraris
3271 4883 3506 4940 alienum
3535 4903 3551 4940 :
3579 4901 3642 4942 es
3666 4903 3765 4942 auo

2175 4976 2281 5025 tem
2307 4985 2479 5026 novus
2518 4969 2803 5027 haereticus
2824 4972 3137 5045 Pelagianos
3154 5016 3171 5043 ,
3200 4976 3255 5031 in
3287 4975 3649 5047 disputatione
3677 4979 3764 5035 lo-

2170 5060 2561 5130 quacissimus,
2612 5061 2668 5117 in
2712 5064 3053 5120 contentione
3099 5065 3615 5125 calumniosissimus
3639 5110 3658 5135 ,
3707 5070 3763 5123 in

2170 5152 2501 5222 professione
2548 5152 2940 5211 fallacissimus.
2983 5155 3123 5210 Nihil
3151 5158 3294 5213 enim
3339 5157 3484 5229 quod
3502 5159 3653 5216 dicas
3683 5160 3764 5215 in-

2236 5387 2252 5420 ι
2286 5388 2385 5443 Hic,
2410 5397 2568 5445 senm,
2591 5386 2780 5438 additur
2802 5391 3087 5440 auctoritate
3107 5396 3215 5442 Mss.

2234 5450 2256 5481 ι
2287 5448 2444 5497 Codex
2463 5455 2611 5508 Port.,
2633 5462 2855 5500 sextum.
3228 5496 3233 5499 _

2235 5510 2256 5541 ³
2287 5510 2496 5557 Verbum
2520 5547 2535 5570 ,
2578 5517 2855 5561 nasceretur
2872 5549 2885 5568 ,
2927 5513 3192 5565 addidimus
3241 5528 3304 5564 ex
3352 5515 3447 5566 fide
3500 5524 3582 5567 his.
3629 5526 3751 5568 Port.

2167 5572 2377 5658 ~Respicit
2400 5573 2691 5634 Augustinus
2712 5573 2771 5621 ad
2809 5575 3037 5648 Ambrosii
3058 5576 3215 5627 locutu
3238 5579 3436 5650 citatum
3459 5580 3749 5689 ἰιξῆδςιῳινϊ.

2167 5633 2246 5689 55,
2269 5632 2347 5689 οϐ,
2376 5646 2564 5682 necnon
2596 5635 2838 5689 supra,de
2862 5645 3043 5689 Nuntns
3073 5647 3124 5689 et
3145 5646 3560 5689 Concumsccntta.
3588 5639 3671 5689 ιω.
3730 5676 3744 5689 .

2167 5632 2347 5707 55,}26,
2376 5632 2564 5707 necnon
2596 5647 2759 5707 supra,
2774 5635 2838 5686 de
2862 5639 3043 5700 Nuptiis
3073 5647 3124 5690 et
3145 5641 3560 5706 concupiscentia,
3588 5632 3683 5690 lib;
3704 5632 3744 5701 ἰ,

2122 5741 2127 5745 ,
2168 5707 2217 5742 n.
2243 5693 2320 5755 te,
2347 5701 2400 5745 et
2417 5694 2499 5744 lib.
2524 5694 2571 5758 2,
2595 5709 2641 5745 u.
