3980 6510
225 331 370 396 I369

224 456 471 517 veniens,
502 449 675 508 inania
706 451 865 504 nmlta
888 445 1019 503 dicis
1039 490 1052 510 ,
1088 447 1273 502 falsum
1302 447 1503 501 crimen
1530 444 1816 500 Catholicis

223 546 460 615 objiciis.
485 544 800 599 catholicum
836 551 885 594 te
917 555 1035 595 esse
1060 538 1321 594 mentiris.

301 636 384 691 LI.
409 636 528 690 Jun.
558 632 775 689 Ostendi
801 631 1012 701 quidem
1041 631 1091 684 in
1123 630 1277 685 let'tio
1307 629 1486 683 libello
1514 626 1664 696 primi
1684 641 1815 694 ope-

223 730 303 782 ris
333 726 437 781 mei
463 767 480 792 ,
509 722 906 778 irrefutabil‘ier
930 736 1151 776 necesse
1191 736 1310 776 esse
1337 719 1438 775 dici
1474 719 1631 772 etiam
1658 717 1815 770 Chri-

225 829 368 873 stum
401 825 604 871 reatum
647 815 713 870 de
738 813 914 868 Maria:
957 829 1117 869 carne
1146 814 1371 867 traxisse
1396 853 1410 874 ,
1437 811 1480 865 si
1508 809 1818 863 crederetur

226 909 469 962 naturale
495 912 768 975 peccatum
790 921 803 969 ;
828 919 1055 973 eumque
1076 919 1103 957 a
1131 913 1182 957 te
1205 903 1303 957 sub
1332 907 1595 970 potestate
1620 897 1816 953 diaboli

225 997 478 1052 collocari
504 1039 518 1062 ,
547 997 634 1065 qui
660 995 953 1050 aﬂirmares
979 996 1044 1050 ad
1062 996 1148 1063 jus
1173 993 1367 1048 diaboli
1395 991 1667 1045 hominum
1701 991 1818 1043 uni-

226 1103 439 1142 versam
469 1087 738 1156 pertinere
767 1084 1139 1139 substantiam.

303 1182 434 1235 Auc.
467 1178 616 1246 Quod
648 1178 700 1230 in
733 1178 891 1232 tertio
919 1188 1008 1230 tuo
1024 1175 1162 1229 libro
1190 1183 1240 1228 te
1266 1174 1564 1230 ostendisse
1581 1188 1817 1229 comme-

230 1286 432 1337 moras,
462 1270 642 1340 quinto
675 1284 792 1322 meo
820 1278 870 1323 te
897 1283 1004 1321 non
1025 1266 1322 1321 ostendisse
1353 1267 1576 1320 convici.

304 1360 411 1414 LII.
442 1361 556 1415 Jun.
593 1360 660 1414 Et
687 1359 807 1413 ideo
849 1359 949 1413 hoc
994 1358 1044 1412 in
1074 1358 1476 1428 prtesentiarum
1506 1357 1691 1411 relicto
1712 1400 1726 1423 ,
1755 1357 1817 1411 il-

230 1453 321 1507 iud
341 1453 569 1522 efﬂagito
587 1493 602 1518 ,
638 1452 722 1506 ubi
747 1461 801 1506 tu
824 1450 1016 1522 legeris
1036 1449 1303 1505 Christum
1333 1449 1632 1504 eunuchum
1654 1447 1816 1504 fuisse

227 1543 558 1597 naturaliter.

297 1633 434 1688 Auc.
460 1633 538 1686 Tu
563 1633 704 1688 enim
736 1634 820 1688 ubi
849 1649 933 1687 me
961 1633 1062 1688 hoc
1089 1632 1287 1686 dixisse
1321 1630 1531 1700 legisti,
1565 1631 1662 1684 nisi
1692 1631 1814 1701 quia

227 1724 602 1790 calumniaris,
641 1733 698 1778 ut
738 1725 922 1778 soles?
948 1725 1102 1778 Aliud
1152 1733 1234 1778 est
1287 1723 1607 1791 possibilitas
1646 1723 1815 1777 semi-

227 1815 523 1869 nandorum
556 1815 782 1870 ﬁliorum
810 1857 824 1881 ,
847 1831 1004 1886 quam
1044 1815 1242 1870 Christi
1271 1815 1416 1868 carni
1447 1813 1678 1867 defuisse
1709 1827 1816 1868 non

227 1905 473 1970 dicimus,
503 1905 640 1960 sicut
664 1906 851 1961 deesse
875 1907 1020 1960 carni
1053 1905 1298 1960 novimus
1324 1907 1688 1960 cunuchorum
1721 1922 1734 1958 :
1763 1913 1816 1959 et

227 1995 366 2050 aliud
394 2005 476 2050 est
501 1997 762 2065 cupiditas
793 1997 1061 2063 vitiorum,
1093 2011 1252 2066 quam
1293 2005 1346 2050 tu
1379 1997 1700 2064 persuadere
1719 2009 1814 2049 co-

230 2088 373 2141 naris
403 2087 653 2142 habuisse
681 2087 950 2142 Christum
977 2130 989 2148 ,
1036 2096 1090 2141 et
1123 2087 1294 2156 jactas
1343 2097 1394 2140 te
1419 2100 1538 2140 esse
1563 2084 1814 2140 christia-

229 2192 353 2231 num
378 2195 392 2242 ;
425 2179 548 2246 quia
575 2177 843 2244 videlicet,
877 2179 1016 2232 sicut
1045 2179 1201 2247 paulo
1227 2187 1349 2231 ante
1375 2177 1572 2240 dixisti,
1609 2195 1626 2227 ι
1659 2176 1816 2230 Chri-

228 2276 345 2323 stus
392 2268 553 2322 etiam
600 2267 799 2322 fraudis
837 2268 1149 2322 criminibus
1194 2275 1496 2337 urgeretur,
1528 2267 1574 2322 si
1615 2266 1817 2321 diceret

230 2359 543 2414 mortalibus
561 2402 574 2427 ,
611 2360 967 2414 Extendimini
996 2359 1062 2413 ad
1087 2359 1392 2430 patientiam
1421 2358 1654 2412 hominis
1682 2357 1816 2412 nihil

229 2451 510 2505 sentientis
535 2468 548 2504 :
589 2469 608 2502 ι
637 2451 787 2520 quasi
817 2460 1105 2520 sequatur,
1138 2459 1195 2504 ut
1220 2465 1322 2504 non
1362 2449 1559 2504 sentiat
1587 2448 1816 2504 inﬂictos

230 2540 441 2596 dolores
460 2583 474 2607 ,
517 2541 606 2611 qui
633 2541 743 2596 vult
768 2550 820 2595 et
851 2549 1026 2612 potest
1052 2556 1159 2596 non
1195 2541 1389 2596 habere
1417 2541 1584 2595 malas
1615 2539 1816 2609 cupidi-

233 2642 369 2688 tates
399 2653 414 2688 :
454 2635 534 2689 vel
562 2635 621 2689 'si
663 2635 898 2702 diceret,
933 2645 988 2690 ut
1029 2645 1114 2690 tua
1145 2636 1302 2689 verba
1335 2635 1447 2704 ipse
1490 2635 1769 2705 componis
1797 2677 1812 2702 ,

239 2742 258 2776 σ
289 2725 567 2780 lmitamini
606 2727 900 2781 castitatem
928 2767 943 2792 ,
980 2736 1124 2782 certa
1154 2735 1358 2781 natura:
1402 2737 1591 2781 vestra:
1637 2727 1817 2782 irrita-

229 2827 407 2871 menta
429 2817 698 2872 vincentes
721 2859 737 2884 ,
769 2817 909 2872 illius
947 2833 1107 2887 quem
1136 2817 1383 2872 debilitas
1418 2817 1540 2872 fecit
1563 2815 1815 2888 pudicum

228 2909 415 2965 videri.
453 2929 472 2962 ι
501 2910 590 2966 Sic
633 2911 773 2965 enim
812 2925 871 2965 es
917 2920 1124 2964 amator
1169 2911 1409 2981 egregius
1438 2914 1727 2976 castitatis,
1761 2918 1818 2965 ut

231 3000 321 3055 tibi
347 3002 546 3056 castior
561 3001 819 3069 videatur,
843 3003 932 3072 qui
953 3002 1266 3056 concubitus
1293 3003 1508 3057 illicitos
1534 3003 1699 3072 cupit,
1721 3002 1816 3057 sed

229 3100 285 3145 ut
329 3107 432 3147 non
477 3101 744 3162 perpetret
769 3135 785 3161 ,
815 3109 927 3147 sua:
972 3093 1248 3162 cupiditati
1287 3094 1512 3159 resistit;
1542 3110 1697 3164 quam
1727 3095 1814 3163 qui

227 3185 350 3238 talia
380 3185 516 3238 mala
544 3201 642 3240 nec
668 3185 855 3240 saltem
879 3185 1042 3254 cupit,
1075 3199 1180 3239 non
1213 3199 1306 3254 per
1335 3185 1815 3255 impossibilitatem

227 3277 423 3343 carnis,
453 3277 546 3331 sed
570 3292 665 3346 per
683 3277 1041 3332 summitatem
1067 3277 1774 3347 perfectionemquevirtutis
1799 3294 1813 3332 :

231 3367 337 3422 imo
385 3369 472 3423 ille
500 3371 569 3422 sit
595 3379 773 3424 castus
794 3411 809 3435 ,
840 3371 941 3423 iste
987 3377 1164 3424 autem
1213 3370 1431 3423 omnino
1463 3385 1558 3423 nec
1584 3370 1692 3436 sit,
1722 3369 1817 3424 scd

229 3472 351 3511 esse
379 3458 744 3514 tantummodo
787 3458 1061 3523 videatur;
1099 3459 1370 3528 quoniam,
1415 3460 1706 3513 secundum
1740 3470 1812 3526 te,

232 3549 276 3603 si
305 3558 481 3603 castus
522 3558 702 3614 esset,
733 3549 870 3604 mala
901 3550 1000 3604 ista
1041 3559 1262 3618 cuperet
1300 3565 1396 3618 per
1421 3561 1693 3616 naturam,
1721 3551 1815 3605 sed

232 3641 474 3696 eamdem
513 3643 807 3697 naturalem
846 3642 1187 3712 cupiditatem
1217 3643 1412 3696 virtute
1455 3643 1616 3695 animi
1662 3657 1818 3697 coer-

231 3742 396 3788 ceret.
429 3733 498 3787 lta
529 3733 619 3797 ﬁt,
647 3742 707 3788 ut
734 3743 784 3788 te
811 3733 898 3787 illa
929 3733 1230 3798 horribilis,
1259 3733 1397 3787 sicut
1429 3732 1538 3802 jam
1570 3734 1818 3804 Superius

231 3821 481 3889 ostendi,
530 3831 783 3892 sequatur
825 3822 1164 3888 absurditas,
1197 3831 1344 3876 tanto
1391 3837 1510 3877 esse
1554 3838 1818 3892 quemque

228 3913 499 3968 voluntate
524 3913 829 3978 castiorem,
859 3921 1057 3982 quanto
1094 3917 1348 3983 majorem
1378 3923 1581 3967 natura:
1617 3929 1726 3967 sua:
1749 3913 1818 3968 li-

227 4006 462 4061 bidinem
509 4006 723 4072 vicerit,
776 4021 877 4061 nec
922 4005 974 4059 in
1004 4005 1211 4074 aliquos
1248 4019 1504 4060 excessus
1558 4004 1815 4071 luxuriae,

226 4097 520 4166 quamlibet
561 4097 648 4150 illa
694 4111 882 4166 magna
921 4096 1020 4162 sit,
1051 4096 1197 4150 exire
1234 4096 1536 4165 permiserit
1567 4115 1578 4149 :
1609 4097 1696 4166 qui
1725 4111 1821 4150 au-

228 4196 336 4241 tem
377 4189 640 4242 minorem
689 4186 1007 4256 ﬂagitiorum
1048 4186 1321 4242 libidinem
1369 4187 1614 4253 cohibet,
1643 4187 1819 4243 minus

231 4294 353 4335 esse
371 4291 595 4346 castum;
623 4280 874 4350 quoniam
898 4295 1055 4349 quem
1081 4295 1186 4334 non
1216 4280 1344 4335 libet
1373 4279 1511 4349 quod
1535 4295 1638 4333 non
1673 4279 1815 4344 licet,

231 4371 524 4426 secundum
567 4379 710 4426 tuam
757 4370 1108 4440 sapientiam,
1136 4369 1219 4424 vel
1262 4370 1436 4439 potius
1483 4371 1814 4435 amentiam,

231 4462 452 4516 omnino
481 4477 580 4517 nec
621 4470 800 4518 castus
827 4469 928 4516 est.
959 4461 1097 4515 Ecce
1122 4459 1262 4530 quod
1289 4457 1501 4514 Christo
1529 4459 1818 4525 importare

230 4555 446 4609 conaris
491 4556 672 4610 insane
695 4597 710 4621 ,
740 4563 798 4610 ut
820 4563 1006 4609 natura
1053 4553 1210 4608 fuerit
1234 4553 1470 4608 omnium
1499 4551 1819 4607 libidinosis-

228 4647 441 4712 simus,
497 4649 618 4718 quia
664 4648 732 4702 ita
774 4656 958 4719 posset
1001 4647 1294 4702 voluntatis
1341 4647 1535 4700 virtute
1578 4646 1816 4699 omnium

225 4753 352 4793 esse
383 4739 732 4794 castissimus.
774 4739 947 4794 Tanto
975 4741 1172 4810 quippe
1199 4739 1250 4792 in
1277 4753 1363 4803 co,
1393 4737 1529 4792 sicut
1555 4736 1814 4806 disputas,

222 4832 571 4887 continentia:
611 4833 829 4903 spiritus
879 4832 1050 4902 major
1087 4838 1233 4886 esset
1259 4830 1312 4896 ⁸,
1336 4839 1532 4899 quanto
1563 4828 1818 4898 majorem

223 4923 404 4976 carnis
449 4923 937 4992 concupiscentiam
984 4930 1275 4976 coerceret.
1324 4919 1403 4973 Ad
1444 4921 1585 4974 hunc
1645 4928 1696 4974 te
1740 4919 1820 4973 in-

225 5016 440 5070 teritum
467 5025 553 5070 tua
579 5025 824 5085 suscepta
852 5014 1071 5069 nimium
1098 5013 1287 5069 dilecta
1323 5012 1588 5083 perduxit.

302 5105 436 5161 Llll.
465 5106 584 5162 JUL.
608 5107 709 5174 Qui
735 5107 834 5161 etsi
861 5114 1080 5176 propter
1107 5105 1315 5175 signum
1344 5113 1500 5158 natus
1528 5119 1592 5157 ex
1615 5101 1819 5172 virgine

222 5207 310 5252 est
331 5240 344 5262 ,
393 5207 446 5252 et
488 5208 663 5252 tamen
702 5198 773 5252 ita
803 5207 1080 5252 aversatus
1105 5211 1212 5251 non
1251 5204 1332 5251 est
1361 5210 1545 5248 sexum
1572 5193 1774 5248 virilem
1800 5233 1816 5258 ,

224 5298 284 5344 ut
331 5289 448 5358 ejus
495 5289 792 5358 susciperet
819 5288 1096 5343 veritatem
1122 5330 1137 5355 ,
1170 5287 1375 5357 integer
1400 5300 1494 5356 per
1534 5283 1709 5339 omnia
1737 5283 1819 5337 vi-

222 5395 459 5448 scerum,
479 5382 687 5451 integer
714 5381 958 5450 corporis
975 5423 989 5447 ,
1016 5379 1177 5435 homo
1206 5394 1388 5445 verus,
1415 5378 1498 5433 vir
1526 5376 1815 5450 perfectus,

220 5475 270 5529 si
300 5475 464 5530 Petro
491 5475 733 5545 apostolo
759 5473 997 5529 creditur
1035 5475 1086 5527 in
1119 5474 1337 5529 Actibus
1370 5471 1652 5528 disserenti
1682 5469 1816 5543 (Art.

222 5583 259 5622 ιι
288 5609 304 5632 ,
336 5567 426 5631 εει,
457 5568 584 5638 '53);
611 5567 809 5620 intacta
836 5565 1083 5620 castitate
1107 5567 1454 5635 conspicuus,
1487 5572 1542 5620 et
1583 5564 1817 5617 aninnnn

220 5669 281 5714 et
309 5659 496 5713 oculos
525 5673 794 5728 nunquam
831 5657 1057 5711 remisso
1081 5657 1257 5711 cordis
1282 5659 1460 5728 vigore
1481 5655 1816 5713 custodiens:

293 5792 311 5824 '
349 5793 422 5842 Sic
444 5798 549 5842 Mss.
570 5791 690 5842 Editi
709 5802 845 5851 vero,
865 5786 1046 5852 species
1069 5787 1220 5852 major
1245 5797 1328 5841 est.

1582 325 1783 384 LIBER
1822 323 2167 396 quaeres.
2681 278 2688 285 ’
2728 279 2754 356 ’τ
2789 312 2804 352 ⁵

3353 369 3358 373 ’
3383 359 3522 418 1570

1931 447 2023 500 sed
2049 449 2192 518 quod
2221 450 2325 506 hoc
2353 462 2520 511 totum
2551 460 2746 518 virtute
2768 464 2966 522 mentis
2984 508 2998 534 ,
3032 480 3138 524 non
3164 471 3339 528 carnis
3366 474 3517 529 infir-

1926 536 2110 592 mitate
2141 542 2455 614 perfecerit,
2486 553 2971 622 concupiscentiam
2998 561 3173 616 carnis
3204 563 3364 619 totius
3392 581 3518 619 cor-

1927 629 2070 696 p0ris
2105 631 2398 692 immixtam
2443 644 2687 698 sensibus
2707 688 2722 712 ,
2750 655 2805 702 et
2829 651 3106 706 veritatem
3137 669 3200 708 ac
3236 657 3516 712 sanitatem

1925 720 2394 811 conditionemque
2433 734 2797 792 membrorum
2840 740 3001 795 fuisse
3024 743 3185 811 ineo,
3214 755 3268 800 et
3293 761 3516 802 somnus

1924 809 2041 880 ejus
2063 853 2080 878 ,
2103 823 2156 867 et
2180 817 2330 872 cibus
2356 863 2370 883 ,
2403 831 2458 875 et
2487 823 2646 879 barba
2667 867 2683 894 ,
2725 838 2777 884 et
2801 831 2984 899 sudor,
3013 845 3067 888 et
3094 809 3264 904 labor,
3301 848 3355 893 et
3383 854 3516 895 crux

1924 909 2169 995 testatur,
2216 915 2271 960 ct
2313 908 2521 965 lancea.
2549 913 2664 969 Νοιι
2707 933 2837 988 ergo
2885 936 3076 977 sensus
3122 927 3363 995 corporis
3408 945 3515 983 non

1923 990 2108 1048 habuit
2128 994 2245 1063 ille,
2275 997 2370 1052 sed
2417 1002 2573 1057 rexit.
2606 1005 2716 1061 Hoc
2761 1017 2846 1064 est
2876 1011 3016 1066 unde
3049 990 3342 1082 Gentibus,
3372 1017 3514 1072 unde

1921 1085 2227 1143 Manichzcis
2263 1089 2483 1148 insultat
2511 1096 2907 1155 Catholicorum
2936 1102 3068 1159 fides
3092 1145 3106 1170 ,
3136 1107 3258 1176 quia
3290 1109 3513 1163 verbum

1923 1189 1980 1234 ut
2025 1181 2197 1236 crucis
2232 1223 2248 1249 ,
2279 1183 2349 1236 ita
2375 1186 2550 1240 carnis
2579 1189 2696 1258 ejus
2719 1231 2734 1256 ,
2765 1194 3105 1260 pereuntibus
3135 1198 3357 1252 stultitia
3391 1209 3474 1253 est
3494 1240 3510 1266 ,

1922 1269 2082 1325 salvis
2102 1281 2280 1327 autem
2303 1271 2496 1330 futuris
2523 1278 2692 1334 virtus
2720 1281 2832 1336 Dei.
2862 1282 2973 1339 Hoc
3001 1295 3082 1340 est
3107 1303 3212 1357 quo
3238 1304 3513 1346 commen-

1921 1359 2063 1416 (lavit
2093 1363 2407 1421 charitatcm
2439 1367 2456 1398 ³
2483 1382 2634 1424 suam
2680 1371 2734 1425 in
2770 1373 2954 1440 nobis;
2985 1378 3235 1445 quoniam
3280 1396 3398 1448 qua:
3430 1381 3510 1435 la-

1920 1454 2331 1523 ccratimpietas
2374 1456 2681 1527 Manichmi,
2715 1477 2777 1516 ea
2802 1465 2978 1518 omnia
3012 1466 3181 1534 pietas
3206 1467 3512 1525 Mediatoris

1920 1547 2226 1616 assumpsit.
2264 1546 2406 1602 Nihil
2451 1565 2577 1621 ergo
2605 1567 2693 1606 me
2730 1555 2893 1623 pudet
2922 1555 2975 1608 in
3007 1556 3234 1614 Domino
3264 1575 3384 1614 meo
3411 1578 3423 1612 :
3457 1560 3510 1614 in

1920 1651 2038 1705 quae
2087 1647 2304 1706 propter
2352 1641 2576 1697 salutem
2613 1659 2786 1700 meam
2821 1649 2999 1713 venit,
3029 1658 3185 1705 teneo
3230 1652 3508 1708 veritatem

1919 1729 2319 1801 membrorum,
2358 1741 2414 1789 ut
2443 1737 2674 1806 exempli
2700 1738 2817 1808 ejus
2858 1740 3180 1797 soliditatem
3225 1758 3511 1816 arcemque

1919 1823 2224 1893 suscipiam.

1989 1915 2124 1971 Auc.
2154 1917 2309 1970 Aliud
2338 1927 2419 1973 est
2439 1921 2634 1976 veritas
2662 1923 3045 1992 membrorum,
3076 1943 3233 1996 quam
3259 1928 3507 1986 christia-

1919 2021 2022 2060 nus
2048 2007 2223 2062 omnis
2250 2010 2492 2078 agnoscit
2519 2011 2570 2065 in
2601 2011 2852 2068 Christo’
2888 2033 2901 2068 :
2925 2017 3069 2071 aliud
3096 2019 3359 2088 cupiditas
3385 2036 3513 2090 pec-

1918 2107 2158 2154 catorum
2177 2141 2193 2167 ,
2227 2117 2384 2170 quam
2425 2111 2482 2157 tu
2513 2103 2801 2174 importare
2829 2107 2909 2162 vis
2936 2109 3170 2164 Christo.
3203 2111 3346 2166 Dicis
3369 2113 3508 2166 cnim

1919 2192 2412 2260 concupiscentiam
2438 2197 2644 2265 carnis,
2679 2197 2780 2252 hoc
2817 2209 2901 2254 est
2928 2200 3225 2271 libidinem,
3253 2220 3410 2273 quam
3444 2204 3511 2258 li-

1921 2281 2132 2338 bentius
2186 2300 2344 2340 vocas
2395 2288 2877 2358 concupiscentiam
2925 2293 3256 2360 naturalem,
3312 2294 3511 2349 bonum

1919 2388 2072 2438 esse;
2114 2383 2168 2428 ct
2205 2375 2282 2429 sic
2309 2378 2486 2448 arguis
2510 2379 2626 2448 ejus
2671 2395 2948 2436 excessum
2975 2423 2991 2448 ,
3024 2392 3083 2437 ut
3124 2385 3365 2454 quisquis
3392 2401 3509 2440 eam

1919 2480 2208 2520 concessos
2252 2466 2386 2522 lines
2443 2470 2740 2540 transgredi
2789 2472 3012 2537 siverit,
3069 2482 3318 2542 tanquam
3373 2477 3513 2530 male

1921 2567 2076 2611 utens
2104 2557 2264 2622 bono,
2294 2559 2504 2630 culpam
2544 2561 2824 2616 contrahat
2849 2579 2864 2628 ;
2897 2563 3136 2633 quisquis
3156 2574 3333 2619 autem
3365 2565 3509 2620 illam

1921 2663 2089 2720 usque
2128 2649 2194 2703 ad
2229 2649 2373 2705 licita
2412 2660 2465 2706 et
2493 2667 2749 2708 concessa
2792 2655 3037 2723 ingredi,
3069 2672 3167 2711 nec
3211 2658 3344 2711 ultra
3388 2674 3512 2728 per-

1919 2742 2126 2796 miserit
2152 2741 2172 2773 ³
2202 2743 2480 2812 progredi,
2518 2753 2767 2814 tanquam
2805 2746 2946 2801 bono
2995 2747 3134 2802 bene
3161 2756 3315 2802 utens
3358 2749 3513 2804 laude

1920 2835 1988 2889 sit
2033 2834 2244 2904 dignus.
2291 2835 2519 2890 Proinde
2563 2838 2810 2906 quoniam
2850 2838 3093 2894 videmus
3119 2840 3252 2894 alios
3298 2841 3367 2894 ita
3394 2855 3513 2896 esse

1921 2935 2099 2993 natos,
2127 2937 2184 2981 ut
2209 2927 2410 2997 majore
2439 2928 2657 2984 libidine
2685 2938 2991 3000 urgeantur,
3023 2931 3159 2986 alios
3183 2941 3240 2986 ut
3266 2933 3471 2987 minore
3493 2974 3509 3000 ,

1921 3017 1965 3072 si
1996 3017 2044 3072 ei
2066 3017 2374 3072 resistentes
2403 3017 2610 3088 utrique
2635 3018 2741 3073 sint
2768 3019 2932 3086 casti,
2959 3021 3165 3090 cogeris
3187 3020 3364 3076 dicere
3395 3022 3513 3077 illos

1920 3106 2122 3174 majore
2147 3147 2161 3169 ,
2191 3105 2323 3160 istos
2353 3107 2559 3161 minore
2587 3107 2728 3162 bono
2759 3107 2897 3162 bene
2940 3109 3035 3161 uti.
3080 3109 3195 3163 Erit
3235 3109 3427 3179 igitur,
3457 3117 3512 3164 te

1921 3195 2161 3257 doctore.
2185 3196 2325 3250 bono
2347 3196 2450 3250 isto
2472 3205 2561 3250 tuo
2590 3197 2814 3266 quisque
2833 3206 2980 3252 tanto
3001 3199 3288 3268 copiosior,
3311 3208 3510 3269 quanto

1920 3285 2272 3351 libidinosior;
2303 3295 2356 3340 et
2387 3294 2534 3340 tanto
2560 3286 2874 3342 laboriosior
2916 3298 3099 3342 contra
3144 3303 3296 3343 suam
3335 3289 3514 3345 libidi-

1919 3391 2045 3431 nem
2073 3392 2168 3446 pro
2197 3379 2438 3430 castitate
2463 3377 2718 3431 certando
2741 3419 2755 3443 ,
2788 3387 2986 3447 quanto
3029 3378 3384 3435 abundantior
3418 3396 3514 3434 na-

1923 3468 2077 3522 turali
2107 3468 2208 3521 isto
2253 3467 2426 3532 bono;
2465 3476 2520 3522 et
2547 3467 2667 3523 ideo
2712 3470 2875 3524 etiam
2919 3477 3067 3524 tanto
3114 3471 3431 3526 laudabilior
3456 3473 3512 3528 in

1922 3556 2022 3610 hac
2051 3557 2243 3610 virtute
2263 3598 2277 3621 ,
2307 3566 2504 3626 quanto
2545 3556 2735 3613 fortius
2773 3559 3066 3613 reluctatur
3109 3560 3299 3629 majori
3329 3559 3470 3616 bono
3490 3602 3509 3629 ,

1920 3663 2078 3718 quam
2108 3647 2152 3701 si
2183 3647 2374 3702 minori
2428 3648 2802 3702 reluctaretur.
2852 3649 2986 3714 Quia
3017 3665 3146 3720 ergo
3171 3650 3418 3706 Christus
3457 3643 3511 3707 in

1921 3752 2080 3792 carne
2110 3737 2319 3791 mortali
2340 3739 2576 3791 omnium
2605 3738 2788 3806 procul
2815 3737 2976 3794 dubio
2993 3741 3320 3796 castissimus
3351 3742 3507 3809 vixit,

1924 3837 2069 3884 tanto
2097 3829 2146 3883 ei
2178 3831 2432 3898 majorem
2465 3829 2738 3884 libidinem
2768 3829 2921 3885 dabis
2948 3833 3245 3887 naturalem
3265 3875 3281 3900 ,
3309 3844 3513 3904 quanto

1923 3921 1974 3975 in
2007 3921 2224 3976 libidine
2262 3921 2562 3997 cohibenda
2591 3937 2698 3976 non
2747 3929 2902 3991 potes
2947 3923 3185 3978 invenire
3211 3923 3510 3982 fortiorem.

1923 4013 2013 4068 Sic
2056 4013 2197 4067 enim
2244 4013 2359 4068 sine
2390 4012 2588 4068 fraudis
2631 4012 2856 4068 crimine
2885 4013 2995 4068 suis
3020 4014 3196 4079 dicet,
3230 4015 3510 4071 lmitamini

1921 4106 2216 4160 castitatem
2268 4119 2473 4169 meam,
2504 4112 2650 4159 certa
2701 4111 2906 4158 natura:
2944 4115 3138 4160 vestrae
3180 4106 3511 4162 irritamenta

1921 4197 2237 4251 vincentes:
2271 4195 2384 4249 haec
2428 4196 2625 4265 quippe
2668 4194 2996 4250 irritamenta
3044 4195 3181 4250 bona
3225 4205 3377 4263 sunt;
3417 4197 3513 4252 sed

1923 4297 2100 4342 tamen
2149 4285 2440 4341 cohibenda
2481 4294 2639 4354 atque
2668 4285 2961 4350 vincenda;
3003 4285 3138 4340 sicut
3173 4301 3272 4356 ego
3311 4287 3508 4356 habui,

1921 4380 2016 4434 sed
2073 4378 2283 4434 cohibui
2339 4377 2547 4447 vicique
2600 4377 2842 4446 majora;
2919 4391 2988 4432 ne
3041 4376 3287 4432 diceretis
3344 4378 3510 4446 mihi,

1922 4470 2046 4525 ldeo
2072 4469 2274 4536 vicisti,
2303 4467 2422 4523 ideo
2446 4467 2778 4523 castissimus
2808 4469 2859 4521 in
2891 4475 2977 4522 tua
3006 4468 3212 4522 mortali
3243 4483 3405 4522 carne
3429 4467 3510 4522 vi-

1921 4559 2349 4629 xisti,quoniam
2392 4567 2594 4612 naturze
2636 4555 2889 4612 felicitate
2937 4557 3186 4612 minimas
3215 4557 3510 4626 libidines,

1921 4665 2053 4721 quas
2079 4649 2354 4703 facillimas
2381 4647 2402 4679 δ
2432 4649 2674 4703 vinceres
2698 4690 2713 4714 ,
2743 4646 2995 4701 habuisti.
3038 4647 3225 4703 Estote
3255 4663 3382 4717 ergo
3425 4662 3514 4703 ca-

1921 4741 2028 4807 sti,
2057 4740 2179 4810 quia
2213 4747 2269 4794 ut
2300 4739 2450 4793 vobis
2477 4739 2544 4794 ad
2575 4754 2660 4794 me
2691 4738 3004 4794 imitandum
3043 4739 3314 4794 obstacula
3346 4755 3512 4794 excu-

1921 4831 2144 4886 sationis
2185 4829 2452 4884 auferrem
2481 4870 2494 4894 ,
2525 4827 2861 4883 libidinosior
2883 4828 3033 4883 vobis
3081 4829 3226 4884 nasci
3252 4829 3393 4883 volui
3415 4871 3431 4896 ,
3459 4839 3516 4886 et

1924 4930 2100 4976 tamen
2156 4921 2441 4975 maximam
2507 4919 2776 4974 libidinem
2826 4934 2997 4974 meam
3045 4934 3331 4975 concessos
3380 4920 3514 4977 lines

1923 5029 2188 5084 nunquam
2238 5013 2464 5067 transire
2508 5011 2749 5081 permisi.
2791 5011 2917 5067 llaec
2959 5011 3232 5068 horribilia
3275 5024 3513 5068 monstra

1924 5105 2131 5176 peperit
2159 5103 2379 5158 haeresis
2407 5111 2602 5158 vestra.

1993 5197 2128 5254 LIV.
2157 5197 2278 5253 JUL.
2309 5195 2546 5252 Praedico
2571 5211 2784 5252 omnem
2817 5196 2871 5251 in
2895 5211 2960 5252 eo
2987 5197 3321 5252 sanctitatem
3349 5195 3512 5250 bene-

1923 5292 2044 5348 ﬂcio
2067 5291 2259 5359 animi,
2290 5305 2396 5345 non
2421 5290 2598 5346 carnis
2635 5289 2848 5345 stetisse
2874 5288 3201 5359 prazjudicio.
3230 5287 3318 5342 Sic
3363 5287 3508 5340 enim

1923 5395 1978 5441 et
1999 5395 2186 5440 natura
2212 5393 2318 5439 tam
2361 5382 2668 5438 conditione
2705 5380 2822 5452 ejus
2847 5395 3006 5451 quam
3037 5377 3378 5449 susceptione
3407 5376 3505 5431 de-

1989 5539 2006 5606 f
2041 5536 2158 5606 aditi
2175 5572 2189 5595 ,
2205 5547 2434 5605 comem;
2454 5534 2838 5606 repugnantibus
2859 5532 3097 5606 manuscri
3103 5530 3215 5606 ptis.

1988 5602 2009 5630 ί
2040 5593 2203 5666 vigui,
2226 5596 2378 5666 cumis
2400 5593 2610 5661 agnoscit
2631 5608 2656 5666 ς
2675 5593 2832 5666 aliud,
2866 5602 2981 5655 etc.,
3003 5594 3198 5651 omisso,
3221 5594 3273 5646 in
3304 5595 3511 5660 dum

1926 5661 2054 5726 quod
2072 5660 2382 5726 auctoritate
2398 5659 2501 5707 διεδ.
2524 5659 2840 5726 restituimus-

1992 5725 2012 5754 ³
2043 5723 2114 5769 sic
2133 5728 2236 5769 Mss.
2264 5727 2310 5768 In
2336 5721 2493 5781 \‘ign.,
2509 5721 2618 5781 erit.

1993 5789 2014 5816 δ
2045 5782 2202 5832 Codex
2230 5790 2374 5845 Port.,
2393 5779 2642 5844 facillime.
