3980 6510
535 290 665 344 1571

533 398 786 463 fenditur,
817 403 873 451 et
900 395 1007 448 vita
1050 390 1324 446 hominum
1355 388 1607 442 virtutum
1655 382 1797 440 illius
1835 378 2128 433 imitatione

532 491 796 561 dirigitur.
829 489 902 542 De
930 487 1010 539 his
1039 483 1246 538 duobus
1277 497 1382 535 non
1424 485 1600 549 potest
1631 476 1862 530 alterum
1905 471 2020 526 sine
2047 469 2128 523 al-

538 585 707 639 terius
727 581 952 636 vcritatc
981 575 1187 630 laudari
1213 592 1224 627 :
1253 583 1454 627 tantum
1482 567 1655 623 aderit
1677 565 1950 635 dignitatis
1975 561 2125 632 operi

536 687 712 736 sacro,
742 677 996 740 quantum
1032 663 1248 720 humani
1276 661 1515 732 corporis
1543 657 1774 714 adfuerit
1802 654 2012 708 veritati
2035 669 2049 716 ;
2078 661 2132 704 et

542 771 747 815 tantum
784 758 959 812 aderit
996 754 1293 815 defensioni
1333 750 1509 806 carnis
1535 791 1550 816 ,
1580 757 1836 820 quantum
1877 743 2132 800 sanctitas

538 850 964 909 conversationis
990 847 1246 918 exegerit.
1270 847 1444 916 Atque
1475 859 1505 898 e
1530 843 1750 913 regione
1769 882 1785 908 ,
1812 836 2130 908 vituperatio

539 944 696 999 unius
742 941 954 1012 utrique
995 937 1316 1009 participat:
1349 935 1599 1006 quoniam
1643 940 1845 987 tantum
1878 929 1944 984 de
1969 931 2135 982 virtu-

541 1034 682 1088 tibus
713 1031 864 1100 ejus,
913 1037 1167 1098 quantum
1209 1025 1276 1081 de
1323 1023 1544 1079 artubus
1585 1023 1602 1053 ¹
1645 1021 1954 1084 auferetur;
1984 1031 2047 1071 ac
2087 1015 2132 1069 si

537 1122 662 1194 quid
688 1121 757 1178 de
791 1120 1106 1177 substantiae.
1143 1117 1316 1172 solido
1358 1115 1608 1180 radatur,
1641 1113 1885 1168 universa
1924 1123 2133 1164 morum

539 1222 856 1270 ornamenta
902 1211 1227 1282 depereunt,
1267 1218 1425 1279 atque
1471 1207 1537 1262 ad
1565 1202 1842 1261 tolerantis
1884 1199 2132 1271 injuriam

537 1313 821 1362 recurrunt
865 1304 1059 1359 damna
1100 1301 1370 1357 nascentis
1397 1318 1410 1354 :
1440 1309 1712 1369 postremo
1745 1296 1790 1350 si
1817 1293 1992 1348 carnis
2017 1292 2133 1362 ejus

537 1395 834 1454 substantia
879 1394 1054 1464 aliqua
1108 1391 1424 1447 naturalium
1481 1389 1758 1457 ereptione
1795 1387 1816 1417 ¹
1845 1392 2128 1447 tenuetur,

538 1487 789 1542 universa
833 1484 1104 1542 evanescit
1144 1496 1336 1553 pompa
1389 1481 1664 1535 virtutum.
1717 1476 1858 1532 Nihil
1905 1490 2034 1546 ergo
2077 1475 2131 1529 in

541 1577 801 1632 membris
840 1574 1150 1632 Mediatoris
1180 1573 1300 1628 facti
1326 1588 1396 1627 ex
1425 1569 1645 1624 muliere
1669 1611 1685 1636 ,
1717 1567 1858 1638 quod
1893 1565 2133 1620 naturale

538 1675 786 1732 constat,
818 1665 1046 1736 negabo.
1089 1664 1157 1719 Et
1179 1662 1299 1718 vide
1341 1677 1499 1734 quam
1529 1659 1725 1716 diversi
1765 1660 1871 1713 sint
1913 1657 2133 1712 rationis

541 1755 796 1822 termini,
842 1771 1001 1826 quam
1047 1754 1308 1824 pudoris:
1340 1768 1447 1808 non
1494 1750 1762 1806 erubescit
1804 1749 1934 1804 fides
1973 1747 2130 1803 Chri-

539 1857 834 1903 stianorum
853 1887 873 1916 ,
900 1846 1082 1903 dicere
1105 1845 1376 1901 Christum
1407 1843 1657 1898 habuisse
1682 1840 1931 1912 genitalia
1957 1857 1972 1907 ;
2005 1855 2126 1894 cum

542 1950 720 1996 tamen
763 1956 826 1996 ea
872 1940 925 1996 in
967 1938 1122 1995 nobis
1145 1981 1160 2006 ,
1203 1952 1361 2008 quam
1403 1932 1781 1991 honestissime
1811 1946 2130 2004 possumus,

541 2033 873 2088 occulamus.

606 2123 744 2179 Auc.
771 2121 888 2178 Non
934 2120 1151 2192 quidem
1194 2117 1464 2175 erubescit
1508 2116 1641 2172 ﬁdes
1664 2115 2128 2180 Christianorum,

535 2213 715 2269 dicere
752 2212 1023 2269 Christum
1065 2211 1318 2268 habuisse
1341 2205 1590 2281 genitalia
1641 2225 1656 2263 :
1697 2207 1792 2263 sed
1845 2217 1901 2262 tu
1941 2205 2134 2262 erube-

535 2319 691 2360 scere
717 2304 979 2370 debuisti,
1010 2303 1090 2358 vel
1112 2301 1287 2372 potius
1315 2299 1762 2363 contremiscere,
1792 2312 1861 2352 ne
1883 2296 2090 2351 diceres
2110 2294 2132 2327 ³

534 2393 734 2451 Christi
771 2395 1020 2466 genitalia
1076 2393 1393 2464 aliquando,
1447 2400 1506 2448 et
1553 2391 1771 2446 nolente
1823 2389 1939 2460 ipso
2005 2389 2132 2460 (non

533 2487 678 2542 enim
702 2487 805 2542 hoc
833 2501 1067 2557 unquam
1110 2484 1248 2541 velle
1275 2483 1548 2540 debuisset
1580 2482 1670 2553 qui
1699 2481 1860 2536 vitam
1886 2480 2130 2536 caelibem

535 2573 748 2652 duxit),
794 2585 971 2632 tamen
1014 2575 1235 2632 libidine
1280 2573 1446 2629 fuisse
1488 2581 1792 2638 commota,
1835 2577 1889 2625 ct
1916 2569 1967 2624 in
1994 2584 2132 2623 non-

539 2668 719 2722 nullos
765 2667 980 2722 illicitos
1009 2680 1136 2721 usus
1165 2673 1350 2721 contra
1379 2663 1494 2733 ejus
1531 2669 1772 2718 sanctum
1802 2660 2132 2732 propositum

535 2771 597 2812 se
625 2757 769 2811 illam
804 2766 1010 2826 partem
1048 2755 1219 2811 sancti
1247 2756 1363 2826 ejus
1395 2753 1636 2825 corporis
1665 2755 1920 2808 erexisse.
1949 2750 2132 2806 Talem

534 2848 733 2919 quippe
771 2847 1047 2902 libidinem
1087 2847 1285 2916 patitur
1312 2845 1475 2902 etiam
1501 2859 1662 2900 omne
1703 2858 1872 2915 genus
1915 2848 2132 2897 sancto—

534 2952 693 3004 rum,
739 2937 951 3008 qualem
988 2937 1184 2993 Sancto
1230 2944 1536 2992 sanctorum
1574 2933 1786 2989 conaris
1828 2933 2046 2988 inferre.
2076 2931 2132 2988 Si

534 3043 667 3084 vero
693 3029 942 3098 genitalia
967 3027 1161 3083 Christi
1190 3029 1306 3097 ipso
1360 3027 1526 3081 invito
1562 3023 1888 3080 commoveri
1920 3030 1974 3077 et
2000 3021 2132 3094 erigi

536 3122 713 3175 solere
728 3120 750 3151 "
776 3119 1016 3186 libidine,
1034 3135 1140 3174 non
1155 3118 1320 3173 audes
1337 3117 1550 3185 dicere;
1579 3131 1675 3171 cur
1699 3115 1864 3170 audes
1887 3113 2129 3181 credere,

537 3209 751 3274 infelix,
803 3225 900 3264 cur
948 3209 1115 3265 audes
1160 3209 1319 3263 talem
1367 3207 1642 3263 libidinem
1689 3217 1891 3261 naturae
1935 3204 2132 3261 Christi

537 3301 807 3368 tribuere,
856 3309 914 3355 ut
937 3300 1080 3370 quod
1119 3315 1229 3356 non
1262 3299 1425 3355 audes
1465 3297 1680 3367 dicere,
1710 3296 2002 3367 compellas
2032 3297 2133 3352 ho—

537 3394 710 3449 mines
735 3393 1011 3464 cogitare?
1535 3405 1544 3410 ‘

606 3485 716 3540 LV.
745 3483 864 3540 Jun.
892 3483 971 3538 lta
998 3491 1182 3538 natura
1209 3481 1534 3553 praescripsit
1563 3495 1684 3536 esse
1708 3479 1951 3550 quaedam
1972 3521 1987 3547 ,
2014 3494 2132 3551 qua:

537 3584 597 3630 ut
621 3575 788 3642 ratio,
821 3575 889 3629 ita
917 3574 1052 3629 fides
1073 3589 1193 3628 cum
1226 3574 1482 3644 religione
1506 3572 1840 3643 pronuntiet;
1873 3583 1926 3628 et
1951 3581 2131 3627 tamen

538 3664 708 3734 pudor
733 3672 788 3719 et
813 3663 1059 3720 decentia
1079 3663 1501 3718 conversationis
1527 3663 1694 3718 oculis
1723 3678 1829 3718 non
1860 3663 2133 3734 permittat

535 3755 751 3824 exponi.
785 3754 899 3810 l-loc
930 3754 1090 3809 modo
1118 3754 1366 3824 Magister
1391 3753 1550 3808 etiam
1576 3753 1828 3809 Gentium
1853 3754 2132 3809 veritatem

535 3847 684 3900 carni
710 3846 826 3916 ejus
852 3847 1117 3917 assignat,
1147 3854 1204 3901 et
1230 3845 1439 3915 spiritui
1469 3847 1824 3902 sanctitatem.
1857 3845 2126 3918 Magnum,

536 3938 742 4008 inquit,
789 3939 988 4008 pietatis
1012 3947 1420 4003 sacramentum,
1459 3939 1598 4009 quod
1633 3940 2014 4009 manifestatum
2057 3947 2130 3994 est

535 4030 591 4083 in
615 4046 794 4098 carne,
815 4031 1158 4100 justi/iculum
1195 4038 1269 4083 est
1295 4029 1349 4083 in
1381 4029 1597 4100 spiritu,
1633 4030 1875 4100 apparuit
1903 4031 2126 4102 Angelis,

537 4120 867 4190 praedicatum
895 4129 968 4174 est
989 4121 1041 4173 in
1063 4120 1292 4191 gentibus
1312 4161 1327 4186 ,
1355 4119 1602 4173 creditum
1622 4128 1696 4174 est
1722 4121 1776 4174 in
1802 4121 1895 4175 hoc
1919 4123 2126 4190 mundo,

533 4218 854 4281 assumptum
872 4219 947 4264 est
966 4211 1018 4264 in
1043 4210 1226 4280 gloria.
1248 4209 1400 4277 Quod
1424 4209 1562 4264 sicut
1584 4212 1982 4267 commendavit
2006 4229 2127 4268 cum

537 4299 761 4354 veritate
800 4299 1163 4366 credendum,
1208 4300 1281 4354 ita
1317 4301 1717 4372 impugnatores
1755 4303 1874 4374 ejus
1921 4304 1973 4358 in
2021 4305 2129 4362 ﬁne

535 4388 869 4444 denuntiavit
910 4388 1094 4444 surculi
1121 4390 1422 4446 nascituros
1450 4409 1464 4445 :
1492 4407 1614 4446 nam
1643 4392 1822 4447 statim
1851 4394 2122 4464 sequitur,

537 4480 606 4536 In
630 4481 913 4537 novissimis
937 4490 1106 4536 autem
1131 4482 1434 4557 temporibus
1455 4483 1685 4538 recedent
1710 4484 1920 4555 quidam
1943 4503 1974 4538 a
1998 4486 2122 4555 ﬁde,

533 4573 846 4628 attendentes
872 4573 1134 4643 spiritibus
1160 4573 1537 4642 seductoribus,
1565 4574 1808 4630 doctrinis
1845 4575 2126 4632 dtemonio-
2173 4598 2184 4608 -

533 4681 650 4718 rum
692 4666 748 4719 in
793 4665 1050 4736 hypocrisi
1102 4665 1367 4721 mendacia
1408 4667 1714 4739 loquentium
1733 4711 1749 4736 ,
1795 4670 2125 4725 cauteriatam

536 4756 771 4811 habentes
807 4757 1163 4812 conscientiam
1182 4757 1601 4828 ,_proliibentium
1631 4760 1846 4828 nubere,
1879 4762 2126 4816 abstinere

532 4865 565 4900 a
591 4847 713 4901 cibis
731 4888 745 4913 ,
793 4863 919 4918 quos
947 4847 1086 4902 Deus
1129 4850 1314 4902 creauit
1340 4848 1409 4903 ad
1435 4850 1815 4922 percipiendum
1857 4869 1972 4907 cum
1997 4869 2122 4924 gra-

532 4941 721 4993 tiarum
743 4937 940 4993 actione
959 4937 1192 5009 ﬁdelibus
1209 4981 1226 5008 ,
1266 4948 1315 4994 et
1341 4940 1418 4995 his
1438 4940 1524 5010 qui
1553 4953 1892 5012 cognoverunt
1934 4946 2120 5000 verita-

531 5039 668 5097 tem;
688 5029 924 5100 quoniam
949 5031 1112 5085 omnis
1131 5040 1363 5086 creatura
1384 5029 1481 5086 Dei
1504 5032 1635 5087 bona
1664 5034 1708 5104 (Ι
1742 5033 1873 5089 Tim.
1901 5052 1987 5103 ιιι,
2014 5037 2118 5106 16;

529 5137 616 5189 ιν,
663 5122 744 5194 Δ).
787 5121 935 5178 Hanc
977 5137 1105 5194 ergo
1167 5123 1528 5179 Ecclesiarum
1570 5125 2116 5198 contaminationem,

531 5229 691 5284 quam
735 5215 803 5271 de
831 5214 1108 5272 Manichaei
1138 5213 1537 5272 consectatione
1564 5217 1813 5273 vomuisti
1832 5260 1848 5287 ,
1891 5227 1948 5275 et
1981 5220 2118 5278 hanc

591 5389 608 5421 ¹
643 5390 716 5440 sic
747 5395 854 5438 Mss.
878 5390 1014 5450 Editi,
1036 5389 1098 5440 de
1120 5388 1324 5440 actibus.

589 5453 610 5481 ³
643 5459 691 5500 ιη
718 5460 845 5508 Mss,
868 5451 1162 5514 exceptione.

589 5515 610 5545 ³
643 5514 781 5571 mliti,
804 5526 890 5564 nec
915 5510 1106 5573 dicere;
1133 5520 1186 5562 ct
1206 5511 1351 5575 paulo
1372 5517 1497 5575 post,
1521 5510 1640 5565 velle
1671 5511 1908 5565 debuisse.
1943 5519 2112 5568 Emcn.

522 5573 699 5638 dantur
719 5585 930 5638 utroque
955 5575 1059 5625 loco
1082 5588 1144 5638 ex
1169 5573 1271 5638 uss.

521 5637 628 5748 “tu
644 5639 800 5698 νίκη..
825 5635 1111 5689 commoveri
1132 5635 1320 5698 solere;
1341 5639 1539 5700 omisso,
1561 5644 1606 5690 et
1622 5637 1762 5702 erigi,
1778 5641 1905 5703 quod
1924 5654 1985 5692 ex
2005 5648 2107 5691 Mss.

633 5711 754 5748 Inus.

633 5711 754 5749 Inus.

1209 273 1450 333 OPERIS
1481 264 1893 327 IMPERFECTI
1934 261 2129 319 CONTI

2252 260 2618 327 ιιῑιΛΑΝυλι,
2659 261 2714 316 S.
2757 259 3119 318 AUGUSTINI

3703 263 3727 320 I
3737 267 3834 320 δῖε

2237 389 2266 428 a
2296 374 2398 428 ﬁde
2426 374 2786 430 recedentium
2817 376 3304 446 prmvaricationem
3323 418 3339 445 ,
3369 391 3495 450 qua:
3523 377 3580 433 in
3607 390 3835 434 natura-

2239 465 2303 518 lis
2334 465 2458 519 mali
2489 467 2859 535 praedicatione
2893 476 2949 524 et
2992 469 3047 524 in
3086 471 3484 527 commixtionis
3534 473 3842 543 conjugalis

2237 555 2576 612 damnatione
2613 559 2890 624 consistit,
2915 570 2972 616 et
2994 562 3278 632 Apostolus
3304 563 3558 632 prmvidit
3589 576 3651 620 et
3684 569 3842 636 puni-

2238 649 2345 716 vit,
2376 665 2480 704 non
2509 652 2680 706 solum
2725 655 2849 724 quid
2888 655 3184 723 diceretur,
3225 657 3322 713 sed
3351 659 3517 714 etiam
3551 659 3694 730 quid
3723 675 3843 716 con-

2237 753 2551 814 sequeretur
2580 747 2886 803 ostendens.

2309 835 2442 891 Anc.
2473 836 2539 890 Et
2563 847 2738 892 tamen
2771 848 2857 906 tu,
2897 840 2984 909 qui
3024 855 3131 894 non
3154 850 3305 911 potes
3331 842 3436 898 nisi
3478 852 3715 899 ructare
3759 860 3843 899 ca-

2240 927 2499 998 lumnias,
2554 941 2609 986 et
2663 947 2878 987 vomere
2924 935 3304 1003 contumelias,
3349 937 3534 992 verbis
3581 937 3835 994 catholici

2239 1017 2471 1074 hominis
2498 1021 2632 1090 Dei,
2657 1038 2816 1093 quem
2856 1023 3205 1080 Manichaaum
3250 1041 3355 1080 non
3403 1035 3562 1097 potes
3607 1027 3830 1094 dicere,

2237 1126 2344 1167 non
2387 1127 2547 1170 ausus
2575 1129 2634 1169 es
2661 1115 3027 1172 contradicere
3046 1158 3063 1183 ,
3094 1116 3403 1173 suifocantis
3428 1127 3480 1174 te
3498 1160 3517 1183 ,
3552 1129 3729 1190 atque
3756 1121 3833 1174 di-

2237 1204 2440 1270 centis,
2472 1221 2540 1261 ex
2585 1208 2964 1263 commixtione
3010 1208 3174 1263 maris
3216 1218 3272 1265 et
3317 1211 3534 1265 femina:
3563 1210 3724 1266 nasci
3749 1227 3830 1266 ex-

2236 1303 2444 1364 pertem
2465 1295 2646 1352 delicti
2673 1298 2941 1352 neminem
2965 1313 3124 1369 posse
3148 1297 3481 1372 (Ambrosius,
3503 1301 3567 1355 in
3595 1300 3828 1373 Isaiam).

2235 1383 2474 1456 Namque
2502 1387 2602 1441 ista
2631 1388 2793 1443 verba
2822 1387 2939 1458 ejus
2981 1397 3039 1444 et
3077 1389 3130 1444 in
3156 1390 3329 1458 primo
3356 1390 3422 1444 ad
3456 1389 3746 1445 Valerium
3769 1393 3828 1447 lio

2235 1475 2335 1531 bro
2375 1479 2820 1548 commemoravi,
2851 1495 3011 1551 quem
3057 1479 3208 1536 libris
3233 1490 3461 1551 quatuor
3504 1481 3830 1553 redarguam

2235 1576 2495 1634 conatus,
2546 1569 2834 1641 quidquam
2881 1571 3007 1627 inde
3052 1572 3315 1643 attingere
3363 1572 3642 1638 timuisti;
3690 1583 3750 1629 et
3781 1575 3827 1629 in

2236 1658 2339 1714 isto
2357 1701 2373 1728 ,
2400 1659 2488 1715 cui
2529 1677 2671 1717 nunc
2703 1662 2998 1734 respondes
3018 1703 3035 1731 ,
3063 1663 3251 1719 eadem
3280 1664 3392 1734 ipsa
3424 1679 3533 1720 non
3559 1665 3710 1719 tacui
3735 1665 3829 1733 (De

2237 1747 2448 1821 Nuptiii
2488 1759 2536 1806 et
2574 1751 3023 1826 Concupiscentia,
3067 1754 3154 1809 lib.
3186 1755 3250 1822 1,
3300 1772 3360 1811 n.
3386 1755 3491 1823 40,
3537 1764 3594 1810 ει
3635 1756 3728 1810 lib.
3765 1756 3827 1822 ἢ,

2235 1860 2324 1897 nn.
2353 1844 2420 1898 14
2442 1883 2459 1909 ,
2494 1844 2583 1915 15)
2603 1885 2618 1911 ,
2643 1853 2699 1900 et
2727 1844 2983 1901 adversus
3012 1845 3102 1900 illa
3127 1845 3302 1900 adhuc
3328 1857 3510 1902 mutus
3530 1886 3547 1910 ,
3593 1849 3829 1916 quamvis

2235 1933 2353 2004 ejus
2380 1933 2596 1990 nomine
2623 1935 2813 2001 tacito,
2859 1935 2947 1990 cui
2973 1935 3250 1992 adversari
3278 1937 3454 2008 palam
3487 1952 3606 1992 non
3633 1938 3824 2002 audes,

2236 2022 2377 2080 hunc
2404 2025 2454 2079 in
2481 2040 2568 2080 me
2589 2041 2693 2080 non
2717 2026 2911 2081 metuis
2935 2027 3234 2084 criminari.

2306 2115 2440 2170 LVI.
2465 2115 2585 2172 ιω..
2611 2115 2747 2172 Nam
2777 2117 2880 2174 hoc
2901 2119 3043 2190 quod
3067 2120 3176 2185 ait,
3210 2120 3484 2176 abstinere
3507 2135 3540 2174 a
3564 2120 3710 2176 cibis
3731 2121 3818 2176 do-

2235 2205 2464 2262 cendum
2506 2207 2656 2276 fore,
2705 2223 2812 2263 non
2854 2209 3036 2280 utique
3085 2210 3227 2281 apud
3273 2211 3602 2282 prudentem
3660 2213 3821 2284 arguit

2234 2295 2661 2353 Christianorum
2707 2300 3021 2370 parcitatem
3042 2342 3058 2368 ,
3088 2311 3180 2357 aut
3213 2302 3496 2359 denuntiat
3528 2318 3702 2375 posse
3723 2305 3822 2360 exi-

2235 2395 2378 2444 stere
2408 2388 2654 2446 homines
2699 2391 2790 2461 qui
2831 2390 3024 2448 inedia:
3049 2392 3339 2450 discrimen
3376 2395 3634 2451 indicant
3683 2413 3699 2448 :
3742 2397 3826 2452 sed

2235 2478 2488 2548 ostendit,
2516 2481 2768 2550 quoniam
2793 2497 2914 2538 cum
2945 2483 3304 2554 exorirentur,
3330 2485 3424 2556 qui
3442 2485 3699 2542 dicerent
3719 2488 3826 2542 ani-

2237 2571 2393 2625 malia
2419 2572 2598 2627 omnia
2637 2573 2865 2630 victibus
2889 2589 2920 2628 a
2951 2575 3062 2630 Deo
3098 2588 3278 2632 creata
3319 2578 3678 2645 mortalium,
3719 2580 3828 2650 quia

2235 2657 2305 2714 de
2327 2661 2756 2730 concupiscentia
2780 2671 2836 2718 et
2858 2664 3239 2721 commixtione
3262 2681 3423 2722 sexus
3442 2677 3799 2724 nascerentur
3813 2711 3826 2737 ,

2236 2748 2500 2806 diabolico
2522 2751 2664 2807 malo
2709 2766 2830 2810 esse
2859 2754 3088 2824 polluta,
3117 2756 3247 2828 quid
3287 2767 3720 2829 consequeretur
3740 2775 3831 2816 es-

2236 2843 2462 2912 pressit,
2505 2843 2756 2902 videlicet
2804 2849 3218 2905 renuntiandum
3259 2866 3381 2907 esse
3431 2852 3748 2920 alimentis,
3790 2856 3830 2910 si

2237 2949 2421 2991 corum
2469 2940 2777 3009 propagatio
2809 2939 3068 2996 diabolica
3115 2943 3446 3001 crederetur.
3492 2945 3657 3002 Unde
3685 2957 3740 3003 et
3781 2959 3834 3003 tu

2236 3023 2375 3081 hanc
2417 3026 2814 3084 infamationem
2843 3032 3238 3088 commixtionis
3279 3049 3572 3106 corporum
3613 3037 3688 3092 ab
3727 3040 3832 3094 ani-

2238 3115 2462 3171 malibus
2504 3132 2785 3186 removes,
2831 3128 2890 3175 ut
2932 3121 3188 3178 subsistat
3209 3125 3349 3180 ratio
3377 3126 3698 3182 simulandi.
3729 3129 3831 3185 llo-

2236 3206 2409 3262 mines
2431 3215 2606 3262 tamen
2633 3210 2722 3280 qui
2749 3210 2817 3265 ad
2843 3210 3128 3282 imaginem
3150 3215 3248 3272 Dei
3275 3215 3400 3272 facti
3427 3229 3585 3285 sunt,
3616 3231 3831 3292 propter

2237 3294 2376 3351 hanc
2422 3297 2592 3366 ipsam
2639 3303 3125 3372 concupiscentiam
3149 3309 3554 3377 generantium,
3603 3312 3743 3368 dicis
3769 3313 3829 3368 ad

2231 3387 2320 3458 jus
2339 3391 2598 3448 daemonis
2623 3394 2910 3463 pertinere.
2941 3397 3116 3465 Ambo
3142 3399 3318 3471 igitur,
3345 3411 3400 3456 tu
3425 3411 3482 3458 et
3505 3404 3827 3461 Manichmus

2236 3496 2397 3537 unam
2427 3482 2635 3540 habetis
2658 3499 2874 3542 causam
2899 3487 3318 3545 substantiarum
3349 3492 3827 3564 vituperandam

2235 3583 2292 3630 et
2334 3577 2854 3633 transcribendarum
2895 3580 3110 3637 diabolo
3147 3583 3286 3638 :sed
3325 3584 3414 3640 ille
3441 3597 3670 3657 propter
3700 3587 3829 3644 hanc

2235 3665 2570 3723 affectionem
2608 3684 2728 3739 quae
2755 3671 2984 3726 sentitur
3005 3672 3061 3728 in
3098 3676 3326 3730 naturali
3367 3691 3568 3746 opere,
3616 3681 3827 3736 univer-

2235 3773 2322 3813 sas
2355 3759 2372 3790 ί
2402 3759 2621 3814 damnat
2648 3761 2978 3828 animantes;
3026 3773 3084 3819 tu
3111 3773 3288 3820 autem
3330 3782 3436 3822 non
3481 3783 3716 3837 omnes,
3741 3772 3827 3827 sed

2233 3849 2377 3919 quod
2402 3858 2484 3904 est
2518 3850 2742 3918 foedius,
2773 3853 3042 3909 meliores.
3069 3855 3314 3912 Absolvis
3353 3858 3499 3914 enim
3543 3875 3676 3917 sues
3697 3903 3714 3930 ,
3745 3878 3828 3918 ca-

2234 3955 2366 4009 nes,
2410 3950 2462 3997 et
2489 3943 2700 4012 asinos,
2753 3952 2812 3998 ut
2855 3944 3180 4002 Manichteos
3205 3949 3374 4004 vitare
3411 3950 3688 4018 videaris;
3738 3954 3827 4009 sed

2233 4033 2455 4089 damnas
2473 4076 2490 4103 ,
2521 4045 2738 4105 propter
2765 4035 2869 4092 hoc
2895 4037 3035 4093 idem
3065 4040 3206 4109 quod
3249 4040 3612 4112 Manichacus,
3641 4060 3826 4101 omnes

2234 4124 2479 4182 homines
2519 4127 2609 4197 qui
2644 4127 2713 4183 ad
2753 4127 3037 4200 imaginem
3083 4131 3176 4186 Dei
3221 4131 3343 4187 facti
3374 4143 3546 4189 sunt:
3593 4151 3661 4192 ac
3707 4153 3827 4192 naso

2232 4231 2392 4285 quam
2445 4217 2645 4272 malum
2701 4219 2944 4275 naturale
2983 4223 3314 4278 constituens
3354 4225 3461 4280 nisi
3502 4226 3559 4280 in
3601 4227 3824 4299 imagine

2235 4304 2365 4372 Dei,
2394 4307 2729 4363 concionaris
2753 4319 2940 4367 contra
2966 4326 3066 4368 nos
3083 4352 3099 4380 ,
3128 4323 3406 4370 accusator
3426 4327 3744 4374 sanctorum
3765 4329 3817 4376 et

2233 4405 2488 4464 patronus
2513 4397 2809 4455 asinorum.

2301 4487 2436 4544 Anc.
2463 4487 2600 4556 Quid
2629 4498 2712 4545 est
2755 4491 2896 4562 quod
2939 4492 3107 4562 dicis,
3134 4496 3486 4553 calumniator
3524 4498 3824 4558 Catholica-

2231 4592 2348 4632 rum
2375 4587 2429 4634 et
2470 4579 2683 4650 adjutor
2725 4581 3174 4640 Manichaeorum?
3202 4588 3328 4659 quid
3355 4598 3440 4645 est
3479 4591 3625 4661 quod
3655 4592 3823 4648 dicis?

2229 4685 2388 4739 quem
2421 4679 2582 4726 tanta:
2627 4673 2934 4730 stoliditatis
2961 4676 3161 4746 pudere
3189 4678 3444 4747 deberet,
3487 4683 3701 4738 etiamsi
3733 4685 3820 4739 tibi

2228 4761 2434 4816 asinina
2479 4761 2628 4819 frons
2670 4774 2832 4821 esset.
2877 4766 3068 4824 Nonne
3109 4781 3386 4827 accusator
3421 4783 3728 4830 sanctorum
3773 4786 3822 4831 et

2230 4858 2489 4919 patronus
2509 4853 2780 4910 asinorum
2801 4896 2816 4924 ,
2847 4858 2914 4912 ab
2951 4857 3168 4916 homine
3194 4861 3352 4932 hujus
3375 4863 3556 4920 cordis
3593 4868 3747 4937 cujus
3772 4879 3823 4922 et

2228 4941 2344 5012 ipse
2368 4959 2462 5013 es,
2494 4947 2750 5018 appellari
2789 4959 3002 5020 posset,
3029 4953 3119 5023 qui
3143 4953 3380 5022 diceret,
3404 4957 3708 5028 ignorantia
3733 4977 3820 5017 ve-

2227 5035 2399 5092 ritatis
2438 5036 2680 5095 homines
2725 5039 2839 5096 fieri
2867 5043 3093 5099 miseros
3139 5060 3330 5116 posse,
3360 5049 3541 5106 asinos
3567 5067 3702 5108 vero
3727 5069 3819 5108 ne-

2228 5127 2448 5182 sciendo
2478 5130 2757 5186 veritatcm
2784 5133 3011 5190 miseros
3036 5149 3156 5192 esse
3179 5153 3285 5193 non
3315 5141 3513 5209 posse?
3544 5142 3613 5198 Et
3641 5153 3811 5202 tamen

2225 5219 2504 5276 verissime
2552 5222 2772 5280 diceret.
2815 5225 2926 5281 Cur
2967 5242 3096 5298 ergo
3139 5245 3248 5285 non
3293 5231 3575 5304 intelligis,
3625 5237 3809 5303 asine,

2224 5310 2468 5367 similiter
2496 5326 2616 5368 esse
2640 5329 2824 5370 verum
2844 5358 2860 5382 ,
2891 5333 2957 5373 ex
2985 5321 3365 5379 commixtione
3389 5326 3553 5380 maris
3580 5337 3634 5382 et
3660 5328 3808 5384 femi-

2227 5417 2310 5457 na:
2334 5411 2583 5473 expertes
2617 5404 2798 5462 delicti
2823 5407 3069 5467 homines
3095 5414 3241 5468 nasci
3273 5429 3378 5470 non
3407 5431 3600 5486 posse,
3627 5429 3684 5475 et
3709 5422 3807 5476 asi-

2225 5511 2323 5551 nos
2346 5497 2539 5568 posse?
2563 5497 2646 5552 An
2676 5499 2795 5555 ideo
2827 5509 2877 5556 te
2906 5502 3182 5560 arbitraris
3208 5507 3443 5579 effugere
3472 5509 3807 5583 insequentes

2227 5587 2406 5659 plagas
2444 5590 2779 5647 auctoritatis
2825 5603 2984 5664 atque
3033 5597 3285 5670 rationis,
3320 5602 3440 5674 quia
3469 5602 3525 5659 in
3553 5607 3804 5663 societate

2287 5702 2303 5733 ⁸
2338 5700 2411 5751 sic
2433 5708 2535 5752 Mss.
2560 5709 2608 5754 In
2624 5704 2780 5769 \‘igm,
2810 5705 3066 5761 ratit'ersos.
