3980 6496
241 288 383 344 1375

238 398 476 454 libidinis
500 438 515 460 ,
551 395 617 451 ad
657 409 872 450 currum
903 393 975 448 tui
1023 392 1221 448 erroris
1241 435 1254 458 ,
1285 392 1526 448 homines
1552 404 1604 448 et
1647 395 1824 448 asinos

230 489 454 562 jungis?
493 487 608 543 Non
652 488 721 542 de
751 485 1028 556 pecoribus
1051 528 1065 550 ,
1098 485 1190 539 sed
1218 485 1284 540 de
1311 485 1611 540 hominibus
1637 486 1823 554 loque—

238 586 396 637 batur
423 580 737 635 Ambrosius
757 620 770 644 ,
802 578 888 631 ubi
917 578 990 631 ait
1016 597 1028 632 :
1066 596 1085 629 ί
1119 577 1399 633 Servatum
1429 586 1510 632 est
1535 577 1694 646 igitur
1716 616 1730 642 ,
1767 585 1826 630 ut

234 689 300 726 ex
335 673 448 725 viro
477 678 532 725 et
556 669 778 724 muliere
797 711 810 731 ,
840 667 891 721 id
917 677 999 722 est
1018 709 1032 731 ,
1061 683 1156 737 per
1183 669 1327 722 illam
1363 681 1642 736 corporum
1673 680 1823 720 com-

236 763 548 816 mixtionem
571 800 585 823 ,
629 773 785 814 nemo
825 757 1069 814 videatur
1097 773 1288 828 expers
1330 773 1449 811 esse
1476 756 1652 810 delicti
1679 773 1698 807 ι
1735 754 1824 829 (In

237 850 476 924 Isaiam).
529 851 679 907 Itane
726 851 858 918 iste,
904 850 1002 905 iste
1043 850 1230 905 doctor
1270 851 1516 905 Ecclesiae
1548 851 1565 882 ¹
1606 865 1826 904 accusa-

237 955 324 999 tor
350 952 466 998 erat
511 950 850 1008 sanctorum,
898 951 952 996 et
983 951 1236 1010 patronus
1275 940 1588 1016 asinorum?
1623 939 1826 1010 Nempe

237 1031 587 1100 corruptibile
611 1045 809 1100 corpus
835 1039 918 1086 est
943 1039 997 1086 et
1021 1031 1155 1084 asini
1181 1041 1234 1085 et
1260 1031 1523 1096 hominis;
1563 1039 1616 1084 et
1645 1039 1824 1085 tamen

239 1140 349 1179 non
377 1123 511 1178 asini
541 1131 822 1192 aggravat,
871 1120 964 1175 sed
994 1121 1222 1176 hominis
1249 1121 1481 1175 animam
1512 1138 1526 1174 :
1557 1119 1625 1176 de
1652 1121 1825 1174 homi-

242 1231 312 1270 ne
340 1213 538 1284 quippe
576 1211 848 1280 Scriptura
875 1210 1036 1274 dicit,
1067 1209 1261 1279 Corpus
1286 1210 1613 1282 corruptibile
1641 1227 1825 1282 aggra-

242 1315 331 1358 ναι
383 1305 602 1357 animam
653 1301 806 1372 (Sap.
859 1316 947 1364 Ix,
997 1298 1106 1371 I5).
1137 1299 1224 1354 Sic
1251 1315 1379 1370 ergo
1418 1309 1472 1354 et
1516 1299 1567 1353 in
1612 1300 1826 1355 libidine

245 1409 478 1465 agnosce
497 1402 596 1470 ,et
632 1393 839 1461 pecoris
870 1399 1140 1458 naturam,
1168 1399 1221 1446 et
1251 1391 1480 1446 hominis
1505 1405 1710 1460 poenam
1733 1431 1749 1458 ,
1780 1391 1826 1445 si

242 1485 475 1539 animam
505 1499 609 1537 non
633 1482 798 1536 babes
823 1481 1105 1536 asininam.

313 1595 473 1651 LVII.
501 1595 620 1651 Jun.
653 1595 896 1651 Christus
927 1594 1085 1664 igitur
1109 1610 1214 1669 non
1241 1593 1418 1648 minus
1446 1593 1609 1648 homo
1631 1607 1789 1649 verus
1807 1634 1823 1659 ,

239 1701 402 1756 quam
447 1701 604 1741 verus
654 1686 831 1750 Deus,
877 1685 1007 1738 nihil
1056 1684 1123 1739 de
1171 1684 1501 1740 naturalibus
1527 1684 1700 1738 minus
1730 1685 1826 1739 ha-

240 1777 356 1831 buit
383 1794 396 1829 :
427 1776 520 1830 sed
542 1775 746 1845 justum
766 1783 882 1828 erat
906 1783 961 1828 ut
985 1774 1074 1844 qui
1097 1772 1260 1828 dabat
1286 1774 1623 1844 perfectionis
1641 1790 1826 1829 exem-

242 1867 390 1936 plum
413 1907 429 1933 ,
478 1865 724 1919 omnibus
767 1865 1019 1918 virtutum
1047 1864 1234 1930 studiis
1257 1864 1633 1930 antecelleret,
1666 1865 1828 1918 casti-

241 1966 433 2025 tasque
457 1955 574 2025 ejus
599 1955 850 2009 continua
880 1954 1178 2024 integritate
1203 1954 1343 2008 celsa
1364 1994 1382 2020 ,
1412 1954 1559 2008 nullo
1590 1962 1827 2023 permota

242 2046 478 2102 libidinis
503 2047 762 2117 appetitu,
793 2061 911 2115 qua:
939 2047 960 2077 ³
987 2045 1136 2116 virgo
1159 2055 1356 2101 sanctae
1383 2046 1576 2101 mentis
1605 2045 1826 2100 exstite-

239 2148 354 2206 rat,
379 2147 436 2194 et
463 2141 700 2194 omnium
727 2152 978 2193 sensuum
1005 2136 1256 2192 domitrix
1305 2135 1469 2190 animi
1499 2135 1826 2207 magnitudo,

240 2241 293 2287 et
315 2230 612 2301 superatrix
629 2229 892 2294 dolorum,
919 2230 1125 2284 cunctis
1141 2227 1404 2292 ﬁdelibus,
1421 2235 1475 2282 et
1499 2225 1831 2282 humanitate

239 2321 516 2378 imitabilis
541 2320 728 2388 ﬁeret,
757 2329 814 2377 et
849 2320 1172 2376 sublimitate
1198 2317 1474 2374 mirabilis.

311 2413 449 2469 Auc.
485 2412 627 2467 Dicis
670 2412 967 2466 castitatem
996 2409 1198 2465 Christi
1235 2409 1487 2464 continua
1528 2406 1831 2478 integritate

239 2504 440 2560 celsam
471 2521 486 2557 :
514 2503 610 2559 sed
637 2502 797 2557 homo
830 2517 888 2557 es
907 2542 924 2568 ,
952 2501 1037 2556 cui
1075 2517 1182 2556 non
1210 2500 1420 2556 videtur
1445 2499 1660 2555 castitas
1688 2499 1828 2554 inte-

157 2632 162 2637 -
241 2611 377 2667 gra,
403 2594 494 2650 ubi
521 2593 882 2664 magnitudine
917 2600 972 2648 et
995 2591 1324 2664 perfectione
1364 2590 1652 2646 voluntatis
1675 2589 1831 2645 bonae

243 2703 351 2742 non
377 2676 548 2743 solum
572 2701 680 2741 non
719 2685 1124 2741 committuntur
1143 2725 1158 2751 ,
1207 2683 1302 2739 sed
1331 2699 1433 2740 nec
1456 2683 1741 2754 cupiuntur
1767 2682 1832 2737 il-

242 2781 410 2835 licita.
455 2779 587 2834 Nam
638 2779 727 2850 qui
777 2777 1104 2847 concupiscit
1161 2776 1332 2842 mala,
1385 2775 1490 2831 etsi
1530 2774 1832 2830 resistens'

242 2874 691 2944 concupiscentia:
713 2889 822 2927 suae
842 2887 950 2926 non
978 2887 1041 2926 ea
1068 2879 1376 2940 perpetrat,
1407 2869 1594 2938 implet
1616 2868 1831 2939 quidem

238 2965 380 3036 quod
403 2965 658 3034 scriptum
685 2971 801 3030 est,
834 2959 960 3015 Post
995 2959 1426 3030 concupiscentia:
1455 2967 1568 3012 tuas
1608 2974 1708 3012 non
1747 2973 1832 3011 eas

241 3054 430 3125 (Eccli.
458 3068 586 3108 xvtn
605 3094 619 3118 ,
651 3052 743 3125 50)
772 3051 906 3107 :sed
935 3066 1040 3106 non
1069 3051 1254 3122 implet
1280 3049 1422 3121 quod
1451 3050 1526 3104 ait
1551 3049 1637 3104 lex
1660 3089 1676 3116 ,
1709 3047 1833 3103 Non

238 3147 560 3218 concupisces
590 3145 785 3216 (Exodi
814 3158 890 3198 xx
911 3183 927 3211 ,
968 3141 1081 3213 I7).
1116 3141 1358 3196 Christus
1392 3155 1520 3211 ergo
1539 3141 1628 3211 qui
1660 3140 1830 3212 legem

242 3237 634 3308 perfectissime
662 3235 934 3306 implevit,
965 3233 1104 3287 nulla
1134 3233 1312 3286 illicita
1337 3231 1669 3301 concupivit;
1709 3231 1832 3301 quia

242 3327 565 3382 discordiam
596 3326 774 3380 carnis
799 3332 856 3379 et
898 3323 1148 3394 spiritus,
1191 3338 1310 3393 quae
1347 3323 1400 3376 in
1429 3322 1702 3377 hominum
1734 3337 1832 3376 na-

246 3428 420 3474 turam
447 3434 511 3474 ex
540 3417 974 3488 praevaricatione
1013 3413 1170 3486 primi
1201 3414 1433 3469 hominis
1457 3416 1646 3482 vertit,
1678 3429 1833 3484 pror-

247 3525 341 3563 sus
371 3509 458 3563 illc
489 3525 591 3562 non
639 3507 854 3574 habuit,
895 3506 984 3576 qui
1029 3505 1098 3560 de
1137 3505 1339 3574 Spiritu
1369 3513 1423 3559 et
1473 3504 1689 3574 Virgine
1725 3518 1833 3557 non

250 3615 348 3669 per
371 3599 851 3669 concupiscentiam
878 3597 1054 3652 carnis
1081 3605 1164 3651 est
1197 3603 1372 3649 natus.
1402 3593 1457 3648 In
1486 3593 1639 3648 nobis
1658 3603 1833 3648 autem

255 3706 391 3747 caro
416 3691 741 3761 concupiscit
764 3699 950 3744 contra
981 3688 1224 3758 spiritum
1269 3687 1450 3742 illicita
1474 3727 1489 3754 ,
1531 3685 1602 3740 ita
1632 3693 1689 3739 ut
1716 3699 1835 3740 om-

253 3783 382 3838 nino
431 3781 701 3853 perficiat,
746 3781 847 3835 nisi
897 3787 950 3833 et
995 3786 1179 3834 contra
1228 3792 1444 3832 carnem
1492 3777 1710 3846 spiritus
1764 3775 1836 3829 ita

249 3877 622 3946 concupiscat,
681 3882 738 3928 ut
780 3873 976 3926 vincat.
1023 3871 1164 3926 Dicis
1210 3879 1444 3924 mentem
1473 3867 1668 3923 Christi
1715 3881 1834 3922 om-

249 3969 392 4022 nium
425 3981 680 4022 sensuum
709 3964 1044 4020 domitricem
1075 3959 1207 4016 :sed
1238 3961 1339 4015 hoc
1365 3958 1686 4014 domandum
1714 3966 1834 4025 est,

247 4059 388 4129 quod
417 4058 623 4113 resistit
672 4073 685 4109 :
735 4071 862 4110 caro
888 4063 1065 4108 autem
1093 4050 1290 4106 Christi
1333 4049 1465 4104 nihil
1496 4048 1725 4103 habebat
1753 4049 1836 4103 in-

250 4151 507 4206 domitum
525 4192 540 4217 ,
571 4164 671 4204 nec
700 4149 752 4202 in
778 4148 956 4217 aliquo
996 4142 1204 4214 spiritui
1230 4141 1544 4206 resistebat,
1576 4149 1634 4194 ut
1657 4141 1723 4194 ab
1751 4140 1840 4194 illo

253 4255 370 4295 eam
384 4239 586 4294 domari
599 4246 886 4309 oporteret.
900 4237 1016 4303 Quo
1028 4234 1297 4305 proposito
1316 4231 1655 4303 perfectionis
1667 4247 1844 4287 exem-

260 4331 379 4401 plo,
410 4331 476 4384 ad
504 4330 608 4386 hoc
651 4345 710 4385 se
739 4328 899 4384 debet
943 4327 1118 4382 omnis
1158 4325 1395 4379 imitator
1431 4323 1752 4388 extendere,
1784 4333 1842 4380 ut

257 4421 716 4492 concupiscentias
747 4420 955 4484 carnis,
1001 4433 1134 4488 quas
1162 4424 1306 4471 vetat
1342 4415 1629 4485 Apostolus
1659 4415 1839 4484 perfici

264 4513 462 4584 (Galat.
491 4529 523 4566 v
542 4553 558 4579 ,
588 4513 713 4582 I6),
742 4513 940 4566 nitatur
967 4519 1124 4580 atquc
1144 4517 1291 4576 optet
1316 4506 1527 4578 penitus
1551 4523 1655 4560 non
1679 4506 1843 4562 habe-

260 4619 322 4658 re
354 4621 370 4657 :
398 4603 477 4657 sic
502 4603 643 4657 enim
666 4618 754 4657 eas
777 4610 949 4671 potest
974 4605 1227 4670 provectu
1251 4595 1559 4668 quotidiano
1578 4596 1840 4664 minuere,

259 4707 392 4764 quas
419 4691 591 4746 nullas
615 4691 805 4745 habeat
823 4691 993 4744 salute
1019 4687 1273 4758 perfecta.

329 4804 512 4861 LVIII.
539 4803 657 4859 Jun.
691 4802 769 4858 Tu
796 4802 958 4873 igitur
979 4841 993 4866 ,
1039 4808 1098 4854 ut
1121 4797 1299 4853 omnia
1320 4838 1336 4864 ,
1365 4793 1736 4866 profanissime
1761 4793 1844 4852 ef-

259 4897 400 4951 fatus
436 4909 530 4962 es,
575 4893 632 4948 in
659 4891 860 4948 Christi
903 4904 1065 4944 carne
1094 4903 1202 4943 non
1242 4886 1404 4941 fuisse
1431 4883 1574 4954 quod
1601 4884 1846 4939 humanae

197 5017 204 5022 ε
261 4999 464 5044 natura:
490 4995 575 5043 est
605 5003 619 5039 :
645 4984 788 5056 quod
830 4989 976 5038 certe
1015 4981 1082 5036 de
1111 4979 1254 5035 nulla
1295 4977 1584 5047 Scriptura:
1611 4974 1846 5030 rationa-

262 5083 382 5138 bilis
407 5096 575 5146 vena,
604 5077 700 5134 sed
730 5077 797 5132 de
821 5075 938 5131 solo
969 5072 1382 5129 Manichzcorum
1413 5083 1569 5125 cceno
1595 5067 1848 5137 deceptus

262 5174 506 5229 hausisti.
539 5173 735 5227 Verum
765 5181 820 5223 ut
858 5167 1028 5238 major
1053 5165 1205 5236 copia
1234 5161 1580 5219 defendendae
1609 5159 1850 5216 veritatis

262 5273 554 5336 appareat,
582 5260 942 5316 concedamus
979 5266 1032 5313 te
1056 5256 1351 5312 somniasse
1370 5293 1387 5320 ,
1418 5253 1472 5308 in
1497 5252 1706 5308 Christo
1734 5265 1851 5306 car-

263 5358 346 5414 nis
384 5371 542 5427 quam
582 5354 718 5411 dicis
761 5349 1250 5422 concupiscentiam
1297 5361 1402 5402 non
1452 5345 1646 5412 fuisse;
1701 5343 1846 5416 quod

266 5459 412 5505 certe
441 5449 495 5503 in
516 5446 791 5503 Manichaei
821 5445 969 5514 prius
989 5484 1004 5508 ,
1033 5450 1216 5513 postea
1245 5441 1297 5494 in
1326 5438 1646 5508 Apollinaris
1676 5437 1851 5493 furore

330 5587 348 5616 ί
387 5583 684 5646 vtgnierius:
711 5586 839 5629 Itane
855 5577 1020 5646 doctor
1043 5575 1130 5626 iste
1147 5571 1387 5626 Ecclesite.
1454 5581 1510 5621 »1.

331 5647 353 5676 ⁸
383 5639 543 5694 Codex
570 5652 716 5700 Purt.,
736 5639 975 5702 (maniam.

333 5708 352 5738 ³
387 5705 506 5756 Editi
526 5739 541 5766 ,
565 5711 608 5756 ct
639 5696 731 5754 non
750 5696 992 5752 resistens.
1021 5699 1316 5761 Castigantur
1337 5696 1394 5746 ad
1417 5704 1517 5746 Mss.

1563 276 1763 334 LIBER
1801 279 2148 346 QUARTUS.

3363 304 3498 360 I574

1934 397 2242 452 damnatum
2269 407 2392 454 est:
2426 409 2518 458 tuo
2565 411 2742 462 tamen
2787 409 2912 479 quid
2943 413 3109 480 possit
3137 413 3374 484 dogmati
3402 419 3512 471 suf-

1937 484 2165 555 fragari;
2194 502 2316 543 cum
2361 507 2466 546 non
2497 496 2751 550 continuo
2798 509 3111 568 sequeretur
3138 505 3332 558 malum
3359 519 3508 570 esse,

1931 575 1975 629 si
2003 576 2128 645 quid
2155 577 2246 634 ille
2288 595 2565 639 assumere
2593 587 2850 643 noluisset
2877 591 2935 644 "!
2961 591 3222 658 Quoniam
3251 594 3511 664 gradatim

1930 670 2295 726 crescentibus
2351 675 2556 729 meritis
2600 677 2898 747 bonorum,
2950 681 3217 738 diceretur
3266 686 3370 739 isse
3418 699 3510 754 per

1929 758 2128 827 optima
2149 801 2164 826 ,
2197 777 2297 816 nec
2325 763 2462 818 bona
2499 773 2675 822 tamen
2708 769 2839 824 infra
2870 788 2928 826 se
2966 772 3137 827 locata
3174 776 3508 844 superiorum

1930 849 2190 906 electione
2213 850 2515 910 damnasse.
2540 857 2815 924 Quomodo
2841 862 2982 916 enim
3014 864 3224 933 nuptias
3249 880 3352 918 non
3382 864 3514 916 infa-

1930 938 2130 1009 mavit,
2178 943 2532 1014 integritatem
2570 959 2782 1006 secutus
2816 970 2828 1004 :
2859 953 2926 1006 ita
2956 969 3053 1008 nec
3083 969 3298 1008 sensum
3337 956 3514 1008 carnis

1929 1033 2174 1103 genitalis
2219 1034 2555 1107 damnasset,
2605 1040 2651 1094 si
2694 1041 2810 1110 ejus
2853 1043 3261 1112 possibilitatem
3306 1059 3407 1100 nec
3459 1059 3513 1098 tn

1930 1122 2222 1177 substantia
2244 1139 2338 1178 sua
2365 1125 2561 1182 habere
2585 1129 2857 1185 voluisset.

2000 1211 2137 1268 Auc.
2159 1212 2274 1268 Jam
2305 1215 2550 1284 superius
2578 1217 2722 1286 dixi,
2753 1220 2892 1288 quod
2933 1220 3177 1277 Christus
3205 1237 3308 1277 non
3340 1222 3510 1276 solum

1931 1316 2036 1356 non
2067 1305 2428 1373 perpetravit,
2479 1307 2572 1362 sed
2604 1323 2702 1362 nec
2751 1312 3054 1380 concupivit
3080 1313 3291 1378 illicita,
3333 1321 3390 1366 ut
3417 1312 3515 1365 im-

1930 1393 2102 1462 pleret
2129 1396 2298 1466 legem
2327 1396 2612 1467 dicentem,
2635 1399 2754 1454 Non
2779 1403 3112 1472 concupisces.
3144 1404 3253 1458 Hoc
3275 1414 3421 1458 certe
3449 1402 3516 1457 de

1931 1494 2129 1540 sanctae
2153 1486 2441 1557 Scripturte
2467 1505 2597 1545 vena
2616 1533 2630 1556 ,
2661 1507 2769 1546 non
2797 1492 2865 1547 de
2907 1509 3062 1549 emno
3101 1495 3513 1549 Manichmorum

1931 1584 2112 1631 manat
2151 1577 2204 1632 in
2247 1579 2407 1634 corda
2440 1580 2675 1636 fidelium
2696 1625 2711 1648 ,
2743 1585 2886 1654 quod
2925 1595 3162 1640 vestrum
3193 1586 3382 1656 dogma
3422 1601 3516 1640 ex-

1930 1666 2148 1735 stinguit
2169 1667 2497 1725 haereticnm.
2525 1671 2836 1731 Somniasse
2885 1691 2972 1730 me
2999 1675 3165 1743 dicis,
3198 1693 3303 1732 non
3350 1677 3515 1733 fuisse

1930 1755 1984 1808 in
2027 1753 2239 1812 Christo
2286 1762 2462 1815 carnis
2491 1764 2978 1834 concupiscentiam
3015 1766 3222 1837 spiritui
3262 1768 3515 1824 resisten-

1933 1853 2074 1912 tem;
2125 1849 2278 1918 cujus
2318 1859 2375 1904 tu
2417 1853 2577 1906 etiam
2624 1854 2754 1924 ipsis
2801 1857 3022 1912 somniis
3061 1872 3168 1912 non
3209 1858 3514 1928 pepercisti.

1938 1937 2211 1994 Dormisse
2239 1934 2434 2011 quippe
2475 1943 2720 1999 novimus
2755 1944 3058 2014 Christum,
3088 1949 3140 2003 in
3184 1965 3290 2019 quo
3321 1950 3363 2002 si
3404 1959 3519 2004 erat

1931 2027 2031 2082 ista
2075 2037 2165 2084 tua
2207 2042 2489 2101 suscepta,
2523 2035 2758 2104 profecto
2802 2038 3005 2108 sepitos
3049 2039 3167 2108 ejus
3209 2053 3398 2093 sensus
3421 2039 3520 2092 ali-

1931 2119 2143 2188 quando
2187 2136 2284 2190 per
2323 2123 2446 2177 talia
2494 2126 2702 2180 somnia
2737 2127 3050 2196 deludebat,
3098 2138 3156 2182 ut
3179 2130 3281 2185 sibi
3311 2131 3331 2162 ²
3357 2129 3516 2184 etiam

1931 2211 2286 2268 concumbere
2329 2213 2639 2283 videretur,
2679 2225 2841 2287 atque
2880 2219 2952 2273 ita
2981 2233 3106 2274 caro
3130 2218 3247 2289 ejus
3281 2220 3384 2274 isto
3427 2227 3518 2274 tuo

1931 2301 2074 2357 bono
2101 2303 2408 2361 stimulante
2446 2316 2712 2362 commota
2732 2349 2746 2374 ,
2779 2319 2834 2364 et
2869 2310 2924 2364 in
2969 2310 3175 2364 irritum
3202 2309 3520 2366 extenderet

1931 2390 2182 2460 genitalia
2207 2401 2261 2448 et
2289 2393 2437 2449 irrita
2464 2395 2764 2453 effunderet
2789 2399 3015 2454 semina.
3041 2399 3096 2456 Si
3123 2408 3300 2455 autem
3319 2401 3420 2456 hoc
3449 2400 3518 2456 de

1933 2480 2130 2537 Christi
2159 2499 2320 2540 carne
2341 2486 2362 2518 ³
2387 2487 2609 2544 credere
2635 2491 3004 2546 contremiscis
3031 2491 3158 2563 (non
3185 2492 3327 2547 enim
3357 2491 3435 2546 sic
3457 2506 3520 2547 es

1934 2571 2204 2642 lapideus,
2250 2583 2310 2630 ut
2345 2591 2452 2632 non
2481 2580 2893 2648 contremiscas,
2924 2581 3066 2652 quod
3108 2597 3208 2652 ego
3228 2621 3244 2650 ,
3272 2581 3517 2652 quamvis

1934 2672 1993 2718 ut
2029 2672 2082 2720 te
2121 2665 2525 2738 redarguerem,
2565 2669 2682 2725 sine
2707 2671 2886 2726 cordis
2934 2679 3110 2726 tamen
3153 2681 3385 2727 tremore
3411 2687 3516 2726 non

1933 2757 2102 2829 dixi);
2135 2754 2376 2829 profecto
2416 2759 2570 2816 fateri
2598 2762 2794 2831 debes,
2822 2772 3026 2818 natura:
3050 2763 3248 2819 Christi
3277 2778 3383 2817 non
3425 2777 3516 2818 so-

1935 2846 2045 2901 lum
2089 2849 2205 2903 sine
2251 2849 2530 2920 dispendio
2575 2850 2810 2907 defuisse
2844 2853 3005 2908 talem
3049 2853 3224 2907 carnis
3258 2850 3515 2922 concupi-

1934 2940 2214 3005 scentiam,
2239 2956 2423 2996 verum
2449 2942 2609 2997 etiam
2639 2957 2758 2997 cum
2786 2942 3137 3012 perfectarnm
3169 2942 3325 2998 laude
3351 2943 3516 2996 virtu-

1935 3035 2080 3094 tum,
2111 3029 2320 3099 qualem
2365 3031 2852 3101 concupiscentiam
2882 3034 3127 3088 novimus
3171 3033 3317 3088 carni
3356 3041 3520 3087 caete-

1933 3133 2116 3172 rorum
2166 3118 2438 3172 hominum
2475 3129 2529 3175 et
2557 3120 2792 3190 ipsorum
2837 3136 2943 3176 non
2970 3121 3160 3176 deesse
3189 3132 3516 3176 sanctorum.

1934 3207 2086 3275 Quod
2128 3216 2305 3263 autem
2332 3208 2469 3264 dicis
2488 3250 2504 3276 ,
2551 3224 2657 3264 non
2683 3225 2803 3266 esse
2829 3226 3161 3281 consequens
3188 3219 3247 3265 ut
3271 3211 3373 3265 hoc
3399 3225 3516 3264 ma-

1935 3300 2043 3355 lum
2074 3299 2176 3366 sit,
2207 3301 2414 3355 etiamsi
2445 3301 2710 3357 concedas
2739 3300 2791 3356 id
2830 3299 3096 3356 Christum
3127 3301 3360 3357 noluisse
3389 3315 3511 3355 sus-

1939 3389 2156 3460 cipere;
2184 3390 2320 3446 sicut
2354 3405 2460 3446 non
2494 3391 2616 3446 ideo
2642 3391 2914 3446 damnavit
2940 3392 3171 3462 nuptias,
3203 3392 3324 3462 quia
3352 3391 3521 3445 noluit

1937 3481 2137 3536 habere
2163 3482 2467 3551 conjugium
2497 3501 2511 3538 :
2547 3483 2649 3536 hoc
2685 3482 2752 3536 de
2777 3482 2995 3536 libidine
3024 3497 3276 3552 pecorum
3297 3482 3399 3536 diei
3427 3496 3521 3551 po-

1939 3580 2078 3638 test,
2111 3571 2303 3640 quibus
2345 3571 2465 3625 ideo
2494 3586 2598 3626 non
2641 3579 2728 3626 est
2773 3573 2969 3626 malum
2990 3613 3006 3639 ,
3036 3572 3158 3642 quia
3189 3587 3294 3627 non
3324 3571 3523 3627 habent

1938 3661 2161 3715 rationis
2191 3661 2419 3726 bonum,
2466 3661 2608 3715 unde
2650 3675 2777 3714 caro
2816 3676 3003 3715 eorum
3035 3677 3139 3716 non
3178 3661 3522 3730 concupiscat

1939 3751 2192 3806 adversus
2230 3751 2504 3820 spiritum;
2533 3750 2674 3819 quod
2702 3765 2832 3805 vero
2862 3752 3061 3806 resistit
3091 3752 3299 3821 spiritui
3347 3751 3522 3804 homi-

1849 3854 1858 3858 ’
1941 3840 2026 3895 nis
2067 3841 2296 3894 volentis
2345 3839 2520 3895 facere
2560 3841 2791 3906 bonum,
2834 3841 3162 3910 quantalibet
3196 3841 3524 3910 loquacitate

1939 3930 2036 3984 abs
2077 3939 2127 3984 te
2155 3929 2502 3996 defendatur,
2548 3944 2653 3984 non
2681 3939 2764 3985 est
2810 3930 3028 3984 bonum.
3057 3930 3144 3986 Sic
3186 3931 3344 4000 igitur
3367 3931 3522 3986 Chri-

1914 4045 1916 4048 -
1942 4030 2054 4075 stus
2083 4019 2336 4075 abstinuit
2355 4036 2384 4073 a
2414 4029 2631 4090 peccato
2650 4062 2665 4088 ,
2696 4029 2754 4074 ut
2779 4021 3070 4076 abstineret
3095 4023 3253 4076 etiam
3280 4022 3347 4076 ab
3376 4022 3523 4076 omni

1942 4111 2229 4180 cupiditate
2274 4111 2477 4180 peccati
2529 4127 2544 4164 :
2597 4125 2701 4166 non
2730 4120 2789 4166 ut
2836 4112 2887 4166 ei
2926 4113 3170 4167 existenti
3216 4113 3524 4180 resisteret,

1943 4205 2036 4260 sed
2060 4214 2116 4260 ut
2143 4205 2227 4259 illa
2254 4221 2523 4274 nunquam
2551 4219 2768 4275 prorsus
2789 4206 3075 4271 existeret;
3104 4211 3209 4260 nOn
3234 4206 3376 4276 quod
3404 4221 3522 4260 eam

1945 4312 2052 4350 non
2093 4305 2271 4366 posset
2312 4295 2510 4350 habere
2546 4297 2590 4350 si
2637 4297 2826 4360 vellet,
2857 4295 2950 4350 sed
2990 4311 3095 4350 non
3131 4299 3280 4351 recte
3322 4296 3526 4362 vellet,

1944 4385 2083 4456 quod
2113 4400 2234 4440 eum
2257 4399 2381 4438 caro
2410 4385 2614 4454 peccati
2639 4400 2798 4456 quam
2829 4400 2935 4439 non
2962 4387 3210 4456 gerebat,
3242 4386 3402 4440 etiam
3436 4387 3522 4440 in-

1947 4476 2110 4529 vitum
2142 4474 2341 4530 habere
2370 4490 2474 4528 non
2496 4484 2730 4544 cogeret.
2759 4475 2988 4530 Proinde
3015 4476 3104 4530 ille
3128 4476 3210 4530 vir
3239 4475 3528 4544 perfectus,

1947 4580 2052 4620 non
2083 4580 2180 4634 per
2223 4565 2708 4634 concupiscentiam
2758 4575 2943 4630 natus,
2993 4582 3114 4636 qum
3163 4565 3532 4622 indifferenter

1919 4657 2148 4726 .appetit
2171 4664 2226 4710 et
2270 4656 2455 4710 illicita
2497 4665 2551 4711 et
2579 4657 2750 4721 licita,
2797 4656 2890 4710 sed
2919 4656 2986 4710 de
3028 4655 3227 4726 Spiritu
3266 4665 3450 4710 sancto
3475 4665 3532 4712 et

1947 4749 2151 4818 virgine
2190 4749 2351 4804 Maria
2372 4791 2386 4817 ,
2423 4749 2672 4820 quidquid
2705 4750 3024 4819 concupivit,
3055 4750 3234 4815 licuit;
3267 4749 3528 4820 quidquid

1950 4855 2056 4894 non
2098 4840 2272 4907 licuit,
2304 4855 2411 4895 non
2437 4840 2761 4912 concupivit.
2790 4839 2956 4895 Natus
2983 4840 3124 4895 enim
3151 4840 3219 4896 de
3246 4856 3408 4895 carne
3433 4855 3532 4910 per

1951 4940 2190 4986 sanctum
2221 4930 2554 4999 concipiente
2579 4931 2831 5000 Spiritum
2853 4971 2866 4996 ,
2892 4929 3028 4985 absit
3065 4937 3123 4985 ut
3147 4929 3198 4984 in
3224 4944 3284 4986 se
3309 4928 3533 4986 haberet

1953 5022 2267 5078 discordiam
2295 5021 2470 5077 carnis
2497 5029 2551 5076 et
2575 5022 2810 5091 Spiritus.

2024 5114 2159 5170 LIX.
2190 5114 2309 5169 Jun.
2342 5113 2409 5168 Et
2435 5121 2492 5167 ut
2509 5127 2596 5168 res
2617 5112 2771 5183 plana
2790 5112 2968 5183 aliquo
2985 5111 3332 5168 confirmetur
3352 5127 3534 5168 exem-

1957 5205 2063 5275 plo,
2094 5203 2284 5258 melius
2312 5211 2395 5257 est
2421 5201 2617 5257 habere
2647 5201 2906 5256 rationem
2925 5242 2942 5268 ,
2973 5216 3130 5272 quam
3160 5215 3266 5254 non
3297 5199 3532 5256 habere:

1957 5297 2200 5352 homines
2228 5303 2402 5351 autem
2442 5294 2782 5350 rationabiles
2824 5292 2947 5348 facti
2983 5301 3140 5361 sunt,
3177 5307 3366 5362 pecora
3407 5306 3538 5346 vero

1957 5386 2334 5443 irrationabilia
2361 5402 2375 5442 :
2407 5400 2514 5440 non
2553 5392 2730 5440 tamen
2765 5382 2886 5440 ideo
2923 5383 3044 5454 quia
3080 5382 3311 5436 humana
3351 5389 3536 5436 natura

2025 5575 2039 5602 ι
2076 5567 2362 5629 vignierius,
2387 5561 2622 5629 coluisset.
2647 5565 2818 5629 Verius
2834 5569 2960 5623 Mss.,
2983 5558 3222 5611 immiscet.

2027 5633 2046 5662 ⁸
2080 5622 2380 5690 κ’ἰξιιίυτίιιε,
2487 5634 2542 5674 At
2557 5633 2692 5690 ltiss,
2712 5622 2820 5675 sibi.

2032 5695 2049 5724 ³
2083 5685 2162 5742 sic
2174 5697 2276 5740 uss.
2305 5685 2514 5748 Aticditi,
2533 5685 2714 5738 dicere.
