3980 6538
520 349 658 405 I575

516 465 944 535 quadrupedibus
973 469 1200 516 antestat
1221 501 1235 525 ,
1267 455 1629 529 quadrupedis
1657 463 1748 508 aut
1774 451 1969 507 malum
2002 450 2099 503 ali-

516 556 657 625 quod
678 597 692 621 ,
723 565 816 611 aut
842 554 1031 609 diaboli
1062 567 1195 622 opus
1222 566 1342 605 esse
1377 547 1600 604 dicenda
1627 554 1771 600 sunt.
1812 542 1918 599 Fac
1948 556 2097 611 ergo,

516 648 764 712 quoniam
791 644 1054 709 Christus,
1081 657 1199 696 cum
1226 657 1320 696 sua
1348 639 1584 695 membra
1611 636 1883 700 formarct,
1915 633 2100 688 nolue-

516 734 586 787 rit
610 734 688 788 eis
718 749 931 788 sensum
961 732 1256 787 admiscere
1283 729 1613 801 genitalium,
1643 742 1748 798 quo
1774 740 1964 780 usurus
1992 738 2100 777 non

514 835 631 876 erat
660 842 672 877 :
703 839 829 877 num
856 823 975 878 ideo
1002 839 1122 878 cum
1151 821 1299 877 Isaac
1317 864 1332 889 ,
1358 820 1554 886 Jacob,
1587 830 1641 876 et
1664 818 1901 874 omnium
1928 830 2101 872 mem-

518 912 612 967 bra
637 913 883 984 tingebat,
907 914 1090 983 eisque
1111 922 1165 969 et
1184 929 1367 968 sexum
1388 912 1547 966 dabat
1570 920 1625 965 et
1643 924 1880 975 sensum,
1903 905 2099 961 malum

517 1002 713 1072 aliquid
745 1002 1006 1058 faciebat?
1031 1004 1135 1058 Aut
1159 1003 1223 1056 ad
1249 1002 1364 1057 hmc
1390 1001 1608 1056 veniens
1629 1001 1669 1066 ί,
1701 999 1755 1054 ἰιι
1783 996 2102 1067 adjutorium

516 1095 809 1149 advocabat
841 1094 1108 1149 diabolum
1128 1135 1144 1159 ,
1176 1104 1234 1148 ut
1258 1093 1511 1148 membris
1539 1106 1657 1161 quze
1685 1090 1796 1160 ipse
1821 1101 2102 1157 compege-

517 1194 632 1248 rat,
666 1186 966 1239 necessaria
993 1185 1378 1239 oblectamenta
1407 1183 1692 1238 misceret?
1721 1179 1827 1234 Nec
1854 1179 2100 1248 exiguum

516 1272 802 1343 quidquam
829 1274 988 1344 igitur
1012 1274 1230 1329 omnino
1258 1274 1418 1345 (sicut
1445 1283 1498 1327 et
1526 1273 1581 1327 in
1612 1273 1740 1336 hoc,
1769 1280 1823 1324 et
1848 1269 1899 1323 in
1929 1269 2104 1338 priore

517 1377 698 1433 opere,
728 1366 837 1421 Deo
864 1365 1148 1435 adjuvante
1174 1362 1607 1434 monstravimus)
1636 1378 1731 1433 per
1758 1359 1952 1416 Christi
1983 1376 2104 1430 per-

517 1470 705 1511 sonam
743 1466 926 1513 contra
956 1458 1133 1512 divina
1161 1474 1322 1527 opera
1349 1456 1590 1512 obtinere
1624 1455 1861 1525 potuisti.
1902 1453 2105 1510 Claruit

518 1545 660 1599 enim
689 1547 819 1601 nihil
847 1549 1021 1603 minus
1046 1548 1113 1603 de
1136 1558 1324 1603 natura
1351 1545 1647 1611 hominum,
1674 1544 1963 1600 Salvatoris
1985 1560 2103 1599 cor-

519 1650 619 1704 pus
646 1636 916 1693 habuisse.

591 1728 727 1784 Auc.
757 1730 867 1784 Iino
895 1730 1084 1786 claruit
1115 1730 1385 1785 hominum
1413 1739 1678 1797 naturam,
1710 1729 1777 1785 ad
1801 1730 1943 1785 illam
1970 1730 2105 1785 intc-

520 1828 785 1889 grttatem,
813 1821 1205 1890 rectitudinem,
1229 1823 1477 1890 salutem,
1506 1821 1558 1876 in
1582 1836 1685 1892 qua
1715 1821 1956 1891 primitus
1978 1836 2103 1876 con-

521 1907 631 1962 dita
660 1920 741 1964 est
759 1952 774 1977 ,
808 1911 986 1966 minus
1015 1911 1128 1967 haec
1157 1911 1351 1967 habere
1391 1927 1532 1968 nunc
1558 1913 1754 1966 omnia.
1787 1911 1934 1967 Ilanc
1960 1912 2105 1968 venit
2154 1928 2159 1931 τ

519 1999 763 2057 Christus
791 2003 1185 2074 redintegrare,
1217 2005 1504 2075 corrigere,
1535 2014 1694 2075 atque
1720 2020 1931 2073 sanare,
1966 2006 2103 2062 inte-

517 2102 612 2162 ger
639 2093 753 2148 sine
784 2094 885 2149 ulla
923 2096 1296 2166 corruptione,
1331 2106 1510 2151 rectus
1543 2097 1658 2153 sine
1687 2097 1795 2152 ulla
1824 2098 2101 2167 pravitate,

517 2182 701 2237 salvus
728 2184 841 2240 sine
869 2185 969 2240 ulla
998 2186 1285 2256 cupiditate
1314 2186 1540 2255 peccati.

589 2272 702 2327 LX.
735 2275 854 2331 ἔω..
882 2277 961 2332 Ac
988 2293 1085 2348 per
1108 2278 1231 2344 hoc,
1266 2278 1316 2332 in
1343 2294 1406 2333 ea
1436 2287 1622 2335 natura
1648 2295 1753 2334 non
1786 2289 1958 2349 potest
1986 2295 2106 2338 esse

518 2370 817 2431 peccatum,
849 2381 968 2419 cum
998 2365 1048 2420 in
1076 2367 1165 2422 illo
1189 2368 1241 2422 in
1267 2384 1371 2439 quo
1400 2377 1504 2423 tota
1532 2378 1633 2436 est,
1657 2368 1786 2424 nihil
1813 2370 2105 2441 iniquitatis

520 2451 791 2507 inventum
820 2465 920 2509 est.

594 2543 726 2598 Anc.
768 2543 1102 2612 Immaniter,
1141 2547 1381 2615 Juliane,
1421 2547 1793 2620 blasphemas,
1824 2564 2106 2620 coaequans

518 2648 732 2689 carnem
762 2635 958 2692 Christi
1001 2647 1315 2694 umerorum
1358 2639 1630 2694 hominum
1675 2640 1856 2706 carni;
1900 2655 1997 2695 nec
2024 2641 2105 2695 vi-

518 2725 653 2781 dens
680 2726 824 2782 illum
852 2729 1063 2785 venisse
1091 2746 1196 2785 non
1229 2731 1279 2785 in
1308 2746 1468 2787 carne
1492 2733 1718 2802 peccati,
1751 2732 1845 2788 sed
1878 2734 1927 2787 in
1954 2734 2105 2789 simi-

519 2816 743 2873 litudine
763 2820 938 2875 carnis
959 2822 1159 2891 peccati
1187 2820 1360 2893 (Rom.
1384 2838 1495 2886 vtu,
1520 2822 1598 2893 ὅ),
1622 2821 1763 2893 quod
1784 2823 1927 2879 nullo
1947 2823 2106 2893 modo

518 2909 703 2969 verum
731 2919 892 2975 esset,
923 2912 1024 2966 nisi
1053 2923 1366 2967 ca-terorum
1397 2924 1540 2969 esset
1567 2929 1692 2971 caro
1717 2915 1940 2985 peccati.

590 2999 725 3054 LXI.
758 3000 878 3055 JUL.
915 3001 1358 3073 Concupiscentia
1404 3006 1583 3075 itaque
1623 3021 1878 3072 sexuum,
1909 3009 2023 3061 sive
2051 3007 2107 3062 in

519 3088 719 3144 Christi
764 3106 925 3147 carne
967 3092 1099 3162 fuit,
1143 3095 1255 3148 sive
1282 3110 1388 3149 non
1421 3095 1543 3161 fuit,
1577 3096 1716 3150 mala
1756 3104 1811 3150 et
1847 3095 2107 3153 diabolica

522 3192 629 3232 non
660 3177 902 3234 docetur.

591 3270 728 3326 Auc.
760 3270 1198 3342 Concupiscentia
1228 3273 1404 3330 carnis
1428 3275 1566 3332 mala
1593 3286 1674 3332 est
1693 3317 1709 3342 ,
1737 3285 1792 3333 et
1817 3277 2029 3351 quando
2055 3279 2106 3336 ei

521 3374 631 3414 non
657 3362 987 3417 consentitur
1014 3362 1080 3417 ad
1107 3365 1303 3419 malum
1333 3383 1347 3418 :
1378 3365 1490 3435 ipsa
1521 3375 1603 3421 est
1636 3366 1810 3433 enim,
1849 3383 1952 3438 qua
1980 3383 2107 3425 caro

518 3452 849 3522 concupiscit
876 3453 1136 3510 adversus
1161 3456 1439 3526 spiritum;
1469 3456 1676 3512 etiamsi
1706 3457 1961 3515 adversus
1987 3474 2106 3516 eam

519 3541 930 3611 concupiscente
953 3543 1142 3613 spiritu
1161 3586 1177 3614 ,
1203 3560 1310 3601 non
1343 3545 1582 3617 perficiat
1609 3548 1752 3619 quod
1779 3560 2022 3619 conatur,
2055 3552 2107 3608 id

520 3637 624 3697 est,
655 3645 791 3702 opus
823 3632 1045 3688 malum.
1536 3689 1541 3693 .

589 3722 748 3779 LXII.
779 3724 899 3780 Jun.
931 3724 1014 3780 Ad
1039 3726 1139 3782 alia
1168 3727 1245 3785 ire
1272 3727 1500 3798 festino,
1532 3729 1626 3787 sed
1653 3731 1874 3787 multum
1905 3732 1994 3788 hic
2022 3748 2107 3789 re-

518 3828 637 3867 rum
665 3812 1017 3871 admiratione
1044 3815 1267 3888 defigor.
1302 3817 1403 3886 Qui
1442 3819 1496 3874 in
1523 3819 1684 3875 alium
1705 3822 1726 3853 '
1757 3829 1934 3877 tantus
1962 3821 2109 3878 furor

518 3912 630 3970 est,
655 3913 714 3959 ut
741 3905 785 3959 si
812 3904 1114 3977 Scripturas
1143 3924 1249 3963 non
1285 3909 1535 3981 intelligis
1554 3952 1570 3979 ,
1599 3910 1681 3966 vel
1709 3920 1796 3967 tua
1829 3912 1969 3968 dicta
2001 3928 2106 3967 non

518 3993 822 4064 ponderes?
845 3995 939 4052 sed
978 3997 1052 4053 ita
1079 4001 1465 4070 argumentaris
1487 3999 1719 4071 jugiter,
1760 4010 1819 4057 ut
1853 4002 2107 4073 quidquid

515 4083 733 4153 ieceris,
758 4098 1000 4142 recurrat
1022 4088 1075 4143 in
1105 4097 1155 4144 te
1184 4088 1383 4159 impetu
1408 4090 1714 4161 grandiore.
1743 4091 1931 4146 Dixisti
1956 4108 2107 4146 nem-

518 4189 606 4245 pe,
629 4177 830 4231 nullam
857 4191 979 4233 esse
1003 4192 1217 4233 causam
1246 4178 1485 4249 pudoris,
1509 4190 1704 4250 praeter
1722 4181 2108 4252 concupiscen-

518 4265 647 4320 tiam
672 4267 851 4321 carnis
877 4267 929 4322 in
955 4268 1273 4338 genitalibus
1295 4269 1316 4301 ³
1345 4269 1574 4326 motibus
1599 4281 1961 4342 apparentem.

588 4355 722 4411 Αυε.
748 4355 864 4411 Νοη
896 4357 997 4413 Ιιοε
1024 4357 1155 4413 dixi.
1182 4358 1317 4414 Sunt
1345 4359 1485 4414 enim
1514 4368 1569 4416 et
1591 4360 1711 4417 alia:
1735 4376 1911 4417 causa:
1939 4362 2106 4433 pudo-

518 4445 615 4511 ris,
644 4446 759 4503 sive
788 4463 855 4503 ne
883 4446 976 4504 ﬁat
1001 4448 1201 4522 aliquid
1227 4450 1369 4522 quod
1396 4466 1502 4507 non
1529 4451 1703 4521 decet,
1733 4453 1846 4510 sive
1873 4454 1996 4525 quia
2025 4454 2106 4511 fa-

518 4545 663 4592 ctum
703 4547 806 4596 est.
852 4539 959 4596 Sed
1003 4540 1162 4611 hujus
1203 4540 1423 4610 pudoris
1463 4542 1532 4599 de
1573 4559 1679 4615 quo
1712 4560 1854 4601 nunc
1879 4545 2104 4616 agimus,

517 4642 640 4684 eum
681 4629 937 4700 quaeritur
975 4647 1167 4701 causa,
1212 4632 1304 4688 illa
1344 4634 1623 4690 verissima
1669 4635 1962 4706 reperitur,
2003 4650 2107 4707 qua

516 4717 715 4774 factum
745 4728 828 4776 est
855 4729 914 4776 ut
937 4721 1054 4778 haec
1081 4723 1318 4779 membra
1345 4724 1591 4794 pudenda
1616 4726 1829 4797 proprie
1851 4741 2106 4782 vocaren-

519 4817 634 4875 tur,
664 4825 782 4879 qum
808 4811 956 4880 prius
981 4811 1229 4883 pudenda
1258 4830 1363 4871 non
1392 4815 1635 4885 fuerunt,
1665 4817 1877 4888 quando
1903 4818 1977 4873 illi
2005 4817 2107 4872 ho-

517 4898 692 4954 mines
716 4900 845 4954 rccti
873 4908 1032 4972 atque
1057 4903 1276 4973 perfecti
1306 4905 1433 4961 nudi
1462 4914 1635 4973 erant,
1664 4915 1718 4963 et
1744 4923 1848 4963 non
1875 4907 2108 4979 pudebat

516 5003 629 5045 eos.
658 4989 810 5058 Quod
848 4993 892 5047 si
933 4994 1222 5064 prudenter
1255 4998 1491 5068 cogitare
1530 4999 1820 5067 voluisses,
1853 5014 1961 5055 non
1991 4999 2108 5071 ipse

517 5079 849 5149 impudenter
875 5083 1085 5139 veritati
1112 5085 1559 5143 manifestissimae
1587 5088 1893 5144 restitisses.

586 5170 767 5227 LXIII.
799 5172 918 5228 Jun.
964 5174 1098 5230 Esse
1137 5184 1315 5232 autem
1363 5176 1697 5249 sacrilegium
1725 5176 1767 5246 ⁸,
1799 5176 2105 5248 pudendum

513 5260 711 5333 aliquid
741 5265 881 5334 quod
910 5266 1047 5323 Deus
1075 5263 1268 5323 fecisse
1293 5267 1570 5335 credatur,
1604 5276 1798 5338 praeter
1824 5270 1964 5326 hanc
1987 5284 2105 5326 car-

514 5353 599 5410 nis
622 5355 1105 5426 concupiscentiam
1130 5356 1372 5428 judicare
1400 5376 1415 5415 :
1441 5358 1710 5416 Christum
1730 5374 1860 5416 vero
1883 5376 1988 5417 non
2010 5359 2105 5416 ha-

581 5532 599 5594 3
632 5530 792 5594 codex
815 5537 960 5594 Pot-L,
983 5538 1069 5594 aut
1090 5531 1195 5583 haec
1215 5531 1437 5594 patiens;
1457 5534 1655 5591 omisso,
1679 5535 1763 5584 ad.

577 5592 597 5659 ξ
632 5592 750 5641 Editi
772 5607 786 5641 :
808 5591 1115 5659 Cuimqtum.
1140 5591 1438 5659 castigantur
1460 5609 1556 5659 ope
1580 5596 1755 5646 codicis
1778 5604 1901 5647 Port.

577 5652 599 5717 θ
634 5659 781 5717 Ρρηοθ

578 5713 600 5743 δ
633 5715 707 5763 sic
727 5713 834 5782 uss:
865 5724 921 5782 at
956 5716 1093 5777 editi,
1115 5717 1417 5782 sacrilegimn
1466 5726 1517 5782 Et
1539 5718 1660 5782 infra
1689 5717 1944 5778 ferebant,
1970 5715 2101 5782 iniii-

514 5784 627 5825 care
641 5807 657 5837 ,
681 5787 785 5839 pro,
803 5774 1035 5840 judicare
1063 5774 1086 5830 ,ί
1105 5792 1192 5843 ac,
1214 5774 1565 5834 invErecuudiw
1580 5819 1596 5847 ,
1618 5779 1724 5835 loco
1736 5814 1752 5845 ,
1777 5774 2095 5835 verecundia

1189 338 1429 397 OPERIS
1466 331 1879 393 IMPERFECTI
1921 330 2193 388 CONTRA
2230 327 2596 400 JULIANUM,
2634 330 2689 387 S.
2732 328 3098 390 AUGUSTINI

3678 334 3700 389 I
3711 334 3789 393 δτι

2205 445 2383 500 buisse
2413 445 2550 500 hanc
2574 444 3051 517 concupiscentiam
3084 447 3286 512 carnis,
3327 461 3451 517 qum
3484 448 3790 504 mortalibus

2206 534 2332 590 facit
2355 551 2569 590 causam
2599 537 2831 607 pudoris.
2868 538 3003 606 Quid
3042 536 3200 608 igitur
3223 537 3290 593 ad
3318 537 3439 593 huic
3470 550 3794 603 occurreret,

2205 641 2314 681 non
2342 626 2548 691 vidisti,
2590 626 2837 683 videlicet
2865 627 3064 683 nudum
3103 642 3261 695 eum,
3303 628 3355 683 id
3392 636 3481 684 est
3506 627 3798 694 Christum,

2207 715 2589 771 conventiculis
2608 715 2856 773 debuisse
2880 716 3127 782 misceri;
3156 732 3257 772 nec
3278 717 3521 789 aliquem
3549 733 3801 774 verecun-

2206 806 2309 861 dia:
2335 806 2529 863 habere
2555 818 2876 878 respectum,
2904 823 2972 864 ne
2999 808 3330 880 sacrilegium
3358 809 3506 881 quod
3532 825 3804 867 commen-

2208 901 2337 971 taris
2371 900 2700 970 incurreret,
2728 902 2780 956 in
2805 917 2965 958 carne
2991 902 3237 959 videlicet
3264 917 3396 969 sua,
3440 918 3569 975 quae
3605 918 3804 959 concu—

2208 991 2519 1063 piscentiam
2560 1008 2667 1049 non
2708 992 2971 1061 habebat,
3006 993 3075 1050 de
3109 993 3220 1051 suis
3254 1004 3312 1051 et
3336 995 3521 1051 Patris
3554 995 3804 1065 operibus

2207 1083 2549 1140 erubescens.
2582 1084 2638 1139 Si
2678 1094 2855 1141 autem
2892 1085 2942 1142 ei
2986 1078 3515 1156 et'concupiscentia
3549 1101 3664 1140 non
3695 1084 3803 1151 fuit,

2207 1184 2262 1231 et
2287 1185 2465 1232 tamen
2492 1176 2579 1232 ille
2607 1185 2691 1232 est
2719 1176 2935 1246 pudoris
2965 1174 3176 1232 functus
3212 1177 3425 1244 oﬂicio;
3459 1175 3806 1232 irrefutabiii-

2210 1274 2290 1320 ter
2313 1267 2473 1321 etiam
2503 1265 2792 1322 secundum
2823 1274 2876 1322 te
2900 1267 3246 1337 approbatur,
3274 1267 3671 1325 verecundiam
3696 1281 3804 1323 eor-

2206 1358 2323 1427 pori
2353 1357 2584 1414 humano
2607 1357 2838 1415 debitam
2861 1400 2878 1426 ,
2909 1373 3012 1413 non
3039 1358 3224 1414 calori.

2276 1448 2412 1506 Anc.
2445 1448 2548 1503 Ista
2575 1458 2663 1504 tua
2688 1449 2895 1504 ratione
2921 1458 3028 1504 tam
3055 1459 3208 1504 acuta
3235 1457 3291 1505 et
3312 1449 3621 1521 exquisita,
3650 1449 3805 1507 debet

2207 1541 2388 1611 negari
2413 1541 2707 1611 baptismus
2734 1540 2951 1597 Joannis
2977 1540 3132 1597 datus
3158 1542 3319 1604 fuisse
3346 1543 3402 1596 in
3430 1542 3804 1613 paenitentia:

2208 1641 2567 1703 peccatorum,
2595 1634 2717 1705 quia
2743 1648 2808 1690 eo
2832 1635 3127 1704 baptizatus
3150 1642 3234 1690 εει
3260 1633 3542 1701 Christus,
3572 1633 3669 1704 qui
3695 1634 3808 1689 nul—

2207 1724 2318 1780 lum
2348 1725 2579 1781 habebat
2606 1725 2825 1781 omnino
2860 1734 3156 1795 peccatum.
3190 1724 3248 1780 Si
3276 1732 3459 1780 autem
3480 1724 3675 1805 potuit
3712 1725 3806 1778 alia

2206 1831 2388 1885 causa,
2417 1832 2521 1872 non
2550 1833 2611 1873 ea
2637 1832 2740 1888 qua
2766 1820 2966 1884 caeteri,
3001 1816 3291 1887 baptizari,
3324 1815 3375 1871 id
3398 1826 3513 1881 est,
3549 1831 3661 1870 non
3690 1832 3806 1885 pro-

2209 1915 2327 1976 pter
2352 1921 2568 1963 carnem
2598 1907 2822 1977 peccati,
2851 1923 3010 1978 quam
3036 1922 3142 1962 non
3168 1905 3434 1972 habebat;
3468 1906 3572 1962 sed
3594 1916 3808 1977 propter

2208 1997 2605 2053 similitudinem
2628 1998 2804 2053 carnis
2826 1999 3049 2068 peccati,
3076 2012 3234 2068 quam
3259 2013 3355 2067 pro
3379 1995 3671 2053 liberanda
3694 2012 3809 2067 pec-

2207 2088 2310 2143 cati
2338 2102 2498 2142 carne
2537 2095 2883 2156 susceperat:
2913 2088 3085 2158 potuit
3116 2087 3276 2143 ctiam
3313 2088 3567 2143 membra
3610 2094 3807 2158 tegere,

2208 2193 2314 2232 non
2345 2192 2407 2232 ea
2434 2192 2592 2232 causa
2620 2193 2722 2249 qua
2749 2178 2963 2243 caeteri;
2997 2176 3092 2233 sed
3134 2187 3191 2232 ut
3225 2177 3302 2232 sic
3340 2184 3678 2247 congrueret
3719 2194 3809 2247 pu-

2207 2266 2380 2324 denda
2417 2268 2744 2340 tegentibus,
2774 2268 2905 2325 nihil
2945 2269 3144 2325 habens
3172 2268 3518 2341 pudendum;
3549 2271 3809 2339 quemad-

2208 2359 2422 2414 modum
2439 2360 2735 2430 baptizatus
2749 2362 2995 2431 congruit
3011 2360 3411 2431 paenitentibus,
3430 2361 3574 2416 nihil
3590 2361 3812 2419 abluens

2207 2450 2594 2521 paenitendum.
2635 2451 2907 2507 Decebant
2946 2453 3142 2523 quippe
3180 2451 3597 2507 similitudinem
3641 2454 3811 2513 carnis

2210 2540 2446 2610 peccati,
2477 2556 2538 2596 ea
2564 2539 2754 2611 quibus
2782 2541 3053 2613 indigebat
3075 2557 3201 2597 caro
3224 2541 3454 2613 peccati.
3488 2541 3811 2612 Quanquam

2209 2640 2263 2689 et
2289 2632 2401 2703 ipsa
2429 2632 2637 2703 species
2662 2631 2881 2687 humani
2909 2633 3150 2703 corporis
3180 2632 3338 2703 nudi,
3372 2632 3711 2704 ubicumque
3738 2635 3813 2689 in-

2208 2724 2366 2779 solita
2394 2731 2498 2789 est,
2530 2720 2818 2779 humanum
2848 2724 3070 2781 offendit
3096 2735 3394 2795 aspectum.
3424 2724 3592 2782 Unde
3619 2735 3680 2780 et
3703 2728 3814 2780 Au-

2208 2816 2313 2887 geli
2359 2816 2447 2886 qui
2497 2815 2772 2872 hominum
2824 2817 3026 2873 similes
3074 2816 3379 2873 hominibus
3421 2826 3813 2889 apparuerunt,

2208 2906 2384 2961 vestiti
2412 2921 2671 2977 apparere
2702 2908 3021 2970 voluerunt,
3053 2908 3189 2963 sicut
3218 2907 3450 2964 humana
3476 2907 3815 2963 consuetudo

2210 2997 2480 3068 poscebat.
2513 2997 2620 3054 Sed
2646 2997 2762 3053 hate
2787 2998 3117 3054 consuetudo
3140 2999 3184 3054 si
3208 2999 3351 3056 unde
3371 3000 3647 3071 originem
3674 3013 3817 3055 sum-

2210 3091 2376 3160 pserit
2415 3089 2795 3159 recordemur,
2837 3091 3068 3147 occurrit
3094 3091 3249 3161 primi
3277 3106 3441 3147 causa
3470 3091 3725 3162 peccati,
3763 3092 3815 3146 in

2209 3181 2312 3238 illis
2334 3181 2661 3251 hominibus,
2689 3184 2779 3255 qui
2808 3182 3114 3255 priusquam
3143 3191 3446 3254 peccarent,
3475 3184 3743 3241 decenter
3763 3194 3817 3241 et

2208 3271 2434 3328 honeste
2459 3282 2611 3329 erant
2636 3273 2690 3329 in
2712 3273 2830 3330 loco
2852 3282 3012 3329 tantae
3031 3273 3371 3329 beatitudinis
3389 3274 3547 3341 nudi,
3575 3275 3815 3331 nondum

2210 3363 2411 3418 scilicet
2438 3362 2506 3418 de
2532 3379 2628 3418 sua
2655 3378 2817 3420 carne
2836 3404 2853 3432 ,
2883 3380 3004 3435 quae
3034 3363 3346 3420 inobediens
3373 3363 3815 3422 inobedientibus

2209 3452 2417 3509 reddita
2443 3462 2525 3509 est
2542 3496 2558 3522 ,
2599 3463 2785 3510 contra
2822 3455 3065 3525 spiritum
3095 3455 3512 3526 concupiscente
3535 3457 3555 3488 ¹
3581 3455 3811 3512 confusi.

2209 3543 2347 3600 Nihil
2371 3560 2498 3617 ergo
2525 3554 2577 3601 te
2603 3545 2817 3615 adjuvat
2841 3546 3038 3602 Christi
3063 3546 3247 3616 vestis,
3271 3554 3331 3603 ut
3354 3547 3814 3618 concupiscentia

2209 3635 2386 3690 carnis
2413 3634 2661 3691 defensor
2689 3636 2970 3707 impudens
2999 3652 3107 3694 non
3136 3640 3230 3692 sis.

2283 3724 2468 3781 LXIV.
2497 3725 2616 3782 σιω..
2659 3726 2820 3782 Vides
2858 3727 3015 3798 igitur
3059 3727 3253 3782 frustm
3296 3734 3350 3784 te
3389 3737 3679 3798 peccatum
3721 3745 3813 3784 vo-

2209 3829 2391 3882 casse,
2421 3817 2465 3871 si
2486 3817 2508 3848 ¹
2533 3817 2587 3871 in
2615 3815 2700 3873 his
2727 3818 2977 3888 cperibus
2995 3858 3010 3884 ,
3050 3833 3171 3889 qum
3198 3818 3339 3873 Deus
3363 3817 3492 3873 fecit
3512 3860 3529 3887 ,
3564 3820 3811 3875 velamen

2209 3905 2470 3961 fateamur
2492 3906 2871 3976 adhibendum,
2898 3907 3041 3979 quod
3066 3908 3323 3964 Dominus
3344 3916 3532 3964 noster
3555 3918 3616 3964 ει
3640 3910 3814 3965 homi-

2210 3996 2296 4052 nis
2324 3998 2579 4053 formator
2610 3996 2870 4067 instituit,
2912 4008 2967 4055 et
3003 3999 3164 4055 homo
3200 3998 3372 4056 factus
3408 4003 3680 4057 exercuit.
3716 4002 3813 4058 Det

2209 4101 2338 4143 sane
2379 4089 2586 4144 veniam
2625 4090 2925 4145 reverentia
2955 4090 3360 4162 Redemptoris,
3402 4092 3526 4163 quia
3556 4093 3627 4149 ad
3656 4110 3809 4149 asse-

2209 4177 2430 4234 rendam
2459 4178 2739 4235 veritatem
2765 4180 3026 4252 mysterii,
3052 4180 3579 4253 Maniclueorumque
3609 4183 3809 4255 flagitia

2208 4271 2529 4328 destruenda
2549 4312 2564 4339 ,
2592 4271 2861 4343 loquimur
2895 4272 2964 4329 de
2998 4288 3158 4329 carne
3186 4274 3302 4345 ejus
3330 4273 3627 4341 audacter;
3667 4276 3809 4346 quod

2208 4362 2311 4417 nisi
2346 4360 2479 4417 fides
2504 4361 2771 4433 exigeret,
2808 4363 3107 4419 reverentia
3133 4362 3375 4419 modesta
3403 4379 3510 4419 non
3539 4372 3806 4436 tangeret.

2280 4452 2418 4508 Anc.
2445 4450 2562 4507 Non
2591 4451 2848 4509 audacter
2883 4452 2951 4509 de
2975 4467 3137 4509 carne
3160 4451 3357 4508 Christi
3389 4451 3631 4523 loqueris
3660 4470 3805 4521 vera,

2209 4544 2305 4601 sed
2330 4543 2610 4600 infeliciter
2636 4543 2804 4612 falsa;
2837 4560 2941 4600 non
2971 4544 3040 4600 ad
3065 4545 3475 4601 Manichaeorum
3496 4587 3512 4612 ,
3543 4546 3688 4601 sicut
3715 4546 3806 4602 tibi

2209 4634 2466 4692 blandiris
2484 4677 2499 4703 ,
2527 4636 2722 4708 ﬂagitia
2751 4636 3073 4693 destruenda
3095 4679 3111 4704 ,
3144 4636 3238 4693 sed
3269 4637 3443 4708 potius
3478 4636 3803 4708 adjuvanda.

2209 4725 2267 4784 Si
2295 4726 2642 4782 Manichmum
2686 4727 2888 4798 cogitas
2928 4727 3181 4795 vincere,
3230 4727 3340 4782 noli
3372 4725 3565 4797 dicere
3605 4728 3806 4784 bonum

2209 4833 2330 4875 esse
2356 4818 2497 4890 quod
2528 4828 2610 4876 est
2636 4820 2870 4886 malum;
2904 4819 3000 4875 sed
3026 4820 3111 4875 die
3135 4819 3277 4875 unde
3301 4819 3372 4874 sit
3392 4818 3592 4876 malum
3612 4862 3630 4887 ,
3665 4820 3806 4891 quod
3826 4824 3845 4845 '

2210 4909 2495 4965 ostendere
2524 4924 2628 4965 non
2670 4918 2824 4980 potes
2860 4907 3079 4966 bonum.
3113 4909 3225 4965 Hoc
3252 4909 3395 4965 enim
3423 4924 3545 4966 esse
3570 4909 3643 4966 de
3668 4925 3808 4982 pra-

2210 5000 2537 5057 varicatione
2559 5000 2713 5072 primi
2738 5000 2972 5058 hominis
2996 5001 3120 5057 dum
3146 5016 3253 5058 non
3278 5001 3360 5058 vis
3377 5017 3499 5057 cum
3518 5002 3807 5058 Ambrosio

2208 5092 2390 5150 dicere
2418 5091 2755 5168 (Ambrosius,
2783 5094 2871 5149 lib.
2898 5093 2931 5148 7
2954 5094 3008 5149 in
3033 5092 3162 5149 Luc.
3184 5092 3281 5167 xu)
3299 5135 3315 5160 ,
3346 5093 3584 5165 profecto
3608 5095 3803 5162 efﬁcis,

2210 5191 2268 5239 ut
2314 5183 2382 5240 de
2428 5184 2603 5240 aliena
2654 5192 2843 5241 natura
2891 5182 3212 5241 Manichatus
3258 5199 3447 5242 verum
3493 5199 3555 5242 se
3596 5184 3805 5256 jactitet

2209 5273 2408 5332 dicere.

2279 5363 2441 5421 LXV.
2474 5363 2592 5421 Jun.
2635 5381 2656 5418 ι
2682 5364 2791 5422 Sed
2818 5365 2949 5434 iste,
2978 5383 2998 5420 ι
3029 5366 3206 5439 inquis
3226 5408 3240 5433 ,
3276 5384 3298 5420 ε
3326 5366 3497 5424 noluit
3523 5368 3802 5423 nominare

2207 5454 2689 5527 concupiscentiam
2713 5456 2922 5524 carnis;
2952 5464 3092 5512 tacet
3114 5456 3237 5528 quia
3266 5455 3445 5528 pudet,
3485 5471 3550 5513 ac
3568 5456 3731 5525 mira,
3754 5456 3799 5512 si

2207 5547 2310 5605 dici
2338 5554 2531 5619 potest,
2555 5545 2775 5617 pudoris
2798 5545 3123 5619 impudentia
3143 5547 3420 5605 nominare
3441 5546 3634 5618 pudet,
3655 5545 3797 5619 quod

3800 5668 3804 5693 ι

2272 5724 2286 5754 ⁸
2323 5721 2465 5777 editi,
2495 5718 3200 5783 concupiscentiiexmendatur
3224 5720 3286 5772 ad
3307 5726 3414 5772 Mss.
3438 5725 3549 5771 Har.
3576 5726 3629 5771 ct
3651 5712 3803 5783 me;

2268 5786 2288 5816 ¹
2322 5764 2640 5843 rasam;
2646 5764 2904 5847 ἷῖἶῶζ
2918 5764 3192 5835 Fel-17"“
3225 5764 3286 5772 ““
3308 5764 3413 5772 ”””
3443 5764 3549 5771 ““’
3583 5764 3629 5771 ’⁷
3651 5764 3664 5770 ’
3686 5764 3803 5843 ’Ὗ
