3980 6476
145 348 343 432 4377,

142 461 374 519 laudare
397 476 501 518 non
526 462 685 533 pudet
715 480 733 511 ι
768 458 867 533 (De
890 456 1095 528 Nuptiis
1124 464 1169 508 ct
1200 453 1632 525 Coucupiscentia,
1656 453 1743 507 lib.

142 536 204 619 2,
230 570 286 606 η.
319 550 434 621 17).
461 552 715 622 Displicet
742 550 901 621 igitur
930 547 1044 614 tibi,
1072 546 1194 617 quia
1223 546 1465 600 novimus
1491 559 1747 599 verecun-

142 640 303 696 diora
345 650 562 709 nostra,
592 641 881 697 secundum
923 636 1270 708 Apostolum,
1305 633 1603 693 necessaria
1643 631 1745 686 ho-

145 744 364 791 nestate
404 734 629 791 velanda
659 733 712 807 (l
739 733 857 788 Cor.
893 747 967 786 xu
988 773 1003 799 ,
1039 729 1170 801 23);
1202 728 1323 800 quia
1354 729 1407 782 in
1437 729 1538 781 hoc
1565 725 1745 780 consi-

146 826 287 882 lium
325 826 602 898 sequitur‘
641 825 983 892 Conditoris,
1028 833 1088 879 ut
1129 822 1271 893 quod
1318 821 1404 875 ille
1448 818 1501 874 in
1542 827 1747 875 secreta

146 917 401 988 corporis
427 925 578 987 parte
601 914 895 983 constituit,
924 928 1023 970 nos
1050 912 1267 968 totidem
1293 909 1594 966 verecundo
1620 924 1750 980 ope-

147 1009 359 1064 riamus
386 1007 624 1063 obtectu.

225 1100 368 1157 Anc.
395 1099 506 1155 Res
529 1098 664 1155 dicis
691 1096 983 1164 mirabiles,
1011 1104 1135 1152 tunc
1158 1094 1328 1150 Adam
1353 1101 1408 1149 et
1425 1093 1588 1148 Evam
1610 1091 1750 1148 Con-

154 1190 351 1259 ditoris
374 1205 493 1247 esse
517 1199 727 1246 secutos
749 1189 1053 1252 consilium,
1085 1186 1300 1258 quando
1322 1186 1439 1256 ejus
1463 1185 1748 1243 deseruere

156 1291 524 1352 praeceptum,
575 1279 848 1351 sequendo
894 1278 1174 1333 consilium
1226 1277 1544 1347 deeeptoris.
1596 1276 1750 1331 Prius

156 1374 306 1430 enim
352 1388 506 1444 quam
551 1372 655 1428 hoe
695 1372 893 1427 malum
938 1378 1370 1442 perpetrassent,
1414 1385 1536 1426 cum
1576 1370 1751 1425 adhuc

156 1471 345 1536 essent
368 1461 499 1517 recti
518 1470 677 1532 atque
700 1459 941 1531 perfecti,
962 1477 1070 1516 non
1089 1460 1449 1532 sequebantur
1468 1461 1748 1516 consilium

156 1553 488 1622 Conditoris,
516 1563 575 1608 ut
596 1553 737 1625 quod
757 1553 852 1610 ille
877 1553 934 1608 in
959 1561 1164 1609 secreta
1188 1553 1432 1624 corporis
1456 1562 1605 1624 parte
1624 1567 1751 1607 con-

156 1644 361 1711 stituit,
398 1643 596 1700 nudum
640 1644 1035 1714 relinquerent,
1077 1658 1179 1698 nec
1206 1642 1506 1698 verecundo
1535 1642 1752 1697 obtectu

158 1736 375 1807 operire
399 1736 685 1791 curarent?
713 1734 885 1791 Homo
912 1734 1404 1807 impudentissime,
1444 1734 1583 1805 quod
1624 1749 1747 1789 sen-

159 1838 349 1882 serunt
382 1828 598 1898 quando
635 1827 991 1896 erubuerunt,
1025 1827 1243 1884 laudare
1282 1827 1434 1899 pejus
1468 1837 1552 1883 est
1591 1842 1749 1899 quam

160 1917 385 1972 nudare.

233 2006 419 2062 LXVI.
457 2006 578 2063 Jun.
619 2006 727 2065 Has
773 2016 950 2064 tamen
990 2007 1348 2064 elocutionum
1393 2007 1748 2077 diversitates,

161 2114 295 2170 quas
324 2108 379 2153 tu
407 2114 512 2154 non
539 2099 714 2155 solum
740 2114 850 2155 non
878 2100 1103 2156 imitaris
1120 2143 1136 2167 ,
1165 2117 1348 2157 verum
1383 2101 1542 2157 etiam
1567 2102 1751 2157 crimi-

161 2193 327 2257 naris,
357 2207 583 2262 quarum
611 2206 710 2248 nos
736 2191 1051 2263 adjuvamur
1079 2191 1288 2258 ofﬁciis,
1319 2209 1425 2248 non
1455 2193 1752 2264 linguarum

162 2283 425 2346 omnium,
450 2281 542 2337 sed
562 2297 754 2353 graecae
774 2291 829 2338 et
846 2281 1026 2338 latina:
1045 2283 1217 2339 cultus
1241 2284 1460 2338 invenit.
1489 2282 1753 2340 Caeterum

163 2374 360 2444 lingua:
398 2373 549 2438 aliae,
580 2389 699 2444 quae
736 2375 1007 2430 naturales
1043 2383 1334 2439 vocantur,
1365 2375 1435 2431 ob
1474 2375 1574 2431 hoc
1610 2374 1754 2447 quod

163 2464 296 2520 nihil
327 2466 408 2521 eis
441 2472 533 2520 aut
568 2480 730 2535 opum
768 2473 862 2520 aut
901 2465 1091 2521 nitoris
1133 2465 1304 2521 studia
1342 2474 1522 2521 secuta
1563 2474 1753 2521 contu-

167 2554 365 2629 lerint,
412 2555 739 2626 simplicibus
778 2556 996 2611 omnino
1038 2555 1344 2612 nominibus
1390 2556 1755 2612 membrorum

164 2650 461 2704 abutuntur
485 2667 499 2702 :
529 2648 665 2705 unde
691 2656 746 2704 et
770 2648 911 2719 apud
939 2648 1224 2714 Hebrmos,
1255 2664 1483 2718 quorum
1507 2663 1755 2705 sermone

162 2738 558 2809 Scripturarum
596 2740 797 2813 puritas
824 2739 1155 2807 continetur,
1193 2740 1421 2811 propriis
1444 2741 1622 2796 omnia
1654 2756 1754 2798 vo-

165 2828 374 2883 cabulis
411 2828 729 2885 indicantur.

239 2921 380 2978 Auc.
407 2920 628 2976 Multum
650 2919 852 2976 falleris
880 2937 895 2974 :
925 2922 1075 2992 quasi
1102 2922 1153 2977 in
1175 2922 1392 2979 bebrmo
1413 2923 1625 2995 eloquio
1645 2939 1754 2981 non

165 3011 239 3073 sit
269 3012 471 3081 trepica
513 3011 745 3079 locutio,
793 3012 844 3067 in
880 3027 983 3083 qua
1014 3012 1196 3083 utique
1224 3029 1330 3069 non
1372 3015 1621 3085 propria,
1660 3016 1756 3075 sed

169 3101 422 3156 translata
469 3113 595 3157 sunt
637 3101 819 3158 verba.
866 3103 1065 3158 Verum
1110 3105 1212 3160 hoc
1250 3105 1633 3175 qualecumque
1661 3106 1754 3174 sit,

166 3193 292 3264 quid
323 3201 376 3249 te
403 3193 622 3265 adjuvat
638 3194 699 3249 ’ἲ
726 3194 785 3249 In
816 3194 1044 3251 hebrazis
1070 3204 1216 3252 certe
1247 3197 1413 3253 sacris
1438 3198 1652 3254 Litteris
1680 3199 1759 3256 le-

166 3284 339 3353 gitur,
368 3293 421 3339 et
446 3285 663 3356 quando
687 3285 760 3340 illi
790 3287 945 3357 primi
972 3286 1217 3343 homines
1245 3289 1371 3345 nudi
1402 3288 1630 3359 fuerint,
1657 3305 1758 3349 nec

168 3375 418 3445 puduerit
440 3391 571 3443 eos;
601 3386 656 3432 et
680 3377 894 3448 quando
918 3378 986 3434 de
1009 3394 1103 3434 sua
1130 3379 1369 3445 nuditate
1392 3381 1598 3437 confusi
1625 3383 1754 3455 sint,

169 3478 227 3524 et
250 3484 369 3539 qua:
405 3469 641 3526 membra
670 3472 897 3527 texerint
924 3471 1074 3546 (Gen.
1100 3490 1166 3539 ιι,
1189 3474 1379 3543 ἳὸ-ιιι,
1408 3475 1498 3547 7);
1537 3486 1598 3533 ut
1636 3494 1759 3549 pos-

171 3574 357 3615 semus
382 3576 539 3618 nosse
563 3563 687 3633 quid
717 3565 1005 3633 senserint,
1035 3575 1089 3621 et
1118 3566 1257 3622 unde
1287 3567 1490 3624 confusi
1520 3570 1649 3626 sint.
1677 3572 1756 3628 Tu

169 3652 218 3706 si
246 3651 326 3706 vis
352 3653 405 3707 in
439 3652 537 3709 hac
563 3668 724 3709 causa
754 3662 806 3710 te
832 3655 973 3712 unde
1010 3655 1353 3714 confundcris
1394 3666 1605 3731 tegere,
1635 3670 1755 3718 tan-

170 3742 292 3798 dem
334 3752 468 3799 tace.

240 3834 445 3890 LXVII.
486 3834 606 3891 Jun.
646 3834 952 3907 Eademque
997 3837 1301 3907 securitate,
1352 3826 1463 3911 qua
1499 3841 1666 3912 pedes
1702 3853 1759 3900 et

164 3941 359 3997 genua,
389 3927 553 3982 etiam
576 3927 827 3998 genitalia
856 3928 1132 4000 utriusque
1159 3944 1321 3986 sexus
1346 3941 1621 3989 vocantur.
1648 3935 1757 3992 Nos

167 4031 294 4070 sane
321 4030 422 4071 nec
448 4031 572 4071 cum
603 4016 703 4071 ista
732 4016 1053 4088 suffragetur
1076 4020 1386 4089 auctoritas,
1420 4021 1758 4093 pudentioris

168 4105 358 4175 eloquii
401 4105 723 4161 adminicula
774 4107 1103 4177 ncgleximus
1134 4126 1149 4163 :
1181 4110 1303 4179 quia
1354 4113 1756 4182 reprehensioni

168 4194 473 4263 justissima:
507 4205 673 4265 patet,
705 4196 823 4251 sine
858 4196 966 4251 ullo
1005 4198 1336 4270 negotiorum
1362 4212 1547 4258 coactu
1575 4206 1759 4275 negle-

171 4292 289 4339 etus
307 4285 537 4351 decoris,
565 4287 655 4356 qui
685 4302 791 4342 non
818 4287 994 4343 minus
1019 4288 1072 4343 in
1104 4289 1280 4346 verbis
1305 4308 1463 4362 quam
1493 4295 1545 4349 in
1576 4297 1756 4366 operi-

173 4375 296 4442 bus,
317 4386 567 4447 quantum
592 4379 867 4450 pertulerit
901 4395 1078 4436 causze
1110 4382 1267 4449 ratio,
1306 4385 1616 4443 retinendus
1652 4398 1754 4445 est.

176 4466 339 4538 Igitur
362 4468 485 4538 quia
508 4469 935 4540 concupiscentia
977 4470 1234 4527 naturalis
1277 4488 1377 4529 nec
1416 4475 1635 4545 puduris
1662 4493 1760 4549 op-

163 4557 393 4628 probrio
421 4560 589 4629 potuit
614 4562 844 4632 coargui,
871 4572 926 4618 et
945 4561 1249 4618 Conditoris
1276 4565 1357 4619 sui
1383 4565 1638 4637 dignitate
1661 4570 1759 4625 de-

175 4649 324 4705 fensa
350 4658 452 4718 est,
482 4648 548 4704 ad
583 4649 682 4706 hoc
704 4652 872 4706 solum
892 4692 909 4719 ,
959 4666 1066 4707 non
1092 4660 1149 4707 ut
1176 4654 1327 4724 quasi
1376 4671 1625 4727 magnum
1656 4659 1755 4714 bo-

172 4756 322 4808 num,
348 4739 547 4811 quippe
569 4741 710 4811 quod
738 4741 844 4796 sit'
871 4741 1175 4799 hominibus
1205 4744 1590 4818 pecoribusque
1612 4763 1758 4803 com-

173 4849 353 4899 mune,
383 4832 479 4889 sed
505 4834 656 4905 quasi
682 4834 1044 4890 necessarium
1073 4834 1291 4890 scribus
1322 4835 1754 4908 instrumentum,

160 4943 189 4980 a
228 4927 345 4996 jure
362 4926 666 4984 daemonum
689 4926 973 4993 vindicata,
992 4926 1133 4982 inter
1148 4926 1263 4996 ejus
1282 4943 1443 4999 opera
1470 4929 1755 5000 locaretur,

175 5018 263 5088 qui
284 5016 536 5072 mundum
559 5016 680 5073 fecit
705 5025 760 5072 et
782 5031 1005 5087 corpora
1030 5032 1061 5072 a
1088 5017 1232 5071 nullo
1252 5026 1432 5074 autem
1458 5028 1756 5090 accusatur,

176 5108 275 5163 nisi
304 5123 333 5162 a
370 5107 682 5173 Manichaee,
713 5115 770 5163 et
795 5106 1130 5163 Traduciano
1157 5106 1273 5178 ejus
1311 5107 1524 5165 bcerede
1549 5127 1563 5164 :
1593 5126 1759 5181 appa-

172 5180 296 5254 ret‘
321 5198 578 5253 naturalis
598 5198 822 5269 peccati,
855 5200 1007 5268 cujus
1035 5212 1195 5255 omne
1225 5199 1527 5270 prtesidium
1565 5180 1639 5257 in,
1661 5180 1758 5257 na-

242 5397 255 5427 ί
291 5402 448 5452 Forte,
470 5397 735 5458 sequimur.

290 5457 517 5534 {redies
527 5457 739 5534 9959's
765 5455 1283 5534 1855195595???"
1305 5457 1398 5534 ’φρ
1415 5458 1763 5534 ιιῖιαιεειιηιφιε

174 5518 253 5574 sit,
280 5515 396 5591 quid
417 5525 466 5590 te
487 5516 685 5590 adjuvat
704 5514 746 5589 ?.
765 5517 1047 5567 Restituitur
1069 5530 1132 5567 ex
1162 5514 1512 5592 manuscrip'tis.
1682 5514 1694 5526 ”

208 5581 262 5649 ,7³
296 5587 598 5642 \ugmerms,
642 5577 783 5630 absit.
847 5584 958 5629 nar.
1004 5576 1157 5641 clara,
1211 5582 1357 5634 adsit.
1415 5584 1577 5635 Codex
1612 5592 1756 5649 Pen,

175 5648 259 5733 ⁸³ιὶ
294 5701 571 5774 vignierius
585 5734 601 5760 ,
624 5705 828 5774 apparet
850 5705 1026 5752 autem.
1046 5701 1292 5755 ttedundat
1308 5705 1556 5770 particula,
1581 5716 1761 5773 autem,

174 5776 268 5815 nec
289 5770 368 5813 est
388 5769 438 5812 in
476 5769 826 5826 mammis.

1522 335 1722 391 LIBER
1762 334 2106 403 QUARTUS.

3298 360 3436 417 1378

1856 461 1986 508 tura:
2034 456 2496 520 criminationibus
2545 464 2800 536 hauebat,
2849 476 3015 526 totum
3045 475 3325 531 evanuisse
3373 479 3435 532 tl-

1852 557 2144 616 gmentnm.

1924 639 2060 695 Auc.
2102 641 2239 699 Ecce
2260 645 2434 703 adhuc
2458 648 2589 706 dicis
2612 655 3093 725 concupiscentiam
3117 662 3432 729 naturalem,

1852 744 1976 785 ecce
1999 730 2175 788 adhuc
2207 746 2462 805 quantum
2488 750 2658 809 potes,
2688 756 2987 816 susceptam
3021 758 3184 818 tuam,
3216 768 3283 807 nc
3308 769 3436 824 pos-

1853 819 1923 873 sit
1949 835 2069 890 qute
2095 822 2164 876 sit
2190 823 2678 902 intelligi,contegis
2689 835 2932 907 ambigua
2962 848 3108 898 veste
3128 819 3433 900 verborum.

1852 907 1958 965 Cur
1977 911 2119 967 enim
2146 928 2251 969 non
2271 914 2420 984 dicis,
2451 918 2891 992 Concupiscentia
2920 932 3130 996 carnis;
3161 933 3256 989 scd
3276 934 3433 1001 dicis,

1859 1017 1879 1051 ε
1911 1002 2337 1072 concupiscentia
2385 1012 2723 1067 naturalis?»
2771 1015 2959 1074 Nonne
3001 1024 3433 1092 concupiscentia

1854 1090 2194 1150 beatitudinis
2218 1105 2302 1151 est
2338 1102 2767 1172 concupiscentia
2796 1110 3089 1165 naturalis?
3125 1090 3235 1167 cin-
3264 1115 3438 1171 ambi-

1851 1197 1954 1253 gue
1977 1184 2249 1256 loqueris?
2275 1187 2444 1256 Quam
2474 1191 2722 1248 tuendam
2757 1198 3066 1267 suscepisti,
3104 1204 3309 1272 appella
3335 1220 3436 1260 suo

1854 1275 2071 1332 nomine
2101 1293 2116 1331 :
2147 1277 2274 1348 quid
2302 1280 2542 1337 vereris?
2582 1285 2662 1338 An
2697 1285 2748 1339 in
2784 1289 2920 1342 mala
2958 1305 3118 1346 causa
3152 1293 3269 1362 ejus
3299 1295 3437 1351 forte

1854 1367 2115 1435 turbatus,
2144 1369 2340 1426 oblitus
2369 1387 2428 1428 es
2453 1375 2579 1445 quid
2604 1380 2858 1433 vocetur?
2892 1380 3005 1436 Imo
3027 1379 3153 1439 vero
3184 1384 3436 1456 vigilante

1855 1460 2132 1527 memoria,
2152 1476 2257 1516 non
2278 1464 2355 1519 vis
2367 1478 2484 1519 eam
2498 1468 2672 1521 carnis
2693 1470 3173 1542 concupiscentiam
3188 1479 3434 1531 nomina-

1854 1563 1940 1602 re:
1960 1550 2096 1604 nosti
2118 1554 2257 1606 enim
2281 1554 2434 1610 laude
2455 1555 2569 1626 ejus
2589 1557 2786 1613 offendi
2801 1574 2914 1627 eos,
2937 1564 3026 1633 qui
3044 1563 3147 1619 hoc
3171 1581 3361 1622 nomen
3379 1566 3435 1623 in

1853 1634 2141 1708 Scripturis
2157 1644 2353 1698 sanctis
2374 1659 2477 1700 non
2503 1647 2599 1701 nisi
2620 1649 2669 1702 in
2688 1651 2767 1705 rei
2791 1652 2944 1708 malae
2961 1654 3345 1724 significatione
3361 1658 3438 1715 le-

1852 1740 2064 1799 gerunt.
2082 1731 2186 1787 Isto
2200 1744 2373 1790 autem
2392 1738 2607 1793 nomine
2620 1748 2793 1807 utens,
2812 1751 2864 1797 et
2879 1746 3152 1814 appellans
3174 1763 3291 1803 eam
3309 1765 3440 1805 con~

1853 1820 2232 1889 cupiscentiam
2258 1828 2573 1896 naturalem,
2597 1831 2734 1886 inter
2753 1833 2869 1904 ejus
2886 1850 3046 1905 opera
3069 1837 3246 1894 locare
3275 1855 3437 1896 cona-

1854 1912 1949 1978 ris,
1972 1914 2083 1983 qui,
2111 1924 2168 1970 ut
2184 1916 2315 1972 dicis
2331 1927 2384 1974 et
2402 1935 2580 1975 verum
2593 1933 2702 1990 est,
2726 1926 2969 1981 mundum
2985 1930 3101 1999 fecit
3130 1939 3177 1985 et
3187 1948 3400 2004 corpora
3417 1951 3437 1988 :

1854 2012 1975 2057 cum
1997 2003 2137 2061 dicat
2162 2022 2279 2063 eam
2309 2008 2540 2066 Joannes
2566 2028 2597 2067 a
2623 2014 2778 2071 Patre
2809 2033 2912 2072 non
2949 2035 3069 2076 esse
3111 2021 3159 2094 (1
3187 2003 3346 2078 lacn.
3376 2042 3436 2094 ιι,

1856 2092 1969 2164 I6).
2003 2094 2144 2150 Deus
2172 2098 2384 2167 quidem
2425 2102 2679 2158 mundum
2721 2105 2847 2161 fecit
2871 2118 2925 2163 et
2957 2092 3182 2181 corpora
3220 2092 3441 2184 prorsus

1856 2185 2036 2239 omnia
2068 2203 2082 2241 :
2114 2188 2208 2243 sed
2234 2198 2293 2244 ut
2319 2205 2512 2262 corpus
2539 2199 2881 2267 corruptibile
2907 2212 3158 2273 aggravet
3181 2207 3438 2279 animam,

1856 2285 1910 2330 et
1930 2289 2055 2331 caro
2079 2282 2416 2351 concupiscat
2439 2283 2692 2341 adversus
2712 2290 2974 2358 spiritum,
3006 2309 3111 2348 non
3138 2304 3219 2350 est
3243 2293 3443 2367 prteceé-

1857 2365 1990 2421 dens
2020 2377 2202 2423 natura
2230 2370 2460 2428 hominis
2498 2375 2752 2446 instituti,
2793 2381 2886 2436 sed
2914 2365 3259 2456 consequens
3286 2406 3441 2458 poma

1857 2456 2113 2513 damnati.
2145 2460 2190 2514 Α
2218 2463 2380 2531 nullo,
2409 2464 2604 2536 inquis,
2632 2480 2921 2539 accusatur,
2949 2474 3047 2529 uisi
3071 2493 3103 2529 α
3132 2456 3441 2548 Manichaw,

1856 2557 1904 2604 et
1929 2549 2252 2609 Traduciano
2273 2557 2382 2626 ejus
2411 2557 2628 2613 liwrede.
2661 2560 3022 2619 Contumelias
3066 2576 3181 2623 tuas
3213 2584 3333 2625 cum
3360 2572 3444 2629 bis

1857 2655 1945 2697 me
1969 2643 2213 2714 accipere
2236 2646 2479 2717 gaudeo,
2521 2666 2655 2720 quos
2698 2653 2752 2707 in
2794 2669 2880 2710 me
2919 2657 3133 2726 culpare
3168 2660 3362 2729 audes,
3391 2672 3447 2718 et

1858 2732 2135 2789 nominare
2171 2751 2276 2790 non
2319 2737 2502 2815 audes.
2543 2736 2691 2797 lta‘he
2737 2759 2843 2799 non
2888 2759 3100 2803 accusat
3142 2742 3444 2822 susceptam

1858 2827 2025 2891 tuam,
2062 2825 2152 2895 qui
2179 2825 2306 2881 dicit
2329 2831 2814 2900 concupiscentiam
2843 2838 3024 2893 carnis
3053 2839 3310 2899 adversus
3333 2845 3446 2915 spi-

1858 2914 2018 2970 ritum
2058 2931 2121 2971 ex
2152 2921 2586 2987 prtevaricatione
2626 2925 2782 2994 primi
2828 2927 3061 2986 hominis
3109 2934 3160 2988 in
3210 2914 3444 2993 nostram

1857 3006 2082 3061 vertisse
2126 3016 2368 3064 naturam
2413 3010 2752 3084 (Ambrosius,
2786 3018 2873 3072 lib.
2916 3021 2945 3074 7
2969 3021 3022 3075 in
3053 3021 3182 3077 Luc.
3220 3023 3357 3097 xu)?
3384 3029 3450 3082 Et

1859 3095 1978 3164 quis
2006 3105 2089 3151 est
2111 3096 2231 3152 hic?
2258 3100 2349 3154 Ille
2375 3101 2598 3170 scilicet,
2632 3108 2782 3175 cujus
2815 3109 2971 3165 fidem
3010 3123 3065 3167 et
3100 3095 3447 3184 purissimum

1859 3185 1912 3240 in
1938 3184 2227 3258 Scripturis
2255 3204 2492 3259 sensum,
2524 3195 2660 3249 sicut
2700 3212 2821 3253 emn
2850 3201 3092 3272 Pelagius
3114 3216 3299 3262 auctor
3327 3218 3448 3266 tuus

1859 3276 2111 3369 prtediCat
2137 3277 2424 3352 (Pelagius,
2470 3283 2533 3338 de
2568 3284 2749 3341 Libero
2784 3290 3025 3358 Arbitrio,
3068 3295 3156 3349 lib.
3204 3298 3268 3364 5;
3310 3300 3449 3369 apud

1857 3365 2216 3438 Augustinum,
2247 3372 2309 3425 de
2336 3372 2519 3428 Gratia
2542 3375 2749 3444 Christi,
2784 3398 2872 3436 uu.
2902 3384 2991 3450 46,
3020 3386 3136 3458 47),
3166 3404 3233 3443 ne
3266 3365 3448 3453 inimi-

1859 3474 1953 3515 cus
1977 3462 2191 3532 quidem
2218 3480 2381 3520 ausus
2422 3477 2503 3522 est
2547 3471 2959 3539 reprehendere.
3001 3479 3271 3538 Adversus
3304 3482 3448 3542 hunc

1859 3563 2221 3610 accusatorem
2264 3567 2404 3612 tuam
2443 3558 2669 3618 defende
2700 3578 3024 3637 susceptam.
3067 3570 3201 3626 lluic
3239 3573 3447 3630 doctori

1861 3659 2001 3712 meo,
2027 3654 2081 3701 et
2109 3646 2180 3701 illi
2221 3647 2476 3704 laudatori
2506 3651 2624 3721 ejus
2647 3653 2849 3710 doctori
2888 3668 2997 3723 tuo,
3026 3675 3124 3730 pro
3155 3662 3239 3717 illa
3261 3667 3445 3721 convi-

1860 3734 2022 3801 ciare,
2051 3746 2302 3807 quantum
2328 3748 2497 3808 potes,
2544 3753 2599 3796 ut
2644 3745 2993 3813 patrocinium
3032 3760 3181 3806 tuum
3222 3754 3446 3811 liberum

1860 3826 1990 3882 satis
2018 3834 2073 3881 et
2100 3826 2253 3883 fidele
2282 3827 2653 3900 demonstres;
2699 3850 2764 3890 ne
2810 3843 2863 3891 te
2905 3837 3245 3921 defensorem
3291 3859 3447 3901 suum

1863 3926 2109 3989 tanquam
2129 3920 2367 3983 timidum
2386 3922 2550 3977 libido
2569 3924 2782 3981 deserat
2800 3943 2815 3993 ;
2833 3932 3073 3999 quamvis
3097 3920 3318 3992 alterum
3341 3955 3447 3994 non

1861 4008 2114 4074 inveniat.
2142 4012 2230 4082 qui
2262 4029 2357 4082 pro
2386 4015 2472 4073 illa
2504 4017 2681 4073 minus
2711 4021 3011 4078 erubescat.

1933 4101 2165 4158 LXVIII.
2205 4103 2324 4161 Jun.
2366 4108 2444 4163 Ac
2482 4123 2579 4179 per
2617 4110 2717 4173 hoc
2759 4118 3063 4173 necessarie
3104 4119 3444 4193 interrogavi,

1860 4192 1985 4283 quid
2014 4209 2167 4248 suum
2189 4209 2537 4265 cognosceret
2564 4198 2808 4259 diabolus
2834 4203 2886 4258 iu
2916 4207 3152 4276 scxibns,
3180 4226 3277 4280 per
3304 4192 3446 4283 quod

1863 4282 2091 4339 fructum
2144 4300 2330 4343 eorum
2374 4288 2495 4358 jure
2537 4290 2886 4363 decerperet;
2942 4299 3032 4367 qui
3086 4317 3186 4357 nec
3231 4282 3445 4362 carnem

1861 4388 2217 4449 compegerat,
2251 4395 2353 4437 nec
2391 4383 2631 4440 membra
2676 4386 3015 4458 formaverat,
3062 4408 3159 4449 nec
3193 4398 3447 4466 genitalia

1860 4467 2104 4536 dederat,
2129 4486 2228 4527 nec
2255 4472 2574 4531 distinxerat
2599 4491 2807 4543 sexum,
2839 4497 2939 4538 nec
2966 4485 3272 4557 conjugium
3298 4490 3447 4546 ordi-

1862 4569 2100 4626 naverat,
2129 4579 2229 4620 nec
2248 4567 2705 4635 eommixtionem,
2732 4571 2848 4627 sine
2873 4591 2976 4643 qua
3001 4578 3305 4649 conjugium
3326 4597 3450 4640 esse

1863 4668 1967 4708 non
1993 4663 2185 4725 potest,
2212 4664 2304 4711 aut
2329 4656 2649 4715 fecunditate
2671 4661 3045 4736 bonoravcrat,
3069 4678 3162 4725 aut
3182 4672 3451 4743 voluptate

1862 4755 2208 4814 resperserat.

1933 4837 2069 4893 Anc.
2111 4838 2249 4893 Nihil
2297 4840 2486 4896 hormn
2524 4844 2738 4912 quidem
2785 4846 2985 4905 fecerat
3019 4851 3263 4911 diabolus
3297 4874 3313 4911 :
3351 4858 3448 4914 sed

1864 4929 2274 4985 inobedientiam
2305 4946 2639 5001 persuaserat
2661 4939 2841 4994 animo
2870 4941 3124 5012 humano,
3152 4963 3309 5016 quam
3335 4964 3450 5021 pm—

1865 5020 2001 5076 nalis
2028 5028 2083 5075 et
2110 5022 2353 5092 pudenda
2383 5026 2563 5081 carnis
2592 5027 2945 5086 inobcdientia
2975 5048 3315 5106 sequeretur;
3340 5020 3449 5095 iun-

1864 5110 1933 5168 de
1962 5122 2234 5182 peccatum
2274 5116 2529 5186 originale
2561 5119 2893 5188 traheretur,
2923 5142 3017 5196 per
3057 5130 3200 5200 quod
3222 5132 3451 5195 diabolo

1864 5203 2183 5259 subderetur
2205 5208 2294 5276 qui
2325 5216 2651 5277 nasceretur,
2675 5227 2795 5268 eum
2820 5216 3012 5275 eodem
3042 5221 3309 5288 periturus
3332 5224 3450 5279 dia-

1866 5290 1989 5347 bolo
2016 5294 2114 5348 nisi
2136 5306 2528 5352 renasceretur.

1935 5381 2123 5438 LXIX.
2161 5384 2280 5441 Jun.
2322 5387 2418 5441 llis
2444 5387 2621 5459 itaque
2651 5399 2705 5447 tu
2736 5393 3142 5453 dissertionibus
3164 5400 3203 5465 ⁸,
3234 5401 3453 5459 cervino

1869 5484 2032 5541 metu,
2064 5485 2118 5532 et
2140 5479 2360 5549 vulpino
2383 5480 2508 5537 dolo
2532 5483 2741 5540 obviam
2771 5486 2850 5543 ire
2880 5498 3130 5557 conatus,
3173 5491 3242 5547 ita
3277 5493 3451 5565 impo-

1869 5569 2019 5624 suisti
2047 5581 2269 5640 patrono
2298 5579 2390 5628 tuo
2414 5574 2480 5628 ad
2508 5590 2667 5646 quem
2694 5579 2885 5635 scribis
2903 5622 2917 5649 ,
2958 5590 3017 5636 ut
3051 5585 3298 5649 referres,
3326 5602 3455 5659 pro-

1872 5668 1989 5730 pter
2011 5674 2227 5716 sensum
2254 5665 2494 5733 corporis
2522 5670 2814 5724 naturalem
2833 5714 2847 5739 ,
2878 5670 2927 5728 id
2953 5681 3035 5730 cst
3071 5679 3455 5747 concupiscen-

1938 5772 1954 5807 ¹
1988 5772 2146 5824 code:
2173 5782 2317 5839 rort.,
2344 5775 2725 5833 discessimibus.
