3980 6476
571 387 709 446 1579

572 506 695 557 tiam
721 499 914 558 carnis.
946 493 1210 551 dominari
1233 491 1482 562 operibus
1509 497 1564 544 et
1589 485 1799 556 imagini
1825 484 1916 539 Dei
1941 479 2142 553 princi-

571 611 690 665 pem
739 591 1073 646 tenebrarum
1119 604 1132 639 :
1175 600 1297 640 cum
1336 596 1554 638 necesse
1597 587 1740 635 esset
1784 578 1852 632 ad
1891 575 2142 632 eumdem

567 693 808 752 spectare
827 689 1094 734 auctorem
1115 690 1330 731 sensum
1354 674 1547 738 carnis,
1578 671 1646 728 ad
1668 684 1825 742 quem
1841 667 2000 723 etiam
2021 681 2141 721 car-

567 775 648 828 nis
675 780 861 826 natura
889 767 1194 837 respiceret.

637 866 770 919 Anc.
809 860 942 928 Quid
971 859 1202 929 loquaris
1233 858 1465 927 ignoras.
1496 852 1653 910 Aliud
1679 860 1764 908 est
1800 864 1994 906 sensus
2019 863 2140 903 car-

566 955 666 1020 nis,
697 953 838 1008 aliud
877 950 1302 1019 concupiscentia
1323 947 1520 1010 carnis,
1563 960 1681 1016 qua:
1718 941 1940 998 sentitur
1981 953 2140 994 sensu

561 1056 616 1100 et
643 1047 834 1100 mentis
853 1052 908 1108 et
925 1043 1102 1097 carnis
1121 1059 1134 1096 :
1155 1041 1292 1094 sicut
1311 1039 1462 1092 dolor
1481 1037 1658 1092 carnis
1681 1052 1784 1090 non
1812 1035 1924 1104 ipse
1952 1047 2142 1087 sensus

561 1145 660 1195 cst,
694 1133 786 1188 sed
831 1133 930 1186 nisi
971 1145 1160 1188 sensus
1185 1129 1340 1196 adsit,
1369 1127 1553 1184 sectili
1587 1141 1690 1180 non
1733 1132 1926 1194 potest.
1968 1121 2139 1176 Sensu

563 1229 738 1294 itaque
763 1225 937 1278 carnis
964 1222 1052 1292 qui
1085 1230 1254 1276 tactus
1282 1230 1518 1285 vocatur,
1547 1233 1735 1288 aspera
1773 1225 1826 1270 et
1869 1215 2005 1268 lenia
2035 1211 2139 1267 dif-

562 1317 799 1371 ferenter
847 1325 903 1368 ut
935 1324 1123 1368 caztcra
1162 1313 1462 1367 sentiuntur
1499 1329 1513 1365 :
1560 1307 2140 1377 concup'scentiavero

558 1407 736 1461 carnis
785 1404 1142 1459 indifferenter
1181 1401 1363 1455 illicita
1402 1409 1456 1454 et
1498 1399 1636 1453 licita
1675 1399 1975 1466 cupiuntur,
2021 1410 2139 1464 qua:

559 1513 666 1552 non
712 1493 1155 1564 concupiscendo,
1207 1491 1304 1546 sed
1356 1490 1696 1560 intelligendo
1740 1487 2134 1558 dijudicantur;

560 1604 660 1644 nec
688 1589 756 1642 ab
777 1585 968 1642 illicitis
995 1585 1309 1646 abstinetur,
1333 1583 1434 1637 nisi
1453 1581 1896 1650 concupiscentia}
1923 1579 2139 1634 resista-

561 1687 666 1744 tur.
715 1677 831 1732 Non
874 1677 1034 1746 igitur
1069 1682 1320 1730 caventur
1347 1688 1506 1743 opera
1550 1672 1710 1737 mala,
1757 1672 1856 1726 nisi
1901 1671 2138 1726 frenetur

561 1761 1002 1838 concupiscentia~
1041 1767 1200 1829 mala,
1246 1781 1364 1834 quae
1403 1764 1497 1820 abs
1535 1773 1616 1829 te,
1659 1761 1922 1817 horrenda
1964 1762 2138 1830 impu-

561 1860 736 1920 dentia
772 1859 853 1914 vel
896 1857 1069 1930 potius
1107 1855 1356 1920 amentia,
1388 1855 1581 1909 dicitur
1611 1853 1747 1908 bona
1775 1871 1788 1906 :
1819 1868 1919 1908 nec
1945 1853 2138 1908 erube-

558 1955 684 2022 scls,
715 1969 818 2009 nec
843 1952 1110 2007 horrescis
1138 1959 1185 2004 te
1215 1949 1279 2003 ad
1315 1956 1513 2002 tantum
1542 1947 1772 2002 dedecus
1808 1947 2130 2016 pervenisse,

556 2051 614 2110 ut
643 2057 800 2097 nemo
825 2041 1078 2096 liberetur
1097 2056 1126 2094 a
1151 2054 1247 2094 suo
1275 2041 1431 2102 malo,
1465 2037 1563 2092 nisi
1593 2052 1698 2091 non
1725 2037 2020 2092 consentiat
2044 2045 2134 2090 tuo

554 2132 716 2204 bono.
758 2131 1193 2202 Coucupiscentia
1239 2130 1395 2200 igitur
1449 2130 1656 2194 carnis,
1701 2144 1801 2198 qua
1853 2129 2135 2198 cupiuntur

552 2209 671 2293 quae
697 2223 1060 2292 prohibentur,
1093 2237 1197 2275 non
1229 2229 1360 2275 esta
1389 2220 1566 2274 Patre.
1597 2219 1813 2274 Frustra
1845 2229 2017 2290 putas,
2048 2221 2132 2276 vel

552 2313 730 2383 potius
779 2313 860 2367 vis
903 2314 1095 2381 putari,
1137 2310 1228 2365 ubi
1257 2309 1358 2364 hoc
1399 2309 1633 2365 Joannes
1665 2311 1935 2380 apostolus
1975 2310 2128 2378 dixit,

550 2402 1031 2471 concupiscentiam
1061 2401 1237 2455 carnis
1264 2401 1486 2470 positam
1516 2416 1612 2470 pro
1631 2401 1868 2472 luxuria.
1895 2401 2121 2458 Prorsus

551 2491 598 2546 si
626 2507 731 2546 non
759 2499 838 2546 est
857 2506 884 2544 a
913 2491 1067 2545 Patre
1093 2491 1320 2553 luxuria,
1354 2505 1452 2545 nec
1480 2491 1566 2546 illa
1594 2500 1680 2546 est
1707 2507 1736 2545 a
1761 2491 1922 2546 Patre
1975 2492 2060 2546 cui
2085 2491 2130 2546 si

550 2580 930 2644 consentiatur,
959 2581 1189 2650 concipit
1217 2579 1459 2650 paritque
1487 2579 1771 2636 luxuriam.
1803 2580 1935 2635 Nam
1967 2581 2130 2636 moti-

550 2670 650 2726 bus
677 2670 808 2737 suis,
836 2669 1038 2740 Tquihus
1077 2670 1323 2740 jubemur
1345 2670 1372 2728 ί,
1403 2670 1682 2735 obsistere,
1723 2670 1846 2741 quid
1885 2680 2127 2738 conatur,

549 2775 750 2832 quasso,
791 2761 891 2816 nisi
941 2761 1008 2816 ad
1051 2761 1310 2816 luxuriam
1361 2763 1674 2832 pervenire?
1720 2763 1999 2830 Quomodo
2049 2773 2132 2820 est

547 2865 676 2923 ergo
701 2853 922 2921 bonum,
952 2869 1069 2923 quae
1099 2854 1375 2924 pervenire
1399 2863 1624 2910 conatur
1647 2854 1713 2910 ad
1739 2855 1978 2911 malum?
1999 2873 2130 2928 quo-

553 2941 714 2996 modo
741 2952 825 2997 est
847 2951 1085 2996 nostrum
1115 2943 1331 3008 bonum,
1363 2959 1483 3013 qua:
1509 2946 1790 3015 pervenire
1815 2955 2038 3002 conatur
2060 2947 2128 3002 ad

548 3032 788 3086 malum?
812 3031 1090 3098 Quomodo
1115 3041 1198 3087 est
1223 3041 1462 3087 nostrum
1485 3034 1701 3099 bonum,
1723 3051 1842 3104 qua:
1867 3050 1966 3090 nos
1979 3051 2129 3091 com-

556 3119 704 3188 pellit
743 3119 812 3174 ad
847 3121 1114 3174 malum”?
1153 3120 1455 3175 Sanandum
1481 3135 1564 3177 est
1588 3123 1746 3193 igitur
1775 3125 1877 3179 hoc
1905 3127 2125 3192 malum,

547 3209 777 3278 Iuliano,
816 3209 991 3264 divina
1021 3211 1284 3277 bonitate;
1327 3227 1432 3267 non
1473 3213 1702 3268 humana
1727 3216 1980 3285 vanitate,
2021 3217 2128 3272 ini-

545 3300 768 3371 quitate,
798 3299 1068 3370 impietate
1089 3301 1406 3356 laudandum
1429 3302 1472 3356 ³.

614 3389 776 3446 LXX.
816 3390 936 3445 Jun.
977 3391 1053 3446 Te
1076 3405 1203 3460 ergo
1228 3401 1445 3461 apparet
1473 3407 1577 3448 non
1607 3393 1871 3450 studuisse
1895 3404 1950 3450 ut
1975 3395 2127 3468 obje-

543 3491 627 3536 cta
653 3480 960 3545 refelleres;
987 3480 1080 3535 sed
1115 3489 1170 3535 ut
1194 3490 1418 3550 patrono
1437 3489 1550 3549 tuo,
1573 3481 1639 3538 ad
1660 3497 1815 3552 quem
1833 3485 2122 3554 scribebas,

545 3573 918 3628 miserabiliter
945 3572 1227 3639 illuderes;
1262 3582 1575 3644 pularetque
1605 3584 1656 3630 te
1685 3575 1818 3630 rude
1853 3575 2124 3647 quidpiam

544 3665 800 3722 detulisse
842 3663 984 3734 quod
1017 3663 1138 3733 jure
1181 3663 1456 3720 morderes
1502 3681 1516 3716 :
1558 3680 1681 3720 cum
1715 3665 1769 3720 id
1811 3665 1919 3736 jam
1964 3683 2123 3738 snpe-

543 3755 742 3808 riorum
791 3753 1137 3808 concessione
1191 3762 1246 3809 et
1299 3767 1583 3823 corporum
1632 3755 1964 3814 institutione
2007 3758 2123 3812 Iau-

543 3829 748 3901 (lassos.

615 3938 748 3990 Auc.
792 3934 1178 3990 Institutionem
1213 3934 1422 3990 laudavi
1467 3951 1782 4006 corporum,
1825 3954 1946 4009 quae
1986 3941 2126 3997 bona

542 4036 628 4082 est
655 4027 814 4082 etiam
841 4025 894 4080 in
919 4027 1058 4081 malo
1087 4025 1322 4093 homine,
1350 4042 1457 4080 non
1496 4027 1715 4092 malum,
1752 4027 1868 4084 sine
1895 4045 2001 4100 quo
2035 4047 2128 4085 ua-

544 4119 710 4174 scitur
753 4133 908 4172 nemo
938 4135 950 4170 :
979 4117 1121 4187 quod
1165 4127 1222 4173 tu
1263 4118 1448 4173 nolens
1490 4133 1611 4173 cum
1642 4119 1924 4176 Ambrosio
1947 4121 2126 4179 dicere

545 4210 686 4264 unde
712 4210 800 4274 sit,
823 4209 1040 4279 adjuvas
1058 4208 1404 4264 Manichmum
1427 4209 1690 4266 dicentem
1709 4212 1848 4281 quod
1869 4229 1936 4268 ex
1951 4213 2124 4270 aliena

545 4308 733 4353 natura
761 4299 851 4352 sit.

615 4385 800 4442 LXXI.
833 4386 950 4442 Jun.
993 4386 1183 4441 Fateor
1213 4397 1412 4458 tamen,
1435 4388 1592 4444 nimis
1619 4399 1672 4445 te
1695 4391 1976 4462 cogitasse,
1999 4393 2125 4465 quid

541 4477 782 4542 diceres;
821 4486 875 4532 et
903 4477 1169 4548 ingenium
1201 4487 1346 4532 tuum
1375 4487 1614 4548 apparet,
1644 4487 1698 4534 et
1719 4480 1952 4536 studium
1984 4499 1997 4536 :
2029 4498 2122 4539 so-

547 4567 829 4622 lertissime
854 4581 1074 4636 prorsus
1095 4566 1222 4636 quid
1249 4567 1592 4623 asserendum
1623 4579 1766 4625 esset
1799 4587 1896 4641 pro
1923 4573 2122 4641 peccati

545 4658 762 4713 traduce
787 4659 1120 4726 ponderasti;
1165 4673 1322 4714 nemo
1337 4660 1474 4714 alter
1493 4661 1734 4716 callidius
1769 4663 2002 4718 scribere
2024 4679 2122 4734 po-

549 4749 738 4803 tuisset
770 4764 868 4817 pro
891 4750 1118 4804 naturali
1147 4751 1286 4806 malo
1311 4770 1323 4805 :
1354 4751 1494 4822 quod
1519 4752 1731 4822 quidem
1773 4769 1874 4809 nec
1915 4763 1972 4809 tu
2011 4755 2123 4825 ipse

545 4845 654 4891 tam
695 4837 894 4891 urbane
937 4837 1162 4908 implere
1197 4841 1480 4909 potuisses,
1524 4841 1624 4894 nisi
1665 4841 1934 4912 ingenium
1974 4851 2120 4899 tuum

543 4926 780 4998 magistri
807 4927 1002 4982 veteris
1026 4938 1324 4984 commenta
1345 4928 1626 4999 juvissent.

617 5022 754 5074 Auc.
785 5019 1098 5090 Magistrum
1129 5022 1281 5090 plane
1308 5037 1504 5086 meum,
1535 5031 1590 5076 et
1613 5031 1798 5078 contra
1827 5033 1880 5079 te
1906 5033 1960 5078 et
1987 5039 2121 5081 con-

545 5119 625 5164 tra
652 5109 1022 5175 Manichmum,
1051 5111 1251 5182 glorior
1279 5125 1398 5166 esse
1435 5111 1637 5176 Jesum,
1667 5127 1825 5181 quem
1863 5113 2122 5170 conﬁteor

543 5200 708 5272 (quod
737 5211 788 5254 tu
820 5200 1002 5272 negas)
1033 5201 1192 5257 etiam
1233 5201 1569 5271 parvulorum
1598 5215 1716 5256 esse
1743 5201 1924 5256 .lesum
1955 5221 1968 5258 :
1997 5205 2117 5274 quia

541 5293 697 5360 periit
723 5291 911 5357 Adam,
939 5299 994 5346 ct
1022 5293 1072 5345 in
1111 5292 1200 5345 illo
1227 5307 1410 5346 omnes
1451 5292 1720 5362 perierunt
1751 5293 2117 5364 (Ambrosius,

537 5381 627 5434 tib.
655 5384 684 5434 7
701 5383 751 5434 in
771 5381 1008 5444 Lucaxv,
1027 5379 1148 5452 24);
1173 5395 1272 5436 nec
1297 5383 1397 5435 nisi
1424 5381 1492 5434 ab
1507 5381 1596 5435 illo
1609 5383 1696 5452 qui
1719 5383 1863 5438 venit
1881 5401 2121 5456 quaerere

605 5496 620 5523 ι
663 5495 887 5552 verbum,
901 5491 1146 5554 jubemur,
1173 5505 1238 5542 ex
1257 5493 1593 5555 manuscriptis
1613 5495 1930 5546 restituimus.

604 5557 624 5584 ι
662 5555 788 5616 Apud
815 5556 1110 5620 \‘ignierium
1122 5567 1140 5620 ;
1163 5554 1402 5620 quomodo
1421 5554 1628 5620 estergo
1651 5555 1838 5617 bommt,
1877 5571 1987 5620 qua:
2007 5571 2120 5620 per-

536 5613 919 5664 ventre’conattir
941 5617 1006 5665 aa
1033 5613 1257 5665 malunt?
1297 5615 1535 5727 gnomodo
1567 5613 1644 5668 225:
1665 5613 2086 5672 nostrain'bonitm
2101 5655 2118 5682 ,

537 5687 650 5727 vita:
670 5687 756 5726 nos
775 5674 840 5725 ad
854 5675 1034 5725 malum
1054 5675 1290 5727 compellit
1353 5675 1628 5726 Sanandum
1649 5685 1720 5727 est
1735 5714 1750 5727 .
1778 5687 1873 5727 etc.
1939 5689 1992 5727 si.

537 5687 650 5750 σιεεε
667 5687 756 5750 ."0!
773 5674 840 5750 9d
1052 5674 1334 5748 Familia?
1353 5675 1720 5750 ξφτφιάφπβδε
1732 5714 1750 5750 ν
1776 5687 1873 5750 εις·
1917 5689 1992 5750 ,διο

537 5737 792 5846 ὀπτηριὲ
853 5737 1188 5801 \‘ignierium',
1234 5737 1483 5802 htiqm'tnte
1534 5744 1582 5790 et
1623 5737 1865 5804 t'mm'etate
1911 5740 2116 5794 [truden-

1240 373 1482 431 OPERIS
1521 367 1933 426 IMPERFEC'I‘I
1968 361 2240 420 CONTRA
2281 361 2644 430 JULIANUM,
2684 361 2738 417 S.
2781 361 3146 419 AUGUSTINI

2213 5509 2216 5512 -
2294 5483 2424 5536 Anc.
2483 5479 2577 5534 Dic
2619 5480 2754 5536 tardi
2797 5481 3005 5553 ingenio
3057 5481 3196 5538 unde
3232 5495 3528 5542 nascuntur
3573 5504 3587 5540 :

3703 361 3842 419 {580

2248 479 2389 548 quod
2427 479 2684 549 perierat(
2707 477 2830 532 Luc.
2857 494 2974 544 xix,
3009 477 3073 532 I0
3093 476 3183 549 ),a
3213 475 3516 547 perditione
3541 473 3838 532 salvantur.

2319 567 2526 624 LXXII.
2565 569 2682 624 ιω..
2727 569 3027 623 Intellexisti
3057 569 3279 638 quippe,
3329 566 3580 637 parvulis
3613 565 3750 620 nihil
3775 567 3842 622 de

2247 677 2344 716 suo
2373 663 2734 727 merentibus,
2780 675 3110 730 nequaquam
3141 675 3297 729 posse
3325 659 3446 713 sine
3484 657 3842 714 damnatiom

2247 767 2559 824 corporum,
2605 754 2803 808 crimen
2845 752 2986 822 afﬁgi
3017 769 3032 806 :
3076 762 3130 807 et
3161 751 3280 806 ideo
3315 763 3452 820 opus
3480 764 3612 805 esse
3647 749 3848 805 auxilio

2245 843 2540 911 Mauichmi,
2567 845 2656 914 qui
2687 845 3166 913 concupiscentiam
3191 844 3367 898 carnis
3391 857 3424 897 a
3457 842 3558 898 Dei
3588 843 3846 912 operibus

2246 936 2570 1000 excluderet,
2604 943 2659 989 et
2688 945 2791 988 tam
2817 935 3023 1004 nuptias
3043 949 3199 1004 quam
3229 934 3340 1003 ipsa
3368 947 3610 1003 corpora
3631 931 3845 989 diabolo

2245 1028 2524 1097 deputarct
2551 1027 2773 1082 auctori.

2316 1121 2450 1176 Auc.
2494 1119 2603 1187 Ego
2645 1135 2748 1173 non
2787 1133 2921 1188 opus
2961 1117 3135 1172 habeo
3171 1117 3363 1171 auxilio
3391 1115 3690 1171 Manichaei
3715 1135 3730 1170 :
3757 1119 3842 1172 sed

2246 1211 2418 1280 potius
2441 1219 2622 1264 contra
2651 1225 2770 1265 eum
2799 1223 3056 1279 pugnans,
3086 1209 3338 1263 auxilium
3365 1208 3514 1278 quod
3547 1216 3608 1262 tu
3635 1209 3688 1262 ci
3717 1225 3844 1277 pra:-

2243 1310 2372 1366 stas,
2402 1317 2648 1372 expugno
2673 1301 2870 1355 auxilio
2901 1301 3012 1356 Dei.
3045 1301 3197 1370 Quod
3249 1301 3376 1355 mihi
3411 1310 3650 1371 prmstat
3689 1304 3840 1356 etiam

2243 1408 2336 1462 per
2359 1409 2488 1448 suos
2513 1393 2836 1447 clarissimos
2855 1392 3099 1458 comites,
3131 1407 3233 1446 nou
3256 1392 3430 1446 solum
3460 1390 3774 1460 Prophetas
3797 1405 3842 1447 et

2240 1486 2544 1555 Apostolos,
2572 1501 2796 1555 quorum
2830 1486 3040 1539 conaris
3080 1499 3362 1554 perversus
3383 1485 3402 1516 ¹
3445 1484 3596 1539 dicta
3631 1499 3841 1554 perver-

2244 1587 2383 1644 tere;
2416 1594 2597 1634 verum
2618 1579 2777 1632 etiam
2805 1578 3129 1648 posteriores
3147 1577 3394 1631 Ecclesia:
3415 1592 3537 1630 suae
3569 1577 3836 1640 doctores,

2241 1667 2518 1733 lrenmum,
2540 1668 2885 1738 Cyprianum,
2918 1667 3195 1730 Hilarium,
3229 1667 3610 1727 Ambrosium.
3647 1667 3842 1737 Grego-

2237 1758 2395 1825 rium,
2428 1758 2700 1822 Basilium,
2723 1756 3007 1822 Joannem,
3035 1757 3272 1832 aliosque
3303 1757 3602 1824 plurimos,
3635 1755 3742 1810 ﬁde
3771 1757 3840 1811 in-

2239 1850 2570 1919 tcgerrimos,
2613 1849 2824 1918 ingenio
2861 1848 3172 1914 acerrimos,
3214 1847 3462 1902 doctrina
3511 1849 3834 1910 uberrimos,

2238 1941 2372 1994 fau'ia
2401 1941 2776 1996 celeberrimos
2805 1957 2818 1994 :
2850 1939 2942 2010 qui
2962 1953 3170 2004 omnes,
3196 1939 3340 1992 salva
3361 1939 3525 1992 laude
3549 1953 3834 2009 corpora

2235 2039 2290 2086 et
2315 2031 2636 2100 nuptiarum,
2660 2027 2890 2084 confessi
2917 2037 3040 2082 sunt
3064 2027 3318 2097 originale
3336 2037 3654 2096 peccatum,
3673 2029 3836 2084 scien-

2237 2127 2316 2175 tes
2345 2120 2637 2184 Christum,
2670 2118 2810 2189 quod
2843 2119 3002 2188 impie
3019 2117 3113 2173 ves
3133 2120 3358 2189 negatis,
3387 2119 3557 2174 etiam
3589 2121 3834 2189 parvulo-

2235 2227 2352 2265 rum
2390 2225 2510 2265 esse
2550 2209 2751 2264 Jesum.
2795 2208 2914 2278 Ipse
2955 2208 3100 2264 enim
3145 2208 3353 2263 salvum
3400 2209 3530 2264 facit
3581 2210 3832 2279 populata

2233 2317 2408 2367 suum,
2433 2301 2484 2354 in
2508 2316 2613 2370 quo
2642 2310 2696 2354 et
2723 2299 2795 2353 illi
2825 2299 3026 2368 parvuli
3052 2307 3196 2367 sunt,
3226 2314 3334 2354 non
3357 2315 3390 2354 a
3413 2299 3672 2355 febribus
3699 2301 3836 2354 aliis-

2233 2407 2336 2460 que
2367 2391 2666 2460 hujusmodi
2709 2391 2948 2460 pestibus
2981 2399 3142 2461 atque
3185 2391 3417 2455 casibus,
3449 2391 3606 2462 quod
3643 2399 3698 2446 et
3737 2406 3832 2446 non

2233 2479 2545 2535 Christianis
2574 2481 2861 2535 abundanti
2899 2495 3058 2550 super
3083 2496 3299 2537 omnem
3339 2497 3568 2538 carnem
3599 2483 3832 2538 bonitate

2233 2569 2480 2640 largitur;
2532 2570 2622 2624 sed
2671 2571 2810 2625 sicut
2851 2569 3211 2635 Christianos,
3255 2585 3287 2625 a
3341 2572 3585 2640 peccatis
3649 2587 3830 2626 eorum

2232 2659 2443 2728 (Matth.
2465 2677 2500 2727 ι,
2516 2661 2575 2715 2|
2591 2667 2630 2732 ).
2656 2661 2765 2716 IIos
2782 2669 2922 2718 totet
2937 2669 3114 2717 tantos
3133 2661 3409 2716 catholicae
3421 2661 3694 2717 Ecclesia:
3707 2662 3832 2718 ﬁlios

2233 2761 2286 2806 et
2313 2761 2487 2821 patres
2505 2792 2522 2818 ,
2541 2753 2628 2822 qui
2647 2751 2748 2806 hoc
2760 2767 2876 2807 eam
2891 2753 2942 2806 in
2959 2751 3076 2822 ejus
3085 2752 3246 2822 positi
3257 2753 3492 2808 culmine
3506 2753 3830 2818 docuerunt,

2230 2843 2370 2911 quod
2392 2843 2443 2895 in
2465 2841 2582 2911 ejus
2607 2841 2768 2897 ubere
2780 2841 3103 2908 didicerunt,
3135 2841 3462 2898 Manichmos
3483 2842 3676 2900 dicere
3713 2859 3822 2900 non

2230 2931 2565 2998 reformidas;
2583 2941 2637 2987 ct
2652 2947 2771 2988 cum
2789 2948 2875 2989 me
2895 2949 3056 2988 unum
3076 2933 3226 3004 quasi
3246 2943 3432 3004 aperte
3450 2937 3696 3005 appetis,
3715 2937 3834 2992 illos

2229 3033 2427 3092 quanto
2465 3023 2749 3094 obliquius,
2794 3031 2942 3079 tanto
2986 3025 3320 3092 insidiosius;
3371 3035 3430 3081 et
3456 3037 3673 3097 quanto
3703 3028 3832 3084 insi.

2229 3115 2452 3180 diosius,
2483 3124 2629 3170 tanto
2657 3115 2942 3172 scelestius
2967 3116 3288 3171 criminaris.
3321 3115 3380 3171 In
3403 3116 3510 3172 hoc
3538 3125 3702 3174 tanto
3719 3135 3834 3174 sce-

2227 3204 2362 3272 lere,
2387 3214 2473 3260 tua
2503 3213 2554 3260 te
2579 3206 2800 3262 omnino
2821 3206 2980 3262 verba
3000 3207 3341 3262 convincunt.
3369 3206 3488 3263 Non
3521 3210 3675 3263 enim
3707 3209 3830 3263 mihi

2227 3295 2300 3350 ob
2323 3295 2466 3351 aliud
2496 3305 2599 3351 tam
2622 3297 2825 3352 nefario
2849 3299 3064 3354 nomine
3089 3299 3451 3368 calumniaris,
3485 3300 3594 3355 nisi
3617 3316 3746 3372 quia
3762 3301 3830 3357 de

2229 3396 2449 3458 peccato
2473 3389 2714 3459 originali
2736 3388 2856 3444 dico
2885 3389 3027 3460 quod
3052 3390 3255 3446 dicunt.

2299 3479 2532 3535 LXXIII.
2571 3481 2689 3535 Jun.
2731 3481 2883 3548 Quod
2923 3495 3051 3552 ergo
3091 3496 3121 3536 a
3169 3481 3396 3538 veritate
3445 3481 3766 3538 dcfunderis
3783 3484 3826 3548 ³.

2228 3571 2370 3642 quod
2413 3572 2644 3642 fugaris,
2688 3587 2863 3627 causa:
2909 3571 3036 3628 fecit
3080 3573 3388 3628 deformitas
3425 3589 3592 3644 quam
3641 3577 3824 3630 tueris.

2227 3661 2493 3717 Caeterum
2539 3663 2584 3716 si
2627 3660 2694 3716 ad
2755 3662 3059 3718 Catholicos
3100 3665 3324 3719 transire
3365 3664 3573 3732 velles,
3625 3677 3826 3735 quanto

2231 3761 2342 3805 tute
2357 3751 2402 3818 ³,
2433 3751 2486 3806 id
2517 3751 2656 3822 quod
2687 3766 2786 3806 nos
2823 3753 3134 3820 asserimus,
3161 3754 3461 3825 elegantius
3491 3771 3822 3825 exsequere-

2228 3842 2302 3895 ris
2325 3850 2379 3896 et
2409 3841 2636 3910 plenius.

2300 3933 2436 3986 Anc.
2478 3930 2522 3986 Ο
2546 3930 2776 3985 frontem
2812 3931 3122 4002 linguatam,
3161 3942 3506 4006 mentemque
3529 3941 3820 3992 caecatatn!

2228 4020 2374 4076 Itane
2400 4035 2528 4076 vero
2543 4021 2793 4077 catholici
2823 4039 2928 4078 non
2954 4033 3100 4091 sunt,
3126 4025 3318 4096 quibus
3349 4027 3598 4084 inhaereo
3617 4030 3690 4084 -in
3733 4032 3826 4086 bu-

2222 4112 2312 4182 jns
2339 4111 2458 4166 ﬁdei
2485 4114 2756 4178 societate,
2787 4130 2946 4184 quam
2973 4126 3156 4171 contra
3181 4125 3269 4172 tua
3292 4133 3428 4173 vana
3451 4119 3596 4175 dicta
3624 4131 3682 4176 et
3709 4137 3822 4176 ma-

2229 4203 2418 4258 ledicta
2446 4203 2708 4259 defendo?
2749 4205 3006 4262 Catholici
3034 4223 3139 4264 non
3167 4219 3309 4277 sunt,
3340 4220 3396 4266 ut
3422 4212 3562 4267 alios
3593 4223 3818 4280 taceam,

2228 4294 2552 4364 eosdemque
2591 4305 2850 4366 repetam,
2895 4299 3146 4365 Irenzcus,
3191 4301 3510 4372 Cyprianus,
3561 4305 3818 4370 Hilarius,

2228 4387 2560 4454 Ambrosius,
2601 4387 2912 4460 Gregorius,
2956 4391 3202 4460 Basilius,
3243 4393 3478 4449 Joannes
3507 4395 3818 4451 Constanti-

2225 4480 2596 4548 nopolitanus;
2644 4489 2695 4536 ct
2735 4483 2981 4538 catholici
3026 4494 3151 4537 sunt
3185 4483 3460 4555 Pelagius,
3503 4484 3814 4552 Caelestius,

2225 4567 2503 4624 Julianus?
2531 4569 2682 4625 Aude
2709 4570 2886 4626 dicere
2913 4572 3034 4639 ista,
3057 4573 3102 4627 si
3130 4584 3298 4642 potes.
3327 4573 3482 4642 Quod
3509 4575 3554 4630 si
3585 4592 3693 4630 non
3727 4593 3814 4630 au-

2225 4660 2341 4728 des,
2369 4676 2466 4715 cur
2488 4677 2591 4716 non
2620 4661 2794 4731 potius
2813 4662 2878 4716 ad
2907 4663 3023 4728 hos,
3055 4677 3084 4716 a
3111 4663 3305 4734 quibus
3331 4679 3430 4735 ego
3459 4681 3569 4720 non
3597 4668 3812 4734 recedo,

2227 4761 2284 4808 tu
2325 4753 2502 4809 redis?
2543 4752 2656 4809 Cur
2693 4769 2778 4809 me
2817 4755 3093 4822 admones,
3123 4765 3180 4810 ut
3205 4756 3274 4811 ad
3303 4757 3616 4814 Calholicos
3643 4770 3814 4815 trans-

2223 4845 2379 4899 eam?
2407 4844 2545 4900 Ecce
2565 4845 2824 4900 catholica
2842 4845 3061 4910 lumina,
3085 4847 3267 4902 oculos
3292 4849 3438 4918 aperi
3469 4867 3484 4903 :
3517 4858 3572 4904 tu
3595 4849 3666 4904 ad
3687 4851 3814 4904 istos

2225 4939 2413 5005 transi,
2444 4939 2634 5009 quibus
2651 4939 2996 4994 calumniaris
3017 4939 3067 4994 in
3091 4955 3204 5008 me;
3233 4949 3287 4997 et
3305 4942 3562 4998 continuo
3589 4953 3644 4998 te
3670 4959 3814 4999 com-

2225 5044 2411 5099 pesces
2429 5041 2586 5100 atque
2613 5031 2949 5085 obmutesces
2969 5047 2998 5085 a
3019 5047 3128 5086 me.

2294 5119 2528 5176 LXXIV.
2574 5121 2690 5176 Jun.
2724 5121 2976 5187 Quamvis
3015 5135 3119 5176 non
3165 5121 3386 5176 audeam
3417 5125 3805 5194 pronuntiare,

2224 5209 2435 5281 ingenio
2473 5221 2523 5265 te
2559 5211 2804 5266 affectum
2842 5212 2952 5266 acri
2977 5219 3030 5266 et
3053 5211 3228 5282 vigili,
3260 5211 3412 5284 cujus
3455 5215 3510 5268 in
3547 5215 3808 5270 electione

2223 5301 2546 5371 suscipiendi
2575 5303 2769 5372 negotii
2800 5301 2956 5358 video
2985 5311 3089 5358 tam
3121 5304 3327 5359 tardum
3359 5320 3422 5361 ac
3451 5305 3700 5364 deforme
3719 5308 3806 5379 ju-

2223 5392 2438 5448 dicium.

3637 5502 3806 5556 neque

2219 5572 2360 5626 extim
2407 5571 2526 5626 talis
2558 5579 2642 5627 est
2687 5571 2856 5627 Adam
2891 5573 3058 5629 factus
3089 5591 3104 5629 :
3137 5576 3228 5646 qui
3262 5591 3370 5632 non
3417 5578 3500 5634 vis
3543 5593 3642 5650 per
3695 5579 3803 5649 ejus

2286 5685 2302 5749 ξ
2338 5685 2411 5749 Sic
2431 5690 2539 5735 Ilss.
2565 5691 2620 5734 At
2642 5684 2779 5744 editi,
2797 5698 3014 5749 prorsus.

2283 5747 2304 5810 ξ
2340 5745 2404 5810 Ad
2425 5758 2555 5810 oram
2587 5754 2711 5796 Port.
2744 5745 2846 5798 ωε..
2871 5747 3176 5810 diffundens.

2287 5807 2307 5839 ³
2343 5809 2627 5871 \‘ignicrius,
2647 5814 2716 5858 tu.
2744 5819 2799 5858 At
2821 5807 3078 5873 tute.
