3980 6480
145 361 298 415 ίῦὃι

142 474 439 544 peccatum
468 472 518 527 in
543 471 780 527 deterius
806 471 1094 526 humanam
1124 479 1376 528 mutatam
1407 471 1570 528 fuisse
1596 477 1748 526 natu-

142 552 276 620 ram
299 582 314 629 ;
339 575 395 620 et
424 566 526 620 hoc
554 564 621 620 ad
638 565 817 620 omnia
844 565 966 619 vitia
989 580 1108 636 qua:
1133 567 1424 637 patiuntur,
1451 567 1641 622 obesse
1661 579 1754 620 na-

142 657 445 712 scentibus
475 658 514 709 ί.

231 747 452 802 LXXV.
492 746 614 803 Jun.
641 747 698 802 Si
733 748 876 803 enim
911 748 1328 804 incolumissima
1358 747 1491 813 ﬁde,
1525 746 1756 801 scholari

146 853 321 893 more
339 837 406 893 ad
434 838 794 894 ostendendas
811 839 1176 894 tantummodo
1205 838 1518 896 eruditionis
1549 846 1652 892 tua:
1675 837 1758 891 vi-

152 945 256 985 res
278 971 294 995 ,
337 945 402 986 ea
446 938 682 985 tentares
707 945 827 999 quae
869 940 994 985 sunt
1033 930 1230 985 invicta
1261 938 1580 993 concutere;
1609 927 1760 982 finito

154 1031 350 1077 tamen
396 1019 704 1076 certaminis
757 1020 983 1084 ludicro,
1028 1020 1114 1075 his
1153 1019 1344 1090 quibus
1387 1016 1762 1087 obloquebaris

155 1112 405 1182 palmam
428 1110 679 1174 daturus;
712 1110 1059 1180 probaremus
1078 1111 1370 1164 litterarum
1396 1109 1648 1172 studium,
1667 1107 1762 1163 sed

158 1201 526 1272 irreligiosum
553 1201 937 1270 castigaremus
961 1201 1288 1269 exemplum.
1326 1200 1492 1254 Porro
1521 1215 1642 1254 cum
1667 1199 1764 1254 do-

160 1309 297 1363 gma
324 1308 424 1348 nec
450 1291 920 1346 verisimilitudinis
940 1301 1192 1360 corrupto
1216 1292 1405 1346 saltem
1435 1291 1616 1346 colore
1642 1305 1764 1360 per-

163 1383 373 1447 fusum,
397 1381 535 1452 quod
558 1381 720 1436 nullis
749 1381 881 1451 legis
909 1381 1226 1437 testimoniis
1253 1381 1469 1454 (quippe
1495 1396 1762 1451 nunquam

165 1472 370 1527 rationi
406 1471 904 1544 praejudicantibus)
935 1475 1154 1542 potestis
1181 1474 1346 1541 tueri,
1370 1484 1425 1529 et
1453 1473 1556 1528 hoc
1587 1482 1762 1529 tamen

164 1563 449 1632 impietate
477 1577 571 1617 sua
599 1563 856 1630 horrens,
886 1564 1106 1619 stultitia
1137 1564 1344 1634 jacens,
1369 1579 1628 1634 nusquam
1663 1565 1766 1619 nisi

167 1654 318 1710 inter
354 1655 569 1724 inguina
604 1655 934 1710 voluntatum
961 1656 1005 1721 ’,
1037 1656 1342 1720 honestate,
1375 1654 1764 1725 disputatione,

169 1760 436 1816 sacraque
461 1733 580 1816 iege
604 1745 932 1808 confossum,
964 1746 1270 1815 turpissima
1297 1745 1658 1801 obstinatione
1680 1761 1768 1801 se-

165 1838 371 1903 cteris;
409 1839 754 1909 consequitur
778 1853 843 1893 ex
887 1838 1054 1892 tribus
1085 1854 1246 1892 unum
1269 1880 1284 1904 ,
1317 1847 1376 1893 ut
1403 1848 1492 1893 aut
1535 1839 1766 1907 plumbei

172 1928 244 1984 ad
277 1927 682 1998 intelligendum
714 1928 1008 1995 acuminis,
1040 1938 1132 1982 aut
1157 1927 1404 1984 maleﬁcii
1450 1928 1592 1983 illius
1625 1926 1769 1998 quod

174 2017 594 2074 Manichreorum
624 2019 891 2091 mysteriis
920 2019 1114 2088 teneri,
1146 2018 1304 2074 fando
1325 2020 1651 2090 accepimus,
1675 2034 1770 2074 ca-

177 2117 354 2175 tenas,
384 2116 478 2164 aut
503 2117 789 2180 utrumque
812 2108 969 2163 simul
997 2111 1200 2180 perpeti
1224 2110 1502 2180 iudiceris.

251 2202 389 2256 Anu.
424 2199 769 2266 Quantolibet
807 2199 1031 2254 rationis
1057 2200 1274 2254 nomine
1301 2208 1485 2255 contra
1529 2199 1773 2255 testimo-

180 2290 270 2346 nia
310 2289 524 2356 divina,
557 2305 677 2360 quae
714 2287 1035 2360 proferimus
1062 2290 1186 2355 tibi,
1231 2306 1468 2360 pugnare
1506 2290 1771 2357 videaris,

181 2395 293 2436 non
311 2380 402 2434 illa
427 2379 696 2440 subvertis
717 2396 734 2446 ;
757 2379 852 2435 sed
879 2388 932 2435 te
955 2389 1167 2447 vexant,
1189 2393 1310 2436 cum
1333 2381 1354 2412 ⁸
1379 2389 1561 2436 contra
1587 2380 1776 2435 stimu-

181 2473 295 2526 lum
332 2472 528 2528 caices.
570 2472 698 2538 Dic,
736 2481 992 2542 quantum
1022 2481 1208 2542 potes,
1253 2473 1392 2528 inter
1440 2473 1653 2542 inguina
1681 2487 1777 2528 vo-

184 2563 484 2628 luntatum,
511 2580 532 2614 ι
564 2561 656 2632 qui
686 2561 778 2616 tibi
797 2562 946 2628 dicit,
977 2571 1250 2632 expertem
1282 2579 1387 2618 non
1413 2578 1533 2618 esse
1557 2563 1773 2629 delicti,

189 2654 473 2724 utriusque
502 2669 663 2709 sexus
684 2653 1064 2708 commixtione
1078 2663 1394 2724 conceptum
1427 2653 1774 2728 (Ambrosius,

185 2745 242 2799 in
262 2741 507 2815 Isaiam).
532 2743 847 2799 Ambrosius
864 2753 950 2798 est
977 2743 1098 2809 iste,
1127 2743 1338 2799 .luliane
1356 2761 1371 2798 :
1391 2745 1505 2815 ipse
1523 2753 1574 2798 te
1593 2743 1776 2810 vincit,

187 2849 348 2906 quem
376 2851 482 2890 non
511 2835 681 2891 audes
707 2833 904 2905 negare
929 2834 1249 2890 catholicum
1268 2875 1285 2902 ,
1329 2851 1598 2906 nunquam
1633 2844 1780 2890 certe

187 2928 430 2983 dicturus
457 2941 517 2981 es
554 2926 924 2982 Manicbzeum.
954 2927 1091 2995 Quin
1121 2928 1281 2983 etiam
1312 2943 1398 2982 me
1423 2937 1516 2983 aut
1543 2928 1780 2998 plumbei

189 3032 312 3074 esse
339 3017 600 3073 acuminis
633 3018 701 3073 ad
729 3018 1129 3088 intelligendum
1153 3061 1171 3086 ,
1202 3027 1295 3074 aut
1321 3021 1490 3075 teneri
1519 3019 1780 3076 maleﬁcio

191 3107 492 3175 Manichazi,
520 3117 612 3163 aut
648 3117 932 3178 utrumque
965 3108 1122 3163 simul
1170 3109 1372 3179 perpeti
1408 3108 1665 3165 affirmas.
1704 3111 1782 3166 De

194 3198 470 3254 Manichaei
500 3198 766 3256 maleﬁcio
801 3199 884 3254 vel
917 3208 1008 3255 tuo
1051 3200 1332 3267 convicio,
1358 3199 1470 3270 jam
1515 3200 1613 3256 tibi
1637 3215 1782 3274 saepe

191 3287 589 3358 respondimus,
611 3297 665 3343 et
681 3289 1050 3359 opportunius,
1071 3304 1193 3344 cum
1209 3304 1344 3359 opus
1357 3305 1479 3346 esse
1495 3289 1778 3359 videbitur,

194 3376 370 3432 adhuc
399 3377 622 3434 forsitan
662 3378 1124 3449 respondebimus.
1165 3379 1316 3434 Nunc
1348 3379 1415 3435 de
1443 3380 1691 3450 plumbeo
1715 3379 1783 3436 ad

197 3468 601 3540 intelligendum
630 3471 907 3537 acumine‘,
939 3470 1191 3526 bmretice
1218 3472 1470 3538 verbose,
1497 3473 1780 3543 responde.

199 3559 370 3616 Nemo
387 3570 469 3616 cst
492 3570 637 3617 certe
659 3563 749 3632 qui
769 3562 956 3628 nollet,
977 3563 1022 3618 si
1050 3562 1102 3618 id
1121 3572 1266 3619 esset
1293 3563 1344 3618 in
1373 3563 1608 3619 hominis
1627 3574 1778 3635 pote-

201 3659 361 3716 state,
382 3651 593 3722 ingenio
613 3653 820 3708 vividus
843 3661 1004 3724 atque
1023 3653 1089 3708 ad
1111 3654 1508 3725 intelligendum
1534 3655 1784 3711 acutissi-

200 3759 321 3800 mus
345 3744 529 3809 nasci;
555 3754 608 3799 et
632 3759 791 3815 quam
820 3745 926 3800 rari
951 3746 1057 3800 sint
1080 3747 1200 3816 quis
1219 3748 1460 3818 ignorat?
1486 3747 1586 3816 Qui
1607 3757 1782 3802 tamen

199 3850 388 3891 omnes
431 3835 532 3906 ipsi
583 3836 928 3907 paucissimi,
985 3837 1028 3891 si
1057 3835 1290 3893 hominis
1332 3839 1424 3909 qui
1463 3837 1667 3908 primus
1703 3847 1787 3893 est

197 3927 389 3994 factus,
412 3935 792 3996 comparentur
817 3927 1051 3998 ingenio,
1071 3928 1306 3997 plumbei
1320 3928 1647 3998 judicautur.
1668 3927 1782 3983 Non

199 4019 336 4073 enim
362 4025 510 4082 tunc,
544 4019 682 4074 sicut
703 4033 863 4082 nunc,
886 4033 1082 4088 corpus
1105 4019 1448 4089 corruptibile
1468 4019 1788 4090 aggravabat

199 4110 426 4164 animam
467 4108 622 4182 (Sap.
671 4125 757 4172 ix,
806 4107 917 4180 15).
965 4109 1070 4163 Aut
1106 4109 1250 4164 enim
1289 4109 1632 4177 corruptibile
1676 4124 1784 4163 non

202 4207 334 4264 erat,
380 4199 502 4269 quia
534 4214 638 4252 non
665 4207 780 4253 crat
803 4199 1090 4253 moriturus
1112 4199 1303 4263 Adam,
1340 4199 1441 4253 nisi
1468 4207 1741 4268 peccasset
1769 4217 1783 4254 :

206 4297 290 4343 aut
323 4289 388 4349 si,
414 4298 469 4343 ut
493 4304 588 4342 vos
614 4291 733 4343 novi
758 4289 991 4344 hmretici
1012 4289 1202 4356 dicitis,
1230 4291 1328 4346 etsi
1359 4307 1463 4346 non
1487 4301 1784 4362 peccasset,

207 4380 496 4434 moriturus
518 4389 694 4445 esset;
733 4396 838 4434 non
873 4389 1048 4435 tamen
1082 4381 1150 4434 ita
1188 4391 1270 4435 cst
1294 4382 1596 4446 institutus,
1625 4397 1783 4452 quem

207 4469 380 4539 primo
405 4469 544 4525 Deus
572 4468 787 4539 fecerat,
815 4480 868 4526 et
885 4472 973 4541 qui
999 4472 1122 4526 mali
1148 4471 1322 4527 adhuc
1349 4474 1481 4527 nihil
1510 4471 1713 4529 fecerat
1741 4471 1782 4538 ⁸,

210 4571 265 4615 ιιι
307 4560 423 4631 ejus
451 4562 625 4616 anima
665 4578 889 4634 corpore
929 4573 1258 4634 gravaretur.
1299 4565 1430 4631 Quis
1473 4567 1614 4620 enim
1651 4565 1787 4620 hanc

209 4668 327 4708 esse
354 4668 566 4724 pmnam
598 4665 776 4724 neget,
805 4656 904 4710 nisi
936 4657 1024 4726 qui
1045 4657 1271 4726 amplius
1295 4659 1503 4712 cmtcris
1530 4673 1786 4728 aggrava-

208 4747 322 4800 tur?
353 4745 408 4802 Si
447 4761 576 4816 ergo
603 4746 924 4803 Manichmus
960 4749 1281 4820 interroget,
1305 4749 1443 4804 unde
1463 4749 1652 4804 sithoc
1683 4758 1788 4824 tar-

209 4838 386 4892 ditatis
407 4841 625 4902 maium,
646 4856 752 4894 non
782 4840 832 4893 in
851 4841 1181 4909 corporibus,
1207 4840 1301 4894 sed
1329 4841 1379 4894 in
1404 4841 1551 4909 ipsis,
1579 4841 1666 4895 ubi
1698 4842 1786 4895 Dei

209 4939 284 4984 est
306 4931 477 5000 imago
499 4931 724 5001 ingeniis
747 4931 1013 4998 humanis,
1035 4947 1154 5002 qua:
1178 4932 1394 4986 tarditas
1418 4934 1790 5004 pervenitgra-

211 5021 366 5075 datim
403 5038 568 5092 usque
606 5022 671 5077 ad
695 5022 991 5087 ridendum,
1024 5023 1106 5077 vel
1127 5025 1324 5092 potius,
1357 5025 1492 5078 sicut
1519 5023 1788 5093 Scriptura

211 5123 510 5168 commonet
539 5153 554 5180 ,
603 5129 770 5184 usque
810 5112 876 5168 ad
934 5113 1214 5183 lugendam
1261 5113 1553 5168 fatuitatem
1599 5114 1788 5188 (Eccli.

213 5217 318 5256 xxu
341 5245 354 5267 ,
389 5203 512 5276 lO):
541 5204 923 5274 respondemus
945 5220 1060 5272 uos,
1090 5215 1144 5260 et
1170 5206 1284 5260 hmo
1311 5214 1364 5260 et
1389 5208 1565 5261 omnia
1599 5219 1789 5264 cartcra

215 5295 368 5360 mala,
411 5309 533 5349 cum
570 5297 763 5365 quibus
799 5297 1017 5364 nasci“,
1057 5313 1253 5367 negare
1289 5299 1371 5353 vel
1412 5298 1655 5355 dubitare
1683 5317 1788 5356 non

273 5404 288 5434 ¹
326 5406 703 5470 Responsionem
747 5407 870 5455 hanc
911 5407 1157 5470 Augustini
1192 5415 1340 5458 totam
1365 5418 1664 5470 przetereunt
1688 5411 1792 5460 edi-

212 5465 384 5522 tiones,
418 5465 609 5534 tametsi
636 5479 695 5515 ea
729 5469 778 5515 in
801 5465 1026 5534 omnibus
1059 5465 1616 5534 _exstet__mauuscriptis,
1650 5472 1794 5522 Julia-

211 5537 323 5596 num
334 5528 532 5596 eodem
543 5536 837 5596 argumento
858 5530 1036 5589 premit
1056 5530 1207 5590 infra,
1231 5531 1316 5580 lib.
1342 5533 1389 5594 ὅ,
1414 5528 1518 5596 cap".
1548 5528 1623 5582 ll.

274 5587 294 5617 ’
325 5586 487 5639 Codex
511 5586 659 5650 Pori,
683 5586 991 5651 voluptatum.

271 5653 291 5715 ἒ
322 5654 406 5715 ut;
427 5653 647 5704 addimus
663 5691 678 5715 ,
703 5665 830 5710 cum,
861 5666 924 5715 ex
945 5652 1108 5715 codice
1133 5661 1257 5704 Port.

270 5713 292 5745 ⁸
323 5714 492 5784 tsthzec
514 5713 695 5775 verba”,
737 5713 905 5784 εις-ηιιὶ
925 5713 1056 5784 mali;
1076 5715 1237 5784 adhuc
1257 5715 1378 5768 nihil
1413 5718 1621 5784 fecerat,
1648 5721 1794 5772 resti~

213 5782 410 5826 tuuntur
433 5789 496 5825 ex
522 5785 748 5826 veterum
775 5775 1005 5824 librorum
1028 5775 1135 5826 ﬁde.

271 5837 294 5869 ⁸
326 5842 465 5887 l’orte
485 5837 775 5892 addendum.
800 5836 1026 5888 homines.

1519 348 1722 404 LIBER
1759 345 2100 414 QUARTUS.

3308 364 3447 422 1582

1865 483 2168 540 possumus,
2197 471 2490 541 primorum
2522 475 2749 530 duorum
2787 484 2843 532 et
2864 475 3089 535 altorum
3113 479 3308 537 deinde
3349 498 3446 552 pa-

1865 569 2074 614 rentum
2112 563 2342 629 peccatis
2383 579 2504 620 esse
2545 566 2856 634 tribuenda;
2885 570 3135 638 quoniam
3164 586 3273 626 non
3317 586 3445 642 pos-

1864 656 1990 703 sunt
2032 649 2192 705 tribui
2237 653 2570 709 nascentium
2601 655 2877 711 voluntati.
2920 658 3040 713 Alia
3087 659 3287 730 quippe
3333 662 3447 716 ani-

1866 738 2044 804 malia,
2068 748 2125 794 ut
2162 756 2284 796 eum
2308 745 2420 798 suis
2437 744 2650 813 generis
2685 747 2826 802 vitiis
2848 750 3100 805 nonnulla
3139 762 3444 820 nascantur,

1865 829 1991 898 quid
2030 829 2224 885 mirum
2263 833 2310 886 si
2343 833 2609 903 accipiunt
2649 835 2764 892 hate
2805 839 2947 893 noxii
2995 841 3212 910 Spiritus
3255 843 3306 896 in
3350 859 3446 913 po-

1869 927 2134 986 testatem,
2156 921 2604 990 quemadmodum
2630 941 2842 996 porcos,
2867 935 2926 981 ut
2944 931 3208 997 novimus,
3229 945 3452 1002 accepe-

1867 1019 1992 1064 runt
2013 1009 2224 1081 (Matth.
2255 1027 2374 1078 vui,
2402 1012 2536 1085 '52)?
2573 1014 2674 1082 Qui
2715 1017 2927 1086 maligni
2957 1019 3176 1088 spiritus
3205 1030 3447 1089 possunt,

1869 1101 2006 1156 sicut
2032 1101 2276 1157 homines
2304 1103 2692 1159 irrationalium
2732 1107 2972 1162 membra
2999 1109 3309 1166 animalium
3329 1153 3346 1177 ,
3374 1112 3448 1166 ita

1870 1191 1944 1246 illi
1959 1193 2118 1247 etiam
2164 1193 2276 1262 ipsa
2310 1194 2515 1248 semina
2547 1195 2755 1251 vitiare.
2789 1196 2864 1251 De
2893 1197 3198 1254 hominibus
3225 1202 3450 1270 quaestio

1870 1291 1980 1348 est,
2011 1283 2062 1336 in
2085 1283 2276 1352 quibus
2306 1283 2398 1338 Dei
2425 1283 2600 1356 imago
2629 1301 2898 1356 nunquam
2929 1288 3262 1345 diversorum
3293 1292 3454 1346 vitio.

1870 1388 1988 1428 rum
2010 1413 2024 1437 ,
2052 1388 2174 1429 cum
2203 1375 2394 1444 quibus
2419 1389 2512 1430 eos
2538 1377 2683 1431 nasci
2709 1377 2950 1433 videmus
2967 1419 2982 1444 ,
3014 1395 3202 1449 ptenas
3240 1389 3465 1450 patere-.

1872 1472 1992 1530 tur,
2023 1479 2155 1534 quas
2193 1465 2301 1535 pati
2338 1481 2444 1522 non
2470 1475 2653 1536 posset
2685 1468 2939 1538 injustas,
2980 1471 3082 1525 nisi
3108 1473 3338 1541 peccatis
3370 1474 3457 1542 gi-

1869 1556 2140 1625 gnentium
2163 1556 2587 1626 praecedentibus
2615 1575 2630 1613 :
2649 1559 2790 1628 quod
2806 1575 2902 1615 vos
2921 1570 3196 1632 negantes,
3224 1572 3276 1618 et
3297 1561 3458 1619 ﬁdem

1871 1649 2188 1705 catholicam
2227 1650 2505 1717 deseritis,
2534 1659 2589 1706 et
2623 1651 2898 1707 Manichzci
2921 1652 3113 1723 dogma
3156 1653 3418 1709 nefarium
3439 1695 3457 1721 ,

1872 1748 2126 1809 quantum
2151 1749 2338 1810 optare
2363 1755 2470 1795 non
2499 1755 2662 1796 ausus
2687 1751 2790 1808 est,
2816 1741 3098 1812 adjuvatis,
3131 1752 3189 1798 ut
3215 1744 3316 1798 sibi
3341 1759 3460 1799 cer-

1875 1840 1958 1885 tus
1983 1845 2309 1901 securusque
2338 1832 2596 1898 videatur,
2621 1833 2898 1889 hominum
2918 1835 3162 1904 opificem
3203 1851 3308 1890 non
3330 1853 3462 1892 con-

1875 1923 2012 1978 ﬁteri
2049 1938 2234 1978 verum
2272 1923 2472 1990 Deum,
2500 1923 2596 1979 sed
2623 1933 2837 1994 gentem
2871 1926 2889 1957 ι
2930 1926 3267 1982 introducere
3311 1935 3462 1983 tene-

1875 2010 2112 2067 brarum.

1947 2124 2182 2180 LXXVI.
2209 2125 2327 2182 Jun.
2355 2126 2463 2181 Nos
2492 2141 2621 2182 vero
2642 2126 2775 2181 nihil
2813 2125 3088 2194 habemus,
3113 2129 3254 2200 quod
3283 2130 3334 2185 in
3363 2147 3462 2186 no-

1875 2223 1991 2270 stro
2015 2215 2383 2271 admirandum
2409 2217 2689 2271 credamus
2711 2218 2943 2288 ingenio,
2962 2218 3086 2288 quia
3115 2220 3461 2291 intelligimus

1877 2319 1978 2359 nec
2005 2313 2280 2376 peccatum
2310 2307 2425 2362 sine
2450 2307 2722 2363 voluntate
2742 2348 2756 2371 ,
2786 2323 2886 2364 nec
2923 2310 3040 2365 sine
3063 2311 3176 2367 Deo
3199 2326 3423 2382 corpora
3444 2354 3461 2380 ,

1879 2413 1980 2453 nec
2006 2398 2123 2453 sine
2148 2399 2462 2468 corporibus
2485 2414 2674 2454 sensus
2699 2415 3005 2470 corporum,
3037 2417 3138 2458 nec
3167 2403 3283 2458 sine
3309 2419 3459 2458 com-

1879 2491 2136 2546 mixtione
2165 2491 2440 2562 coniugia,
2469 2506 2570 2547 nec
2597 2492 2713 2547 sine
2757 2493 2868 2547 Deo
2914 2503 3197 2563 operatore
3233 2497 3467 2551 existere

1881 2595 2042 2652 posse
2071 2590 2354 2637 nascentes
2382 2599 2395 2634 :
2420 2591 2474 2637 et
2500 2581 2859 2638 indubitatum
2886 2593 3155 2649 tenemus,
3190 2601 3361 2656 neque
3388 2587 3470 2642 di-

1882 2671 2061 2726 viuum
2092 2687 2232 2740 esse,
2264 2672 2406 2743 quod
2431 2672 2687 2728 doceatur
2705 2674 2957 2743 injustum
2979 2691 2996 2741 ;
3021 2690 3195 2746 neque
3219 2676 3364 2746 quod
3389 2677 3472 2731 di-

1884 2761 2068 2816 vinum
2097 2763 2187 2828 sit,
2211 2776 2370 2833 posse
2399 2762 2654 2833 injustam
2683 2764 2884 2819 doceri.
2914 2764 3032 2820 Non
3059 2767 3236 2821 minus
3262 2774 3467 2834 autem,

1884 2867 2044 2923 quam
2073 2867 2138 2909 ea
2163 2868 2283 2923 qua:
2308 2852 2562 2921 diximus,
2587 2855 2789 2910 relucet
2815 2870 2936 2910 esse
2971 2856 3230 2927 iniquum,
3263 2856 3310 2912 si
3331 2857 3470 2912 alio-

1887 2957 2008 2998 rum
2034 2952 2255 3014 peccata
2278 2944 2415 3009 aliis,
2451 2945 2539 3015 qui
2572 2945 2644 2998 ibi
2669 2960 2770 3000 nec
2789 2945 3004 3010 fuerint,
3029 2947 3224 3002 nedum
3241 2961 3474 3004 consen-

1883 3033 2086 3102 serint,
2141 3034 2488 3104 imputentur.
2530 3034 2762 3091 Proinde
2814 3037 2899 3090 his
2937 3038 3214 3092 illuminati
3268 3037 3473 3094 solibus

1879 3124 2004 3194 jure
2025 3125 2227 3196 Optimo
2242 3125 2654 3181 Manichteorum
2679 3129 2701 3159 '
2723 3136 2874 3182 antra
2902 3128 3244 3198 despicimus,
3267 3129 3357 3200 qui
3380 3145 3476 3198 pu-

1885 3223 2002 3272 tant
2025 3216 2109 3271 vel
2133 3230 2256 3272 esse
2292 3230 2452 3286 posse
2479 3216 2596 3272 sine
2623 3217 2900 3272 voluntate
2925 3226 3202 3287 peccatum
3221 3260 3236 3285 ,
3259 3219 3343 3274 vel
3369 3233 3475 3276 non

1886 3321 1917 3362 a
1943 3309 2054 3364 Deo
2078 3307 2324 3364 homines
2354 3307 2466 3363 ﬁeri
2485 3349 2501 3374 ,
2536 3309 2621 3364 vel
2651 3308 2720 3364 ad
2748 3309 2912 3365 alium
2939 3318 3213 3366 auctorem
3259 3325 3476 3367 sensum

1887 3415 2204 3471 corporum,
2234 3409 2288 3456 et
2315 3399 2382 3454 ad
2411 3400 2572 3454 alium
2601 3415 2826 3470 corpora
2856 3401 3157 3470 pertinere;
3188 3401 3273 3456 vel
3302 3401 3474 3457 Deum

1886 3506 2027 3556 esse,
2083 3491 2174 3561 qui
2216 3491 2559 3561 iniquitatum
2610 3491 2927 3546 criminibus
2970 3492 3336 3562 opprimatur;
3387 3505 3479 3548 aut

1887 3583 2092 3640 scelere
2121 3582 2417 3654 iniquitatis
2443 3583 2616 3653 urgeri
2641 3598 2798 3650 eum,
2845 3584 2936 3653 qui
2979 3593 3212 3639 :eternus
3238 3585 3477 3639 omnium

1889 3673 2134 3730 conditor
2153 3674 2486 3738 aestimetur;
2516 3683 2608 3728 aut
2647 3674 2894 3728 umbram
2921 3674 3154 3744 aliquam
3177 3685 3360 3731 tenere
3386 3677 3478 3746 ju-

1888 3765 2085 3831 stitizn,
2133 3765 2179 3819 si
2231 3765 2455 3819 aliorum
2505 3765 2805 3820 voluntates
2846 3766 3075 3821 aliorum
3135 3769 3476 3838 applicentur

1891 3856 2187 3911 exortibus.
2221 3857 2297 3910 Ac
2324 3871 2421 3926 per
2453 3855 2556 3911 hoc
2585 3855 2774 3911 merita
2812 3857 3040 3927 partium
3073 3859 3300 3928 negotiis
3320 3902 3333 3924 ,
3366 3876 3475 3914 non

1891 3944 2116 4014 ingeniis
2145 3945 2484 4014 imputamus.

1962 4038 2097 4093 Anc.
2124 4035 2240 4090 Jam
2266 4037 2357 4091 tibi
2379 4037 2444 4092 ad
2475 4039 2653 4092 omnia
2676 4039 2927 4108 respondi
2959 4057 2971 4092 :
2995 4055 3095 4094 nec
3116 4039 3236 4096 ideo
3255 4041 3473 4096 (innan-

1895 4139 1982 4184 tur
2009 4129 2266 4183 adversus
2293 4145 2400 4196 me,
2428 4130 2549 4200 quia
2573 4139 2678 4184 tam
2706 4145 2848 4201 saepe
2872 4140 2926 4186 et
2953 4133 3140 4188 odiose
3168 4144 3483 4203 repetuntur

1891 4233 1922 4272 a
1956 4228 2027 4273 te.
2057 4218 2154 4274 Dic
2183 4219 2375 4289 potius,
2410 4221 2454 4274 si
2483 4228 2654 4290 potes,
2685 4221 2825 4276 unde
2860 4221 3088 4277 humana
3119 4225 3328 4294 ingenia
3355 4240 3478 4280 cum

1892 4315 2037 4362 tanta
2056 4309 2368 4378 plerumque
2394 4310 2679 4364 vitiositate
2711 4321 3026 4377 nascantur;
3054 4328 3175 4368 cum
3213 4314 3353 4369 inter
3381 4331 3481 4370 nos

1892 4402 2172 4456 conveniat
2189 4401 2350 4456 totius
2374 4401 2603 4456 hominis
2633 4417 2752 4457 esse
2775 4403 3019 4472 opiﬁcem
3061 4405 3226 4459 Deum
3244 4405 3474 4474 justum,
3521 4403 3534 4410 ”

1893 4498 1949 4546 et
1969 4506 2065 4546 vos
2088 4492 2294 4561 negatis
2309 4491 2331 4523 ³
2353 4492 2516 4547 ullum
2543 4492 2799 4562 originale
2821 4503 3093 4562 peccatum
3109 4495 3134 4547 ?
3155 4494 3273 4550 Non
3300 4506 3478 4551 autem

1894 4583 2104 4638 diceres
2136 4584 2362 4637 aliorum
2409 4593 2623 4653 peccata
2665 4599 2765 4639 nos
2805 4586 2922 4639 aliis
2951 4586 3247 4655 imputare,
3278 4588 3368 4656 qui
3409 4588 3480 4642 ibi

1895 4673 2108 4744 quando
2133 4674 2420 4728 commissa
2467 4683 2624 4741 sunt,
2675 4689 2779 4728 non
2831 4673 3079 4741 fuerunt,
3129 4677 3174 4730 si
3219 4677 3485 4733 recoleres

1895 4765 2037 4835 quod
2074 4764 2330 4834 scriptum
2370 4775 2482 4831 est,
2524 4765 2576 4818 iu
2608 4765 2802 4819 lumbis
2839 4765 3067 4820 Abrahm
3103 4764 3270 4821 fuisse
3316 4767 3480 4831 Levi,

1896 4856 2110 4927 quando
2139 4856 2385 4911 eumdem
2427 4857 2696 4910 Abraham
2728 4856 3118 4912 Melchisedech
3153 4858 3242 4912 Dei
3285 4859 3486 4913 excelsi

1897 4947 2180 5002 decimavit
2205 4949 2424 5002 antistes
2456 4946 2651 5016 (Hebr.
2689 4963 2779 5012 vn,
2811 4947 2866 5010 9,
2896 4946 3016 5019 10).
3051 4947 3123 5002 lhi
3165 4949 3308 5003 enim
3339 4949 3487 5002 vidc-

1897 5054 2018 5106 res,
2060 5040 2104 5094 si
2147 5050 2198 5094 te
2230 5041 2524 5109 pervicacia
2570 5056 2673 5092 non
2714 5049 2970 5106 uacaret,
3021 5041 3073 5093 in
3120 5040 3314 5095 lumbis
3356 5039 3486 5093 Athe
3528 5037 3532 5040 ’

1898 5130 2060 5185 fuisse
2109 5147 2274 5202 genus
2338 5131 2666 5198 humanum,
2722 5131 2935 5201 quando
2980 5131 3304 5201 perpetravit
3359 5131 3485 5185 illud

1898 5221 2100 5293 grande
2130 5232 2428 5292 peccatum.

1969 5311 2226 5367 LXXVII.
2259 5313 2377 5368 Jun.
2401 5313 2508 5369 Sed
2536 5323 2592 5368 ut
2617 5323 2955 5370 revertamur
2977 5312 3042 5368 ad
3065 5328 3302 5374 causam,
3335 5321 3484 5380 post-

1833 5459 1838 5462 _
1899 5418 2056 5474 quam
2078 5403 2278 5470 dixisti,
2308 5422 2393 5460 me
2425 5425 2442 5457 ι
2470 5406 2589 5460 ideo
2608 5406 2845 5461 noluisse
2869 5404 3360 5474 concupiscentiam
3390 5419 3487 5488 no.

1902 5495 2126 5560 minare,
2159 5496 2280 5564 quia
2322 5511 2428 5550 non
2455 5506 2599 5551 esset
2617 5513 2685 5551 ex
2713 5497 2891 5562 Patre,
2919 5495 3014 5549 sed
3039 5509 3104 5549 ex
3131 5493 3366 5559 mttudo;
3395 5507 3487 5548 cu-

1895 5585 1984 5656 jus
2014 5585 2200 5641 mundi
2245 5588 2493 5659 princeps
2521 5589 2696 5644 dictus
2734 5598 2817 5644 est
2843 5587 3084 5642 diabolus
3114 5603 3127 5639 :
3156 5587 3245 5656 qui
3273 5601 3391 5641 eam
3431 5586 3486 5642 in

1965 5723 1981 5787 ξ
2017 5721 2134 5787 Εςίἰῆ
2157 5734 2266 5771 cum
2288 5729 2397 5773 Mar.
2423 5723 2561 5782 ειη-η
2590 5731 2806 5787 mentem.
2834 5723 2995 5786 Aptius
3017 5729 3162 5783 Port.,
3183 5729 3389 5787 gentem.

1965 5785 1987 5848 ξ
2019 5784 2091 5832 sic
2112 5789 2216 5832 Mss.
2245 5791 2292 5833 In
2314 5788 2469 5848 ἧφι,
2497 5783 2764 5836 Munichwt'.

1969 5844 1990 5876 ³
2021 5849 2177 5907 Forte,
2203 5844 2394 5907 urgetis.
