3980 6526
523 387 658 444 1585

524 505 754 562 Domino
795 515 900 557 non
933 497 1167 560 invenit;
1209 496 1330 564 quia
1363 493 1616 546 Dominus
1658 492 1818 544 homo
1861 505 1964 543 non
2009 502 2104 556 per

521 616 688 669 ipsam
709 597 774 651 ad
802 593 1044 651 homines
1077 589 1222 642 venit
1254 606 1270 637 «
1302 586 1402 658 (De
1428 584 1642 654 Nuptiis
1667 593 1712 636 et
1733 581 2105 651 Concupiscet:-

527 694 610 756 tia,
635 689 722 742 lib.
751 688 809 753 2,
847 702 898 738 11.
927 681 1046 750 il.)
1080 679 1179 735 Ubi
1218 676 1506 730 notandum
1532 683 1643 738 est,
1668 673 1788 744 quia
1811 687 1932 726 cum
1955 669 2025 725 de
2047 684 2108 724 re

523 779 747 835 naturali
780 771 1094 843 loquereris,
1127 784 1355 839 eamque
1380 783 1446 822 ex
1473 763 1672 820 mundo
1700 778 1820 819 esse
1853 760 2108 824 dixisses,

520 867 797 927 subdidisti
813 865 995 920 mundi
1020 865 1182 917 totius
1201 861 1493 932 principem
1507 858 1774 914 diabolum
1787 854 1931 910 credi
1953 868 2113 923 opor-

523 974 665 1028 tere;
689 972 865 1016 utnon
887 968 1101 1014 actuum
1121 957 1560 1021 voluntariorum,
1579 952 1672 1008 sed
1691 950 2005 1006 naturalium
2027 961 2114 1003 re-

521 1071 661 1120 rum,
686 1055 866 1123 utique
887 1061 1218 1114 naturarum,
1250 1046 1490 1100 fatereris
1515 1060 1635 1100 eum
1660 1053 1953 1098 auctorem.

595 1146 729 1199 Anc.
767 1141 864 1196 Ubi
894 1141 1044 1210 posui
1081 1157 1100 1191 1
1125 1137 1610 1207 concupiscentiam
1629 1134 1827 1198 carnis,
1857 1151 1875 1184 1
1903 1139 1959 1184 111
1985 1129 2110 1184 abs—

524 1233 686 1288 tulisti
719 1231 842 1285 inde
885 1249 904 1281 «
927 1230 1134 1296 carnis,
1156 1247 1176 1280 1
1230 1229 1370 1297 quod
1412 1240 1513 1295 ego
1556 1225 1663 1280 dixi
1696 1243 1708 1277 :
1739 1232 1794 1278 et
1831 1222 1920 1276 ubi
1963 1221 2110 1286 dixi,

529 1323 712 1392 «cujus
739 1321 922 1376 mundi
951 1321 1124 1375 dictus
1145 1327 1228 1373 est
1259 1318 1502 1387 princeps
1531 1315 1804 1376 diabolus;
1835 1330 1855 1363 1
1887 1321 1940 1365 111
1958 1311 2112 1366 addi-

523 1411 648 1466 disti
687 1429 706 1462 1
741 1411 920 1477 totius,
951 1429 972 1461 1
999 1418 1051 1464 01
1073 1408 1274 1472 dixisti,
1307 1424 1326 1456 «
1353 1406 1514 1460 totius
1540 1402 1756 1468 mundi,
1793 1421 1811 1454 1
1847 1402 1987 1472 quod
2013 1415 2113 1470 ego

525 1520 632 1558 non
665 1503 793 1558 dixi.
825 1502 936 1571 Age
958 1511 1014 1554 ut
1044 1501 1230 1570 placet,
1262 1497 1348 1551 die
1375 1496 1518 1566 quod
1541 1494 1634 1548 tibi
1658 1493 1852 1564 placet,
1889 1494 1973 1547 vel
2009 1493 2114 1548 illis

523 1595 686 1648 etiam
733 1591 926 1661 quibus
981 1589 1178 1658 places.
1251 1588 1362 1657 Ego
1406 1584 1886 1655 concupiscentiam
1937 1583 2114 1639 carnis

527 1683 670 1748 dixi,
711 1697 869 1752 quam
904 1682 1034 1736 dicit
1071 1679 1307 1734 Joannes
1346 1693 1450 1731 non
1485 1690 1606 1732 esse
1643 1691 1672 1729 a
1703 1676 1891 1740 Patre,
1923 1673 2018 1728 sed
2045 1689 2113 1729 ex

525 1773 726 1828 mundo
769 1771 990 1843 (lloan.
1033 1786 1091 1836 11,
1143 1769 1232 1842 16)
1261 1809 1276 1834 ,
1322 1767 1375 1822 id
1405 1777 1522 1833 est,
1555 1781 1616 1821 ex
1669 1765 1974 1819 hominibus
2023 1765 2112 1834 qui

524 1882 558 1916 n
593 1873 815 1918 scuntur
859 1863 913 1916 in
967 1861 1198 1926 mundo,
1254 1859 1472 1929 perituri
1523 1857 1624 1912 nisi
1669 1865 2015 1913 renascantur
2059 1857 2114 1911 in

523 1953 757 2007 Christo.
797 1953 921 2006 llmc
957 1950 1386 2020 concupiscentia
1419 1949 1596 2004 carnis
1620 1965 1728 2002 non
1765 1957 1848 2004 est
1883 1949 2110 2014 luxuria,

522 2041 735 2112 quando
769 2043 818 2098 ei
853 2042 1151 2108 resistitur,
1194 2041 1288 2096 sed
1326 2041 1538 2110 quando
1567 2039 1869 2109 perﬁcitur,
1917 2039 1970 2092 id
1995 2045 2110 2106 est,

521 2132 734 2201 quando
763 2132 1005 2202 pervenit
1033 2148 1138 2202 quo
1166 2133 1409 2202 impellit.
1426 2130 1580 2187 Unde
1604 2140 1658 2186 et
1679 2133 1950 2200 apostolus
1971 2132 2112 2187 Pau—

523 2225 606 2278 lus
635 2241 650 2278 :
683 2224 882 2294 Spiritu
901 2265 917 2290 ,
951 2224 1154 2293 inquit,
1181 2223 1467 2287 ambulate,
1507 2231 1552 2276 et
1577 2222 1831 2276 desideria
1855 2226 2024 2278 carnis
2049 2239 2113 2276 ne

523 2316 828 2388 ναίει-011110
847 2312 1044 2387 (Galat.
1071 2331 1122 2380 v,
1149 2315 1261 2385 16).
1287 2312 1401 2368 Non
1423 2314 1518 2379 ait,
1539 2312 1616 2368 Ne
1653 2313 1950 2368 habueritis
1974 2332 1987 2368 :
2013 2330 2111 2372 00-

523 2415 674 2463 verat
703 2407 898 2476 quippe
926 2406 1028 2460 hoc
1051 2421 1244 2460 munus
1281 2404 1516 2460 futurum
1547 2404 1761 2474 quidem
1791 2419 1910 2459 esse
1935 2404 2110 2470 nobis,

522 2498 618 2554 sed
647 2499 769 2554 vita:
811 2513 916 2554 non
944 2513 1062 2554 esse
1102 2498 1404 2567 praesentis.
1437 2500 1549 2568 Ego
1590 2497 1881 2568 principem
1925 2499 2111 2556 mundi

521 2591 790 2646 diabolum
830 2591 940 2646 dixi
967 2633 982 2657 ,
1017 2592 1156 2647 sicut
1189 2607 1312 2645 cum
1350 2591 1582 2660 appellat
1619 2590 1892 2659 Scriptura
1932 2589 2110 2646 divina

523 2681 704 2752 (Joan.
739 2699 832 2750 xu,
864 2684 963 2746 3i;
997 2697 1114 2748 xiv,
1146 2681 1249 2746 30;
1279 2697 1388 2748 XVI,
1423 2679 1536 2751 11),
1569 2695 1674 2735 000
1706 2683 1844 2736 sicut
1871 2680 2110 2750 suspica-

524 2783 611 2830 tur
631 2775 712 2830 vel
733 2773 1088 2828 calumniatur
1103 2774 1308 2828 vanitas
1333 2782 1442 2828 tua.
1465 2773 1584 2828 Non
1605 2773 1781 2843 itaque
1801 2781 2111 2828 naturarum

521 2874 794 2920 auctorem
838 2864 1106 2920 diabolum
1148 2863 1288 2931 dixi,
1319 2863 1414 2918 sed
1449 2863 1741 2934 principem
1787 2864 2013 2930 mundi,
2057 2863 2111 2919 id

520 2966 638 3022 est,
671 2957 969 3024 hominum,
1001 2957 1192 3026 quibus
1240 2957 1292 3010 in
1338 2957 1484 3012 orbe,
1512 2965 1773 3012 terrarum
1815 2958 2004 3026 plenus
2030 2964 2114 3012 est

525 3047 775 3113 mundus,
798 3048 889 3117 qui
911 3055 1202 3102 nascuntur
1229 3047 1286 3100 in
1309 3045 1529 3113 mundo,
1557 3061 1657 3101 nec
1681 3055 2033 3102 renascuntur
2056 3046 2110 3100 in

523 3137 758 3193 Christo.
803 3138 886 3192 Ab
913 3138 993 3192 eis
1029 3139 1226 3207 quippe
1260 3137 1350 3206 qui
1391 3145 1746 3192 renascuntur
1783 3137 1836 3192 in
1861 3136 2110 3204 Christo,

525 3231 772 3300 princeps
793 3229 976 3284 mundi
999 3230 1226 3282 mittitur
1247 3227 1396 3284 foras
1423 3246 1436 3281 :
1467 3229 1610 3298 quod
1633 3229 1885 3300 mysteria
1905 3228 2112 3299 signiti-

524 3331 669 3388 eant,
693 3323 905 3392 quando
924 3323 1084 3378 etiam
1111 3321 1316 3391 parvuli
1341 3321 1643 3392 baptizandi
1665 3323 2040 3377 exorcizantur
2058 3329 2114 3376 01

521 3414 886 3474 exsul'ﬂantur.
917 3414 1002 3469 Ad
1043 3412 1160 3470 haec
1185 3413 1482 3484 responde,
1527 3413 1574 3468 si
1611 3421 1785 3482 potes.
1816 3412 1935 3468 Noli
1965 3413 2106 3469 velle

523 3508 780 3566 lectorem
812 3517 900 3562 tua
929 3505 1306 3577 loquacissima
1333 3505 1569 3560 vanitate
1591 3519 1884 3560 vanescere
1902 3546 1917 3570 ,
1951 3515 2006 3560 et
2041 3506 2110 3560 ab

523 3615 591 3656 00
623 3599 768 3670 quod
789 3600 982 3670 agitur,
1029 3599 1210 3654 averti.
1243 3607 1402 3668 atque
1421 3597 1606 3653 seduci
1637 3613 1650 3650 :
1693 3598 1810 3660 die,
1841 3599 1888 3652 si
1921 3598 2109 3664 audes,

527 3691 726 3746 bonum
755 3705 877 3746 esse
903 3688 1285 3759 concupiscere
1318 3687 1537 3742 malum.
1567 3687 1665 3742 Dic
1687 3729 1703 3753 ,
1736 3689 1876 3742 mala
1899 3689 2112 3759 quidem

522 3797 684 3854 opera
703 3796 734 3836 a
755 3781 909 3836 Patre
937 3795 1044 3836 non
1065 3794 1206 3845 esse,
1227 3779 1322 3836 sed
1337 3779 1823 3848 concupiscentiam
1849 3779 2113 3834 malorum

523 3887 745 3944 operum
774 3889 805 3927 a
835 3873 992 3928 Patre
1019 3885 1159 3927 esse.
1203 3871 1330 3937 Dic,
1355 3869 1626 3926 diabolum
1657 3884 1762 3925 non
1789 3870 2113 3940 appellatum

525 3966 822 4036 principem
852 3964 1060 4020 mundi.
1092 3964 1208 4032 Dic,
1236 3963 1495 4018 mundum
1525 3979 1632 4019 non
1651 3963 1757 4018 dici
1788 3965 2032 4020 homines
2059 3965 2114 4020 in

525 4057 726 4112 mundo
751 4057 1090 4112 constitutos.
1119 4056 1235 4121 Dic,
1265 4054 1520 4110 mundum
1551 4056 1604 4109 in
1645 4055 1786 4109 malo
1815 4071 1922 4109 non
1951 4069 2111 4126 posse

523 4147 749 4218 intelligi
787 4147 1032 4203 homines
1061 4145 1338 4212 infideles,
1373 4146 1564 4214 quibus
1602 4147 1655 4200 in
1679 4146 1812 4200 orbe
1851 4155 2113 4201 terrarum

525 4240 718 4310 plenus
739 4247 822 4294 est
849 4236 1112 4302 mundus;
1153 4245 1207 4290 et
1231 4251 1438 4303 rursus,
1464 4236 1517 4289 in
1541 4236 1684 4290 bono
1712 4236 1956 4292 homines
1985 4237 2116 4292 lide-

525 4331 626 4396 les,
660 4330 854 4399 quibus
885 4329 1008 4383 licet
1049 4327 1406 4397 paucioribus,
1445 4338 1621 4381 tamen
1673 4327 1834 4382 etiam
1879 4328 2010 4398 ipsis
2061 4330 2112 4384 in

525 4421 658 4478 orbe
689 4430 951 4476 terrarum
980 4420 1170 4489 plenus
1197 4426 1282 4473 est
1309 4417 1560 4483 mundus,
1588 4419 1804 4474 nomine
1833 4419 2016 4474 mundi
2037 4420 2114 4474 si-

525 4511 724 4566 militer
761 4509 1058 4580 appellari;
1097 4510 1234 4563 sicut
1271 4507 1560 4563 absurdum
1590 4523 1698 4564 non
1723 4519 1838 4576 est,
1869 4519 1932 4564 ut
1953 4511 2116 4566 arbor

525 4603 682 4674 plena
723 4601 924 4670 pomis,
948 4600 1155 4656 dicatur
1191 4600 1345 4669 plena
1375 4608 1428 4655 et
1456 4600 1615 4655 loliis.
1652 4601 1778 4666 Dic,
1827 4603 2074 4671 parvulos
2097 4643 2112 4668 ,

527 4709 649 4749 cum
679 4693 1038 4762 haptizantur,
1065 4707 1172 4747 non
1214 4692 1331 4747 erui
1365 4692 1434 4748 de
1461 4701 1721 4762 potestate
1749 4695 2111 4760 tenebrarum,

527 4792 726 4838 etcum
758 4797 946 4853 magna
979 4782 1170 4850 injuria
1202 4782 1296 4837 Dei
1335 4797 1432 4852 per
1465 4782 1768 4837 universam
1797 4783 2114 4840 catholicam

531 4874 822 4930 Ecclesiam
850 4871 1140 4928 exercizari
1180 4883 1235 4928 et
1259 4873 1532 4929 exsufﬂari
1563 4874 1820 4946 imagines
1853 4877 1944 4930 Dei
1977 4893 1991 4930 :
2025 4885 2118 4932 aut

527 4968 635 5034 die,
658 4983 752 5024 eos
771 4981 801 5022 a
826 4965 1042 5022 diabolo
1067 4967 1330 5036 possideri
1359 4967 1482 5022 sine.
1503 4968 1610 5022 ulla
1643 4968 1968 5040 obligatione
1989 4985 2114 5040 pec-

527 5060 654 5115 cati.
687 5059 813 5114 11100
847 5058 894 5114 si
917 5059 1140 5114 audebis
1164 5058 1376 5126 dicere,
1405 5075 1528 5115 mox
1563 5061 1844 5131 apparebis
1875 5077 1891 5114 :
1927 5061 1975 5116 si
2009 5077 2116 5118 non

526 5150 770 5216 audebis,
797 5165 898 5206 nec
922 5150 1001 5206 sic
1029 5151 1240 5206 latebis.

598 5241 878 5300 LXXVlll.
915 5241 1033 5300 101..
1067 5243 1353 5315 Postquam
1381 5259 1510 5316 ergo
1527 5244 1628 5300 hoc
1651 5243 1843 5300 ell'atus
1861 5259 1942 5312 es,
1972 5247 2116 5303 intu-

528 5337 634 5391 listi
655 5376 670 5400 ,
713 5335 898 5393 «Unde
941 5335 1072 5392 dicit
1111 5336 1275 5392 etiam
1319 5337 1434 5407 ipse
1465 5338 1722 5392 Dominus
1747 5379 1763 5405 ,
1817 5338 1950 5394 Ecce
1985 5344 2117 5397 1101111

527 5429 762 5500 princeps
787 5427 962 5482 mundi
981 5427 1151 5499 hujus,
1177 5437 1222 5482 et
1248 5429 1304 5482 in
1331 5444 1412 5483 11ιο
1437 5429 1566 5484 nihil
1589 5429 1776 5483 inuenit
1807 5447 1828 5482 1
1861 5429 1973 5504 (Id.
2005 5449 2111 5500 xw,

527 5518 632 5590 50)
667 5518 966 5590 :addisque
1003 5517 1072 5575 de
1109 5527 1234 5584 tuo,
1282 5519 1456 5574 «nihil
1504 5519 1690 5589 utique
1733 5524 1970 5590 peccati,
2017 5537 2115 5578 nec

527 5610 666 5682 quod
683 5625 714 5664 a
740 5617 994 5666 nascente
1017 5609 1266 5679 trahitur,
1287 5625 1386 5667 nec
1401 5609 1542 5680 quod
1559 5624 1590 5664 a
1611 5610 1823 5669 vivente
1845 5613 2072 5669 additur.
2088 5633 2106 5668 1

528 5702 764 5759 Ostende
784 5703 944 5774 igitur
970 5703 1172 5760 dixisse
1201 5704 1480 5760 Dominum
1511 5702 1564 5758 in
1594 5703 1904 5776 Evangelia,
1927 5723 2031 5764 non
2054 5723 2112 5764 se

529 5793 724 5850 habere
755 5801 1030 5865 peccatum
1050 5795 1190 5868 quod
1215 5811 1246 5851 a
1275 5803 1530 5854 nascente
1557 5795 1880 5853 traheretur.

1193 380 1436 439 OPERIS
1477 374 1884 433 IMPERFECTI
1924 371 2198 427 CONTRA
2241 369 2606 439 JULIANUM,
2647 370 2707 428 S.
2747 369 3112 430 AUGUSTINI

3661 368 3848 427 1384

2291 484 2426 539 Anc.
2461 484 2541 538 Tu
2575 484 2798 539 ostende
2824 485 3026 538 dixisse
3053 481 3358 550 Dominum,
3387 495 3504 537 non
3527 496 3598 538 se
3615 481 3872 538 habere

2217 575 2430 630 sordem
2453 617 2469 642 ,
2501 576 2618 630 sine
2641 592 2744 646 qua
2765 576 2868 631 Job
2887 575 3018 632 dicit
3045 590 3146 630 nec
3169 575 3426 630 infantem
3467 574 3648 629 ullum
3675 587 3870 638 esse,

2217 666 2369 738 cujus
2407 676 2489 722 est
2522 669 2678 722 unius
2707 668 2814 723 diei
2856 669 2964 723 vita
3009 682 3169 739 super
3211 675 3412 722 terram
3443 665 3588 737 (Job
3621 682 3750 732 xlv,
3795 663 3872 730 4,

2217 775 2318 814 sec.
2365 758 2553 831 LXX).
2601 758 2672 814 Et
2700 768 2878 814 tamen
2923 758 3012 814 ubi
3067 759 3164 824 ait,
3215 757 3350 812 Ecce
3403 758 3544 812 1101111
3585 757 3874 827 princeps

2219 853 2393 906 mundi
2416 853 2590 924 hujus,
2615 861 2664 907 et
2683 853 2832 906 inme
2847 851 3062 906 inveniet
3086 850 3236 919 nihil,
3263 865 3366 906 nec
3389 850 3571 920 ipsam
3603 849 3872 905 sordem

2219 945 2579 1016 intelligimus,
2610 947 2656 1000 si
2681 953 2826 1002 recte
2855 942 3222 1014 intelligimus.
3247 941 3382 996 Nam
3415 942 3462 998 si
3485 955 3560 996 ex
3579 955 3654 996 eo
3683 939 3868 1010 quod

2219 1035 2372 1102 dixit,
2419 1049 2526 1089 non
2563 1042 2648 1090 est
2691 1033 3094 1104 intelligendum
3151 1030 3294 1102 quod
3335 1045 3445 1086 non
3497 1030 3684 1094 dixit;
3737 1043 3870 1084 nec

2217 1125 2484 1181 diabolum
2507 1125 2817 1191 nominavit,
2845 1123 2940 1180 sed
2967 1122 3266 1194 principem
3293 1121 3476 1177 mundi
3507 1140 3528 1178 :
3559 1129 3610 1175 et
3639 1123 3704 1175 in
3731 1137 3862 1184 use,

2222 1217 2426 1287 inquit,
2475 1216 2606 1270 nihil
2629 1215 2878 1280 inueniet;
2907 1229 3016 1268 non
3042 1213 3150 1277 ait,
3195 1211 3254 1266 In
3287 1227 3376 1267 me
3413 1226 3526 1267 non
3585 1211 3864 1266 inveniet

2219 1319 2520 1379 peccatum.
2550 1309 2617 1362 Et
2646 1318 2822 1363 tamen
2853 1322 2950 1362 nos
2973 1322 3038 1361 ea
3067 1305 3324 1373 dicimus,
3355 1321 3478 1376 qua:
3499 1319 3620 1359 non
3645 1303 3856 1368 dixit;

2219 1399 2311 1454 sed
2335 1415 2401 1454 ex
2423 1399 2506 1453 his
2533 1398 2824 1460 intellecta,
2848 1412 2968 1467 qum
2997 1395 3154 1451 dixit.

2291 1488 2526 1546 LXXIX.
2547 1489 2669 1544 1111..
2713 1488 2848 1558 Quid
2875 1487 3268 1542 circumscrihis
3297 1485 3542 1542 infelices
3591 1486 3848 1550 animas,

2219 1591 2278 1638 ut
2302 1583 2576 1640 mentiaris
2627 1581 2916 1636 indicatum
2943 1581 2959 1612 ¹
2987 1595 3127 1642 esse,
3159 1578 3300 1649 quod
3327 1593 3432 1632 non
3475 1587 3564 1632 est
3588 1579 3616 1630 τ
3637 1578 3850 1631 Domi—

2221 1687 2320 1727 nus
2337 1673 2466 1727 dicit
2483 1672 2536 1725 in
2547 1671 2860 1741 Evangelio,
2889 1670 3020 1724 Ecce
3041 1671 3172 1724 venit
3194 1670 3430 1741 princeps
3443 1668 3632 1722 mundi
3647 1669 3844 1737 huius,

2219 1765 2338 1819 etin
2363 1763 2648 1818 meinvenit
2683 1763 2836 1816 nihil.
2881 1761 3100 1817 Certum
3129 1772 3213 1817 est
3254 1762 3388 1816 nihil
3407 1741 3630 1831 peccati
3667 1763 3730 1816 in
3769 1778 3848 1818 ω

2219 1855 2487 1911 diabolum
2536 1853 2862 1908 offendisse:
2907 1854 3158 1924 quoniam
3203 1853 3257 1906 in
3308 1853 3478 1918 omni,
3531 1852 3624 1906 vel
3665 1867 3846 1922 quam

2219 1947 2494 2012 esurienti,
2517 1945 2602 2001 vel
2631 1961 2791 2016 quam
2819 1951 3007 2014 postea
3031 1943 3362 2014 prmdicanti,
3391 1951 3660 2013 tanquam
3703 1959 3840 2012 per-

2219 2045 2492 2093 secutores
2519 2050 2646 2091 suos
2689 2035 3019 2102 admoverat,
3065 2035 3362 2089 tentatione
3389 2042 3692 2102 superatus
3723 2043 3836 2087 est.

2218 2129 2501 2184 Proﬁtetur
2543 2142 2671 2198 ergo
2696 2127 2959 2194 Salvator,
2989 2126 3122 2180 nihil
3161 2127 3218 2180 in
3237 2140 3298 2180 se
3319 2125 3606 2180 diabolum
3629 2125 3834 2194 depre-

2219 2219 2468 2275 hendisse
2487 2217 2708 2288 peccati.
2734 2217 2789 2271 ln
2819 2231 2926 2287 quo
2955 2225 3101 2271 certe
3140 2215 3454 2282 invenisset,
3509 2215 3558 2270 si
3587 2215 3722 2284 quid
3763 2215 3836 2270 de

2216 2313 2394 2368 carnis
2437 2311 2741 2367 conditione
2765 2311 3068 2366 traheretur
3094 2323 3112 2364 :
3139 2309 3390 2379 quoniam
3417 2317 3474 2364 et
3497 2309 3622 2378 ipse
3651 2307 3834 2364 factu

2216 2405 2469 2461 fueratex
2492 2405 2737 2472 muliere,
2759 2402 2828 2458 de
2848 2402 3055 2458 semine
3075 2401 3240 2457 David
3265 2409 3322 2458 et
3347 2400 3416 2456 de
3443 2401 3628 2456 Adam
3657 2403 3832 2470 stirpe

2216 2507 2492 2569 prognata.
2583 2487 2586 2490 ’
3335 2503 3338 2506 ’

2287 2589 2420 2646 Ave.
2449 2587 2554 2644 Sed
2575 2603 2680 2644 non
2707 2601 2832 2643 eum
2855 2603 2952 2658 per
2979 2586 3466 2657 concupiscentiam
3493 2586 3684 2640 carnis
3711 2587 3824 2640 vir-

2216 2695 2283 2751 go
2308 2687 2660 2751 conceperat:
2685 2689 2740 2735 et
2766 2679 2957 2734 ideo‘in
2983 2694 3106 2734 eum
3125 2679 3244 2734 sine
3268 2678 3570 2748 propagine
3595 2680 3820 2746 peccati

2216 2775 2394 2829 carnis
2415 2789 2647 2844 propago
2669 2771 2998 2843 pertransiit,
3039 2779 3098 2826 ut
3127 2777 3270 2827 esset
3315 2772 3368 2824 in
3419 2783 3487 2824 eo
3533 2784 3648 2823 non
3688 2785 3822 2824 caro

2216 2868 2442 2936 peccati,
2472 2866 2566 2921 sed
2587 2865 2878 2920 similitudo
2918 2864 3096 2920 carnis
3135 2863 3356 2934 peccati,
3389 2877 3616 2918 carnem
3649 2862 3828 2916 salva-

2217 2969 2334 3013 tura
2380 2959 2602 3028 peccati.
2650 2956 2881 3013 Proinde
2928 2955 3120 3021 Adam,
3171 2957 3481 3026 priusquam
3539 2965 3822 3024 peccaret,

2217 3065 2315 3106 nec
2338 3065 2553 3108 carnem
2585 3051 2784 3121 peccati
2811 3049 3017 3117 habuit,
3064 3065 3164 3106 nec
3199 3050 3610 3106 similitudinem
3641 3051 3826 3105 carnis

2217 3143 2451 3212 peccati;
2484 3143 2608 3212 quia
2631 3157 2740 3196 non
2771 3149 2889 3196 erat
2911 3141 3221 3206 moriturus,
3241 3142 3342 3197 nisi
3374 3151 3660 3212 peccasset
3691 3142 3827 3197 :sed

2219 3242 2562 3304 posteaquam
2593 3235 2855 3304 peccavit,
2879 3233 2989 3303 jam
3009 3247 3138 3289 caro
3157 3235 3360 3303 peccati
3386 3235 3573 3305 genuit
3589 3249 3822 3290 carnem

2231 3325 2459 3395 peccati,
2490 3325 2611 3396 quia
2659 3339 2755 3394 per
2776 3324 2918 3379 illam
2955 3325 3438 3393 concupiscentiam
3459 3327 3644 3380 carnis
3666 3327 3826 3381 eam'

2216 3418 2438 3488 genuit,
2499 3433 2617 3488 quas
2645 3425 2770 3473 ante
2798 3424 3074 3488 peccatum
3105 3417 3188 3472 vel
3235 3417 3380 3472 nulla
3430 3417 3486 3472 in
3537 3417 3636 3471 illo
3683 3425 3820 3480 erat,

2218 3509 2300 3564 vel
2321 3509 2529 3578 spiritui
2561 3523 2664 3563 non
2695 3509 2999 3576 resistebat,
3031 3519 3250 3578 propter
3285 3508 3426 3578 quod
3457 3525 3586 3564 eum
3619 3509 3820 3564 nudum

2218 3616 2338 3657 esse
2359 3602 2488 3655 nihil
2513 3601 2763 3671 pudebat.
2785 3599 3030 3655 Christus
3049 3609 3227 3654 autem
3255 3600 3344 3668 qui
3373 3615 3477 3653 non
3523 3615 3627 3670 per
3681 3599 3822 3654 illam

2219 3691 2702 3761 concupiscentiam
2728 3691 2906 3745 carnis
2931 3700 3013 3745 est
3041 3701 3218 3758 natus,
3243 3691 3358 3745 sine
3389 3699 3613 3760 peccato
3657 3701 3817 3744 natus

2219 3789 2322 3846 est,
2352 3780 2494 3851 quod
2522 3781 2684 3835 trahit
2735 3781 2908 3835 omnis
2954 3795 3081 3836 caro
3121 3783 3345 3851 peccati,
3403 3781 3596 3851 procul
3644 3781 3814 3836 dubio

2219 3883 2437 3944 propter
2460 3889 2617 3944 quam
2667 3875 2964 3928 moriuntur
2990 3887 3200 3941 omnes,
3228 3889 3442 3928 carnem
3473 3887 3580 3927 non
3615 3874 3822 3927 habens

2219 3963 2332 4034 ipse
2349 3964 2548 4032 peccati
2579 3981 2592 4018 :
2620 3963 2714 4018 sed
2739 3971 2914 4018 tamen
2943 3973 2999 4018 et
3044 3963 3156 4034 ipse
3176 3971 3416 4017 mortuus
3461 3971 3546 4018 est
3602 3971 3824 4033 111011101-

2219 4054 2619 4110 similitudinem
2649 4055 2824 4109 carnis
2855 4055 3076 4124 peccati.
3105 4053 3240 4109 Nam
3269 4055 3315 4110 si
3350 4071 3451 4110 nec
3491 4065 3820 4120 moreretur,

2220 4160 2326 4201 non
2369 4146 2540 4200 solum
2567 4159 2781 4199 carnem
2814 4145 3014 4216 peccati
3064 4161 3169 4200 non
3219 4145 3468 4214 haberet,
3518 4148 3664 4202 sicut
3713 4161 3822 4200 non

2221 4236 2490 4302 habebat;
2531 4236 2626 4291 sed
2683 4251 2783 4291 nec
2841 4237 2955 4306 ejus
3009 4237 3318 4293 ostenderet
3384 4238 3818 4304 similitudinem,

2219 4343 2378 4397 quam
2405 4341 2502 4396 pro
2527 4334 2710 4381 nostra
2739 4327 2913 4382 salute
2955 4339 3280 4398 susceperat.
3306 4328 3386 4384 Tu
3405 4329 3565 4400 igitur
3591 4331 3683 4400 qui
3711 4345 3812 4385 ne-

2219 4434 2346 4490 gare
2373 4434 2477 4474 non
2509 4428 2660 4489 potes
2679 4418 2949 4475 Christum
2970 4435 3073 4475 non
3091 4422 3142 4476 in
3164 4437 3326 4477 carne
3345 4425 3561 4479 venisse
3583 4425 3810 4494 peccati,

2219 4511 2314 4566 sed
2360 4511 2415 4565 in
2443 4525 2605 4566 carne
2652 4511 2864 4581 quidem
2919 4527 3080 4581 vera,
3126 4521 3306 4569 tamen
3356 4515 3406 4568 in
3465 4515 3818 4570 similitudine

2220 4603 2395 4658 carnis
2431 4603 2659 4673 peccati,
2706 4603 2873 4659 debes
2897 4603 3270 4660 demonstrare
3295 4620 3516 4661 carnem
3555 4609 3764 4677 peccati
3797 4625 3811 4662 :

2220 4697 2470 4768 quoniam
2517 4699 2562 4751 si
2607 4697 2750 4752 nulla
2793 4706 2896 4766 est,
2945 4699 3183 4768 profecto
3230 4715 3330 4756 nec
3373 4701 3673 4758 similitudo
3701 4703 3814 4773 ejus

2221 4789 2324 4844 ulla
2345 4799 2446 4846 est.
2469 4789 2637 4844 Porro
2652 4791 2774 4861 quia
2801 4791 2948 4846 solus
2971 4791 3219 4848 Christus
3267 4793 3453 4849 habuit
3502 4797 3810 4852 similitudi-

2221 4897 2342 4940 nem
2369 4884 2544 4938 carnis
2573 4884 2797 4954 peccati,
2826 4901 2944 4955 quas
2982 4901 3088 4942 non
3116 4896 3259 4944 esset
3283 4904 3410 4944 caro
3445 4893 3676 4960 peccati,
3694 4893 3812 4962 quia

2219 4990 2326 5030 non
2356 4989 2425 5030 ex
2470 4975 2846 5031 commixtione
2873 4991 3095 5032 sexuum
3124 4987 3279 5034 natus
3298 4989 3419 5035 est:
3449 4981 3580 5052 quid
3627 4991 3810 5046 restat,

2219 5067 2320 5124 nisi
2342 5067 2620 5139 utpeccati
2645 5081 2770 5122 caro
2789 5069 2858 5123 sit
2883 5071 3250 5140 omnium,qui
3267 5071 3334 5126 de
3358 5072 3446 5126 tali
3469 5075 3808 5128 commixtio-

2219 5175 2287 5215 ne
2314 5170 2624 5225 nascuntur,
2657 5159 2979 5229 pertinentes
3001 5159 3068 5214 ad
3103 5161 3380 5227 mundum,
3413 5163 3570 5232 cujus
3597 5173 3680 5218 est
3699 5163 3808 5217 «lia-

2221 5249 2374 5305 bolus
2393 5253 2658 5321 princeps,
2685 5265 2716 5304 a
2736 5264 2842 5320 quo
2867 5249 3008 5305 malo
3045 5265 3152 5306 non
3195 5251 3508 5318 liberantur,
3532 5255 3578 5309 si
3619 5271 3722 5309 non
3757 5255 3806 5308 in

2219 5339 2434 5394 Christo
2453 5339 2844 5395 renascuntur?

2291 5427 2504 5484 LXXX.
2525 5429 2645 5485 1111..
2677 5431 2972 5487 lnvenisset
3015 5447 3145 5503 ergo
3174 5432 3230 5487 in
3275 5449 3342 5488 eo
3374 5433 3622 5490 diabolus
3653 5443 3798 5490 natu-

2221 5521 2332 5576 rale
2359 5519 2642 5588 crimen,si
2665 5520 2828 5576 ullum
2843 5531 2986 5578 esset
3013 5541 3027 5576 :
3057 5531 3264 5578 teneret
3281 5539 3476 5595 corpus
3493 5525 3796 5590 obnoxium,

2220 5613 2266 5669 si
2295 5612 2424 5668 illud
2445 5612 2527 5666 vel
2549 5612 2600 5666 in
2627 5613 2799 5683 primo
2821 5623 3063 5683 parente,
3092 5619 3176 5670 vel
3204 5619 3256 5670 in
3303 5618 3416 5688 ipsa
3445 5619 3687 5688 pet-ictuc
3715 5633 3800 5674 ve-

2288 5749 2304 5781 ι
2339 5749 2412 5798 Sic
2434 5755 2536 5798 Mss.
2569 5755 2620 5796 In
2645 5747 2798 5809 vign.,
2815 5745 3108 5809 jtttiiratum.

2289 5813 2310 5842 '
2342 5815 2392 5858 10
2413 5817 2535 5872 Mss.,
2559 5822 2686 5859 eum.

3470 5879 3522 5896 -ο-
