  <div class='ocr_page' id='page_1' title='image "/cluster/home/n/w/nwhite01/storage/ocr_20150623/44-45/uva.x000217727/699.png"; bbox 0 0 3980 6476; ppageno 0'>
   <div class='ocr_carea' id='block_1_1' title="bbox 557 403 697 472">
    <p class='ocr_par' dir='ltr' id='par_1_1' title="bbox 557 403 697 472">
     <span class='ocr_line' id='line_1_1' title="bbox 557 403 697 472; baseline -0.007 -1"><span class='ocrx_word' id='word_1_1' title='bbox 557 403 584 471; x_wconf 65' lang='grc'>4</span> <span class='ocrx_word' id='word_1_2' title='bbox 595 404 697 472; x_wconf 73' lang='lat'><strong>38&#39;!</strong></span> 
     </span>
    </p>
   </div>
   <div class='ocr_carea' id='block_1_2' title="bbox 566 514 2144 602">
    <p class='ocr_par' dir='ltr' id='par_1_2' title="bbox 566 514 2144 602">
     <span class='ocr_line' id='line_1_2' title="bbox 566 514 2144 602; baseline -0.015 -20"><span class='ocrx_word' id='word_1_3' title='bbox 566 521 826 602; x_wconf 71' lang='lat' dir='ltr'><strong>peccatum</strong></span> <span class='ocrx_word' id='word_1_4' title='bbox 863 542 964 581; x_wconf 77' lang='lat' dir='ltr'><strong>non</strong></span> <span class='ocrx_word' id='word_1_5' title='bbox 1016 523 1154 596; x_wconf 69' lang='lat' dir='ltr'><strong>fecit.</strong></span> <span class='ocrx_word' id='word_1_6' title='bbox 1187 521 1299 575; x_wconf 81' lang='lat' dir='ltr'><strong>Non</strong></span> <span class='ocrx_word' id='word_1_7' title='bbox 1344 518 1497 582; x_wconf 84' lang='lat' dir='ltr'><strong>dixit,</strong></span> <span class='ocrx_word' id='word_1_8' title='bbox 1543 514 1678 581; x_wconf 83' lang='lat' dir='ltr'><strong>Quia</strong></span> <span class='ocrx_word' id='word_1_9' title='bbox 1727 518 2004 582; x_wconf 79' lang='lat' dir='ltr'><strong>peccatum</strong></span> <span class='ocrx_word' id='word_1_10' title='bbox 2031 519 2144 560; x_wconf 88' lang='lat' dir='ltr'><strong>non</strong></span> 
     </span>
    </p>
   </div>
   <div class='ocr_carea' id='block_1_3' title="bbox 562 604 1696 691">
    <p class='ocr_par' dir='ltr' id='par_1_3' title="bbox 562 604 1696 691">
     <span class='ocr_line' id='line_1_3' title="bbox 562 604 1696 691; baseline -0.018 -13"><span class='ocrx_word' id='word_1_11' title='bbox 562 620 794 691; x_wconf 78' lang='lat' dir='ltr'><strong>suscepit</strong></span> <span class='ocrx_word' id='word_1_12' title='bbox 819 635 834 686; x_wconf 85' lang='lat'><strong>;</strong></span> <span class='ocrx_word' id='word_1_13' title='bbox 855 615 972 684; x_wconf 90' lang='lat' dir='ltr'><strong>sed,</strong></span> <span class='ocrx_word' id='word_1_14' title='bbox 1003 613 1137 682; x_wconf 77' lang='lat' dir='ltr'><strong>Quia</strong></span> <span class='ocrx_word' id='word_1_15' title='bbox 1161 621 1419 684; x_wconf 79' lang='lat' dir='ltr'><strong>peccatum</strong></span> <span class='ocrx_word' id='word_1_16' title='bbox 1433 623 1532 662; x_wconf 84' lang='lat' dir='ltr'><strong>non</strong></span> <span class='ocrx_word' id='word_1_17' title='bbox 1559 604 1696 678; x_wconf 76' lang='lat' dir='ltr'><strong>fecit.</strong></span> 
     </span>
    </p>
   </div>
   <div class='ocr_carea' id='block_1_4' title="bbox 632 689 2143 779">
    <p class='ocr_par' dir='ltr' id='par_1_4' title="bbox 632 689 2143 779">
     <span class='ocr_line' id='line_1_4' title="bbox 632 689 2143 779; baseline -0.017 -11"><span class='ocrx_word' id='word_1_18' title='bbox 632 689 768 770; x_wconf 75' lang='lat' dir='ltr'><strong>Aue.</strong></span> <span class='ocrx_word' id='word_1_19' title='bbox 793 709 984 779; x_wconf 90' lang='lat' dir='ltr'><strong>Utique</strong></span> <span class='ocrx_word' id='word_1_20' title='bbox 1003 707 1094 762; x_wconf 91' lang='lat' dir='ltr'><strong>ille</strong></span> <span class='ocrx_word' id='word_1_21' title='bbox 1117 705 1207 777; x_wconf 85' lang='lat' dir='ltr'><strong>qui</strong></span> <span class='ocrx_word' id='word_1_22' title='bbox 1247 711 1522 776; x_wconf 87' lang='lat' dir='ltr'><strong>peccatum</strong></span> <span class='ocrx_word' id='word_1_23' title='bbox 1553 695 1810 770; x_wconf 76' lang='lat' dir='ltr'><strong>originale</strong></span> <span class='ocrx_word' id='word_1_24' title='bbox 1833 707 1940 750; x_wconf 92' lang='lat' dir='ltr'><strong>non</strong></span> <span class='ocrx_word' id='word_1_25' title='bbox 1959 689 2143 756; x_wconf 78' lang='lat' dir='ltr'><strong>traxit,</strong></span> 
     </span>
    </p>
   </div>
   <div class='ocr_carea' id='block_1_5' title="bbox 559 783 2146 874">
    <p class='ocr_par' dir='ltr' id='par_1_5' title="bbox 559 783 2146 874">
     <span class='ocr_line' id='line_1_5' title="bbox 559 783 2146 874; baseline -0.018 -9"><span class='ocrx_word' id='word_1_26' title='bbox 559 807 765 867; x_wconf 85' lang='lat' dir='ltr'><strong>nullum</strong></span> <span class='ocrx_word' id='word_1_27' title='bbox 797 810 1070 874; x_wconf 82' lang='lat' dir='ltr'><strong>peccatum</strong></span> <span class='ocrx_word' id='word_1_28' title='bbox 1122 797 1327 864; x_wconf 90' lang='lat' dir='ltr'><strong>habuit,</strong></span> <span class='ocrx_word' id='word_1_29' title='bbox 1349 795 1476 868; x_wconf 83' lang='lat' dir='ltr'><strong>quia</strong></span> <span class='ocrx_word' id='word_1_30' title='bbox 1519 809 1624 850; x_wconf 92' lang='lat' dir='ltr'><strong>non</strong></span> <span class='ocrx_word' id='word_1_31' title='bbox 1653 789 1782 848; x_wconf 83' lang='lat' dir='ltr'><strong>fecit</strong></span> <span class='ocrx_word' id='word_1_32' title='bbox 1804 807 1818 844; x_wconf 86' lang='lat'><strong>:</strong></span> <span class='ocrx_word' id='word_1_33' title='bbox 1843 786 1984 843; x_wconf 91' lang='lat' dir='ltr'><strong>sicut</strong></span> <span class='ocrx_word' id='word_1_34' title='bbox 2029 783 2146 854; x_wconf 89' lang='lat' dir='ltr'><strong>ipse</strong></span> 
     </span>
    </p>
   </div>
   <div class='ocr_carea' id='block_1_6' title="bbox 559 875 2143 968">
    <p class='ocr_par' dir='ltr' id='par_1_6' title="bbox 559 875 2143 968">
     <span class='ocr_line' id='line_1_6' title="bbox 559 875 2143 968; baseline -0.016 -14"><span class='ocrx_word' id='word_1_35' title='bbox 559 879 752 962; x_wconf 63' lang='lat' dir='ltr'><strong>Adam,</strong></span> <span class='ocrx_word' id='word_1_36' title='bbox 773 893 898 968; x_wconf 86' lang='lat' dir='ltr'><strong>quia</strong></span> <span class='ocrx_word' id='word_1_37' title='bbox 919 889 1180 963; x_wconf 72' lang='lat' dir='ltr'><strong>originale</strong></span> <span class='ocrx_word' id='word_1_38' title='bbox 1222 902 1329 943; x_wconf 87' lang='lat' dir='ltr'><strong>non</strong></span> <span class='ocrx_word' id='word_1_39' title='bbox 1377 884 1583 951; x_wconf 81' lang='lat' dir='ltr'><strong>habuit,</strong></span> <span class='ocrx_word' id='word_1_40' title='bbox 1611 881 1819 939; x_wconf 86' lang='lat' dir='ltr'><strong>nullum</strong></span> <span class='ocrx_word' id='word_1_41' title='bbox 1852 875 2143 938; x_wconf 71' lang='lat' dir='ltr'><strong>habuisset,</strong></span> 
     </span>
    </p>
   </div>
   <div class='ocr_carea' id='block_1_7' title="bbox 561 987 998 1061">
    <p class='ocr_par' dir='ltr' id='par_1_7' title="bbox 561 987 998 1061">
     <span class='ocr_line' id='line_1_7' title="bbox 561 987 998 1061; baseline -0.025 -13"><span class='ocrx_word' id='word_1_42' title='bbox 561 992 607 1048; x_wconf 92' lang='lat' dir='ltr'><strong>si</strong></span> <span class='ocrx_word' id='word_1_43' title='bbox 637 1005 742 1048; x_wconf 93' lang='lat' dir='ltr'><strong>non</strong></span> <span class='ocrx_word' id='word_1_44' title='bbox 764 987 998 1061; x_wconf 81' lang='lat' dir='ltr'><strong>fecisset.</strong></span> 
     </span>
    </p>
   </div>
   <div class='ocr_carea' id='block_1_8' title="bbox 628 1057 2148 1136">
    <p class='ocr_par' dir='ltr' id='par_1_8' title="bbox 628 1057 2148 1136">
     <span class='ocr_line' id='line_1_8' title="bbox 628 1057 2148 1136; baseline -0.015 0"><span class='ocrx_word' id='word_1_45' title='bbox 628 1075 913 1136; x_wconf 74' lang='lat' dir='ltr'><strong>LXXXVI.</strong></span> <span class='ocrx_word' id='word_1_46' title='bbox 938 1057 1060 1132; x_wconf 71' lang='lat' dir='ltr'><strong>ius.</strong></span> <span class='ocrx_word' id='word_1_47' title='bbox 1085 1075 1156 1129; x_wconf 81' lang='lat' dir='ltr'><strong>At</strong></span> <span class='ocrx_word' id='word_1_48' title='bbox 1180 1073 1235 1132; x_wconf 89' lang='lat' dir='ltr'><strong>.si</strong></span> <span class='ocrx_word' id='word_1_49' title='bbox 1263 1079 1406 1128; x_wconf 88' lang='lat' dir='ltr'><strong>esset</strong></span> <span class='ocrx_word' id='word_1_50' title='bbox 1436 1069 1490 1124; x_wconf 92' lang='lat' dir='ltr'><strong>in</strong></span> <span class='ocrx_word' id='word_1_51' title='bbox 1516 1075 1709 1124; x_wconf 86' lang='lat' dir='ltr'><strong>natura</strong></span> <span class='ocrx_word' id='word_1_52' title='bbox 1733 1064 1961 1126; x_wconf 83' lang='lat' dir='ltr'><strong>crimen,</strong></span> <span class='ocrx_word' id='word_1_53' title='bbox 1999 1057 2148 1116; x_wconf 88' lang='lat' dir='ltr'><strong>Petri</strong></span> 
     </span>
    </p>
   </div>
   <div class='ocr_carea' id='block_1_9' title="bbox 557 1146 2149 1240">
    <p class='ocr_par' dir='ltr' id='par_1_9' title="bbox 557 1146 2149 1240">
     <span class='ocr_line' id='line_1_9' title="bbox 557 1146 2149 1240; baseline -0.016 -12"><span class='ocrx_word' id='word_1_54' title='bbox 557 1181 678 1229; x_wconf 85' lang='lat' dir='ltr'><strong>erat</strong></span> <span class='ocrx_word' id='word_1_55' title='bbox 725 1167 970 1240; x_wconf 88' lang='lat' dir='ltr'><strong>imperita</strong></span> <span class='ocrx_word' id='word_1_56' title='bbox 1003 1165 1020 1198; x_wconf 75' lang='grc'>⁸</span> <span class='ocrx_word' id='word_1_57' title='bbox 1047 1163 1336 1230; x_wconf 87' lang='lat' dir='ltr'><strong>sententia,</strong></span> <span class='ocrx_word' id='word_1_58' title='bbox 1357 1160 1447 1232; x_wconf 91' lang='lat' dir='ltr'><strong>qui</strong></span> <span class='ocrx_word' id='word_1_59' title='bbox 1481 1165 1765 1237; x_wconf 73' lang='lat' dir='ltr'><strong>censuerat</strong></span> <span class='ocrx_word' id='word_1_60' title='bbox 1788 1153 2038 1209; x_wconf 85' lang='lat' dir='ltr'><strong>videlicet</strong></span> <span class='ocrx_word' id='word_1_61' title='bbox 2080 1146 2149 1204; x_wconf 87' lang='lat' dir='ltr'><strong>ad</strong></span> 
     </span>
    </p>
   </div>
   <div class='ocr_carea' id='block_1_10' title="bbox 557 1242 2146 1322">
    <p class='ocr_par' dir='ltr' id='par_1_10' title="bbox 557 1242 2146 1322">
     <span class='ocr_line' id='line_1_10' title="bbox 557 1242 2146 1322; baseline -0.017 1"><span class='ocrx_word' id='word_1_62' title='bbox 557 1263 913 1322; x_wconf 69' lang='lat' dir='ltr'><strong>immaculata:</strong></span> <span class='ocrx_word' id='word_1_63' title='bbox 958 1256 1256 1316; x_wconf 80' lang='lat' dir='ltr'><strong>sanctitatis</strong></span> <span class='ocrx_word' id='word_1_64' title='bbox 1285 1252 1644 1310; x_wconf 87' lang='lat' dir='ltr'><strong>testimonium</strong></span> <span class='ocrx_word' id='word_1_65' title='bbox 1688 1261 1846 1320; x_wconf 86' lang='lat' dir='ltr'><strong>posse</strong></span> <span class='ocrx_word' id='word_1_66' title='bbox 1879 1242 2146 1308; x_wconf 81' lang='lat' dir='ltr'><strong>sufﬁcere,</strong></span> 
     </span>
    </p>
   </div>
   <div class='ocr_carea' id='block_1_11' title="bbox 560 1339 2152 1428">
    <p class='ocr_par' dir='ltr' id='par_1_11' title="bbox 560 1339 2152 1428">
     <span class='ocr_line' id='line_1_11' title="bbox 560 1339 2152 1428; baseline -0.015 -12"><span class='ocrx_word' id='word_1_67' title='bbox 560 1361 608 1416; x_wconf 86' lang='lat' dir='ltr'><strong>si</strong></span> <span class='ocrx_word' id='word_1_68' title='bbox 631 1367 782 1416; x_wconf 88' lang='lat' dir='ltr'><strong>actus</strong></span> <span class='ocrx_word' id='word_1_69' title='bbox 808 1355 925 1428; x_wconf 87' lang='lat' dir='ltr'><strong>ejus</strong></span> <span class='ocrx_word' id='word_1_70' title='bbox 953 1369 986 1410; x_wconf 89' lang='lat' dir='ltr'><strong>a</strong></span> <span class='ocrx_word' id='word_1_71' title='bbox 1003 1349 1316 1410; x_wconf 86' lang='lat' dir='ltr'><strong>criminibus</strong></span> <span class='ocrx_word' id='word_1_72' title='bbox 1342 1347 1671 1412; x_wconf 89' lang='lat' dir='ltr'><strong>vindicaret;</strong></span> <span class='ocrx_word' id='word_1_73' title='bbox 1697 1357 1821 1400; x_wconf 88' lang='lat' dir='ltr'><strong>cum</strong></span> <span class='ocrx_word' id='word_1_74' title='bbox 1839 1339 2152 1396; x_wconf 81' lang='lat' dir='ltr'><strong>crederetur</strong></span> 
     </span>
    </p>
   </div>
   <div class='ocr_carea' id='block_1_12' title="bbox 559 1429 2151 1517">
    <p class='ocr_par' dir='ltr' id='par_1_12' title="bbox 559 1429 2151 1517">
     <span class='ocr_line' id='line_1_12' title="bbox 559 1429 2151 1517; baseline -0.013 -10"><span class='ocrx_word' id='word_1_75' title='bbox 559 1452 616 1508; x_wconf 88' lang='lat' dir='ltr'><strong>in</strong></span> <span class='ocrx_word' id='word_1_76' title='bbox 645 1464 714 1507; x_wconf 91' lang='lat' dir='ltr'><strong>eo</strong></span> <span class='ocrx_word' id='word_1_77' title='bbox 739 1448 980 1506; x_wconf 85' lang='lat' dir='ltr'><strong>habitare</strong></span> <span class='ocrx_word' id='word_1_78' title='bbox 1007 1451 1284 1517; x_wconf 86' lang='lat' dir='ltr'><strong>peccatum</strong></span> <span class='ocrx_word' id='word_1_79' title='bbox 1325 1455 1421 1512; x_wconf 89' lang='lat' dir='ltr'><strong>per</strong></span> <span class='ocrx_word' id='word_1_80' title='bbox 1441 1437 1690 1496; x_wconf 82' lang='lat' dir='ltr'><strong>naturale</strong></span> <span class='ocrx_word' id='word_1_81' title='bbox 1714 1437 1880 1491; x_wconf 88' lang='lat' dir='ltr'><strong>virus.</strong></span> <span class='ocrx_word' id='word_1_82' title='bbox 1917 1431 2080 1504; x_wconf 85' lang='lat' dir='ltr'><strong>igitur</strong></span> <span class='ocrx_word' id='word_1_83' title='bbox 2101 1429 2151 1486; x_wconf 89' lang='lat' dir='ltr'><strong>si</strong></span> 
     </span>
    </p>
   </div>
   <div class='ocr_carea' id='block_1_13' title="bbox 561 1524 2154 1607">
    <p class='ocr_par' dir='ltr' id='par_1_13' title="bbox 561 1524 2154 1607">
     <span class='ocr_line' id='line_1_13' title="bbox 561 1524 2154 1607; baseline -0.015 -7"><span class='ocrx_word' id='word_1_84' title='bbox 561 1543 632 1600; x_wconf 92' lang='lat' dir='ltr'><strong>de</strong></span> <span class='ocrx_word' id='word_1_85' title='bbox 649 1537 874 1596; x_wconf 87' lang='lat' dir='ltr'><strong>naturali</strong></span> <span class='ocrx_word' id='word_1_86' title='bbox 900 1537 1040 1594; x_wconf 85' lang='lat' dir='ltr'><strong>malo</strong></span> <span class='ocrx_word' id='word_1_87' title='bbox 1062 1531 1262 1607; x_wconf 88' lang='lat' dir='ltr'><strong>aliquid</strong></span> <span class='ocrx_word' id='word_1_88' title='bbox 1289 1531 1385 1589; x_wconf 89' lang='lat' dir='ltr'><strong>ille</strong></span> <span class='ocrx_word' id='word_1_89' title='bbox 1425 1530 1704 1596; x_wconf 79' lang='lat' dir='ltr'><strong>sensisset,</strong></span> <span class='ocrx_word' id='word_1_90' title='bbox 1727 1524 2012 1582; x_wconf 78' lang='lat' dir='ltr'><strong>sollicitius</strong></span> <span class='ocrx_word' id='word_1_91' title='bbox 2030 1537 2154 1593; x_wconf 88' lang='lat' dir='ltr'><strong>par-</strong></span> 
     </span>
    </p>
   </div>
   <div class='ocr_carea' id='block_1_14' title="bbox 563 1615 2148 1693">
    <p class='ocr_par' dir='ltr' id='par_1_14' title="bbox 563 1615 2148 1693">
     <span class='ocr_line' id='line_1_14' title="bbox 563 1615 2148 1693; baseline -0.014 -3"><span class='ocrx_word' id='word_1_92' title='bbox 563 1643 676 1690; x_wconf 87' lang='lat' dir='ltr'><strong>tem</strong></span> <span class='ocrx_word' id='word_1_93' title='bbox 703 1633 842 1687; x_wconf 87' lang='lat' dir='ltr'><strong>hanc</strong></span> <span class='ocrx_word' id='word_1_94' title='bbox 868 1631 1344 1686; x_wconf 88' lang='lat' dir='ltr'><strong>commemorasset</strong></span> <span class='ocrx_word' id='word_1_95' title='bbox 1381 1631 1436 1678; x_wconf 91' lang='lat' dir='ltr'><strong>et</strong></span> <span class='ocrx_word' id='word_1_96' title='bbox 1479 1620 1736 1693; x_wconf 84' lang='lat' dir='ltr'><strong>pressius,</strong></span> <span class='ocrx_word' id='word_1_97' title='bbox 1766 1627 1827 1674; x_wconf 92' lang='lat' dir='ltr'><strong>ut</strong></span> <span class='ocrx_word' id='word_1_98' title='bbox 1867 1615 2148 1680; x_wconf 79' lang='lat' dir='ltr'><strong>scriberet,</strong></span> 
     </span>
    </p>
   </div>
   <div class='ocr_carea' id='block_1_15' title="bbox 563 1711 2154 1791">
    <p class='ocr_par' dir='ltr' id='par_1_15' title="bbox 563 1711 2154 1791">
     <span class='ocr_line' id='line_1_15' title="bbox 563 1711 2154 1791; baseline -0.014 -7"><span class='ocrx_word' id='word_1_99' title='bbox 563 1723 812 1784; x_wconf 78' lang='lat' dir='ltr'><strong>Christus</strong></span> <span class='ocrx_word' id='word_1_100' title='bbox 837 1723 990 1780; x_wconf 89' lang='lat' dir='ltr'><strong>nobis</strong></span> <span class='ocrx_word' id='word_1_101' title='bbox 1013 1719 1230 1791; x_wconf 84' lang='lat' dir='ltr'><strong>reliquit</strong></span> <span class='ocrx_word' id='word_1_102' title='bbox 1255 1714 1582 1786; x_wconf 76' lang='lat' dir='ltr'><strong>exemplum,</strong></span> <span class='ocrx_word' id='word_1_103' title='bbox 1627 1711 1718 1784; x_wconf 88' lang='lat' dir='ltr'><strong>qui</strong></span> <span class='ocrx_word' id='word_1_104' title='bbox 1746 1719 2022 1782; x_wconf 79' lang='lat' dir='ltr'><strong>peccatum</strong></span> <span class='ocrx_word' id='word_1_105' title='bbox 2051 1721 2154 1763; x_wconf 89' lang='lat' dir='ltr'><strong>nec</strong></span> 
     </span>
    </p>
   </div>
   <div class='ocr_carea' id='block_1_16' title="bbox 559 1799 2152 1888">
    <p class='ocr_par' dir='ltr' id='par_1_16' title="bbox 559 1799 2152 1888">
     <span class='ocr_line' id='line_1_16' title="bbox 559 1799 2152 1888; baseline -0.013 -11"><span class='ocrx_word' id='word_1_106' title='bbox 559 1817 710 1884; x_wconf 72' lang='lat' dir='ltr'><strong>fecit,</strong></span> <span class='ocrx_word' id='word_1_107' title='bbox 757 1831 859 1876; x_wconf 90' lang='lat' dir='ltr'><strong>nec</strong></span> <span class='ocrx_word' id='word_1_108' title='bbox 905 1813 1048 1888; x_wconf 85' lang='lat' dir='ltr'><strong>quod</strong></span> <span class='ocrx_word' id='word_1_109' title='bbox 1096 1826 1196 1868; x_wconf 91' lang='lat' dir='ltr'><strong>nos</strong></span> <span class='ocrx_word' id='word_1_110' title='bbox 1243 1809 1504 1866; x_wconf 89' lang='lat' dir='ltr'><strong>trahimus</strong></span> <span class='ocrx_word' id='word_1_111' title='bbox 1550 1802 1840 1868; x_wconf 87' lang='lat' dir='ltr'><strong>nascendo,</strong></span> <span class='ocrx_word' id='word_1_112' title='bbox 1887 1799 2152 1873; x_wconf 86' lang='lat' dir='ltr'><strong>collegit:</strong></span> 
     </span>
    </p>
   </div>
   <div class='ocr_carea' id='block_1_17' title="bbox 563 1891 2156 1986">
    <p class='ocr_par' dir='ltr' id='par_1_17' title="bbox 563 1891 2156 1986">
     <span class='ocr_line' id='line_1_17' title="bbox 563 1891 2156 1986; baseline -0.014 -16"><span class='ocrx_word' id='word_1_113' title='bbox 563 1915 749 1986; x_wconf 88' lang='lat' dir='ltr'><strong>sicque</strong></span> <span class='ocrx_word' id='word_1_114' title='bbox 777 1910 968 1968; x_wconf 88' lang='lat' dir='ltr'><strong>merito</strong></span> <span class='ocrx_word' id='word_1_115' title='bbox 1021 1913 1356 1978; x_wconf 86' lang='lat' dir='ltr'><strong>sequeretur,</strong></span> <span class='ocrx_word' id='word_1_116' title='bbox 1392 1903 1666 1960; x_wconf 90' lang='lat' dir='ltr'><strong>inventum</strong></span> <span class='ocrx_word' id='word_1_117' title='bbox 1695 1898 1748 1953; x_wconf 92' lang='lat' dir='ltr'><strong>in</strong></span> <span class='ocrx_word' id='word_1_118' title='bbox 1793 1909 1890 1952; x_wconf 88' lang='lat' dir='ltr'><strong>ore</strong></span> <span class='ocrx_word' id='word_1_119' title='bbox 1915 1894 2032 1965; x_wconf 88' lang='lat' dir='ltr'><strong>ejus</strong></span> <span class='ocrx_word' id='word_1_120' title='bbox 2057 1891 2156 1948; x_wconf 89' lang='lat' dir='ltr'><strong>do-</strong></span> 
     </span>
    </p>
   </div>
   <div class='ocr_carea' id='block_1_18' title="bbox 562 1995 2155 2066">
    <p class='ocr_par' dir='ltr' id='par_1_18' title="bbox 562 1995 2155 2066">
     <span class='ocr_line' id='line_1_18' title="bbox 562 1995 2155 2066; baseline -0.016 -3"><span class='ocrx_word' id='word_1_121' title='bbox 562 2007 673 2063; x_wconf 86' lang='lat' dir='ltr'><strong>lum</strong></span> <span class='ocrx_word' id='word_1_122' title='bbox 698 2019 804 2060; x_wconf 90' lang='lat' dir='ltr'><strong>non</strong></span> <span class='ocrx_word' id='word_1_123' title='bbox 831 2017 972 2059; x_wconf 91' lang='lat' dir='ltr'><strong>esse.</strong></span> <span class='ocrx_word' id='word_1_124' title='bbox 1001 1999 1170 2056; x_wconf 84' lang='lat' dir='ltr'><strong>Porro</strong></span> <span class='ocrx_word' id='word_1_125' title='bbox 1193 1997 1238 2053; x_wconf 90' lang='lat' dir='ltr'><strong>si</strong></span> <span class='ocrx_word' id='word_1_126' title='bbox 1263 1995 1368 2052; x_wconf 89' lang='lat' dir='ltr'><strong>hoc</strong></span> <span class='ocrx_word' id='word_1_127' title='bbox 1419 1998 1678 2066; x_wconf 84' lang='lat' dir='ltr'><strong>putasset,</strong></span> <span class='ocrx_word' id='word_1_128' title='bbox 1706 2001 1979 2058; x_wconf 86' lang='lat' dir='ltr'><strong>nunquam</strong></span> <span class='ocrx_word' id='word_1_129' title='bbox 2005 1999 2155 2040; x_wconf 86' lang='lat' dir='ltr'><strong>com-</strong></span> 
     </span>
    </p>
   </div>
   <div class='ocr_carea' id='block_1_19' title="bbox 561 2073 2152 2156">
    <p class='ocr_par' dir='ltr' id='par_1_19' title="bbox 561 2073 2152 2156">
     <span class='ocr_line' id='line_1_19' title="bbox 561 2073 2152 2156; baseline -0.016 -3"><span class='ocrx_word' id='word_1_130' title='bbox 561 2092 1005 2153; x_wconf 83' lang='lat' dir='ltr'><strong>memorationem</strong></span> <span class='ocrx_word' id='word_1_131' title='bbox 1053 2089 1269 2146; x_wconf 81' lang='lat' dir='ltr'><strong>fecisset</strong></span> <span class='ocrx_word' id='word_1_132' title='bbox 1293 2083 1567 2156; x_wconf 79' lang='lat' dir='ltr'><strong>exempli:</strong></span> <span class='ocrx_word' id='word_1_133' title='bbox 1599 2093 1760 2153; x_wconf 91' lang='lat' dir='ltr'><strong>quem</strong></span> <span class='ocrx_word' id='word_1_134' title='bbox 1799 2077 1946 2134; x_wconf 90' lang='lat' dir='ltr'><strong>enim</strong></span> <span class='ocrx_word' id='word_1_135' title='bbox 1979 2073 2152 2130; x_wconf 56' lang='lat' dir='ltr'><strong>humi-</strong></span> 
     </span>
    </p>
   </div>
   <div class='ocr_carea' id='block_1_20' title="bbox 561 2169 2155 2248">
    <p class='ocr_par' dir='ltr' id='par_1_20' title="bbox 561 2169 2155 2248">
     <span class='ocr_line' id='line_1_20' title="bbox 561 2169 2155 2248; baseline -0.016 0"><span class='ocrx_word' id='word_1_136' title='bbox 561 2189 722 2248; x_wconf 87' lang='lat' dir='ltr'><strong>nibus</strong></span> <span class='ocrx_word' id='word_1_137' title='bbox 749 2201 874 2244; x_wconf 89' lang='lat' dir='ltr'><strong>esse</strong></span> <span class='ocrx_word' id='word_1_138' title='bbox 896 2181 1206 2242; x_wconf 86' lang='lat' dir='ltr'><strong>ostenderet</strong></span> <span class='ocrx_word' id='word_1_139' title='bbox 1244 2174 1648 2243; x_wconf 87' lang='lat' dir='ltr'><strong>imitandum,si</strong></span> <span class='ocrx_word' id='word_1_140' title='bbox 1694 2172 1846 2228; x_wconf 86' lang='lat' dir='ltr'><strong>illum</strong></span> <span class='ocrx_word' id='word_1_141' title='bbox 1880 2169 2155 2226; x_wconf 77' lang='lat' dir='ltr'><strong>extertue&#39;</strong></span> 
     </span>
    </p>
   </div>
   <div class='ocr_carea' id='block_1_21' title="bbox 561 2261 2157 2339">
    <p class='ocr_par' dir='ltr' id='par_1_21' title="bbox 561 2261 2157 2339">
     <span class='ocr_line' id='line_1_21' title="bbox 561 2261 2157 2339; baseline -0.014 0"><span class='ocrx_word' id='word_1_142' title='bbox 561 2281 740 2339; x_wconf 87' lang='lat' dir='ltr'><strong>carnis</strong></span> <span class='ocrx_word' id='word_1_143' title='bbox 775 2288 980 2336; x_wconf 70' lang='lat' dir='ltr'><strong>natura</strong></span> <span class='ocrx_word' id='word_1_144' title='bbox 1012 2273 1358 2331; x_wconf 83' lang='lat' dir='ltr'><strong>tliscrevisset</strong></span> <span class='ocrx_word' id='word_1_145' title='bbox 1381 2270 1426 2338; x_wconf 86' lang='grc'><strong>³,</strong></span> <span class='ocrx_word' id='word_1_146' title='bbox 1450 2277 1506 2326; x_wconf 91' lang='lat' dir='ltr'><strong>et</strong></span> <span class='ocrx_word' id='word_1_147' title='bbox 1547 2265 1874 2328; x_wconf 57' lang='lat' dir='ltr'><strong>censuram“</strong></span> <span class='ocrx_word' id='word_1_148' title='bbox 1901 2261 2157 2334; x_wconf 71' lang='lat' dir='ltr'><strong>magism-</strong></span> 
     </span>
    </p>
   </div>
   <div class='ocr_carea' id='block_1_22' title="bbox 565 2359 1597 2434">
    <p class='ocr_par' dir='ltr' id='par_1_22' title="bbox 565 2359 1597 2434">
     <span class='ocr_line' id='line_1_22' title="bbox 565 2359 1597 2434; baseline -0.016 -4"><span class='ocrx_word' id='word_1_149' title='bbox 565 2373 630 2430; x_wconf 82' lang='lat' dir='ltr'><strong>rii</strong></span> <span class='ocrx_word' id='word_1_150' title='bbox 663 2369 974 2429; x_wconf 77' lang='lat' dir='ltr'><strong>substantia:</strong></span> <span class='ocrx_word' id='word_1_151' title='bbox 993 2365 1275 2424; x_wconf 84' lang='lat' dir='ltr'><strong>diversitas</strong></span> <span class='ocrx_word' id='word_1_152' title='bbox 1294 2359 1597 2434; x_wconf 82' lang='lat' dir='ltr'><strong>arguisset‘l</strong></span> 
     </span>
    </p>
   </div>
   <div class='ocr_carea' id='block_1_23' title="bbox 635 2443 2160 2532">
    <p class='ocr_par' dir='ltr' id='par_1_23' title="bbox 635 2443 2160 2532">
     <span class='ocr_line' id='line_1_23' title="bbox 635 2443 2160 2532; baseline -0.015 -10"><span class='ocrx_word' id='word_1_153' title='bbox 635 2467 771 2524; x_wconf 78' lang='lat' dir='ltr'><strong>Anc.</strong></span> <span class='ocrx_word' id='word_1_154' title='bbox 801 2462 972 2532; x_wconf 81' lang='lat' dir='ltr'><strong>Quam</strong></span> <span class='ocrx_word' id='word_1_155' title='bbox 1001 2458 1132 2516; x_wconf 87' lang='lat' dir='ltr'><strong>nihil</strong></span> <span class='ocrx_word' id='word_1_156' title='bbox 1159 2457 1336 2524; x_wconf 90' lang='lat' dir='ltr'><strong>dicas,</strong></span> <span class='ocrx_word' id='word_1_157' title='bbox 1363 2453 1456 2524; x_wconf 82' lang='lat' dir='ltr'><strong>alii</strong></span> <span class='ocrx_word' id='word_1_158' title='bbox 1482 2459 1628 2508; x_wconf 88' lang='lat' dir='ltr'><strong>certe</strong></span> <span class='ocrx_word' id='word_1_159' title='bbox 1664 2447 1996 2520; x_wconf 79' lang='lat' dir='ltr'><strong>intelligunt,</strong></span> <span class='ocrx_word' id='word_1_160' title='bbox 2027 2443 2074 2500; x_wconf 91' lang='lat' dir='ltr'><strong>si</strong></span> <span class='ocrx_word' id='word_1_161' title='bbox 2101 2451 2160 2500; x_wconf 85' lang='lat' dir='ltr'><strong>tu</strong></span> 
     </span>
    </p>
   </div>
   <div class='ocr_carea' id='block_1_24' title="bbox 561 2539 2161 2628">
    <p class='ocr_par' dir='ltr' id='par_1_24' title="bbox 561 2539 2161 2628">
     <span class='ocr_line' id='line_1_24' title="bbox 561 2539 2161 2628; baseline -0.017 -10"><span class='ocrx_word' id='word_1_162' title='bbox 561 2575 673 2618; x_wconf 88' lang='lat' dir='ltr'><strong>non</strong></span> <span class='ocrx_word' id='word_1_163' title='bbox 703 2555 976 2628; x_wconf 87' lang='lat' dir='ltr'><strong>intelligis.</strong></span> <span class='ocrx_word' id='word_1_164' title='bbox 997 2550 1328 2621; x_wconf 78' lang='lat' dir='ltr'><strong>-Exemplum</strong></span> <span class='ocrx_word' id='word_1_165' title='bbox 1357 2545 1556 2618; x_wconf 88' lang='lat' dir='ltr'><strong>quippe</strong></span> <span class='ocrx_word' id='word_1_166' title='bbox 1587 2543 1861 2618; x_wconf 83' lang='lat' dir='ltr'><strong>apostolus</strong></span> <span class='ocrx_word' id='word_1_167' title='bbox 1887 2539 2076 2598; x_wconf 88' lang='lat' dir='ltr'><strong>Petrus</strong></span> <span class='ocrx_word' id='word_1_168' title='bbox 2105 2539 2161 2592; x_wconf 89' lang='lat' dir='ltr'><strong>in</strong></span> 
     </span>
    </p>
   </div>
   <div class='ocr_carea' id='block_1_25' title="bbox 563 2630 2162 2720">
    <p class='ocr_par' dir='ltr' id='par_1_25' title="bbox 563 2630 2162 2720">
     <span class='ocr_line' id='line_1_25' title="bbox 563 2630 2162 2720; baseline -0.015 -11"><span class='ocrx_word' id='word_1_169' title='bbox 563 2651 782 2709; x_wconf 83' lang='lat' dir='ltr'><strong>Christo</strong></span> <span class='ocrx_word' id='word_1_170' title='bbox 821 2659 1125 2720; x_wconf 78' lang='lat' dir='ltr'><strong>proponens</strong></span> <span class='ocrx_word' id='word_1_171' title='bbox 1153 2638 1461 2698; x_wconf 88' lang='lat' dir='ltr'><strong>hominibus</strong></span> <span class='ocrx_word' id='word_1_172' title='bbox 1493 2633 1806 2693; x_wconf 90' lang='lat' dir='ltr'><strong>imitandum</strong></span> <span class='ocrx_word' id='word_1_173' title='bbox 1825 2674 1841 2702; x_wconf 95' lang='lat'><strong>,</strong></span> <span class='ocrx_word' id='word_1_174' title='bbox 1871 2630 1999 2703; x_wconf 86' lang='lat' dir='ltr'><strong>quid</strong></span> <span class='ocrx_word' id='word_1_175' title='bbox 2026 2644 2162 2702; x_wconf 87' lang='lat' dir='ltr'><strong>opus</strong></span> 
     </span>
    </p>
   </div>
   <div class='ocr_carea' id='block_1_26' title="bbox 565 2721 2163 2811">
    <p class='ocr_par' dir='ltr' id='par_1_26' title="bbox 565 2721 2163 2811">
     <span class='ocr_line' id='line_1_26' title="bbox 565 2721 2163 2811; baseline -0.015 -11"><span class='ocrx_word' id='word_1_176' title='bbox 565 2752 712 2808; x_wconf 86' lang='lat' dir='ltr'><strong>erat,</strong></span> <span class='ocrx_word' id='word_1_177' title='bbox 749 2751 807 2797; x_wconf 93' lang='lat' dir='ltr'><strong>ut</strong></span> <span class='ocrx_word' id='word_1_178' title='bbox 842 2735 1042 2811; x_wconf 88' lang='lat' dir='ltr'><strong>aliquid</strong></span> <span class='ocrx_word' id='word_1_179' title='bbox 1079 2735 1148 2792; x_wconf 86' lang='lat' dir='ltr'><strong>de</strong></span> <span class='ocrx_word' id='word_1_180' title='bbox 1189 2731 1431 2804; x_wconf 77' lang='lat' dir='ltr'><strong>originali</strong></span> <span class='ocrx_word' id='word_1_181' title='bbox 1471 2737 1690 2803; x_wconf 82' lang='lat' dir='ltr'><strong>peccato</strong></span> <span class='ocrx_word' id='word_1_182' title='bbox 1731 2725 1968 2790; x_wconf 90' lang='lat' dir='ltr'><strong>diceret,</strong></span> <span class='ocrx_word' id='word_1_183' title='bbox 2010 2721 2163 2793; x_wconf 90' lang='lat' dir='ltr'><strong>quasi</strong></span> 
     </span>
    </p>
   </div>
   <div class='ocr_carea' id='block_1_27' title="bbox 565 2815 2164 2909">
    <p class='ocr_par' dir='ltr' id='par_1_27' title="bbox 565 2815 2164 2909">
     <span class='ocr_line' id='line_1_27' title="bbox 565 2815 2164 2909; baseline -0.014 -18"><span class='ocrx_word' id='word_1_184' title='bbox 565 2835 846 2909; x_wconf 83' lang='lat' dir='ltr'><strong>quisquam</strong></span> <span class='ocrx_word' id='word_1_185' title='bbox 877 2826 1138 2886; x_wconf 86' lang='lat' dir='ltr'><strong>imitando</strong></span> <span class='ocrx_word' id='word_1_186' title='bbox 1161 2824 1430 2882; x_wconf 89' lang='lat' dir='ltr'><strong>Christum</strong></span> <span class='ocrx_word' id='word_1_187' title='bbox 1468 2829 1650 2894; x_wconf 79' lang='lat' dir='ltr'><strong>posset</strong></span> <span class='ocrx_word' id='word_1_188' title='bbox 1681 2817 1930 2882; x_wconf 86' lang='lat' dir='ltr'><strong>efficere,</strong></span> <span class='ocrx_word' id='word_1_189' title='bbox 1961 2823 2021 2872; x_wconf 87' lang='lat' dir='ltr'><strong>ut</strong></span> <span class='ocrx_word' id='word_1_190' title='bbox 2047 2815 2164 2870; x_wconf 90' lang='lat' dir='ltr'><strong>sine</strong></span> 
     </span>
    </p>
   </div>
   <div class='ocr_carea' id='block_1_28' title="bbox 565 2904 2166 2993">
    <p class='ocr_par' dir='ltr' id='par_1_28' title="bbox 565 2904 2166 2993">
     <span class='ocr_line' id='line_1_28' title="bbox 565 2904 2166 2993; baseline -0.014 -11"><span class='ocrx_word' id='word_1_191' title='bbox 565 2904 680 2993; x_wconf 83' lang='lat' dir='ltr'><strong>illo,</strong></span> <span class='ocrx_word' id='word_1_192' title='bbox 703 2904 848 2980; x_wconf 76' lang='lat' dir='ltr'><strong>sicut</strong></span> <span class='ocrx_word' id='word_1_193' title='bbox 873 2921 964 2978; x_wconf 91' lang='lat' dir='ltr'><strong>ille</strong></span> <span class='ocrx_word' id='word_1_194' title='bbox 990 2918 1180 2992; x_wconf 89' lang='lat' dir='ltr'><strong>potuit,</strong></span> <span class='ocrx_word' id='word_1_195' title='bbox 1209 2910 1719 2972; x_wconf 67' lang='lat' dir='ltr'><strong>nascereturisicut</strong></span> <span class='ocrx_word' id='word_1_196' title='bbox 1745 2923 1851 2965; x_wconf 90' lang='lat' dir='ltr'><strong>non</strong></span> <span class='ocrx_word' id='word_1_197' title='bbox 1878 2913 2058 2979; x_wconf 87' lang='lat' dir='ltr'><strong>posset</strong></span> <span class='ocrx_word' id='word_1_198' title='bbox 2086 2904 2166 2960; x_wconf 76' lang='lat' dir='ltr'><strong>ef-</strong></span> 
     </span>
    </p>
   </div>
   <div class='ocr_carea' id='block_1_29' title="bbox 567 2997 2164 3078">
    <p class='ocr_par' dir='ltr' id='par_1_29' title="bbox 567 2997 2164 3078">
     <span class='ocr_line' id='line_1_29' title="bbox 567 2997 2164 3078; baseline -0.015 -2"><span class='ocrx_word' id='word_1_199' title='bbox 567 3019 733 3076; x_wconf 81' lang='lat' dir='ltr'><strong>ﬁcere</strong></span> <span class='ocrx_word' id='word_1_200' title='bbox 769 3013 1026 3072; x_wconf 76' lang='lat' dir='ltr'><strong>imitando</strong></span> <span class='ocrx_word' id='word_1_201' title='bbox 1061 3010 1332 3068; x_wconf 88' lang='lat' dir='ltr'><strong>Christum</strong></span> <span class='ocrx_word' id='word_1_202' title='bbox 1350 3047 1368 3075; x_wconf 95' lang='lat'><strong>,</strong></span> <span class='ocrx_word' id='word_1_203' title='bbox 1403 3016 1464 3063; x_wconf 89' lang='lat' dir='ltr'><strong>ut</strong></span> <span class='ocrx_word' id='word_1_204' title='bbox 1499 3001 1948 3078; x_wconf 86' lang='lat' dir='ltr'><strong>quemadmodum</strong></span> <span class='ocrx_word' id='word_1_205' title='bbox 1981 2999 2070 3054; x_wconf 92' lang='lat' dir='ltr'><strong>ille</strong></span> <span class='ocrx_word' id='word_1_206' title='bbox 2095 2997 2164 3053; x_wconf 91' lang='lat' dir='ltr'><strong>de</strong></span> 
     </span>
    </p>
   </div>
   <div class='ocr_carea' id='block_1_30' title="bbox 565 3090 2165 3182">
    <p class='ocr_par' dir='ltr' id='par_1_30' title="bbox 565 3090 2165 3182">
     <span class='ocr_line' id='line_1_30' title="bbox 565 3090 2165 3182; baseline -0.014 -13"><span class='ocrx_word' id='word_1_207' title='bbox 565 3110 776 3182; x_wconf 86' lang='lat' dir='ltr'><strong>Spiritu</strong></span> <span class='ocrx_word' id='word_1_208' title='bbox 801 3115 991 3166; x_wconf 90' lang='lat' dir='ltr'><strong>sancto</strong></span> <span class='ocrx_word' id='word_1_209' title='bbox 1024 3113 1081 3162; x_wconf 90' lang='lat' dir='ltr'><strong>et</strong></span> <span class='ocrx_word' id='word_1_210' title='bbox 1114 3103 1320 3174; x_wconf 82' lang='lat' dir='ltr'><strong>virgine</strong></span> <span class='ocrx_word' id='word_1_211' title='bbox 1349 3099 1544 3166; x_wconf 82' lang='lat' dir='ltr'><strong>Maria,</strong></span> <span class='ocrx_word' id='word_1_212' title='bbox 1573 3105 1903 3154; x_wconf 82' lang='lat' dir='ltr'><strong>nasceretur.</strong></span> <span class='ocrx_word' id='word_1_213' title='bbox 1935 3090 2165 3148; x_wconf 86' lang='lat' dir='ltr'><strong>Proinde</strong></span> 
     </span>
    </p>
   </div>
   <div class='ocr_carea' id='block_1_31' title="bbox 565 3188 2166 3263">
    <p class='ocr_par' dir='ltr' id='par_1_31' title="bbox 565 3188 2166 3263">
     <span class='ocr_line' id='line_1_31' title="bbox 565 3188 2166 3263; baseline -0.014 -1"><span class='ocrx_word' id='word_1_214' title='bbox 565 3214 630 3263; x_wconf 89' lang='lat' dir='ltr'><strong>ut</strong></span> <span class='ocrx_word' id='word_1_215' title='bbox 656 3204 926 3261; x_wconf 87' lang='lat' dir='ltr'><strong>imitemur</strong></span> <span class='ocrx_word' id='word_1_216' title='bbox 950 3198 1218 3255; x_wconf 83' lang='lat' dir='ltr'><strong>Christum</strong></span> <span class='ocrx_word' id='word_1_217' title='bbox 1237 3237 1252 3262; x_wconf 93' lang='lat'><strong>,</strong></span> <span class='ocrx_word' id='word_1_218' title='bbox 1283 3193 1529 3250; x_wconf 80' lang='lat' dir='ltr'><strong>voluntas</strong></span> <span class='ocrx_word' id='word_1_219' title='bbox 1565 3199 1749 3246; x_wconf 86' lang='lat' dir='ltr'><strong>nostra</strong></span> <span class='ocrx_word' id='word_1_220' title='bbox 1781 3188 2038 3244; x_wconf 84' lang='lat' dir='ltr'><strong>formatur</strong></span> <span class='ocrx_word' id='word_1_221' title='bbox 2065 3202 2080 3240; x_wconf 93' lang='lat'><strong>:</strong></span> <span class='ocrx_word' id='word_1_222' title='bbox 2109 3189 2166 3240; x_wconf 88' lang='lat' dir='ltr'><strong>ut</strong></span> 
     </span>
    </p>
   </div>
   <div class='ocr_carea' id='block_1_32' title="bbox 569 3284 2162 3363">
    <p class='ocr_par' dir='ltr' id='par_1_32' title="bbox 569 3284 2162 3363">
     <span class='ocr_line' id='line_1_32' title="bbox 569 3284 2162 3363; baseline -0.016 -7"><span class='ocrx_word' id='word_1_223' title='bbox 569 3306 750 3363; x_wconf 86' lang='lat' dir='ltr'><strong>autem</strong></span> <span class='ocrx_word' id='word_1_224' title='bbox 770 3293 1058 3352; x_wconf 88' lang='lat' dir='ltr'><strong>liberemur</strong></span> <span class='ocrx_word' id='word_1_225' title='bbox 1071 3288 1140 3344; x_wconf 86' lang='lat' dir='ltr'><strong>ab</strong></span> <span class='ocrx_word' id='word_1_226' title='bbox 1155 3285 1396 3358; x_wconf 84' lang='lat' dir='ltr'><strong>originali</strong></span> <span class='ocrx_word' id='word_1_227' title='bbox 1413 3284 1576 3348; x_wconf 84' lang='lat' dir='ltr'><strong>malo,</strong></span> <span class='ocrx_word' id='word_1_228' title='bbox 1591 3289 1780 3337; x_wconf 85' lang='lat' dir='ltr'><strong>natura</strong></span> <span class='ocrx_word' id='word_1_229' title='bbox 1796 3285 2162 3352; x_wconf 80' lang='lat' dir='ltr'><strong>regeneratur.</strong></span> 
     </span>
    </p>
   </div>
   <div class='ocr_carea' id='block_1_33' title="bbox 640 3369 2168 3445">
    <p class='ocr_par' dir='ltr' id='par_1_33' title="bbox 640 3369 2168 3445">
     <span class='ocr_line' id='line_1_33' title="bbox 640 3369 2168 3445; baseline -0.014 -1"><span class='ocrx_word' id='word_1_230' title='bbox 640 3382 952 3445; x_wconf 78' lang='lat' dir='ltr'><strong>LXXXVII.</strong></span> <span class='ocrx_word' id='word_1_231' title='bbox 972 3381 1092 3440; x_wconf 71' lang='lat' dir='ltr'><strong>Jun.</strong></span> <span class='ocrx_word' id='word_1_232' title='bbox 1113 3379 1230 3436; x_wconf 85' lang='lat' dir='ltr'><strong>Huc</strong></span> <span class='ocrx_word' id='word_1_233' title='bbox 1244 3375 1552 3441; x_wconf 86' lang='lat' dir='ltr'><strong>accedebat,</strong></span> <span class='ocrx_word' id='word_1_234' title='bbox 1571 3371 1822 3444; x_wconf 87' lang='lat' dir='ltr'><strong>quoniam</strong></span> <span class='ocrx_word' id='word_1_235' title='bbox 1843 3369 2025 3443; x_wconf 73' lang='lat' dir='ltr'><strong>opinio</strong></span> <span class='ocrx_word' id='word_1_236' title='bbox 2039 3383 2168 3442; x_wconf 51' lang='lat' dir='ltr'><strong>pec.</strong></span> 
     </span>
    </p>
   </div>
   <div class='ocr_carea' id='block_1_34' title="bbox 569 3461 2163 3536">
    <p class='ocr_par' dir='ltr' id='par_1_34' title="bbox 569 3461 2163 3536">
     <span class='ocr_line' id='line_1_34' title="bbox 569 3461 2163 3536; baseline -0.013 0"><span class='ocrx_word' id='word_1_237' title='bbox 569 3479 676 3536; x_wconf 87' lang='lat' dir='ltr'><strong>cati</strong></span> <span class='ocrx_word' id='word_1_238' title='bbox 705 3473 963 3534; x_wconf 87' lang='lat' dir='ltr'><strong>naturalis</strong></span> <span class='ocrx_word' id='word_1_239' title='bbox 990 3488 1095 3528; x_wconf 90' lang='lat' dir='ltr'><strong>non</strong></span> <span class='ocrx_word' id='word_1_240' title='bbox 1125 3471 1296 3528; x_wconf 90' lang='lat' dir='ltr'><strong>solum</strong></span> <span class='ocrx_word' id='word_1_241' title='bbox 1323 3468 1431 3524; x_wconf 89' lang='lat' dir='ltr'><strong>vim</strong></span> <span class='ocrx_word' id='word_1_242' title='bbox 1457 3463 1810 3523; x_wconf 80' lang='lat' dir='ltr'><strong>aemulationis</strong></span> <span class='ocrx_word' id='word_1_243' title='bbox 1837 3461 2163 3532; x_wconf 72' lang='lat' dir='ltr'><strong>absumeret,</strong></span> 
     </span>
    </p>
   </div>
   <div class='ocr_carea' id='block_1_35' title="bbox 569 3552 2168 3642">
    <p class='ocr_par' dir='ltr' id='par_1_35' title="bbox 569 3552 2168 3642">
     <span class='ocr_line' id='line_1_35' title="bbox 569 3552 2168 3642; baseline -0.012 -14"><span class='ocrx_word' id='word_1_244' title='bbox 569 3569 666 3634; x_wconf 81' lang='lat' dir='ltr'><strong>sed</strong></span> <span class='ocrx_word' id='word_1_245' title='bbox 691 3569 859 3642; x_wconf 88' lang='lat' dir='ltr'><strong>ipsius</strong></span> <span class='ocrx_word' id='word_1_246' title='bbox 887 3563 1140 3639; x_wconf 78' lang='lat' dir='ltr'><strong>prtcconii</strong></span> <span class='ocrx_word' id='word_1_247' title='bbox 1167 3561 1428 3628; x_wconf 85' lang='lat' dir='ltr'><strong>fraudem,</strong></span> <span class='ocrx_word' id='word_1_248' title='bbox 1453 3557 1595 3630; x_wconf 88' lang='lat' dir='ltr'><strong>quod</strong></span> <span class='ocrx_word' id='word_1_249' title='bbox 1616 3557 1666 3614; x_wconf 92' lang='lat' dir='ltr'><strong>ei</strong></span> <span class='ocrx_word' id='word_1_250' title='bbox 1689 3552 2048 3620; x_wconf 82' lang='lat' dir='ltr'><strong>deferebatur,</strong></span> <span class='ocrx_word' id='word_1_251' title='bbox 2077 3569 2168 3610; x_wconf 62' lang='lat' dir='ltr'><strong>ur»</strong></span> 
     </span>
    </p>
   </div>
   <div class='ocr_carea' id='block_1_36' title="bbox 567 3645 2164 3736">
    <p class='ocr_par' dir='ltr' id='par_1_36' title="bbox 567 3645 2164 3736">
     <span class='ocr_line' id='line_1_36' title="bbox 567 3645 2164 3736; baseline -0.012 -15"><span class='ocrx_word' id='word_1_252' title='bbox 567 3671 722 3736; x_wconf 81' lang='lat' dir='ltr'><strong>geret</strong></span> <span class='ocrx_word' id='word_1_253' title='bbox 734 3661 776 3714; x_wconf 81' lang='grc'><strong>⁸.</strong></span> <span class='ocrx_word' id='word_1_254' title='bbox 805 3658 920 3730; x_wconf 86' lang='lat' dir='ltr'><strong>Qua</strong></span> <span class='ocrx_word' id='word_1_255' title='bbox 948 3657 1091 3714; x_wconf 88' lang='lat' dir='ltr'><strong>enim</strong></span> <span class='ocrx_word' id='word_1_256' title='bbox 1116 3654 1385 3712; x_wconf 82' lang='lat' dir='ltr'><strong>diceretur</strong></span> <span class='ocrx_word' id='word_1_257' title='bbox 1409 3651 1688 3724; x_wconf 86' lang='lat' dir='ltr'><strong>gravitate,</strong></span> <span class='ocrx_word' id='word_1_258' title='bbox 1713 3663 1820 3720; x_wconf 89' lang='lat' dir='ltr'><strong>qua</strong></span> <span class='ocrx_word' id='word_1_259' title='bbox 1845 3646 2040 3716; x_wconf 74' lang='lat' dir='ltr'><strong>fronte,</strong></span> <span class='ocrx_word' id='word_1_260' title='bbox 2064 3645 2164 3703; x_wconf 86' lang='lat' dir='ltr'><strong>do-</strong></span> 
     </span>
    </p>
   </div>
   <div class='ocr_carea' id='block_1_37' title="bbox 569 3739 2168 3812">
    <p class='ocr_par' dir='ltr' id='par_1_37' title="bbox 569 3739 2168 3812">
     <span class='ocr_line' id='line_1_37' title="bbox 569 3739 2168 3812; baseline -0.009 -2"><span class='ocrx_word' id='word_1_261' title='bbox 569 3753 659 3810; x_wconf 88' lang='lat' dir='ltr'><strong>lus</strong></span> <span class='ocrx_word' id='word_1_262' title='bbox 685 3755 742 3808; x_wconf 87' lang='lat' dir='ltr'><strong>in</strong></span> <span class='ocrx_word' id='word_1_263' title='bbox 768 3765 864 3809; x_wconf 83' lang='lat' dir='ltr'><strong>ore</strong></span> <span class='ocrx_word' id='word_1_264' title='bbox 892 3749 1036 3806; x_wconf 85' lang='lat' dir='ltr'><strong>illius</strong></span> <span class='ocrx_word' id='word_1_265' title='bbox 1059 3761 1166 3804; x_wconf 90' lang='lat' dir='ltr'><strong>non</strong></span> <span class='ocrx_word' id='word_1_266' title='bbox 1204 3745 1402 3812; x_wconf 83' lang='lat' dir='ltr'><strong>fuisse;</strong></span> <span class='ocrx_word' id='word_1_267' title='bbox 1423 3757 1550 3800; x_wconf 85' lang='lat' dir='ltr'><strong>cum</strong></span> <span class='ocrx_word' id='word_1_268' title='bbox 1577 3743 1624 3801; x_wconf 90' lang='lat' dir='ltr'><strong>si</strong></span> <span class='ocrx_word' id='word_1_269' title='bbox 1652 3742 1707 3800; x_wconf 89' lang='lat' dir='ltr'><strong>in</strong></span> <span class='ocrx_word' id='word_1_270' title='bbox 1736 3741 1838 3798; x_wconf 81' lang='lat' dir='ltr'><strong>alia</strong></span> <span class='ocrx_word' id='word_1_271' title='bbox 1862 3739 2168 3798; x_wconf 72' lang='lat' dir='ltr'><strong>cduditidne</strong></span> 
     </span>
    </p>
   </div>
   <div class='ocr_carea' id='block_1_38' title="bbox 570 3829 2169 3914">
    <p class='ocr_par' dir='ltr' id='par_1_38' title="bbox 570 3829 2169 3914">
     <span class='ocr_line' id='line_1_38' title="bbox 570 3829 2169 3914; baseline -0.01 -12"><span class='ocrx_word' id='word_1_272' title='bbox 570 3845 775 3908; x_wconf 88' lang='lat' dir='ltr'><strong>carnis,</strong></span> <span class='ocrx_word' id='word_1_273' title='bbox 800 3856 961 3914; x_wconf 90' lang='lat' dir='ltr'><strong>quam</strong></span> <span class='ocrx_word' id='word_1_274' title='bbox 985 3854 1106 3911; x_wconf 72' lang='lat' dir='ltr'><strong>qua:</strong></span> <span class='ocrx_word' id='word_1_275' title='bbox 1124 3845 1210 3895; x_wconf 89' lang='lat' dir='ltr'><strong>est</strong></span> <span class='ocrx_word' id='word_1_276' title='bbox 1229 3845 1434 3904; x_wconf 89' lang='lat' dir='ltr'><strong>nostra,</strong></span> <span class='ocrx_word' id='word_1_277' title='bbox 1455 3835 1716 3902; x_wconf 84' lang='lat' dir='ltr'><strong>venisset,</strong></span> <span class='ocrx_word' id='word_1_278' title='bbox 1739 3847 1848 3889; x_wconf 89' lang='lat' dir='ltr'><strong>non</strong></span> <span class='ocrx_word' id='word_1_279' title='bbox 1871 3831 2046 3888; x_wconf 90' lang='lat' dir='ltr'><strong>solum</strong></span> <span class='ocrx_word' id='word_1_280' title='bbox 2069 3829 2169 3887; x_wconf 71' lang='lat' dir='ltr'><strong>de-</strong></span> 
     </span>
    </p>
   </div>
   <div class='ocr_carea' id='block_1_39' title="bbox 571 3923 2170 4006">
    <p class='ocr_par' dir='ltr' id='par_1_39' title="bbox 571 3923 2170 4006">
     <span class='ocr_line' id='line_1_39' title="bbox 571 3923 2170 4006; baseline -0.01 -11"><span class='ocrx_word' id='word_1_281' title='bbox 571 3935 769 4002; x_wconf 87' lang='lat' dir='ltr'><strong>cendo,</strong></span> <span class='ocrx_word' id='word_1_282' title='bbox 795 3932 937 4006; x_wconf 88' lang='lat' dir='ltr'><strong>quod</strong></span> <span class='ocrx_word' id='word_1_283' title='bbox 967 3930 1137 3988; x_wconf 89' lang='lat' dir='ltr'><strong>levius</strong></span> <span class='ocrx_word' id='word_1_284' title='bbox 1153 3937 1263 3999; x_wconf 88' lang='lat' dir='ltr'><strong>est,</strong></span> <span class='ocrx_word' id='word_1_285' title='bbox 1291 3927 1388 3986; x_wconf 83' lang='lat' dir='ltr'><strong>sed</strong></span> <span class='ocrx_word' id='word_1_286' title='bbox 1415 3927 1578 3988; x_wconf 80' lang='lat' dir='ltr'><strong>etiam</strong></span> <span class='ocrx_word' id='word_1_287' title='bbox 1605 3925 1893 3997; x_wconf 67' lang='lat' dir='ltr'><strong>nascendo,</strong></span> <span class='ocrx_word' id='word_1_288' title='bbox 1921 3923 2062 3996; x_wconf 88' lang='lat' dir='ltr'><strong>quod</strong></span> <span class='ocrx_word' id='word_1_289' title='bbox 2083 3931 2170 3980; x_wconf 81' lang='lat' dir='ltr'><strong>est</strong></span> 
     </span>
    </p>
   </div>
   <div class='ocr_carea' id='block_1_40' title="bbox 571 4015 2169 4103">
    <p class='ocr_par' dir='ltr' id='par_1_40' title="bbox 571 4015 2169 4103">
     <span class='ocr_line' id='line_1_40' title="bbox 571 4015 2169 4103; baseline -0.009 -18"><span class='ocrx_word' id='word_1_290' title='bbox 571 4029 818 4103; x_wconf 75' lang='lat' dir='ltr'><strong>gravius,</strong></span> <span class='ocrx_word' id='word_1_291' title='bbox 852 4025 1034 4084; x_wconf 87' lang='lat' dir='ltr'><strong>dolum</strong></span> <span class='ocrx_word' id='word_1_292' title='bbox 1071 4023 1270 4080; x_wconf 85' lang='lat' dir='ltr'><strong>malum</strong></span> <span class='ocrx_word' id='word_1_293' title='bbox 1309 4019 1717 4080; x_wconf 80' lang='lat' dir='ltr'><strong>convinceretur</strong></span> <span class='ocrx_word' id='word_1_294' title='bbox 1755 4016 1964 4089; x_wconf 79' lang='lat' dir='ltr'><strong>egisse?</strong></span> <span class='ocrx_word' id='word_1_295' title='bbox 1999 4015 2169 4087; x_wconf 79' lang='lat' dir='ltr'><strong>Quale</strong></span> 
     </span>
    </p>
   </div>
   <div class='ocr_carea' id='block_1_41' title="bbox 571 4111 2170 4197">
    <p class='ocr_par' dir='ltr' id='par_1_41' title="bbox 571 4111 2170 4197">
     <span class='ocr_line' id='line_1_41' title="bbox 571 4111 2170 4197; baseline -0.008 -17"><span class='ocrx_word' id='word_1_296' title='bbox 571 4124 772 4197; x_wconf 78' lang='lat' dir='ltr'><strong>quippe</strong></span> <span class='ocrx_word' id='word_1_297' title='bbox 801 4128 953 4188; x_wconf 90' lang='lat' dir='ltr'><strong>erat,</strong></span> <span class='ocrx_word' id='word_1_298' title='bbox 986 4127 1045 4176; x_wconf 89' lang='lat' dir='ltr'><strong>ut</strong></span> <span class='ocrx_word' id='word_1_299' title='bbox 1075 4115 1323 4174; x_wconf 83' lang='lat' dir='ltr'><strong>homines</strong></span> <span class='ocrx_word' id='word_1_300' title='bbox 1358 4114 1414 4172; x_wconf 91' lang='lat' dir='ltr'><strong>in</strong></span> <span class='ocrx_word' id='word_1_301' title='bbox 1451 4112 1679 4170; x_wconf 81' lang='lat' dir='ltr'><strong>naturali</strong></span> <span class='ocrx_word' id='word_1_302' title='bbox 1715 4111 1860 4168; x_wconf 85' lang='lat' dir='ltr'><strong>malo</strong></span> <span class='ocrx_word' id='word_1_303' title='bbox 1895 4119 2170 4183; x_wconf 81' lang='lat' dir='ltr'><strong>regnoque</strong></span> 
     </span>
    </p>
   </div>
   <div class='ocr_carea' id='block_1_42' title="bbox 570 4202 2170 4279">
    <p class='ocr_par' dir='ltr' id='par_1_42' title="bbox 570 4202 2170 4279">
     <span class='ocr_line' id='line_1_42' title="bbox 570 4202 2170 4279; baseline -0.009 -5"><span class='ocrx_word' id='word_1_304' title='bbox 570 4215 772 4274; x_wconf 89' lang='lat' dir='ltr'><strong>diaboli</strong></span> <span class='ocrx_word' id='word_1_305' title='bbox 796 4212 1136 4278; x_wconf 85' lang='lat' dir='ltr'><strong>constitutos,</strong></span> <span class='ocrx_word' id='word_1_306' title='bbox 1162 4215 1218 4266; x_wconf 91' lang='lat' dir='ltr'><strong>et</strong></span> <span class='ocrx_word' id='word_1_307' title='bbox 1239 4207 1340 4266; x_wconf 84' lang='lat' dir='ltr'><strong>sub</strong></span> <span class='ocrx_word' id='word_1_308' title='bbox 1362 4207 1611 4279; x_wconf 83' lang='lat' dir='ltr'><strong>pestifera</strong></span> <span class='ocrx_word' id='word_1_309' title='bbox 1637 4203 1776 4262; x_wconf 84' lang='lat' dir='ltr'><strong>tabis</strong></span> <span class='ocrx_word' id='word_1_310' title='bbox 1798 4202 2049 4276; x_wconf 67' lang='lat' dir='ltr'><strong>ingenitae</strong></span> <span class='ocrx_word' id='word_1_311' title='bbox 2073 4215 2170 4260; x_wconf 82' lang='lat' dir='ltr'><strong>ne-</strong></span> 
     </span>
    </p>
   </div>
   <div class='ocr_carea' id='block_1_43' title="bbox 573 4293 2168 4376">
    <p class='ocr_par' dir='ltr' id='par_1_43' title="bbox 573 4293 2168 4376">
     <span class='ocr_line' id='line_1_43' title="bbox 573 4293 2168 4376; baseline -0.008 -12"><span class='ocrx_word' id='word_1_312' title='bbox 573 4309 822 4364; x_wconf 81' lang='lat' dir='ltr'><strong>cessitate</strong></span> <span class='ocrx_word' id='word_1_313' title='bbox 850 4311 1153 4376; x_wconf 86' lang='lat' dir='ltr'><strong>peccantes,</strong></span> <span class='ocrx_word' id='word_1_314' title='bbox 1179 4299 1268 4357; x_wconf 87' lang='lat' dir='ltr'><strong>vel</strong></span> <span class='ocrx_word' id='word_1_315' title='bbox 1295 4299 1398 4372; x_wconf 83' lang='lat' dir='ltr'><strong>legi</strong></span> <span class='ocrx_word' id='word_1_316' title='bbox 1426 4295 1654 4370; x_wconf 85' lang='lat' dir='ltr'><strong>peccati,</strong></span> <span class='ocrx_word' id='word_1_317' title='bbox 1682 4309 1804 4369; x_wconf 69' lang='lat' dir='ltr'><strong>quas</strong></span> <span class='ocrx_word' id='word_1_318' title='bbox 1825 4295 1890 4353; x_wconf 80' lang='lat' dir='ltr'><strong>in</strong></span> <span class='ocrx_word' id='word_1_319' title='bbox 1909 4293 2168 4354; x_wconf 65' lang='lat' dir='ltr'><strong>merula-is</strong></span> 
     </span>
    </p>
   </div>
   <div class='ocr_carea' id='block_1_44' title="bbox 573 4375 2176 4466">
    <p class='ocr_par' dir='ltr' id='par_1_44' title="bbox 573 4375 2176 4466">
     <span class='ocr_line' id='line_1_44' title="bbox 573 4375 2176 4466; baseline -0.006 -15"><span class='ocrx_word' id='word_1_320' title='bbox 573 4411 762 4457; x_wconf 84' lang='lat' dir='ltr'><strong>eorum</strong></span> <span class='ocrx_word' id='word_1_321' title='bbox 791 4375 1068 4466; x_wconf 74' lang='lat' dir='ltr'><strong>regnabat,</strong></span> <span class='ocrx_word' id='word_1_322' title='bbox 1097 4390 1409 4448; x_wconf 81' lang='lat' dir='ltr'><strong>naturaliter</strong></span> <span class='ocrx_word' id='word_1_323' title='bbox 1433 4388 1752 4458; x_wconf 78' lang='lat' dir='ltr'><strong>servientes,</strong></span> <span class='ocrx_word' id='word_1_324' title='bbox 1783 4387 1876 4446; x_wconf 89' lang='lat' dir='ltr'><strong>ille</strong></span> <span class='ocrx_word' id='word_1_325' title='bbox 1904 4387 1974 4445; x_wconf 81' lang='lat' dir='ltr'><strong>ad</strong></span> <span class='ocrx_word' id='word_1_326' title='bbox 1997 4375 2176 4443; x_wconf 62' lang='lat' dir='ltr'><strong>emuu&#39;</strong></span> 
     </span>
    </p>
   </div>
   <div class='ocr_carea' id='block_1_45' title="bbox 571 4481 2170 4560">
    <p class='ocr_par' dir='ltr' id='par_1_45' title="bbox 571 4481 2170 4560">
     <span class='ocr_line' id='line_1_45' title="bbox 571 4481 2170 4560; baseline -0.006 -14"><span class='ocrx_word' id='word_1_327' title='bbox 571 4489 827 4560; x_wconf 83' lang='lat' dir='ltr'><strong>lationem</strong></span> <span class='ocrx_word' id='word_1_328' title='bbox 851 4501 1003 4546; x_wconf 88' lang='lat' dir='ltr'><strong>suam</strong></span> <span class='ocrx_word' id='word_1_329' title='bbox 1031 4485 1192 4544; x_wconf 89' lang='lat' dir='ltr'><strong>etiam</strong></span> <span class='ocrx_word' id='word_1_330' title='bbox 1221 4483 1322 4540; x_wconf 89' lang='lat' dir='ltr'><strong>sub</strong></span> <span class='ocrx_word' id='word_1_331' title='bbox 1356 4497 1530 4554; x_wconf 66' lang='lat' dir='ltr'><strong>pruna:</strong></span> <span class='ocrx_word' id='word_1_332' title='bbox 1567 4481 1996 4540; x_wconf 87' lang='lat' dir='ltr'><strong>interminatione</strong></span> <span class='ocrx_word' id='word_1_333' title='bbox 2019 4495 2170 4538; x_wconf 77' lang='lat' dir='ltr'><strong>com-</strong></span> 
     </span>
    </p>
   </div>
   <div class='ocr_carea' id='block_1_46' title="bbox 573 4573 2169 4654">
    <p class='ocr_par' dir='ltr' id='par_1_46' title="bbox 573 4573 2169 4654">
     <span class='ocr_line' id='line_1_46' title="bbox 573 4573 2169 4654; baseline -0.005 -16"><span class='ocrx_word' id='word_1_334' title='bbox 573 4582 819 4654; x_wconf 71' lang='lat' dir='ltr'><strong>pelleret,</strong></span> <span class='ocrx_word' id='word_1_335' title='bbox 839 4578 1206 4652; x_wconf 85' lang='lat' dir='ltr'><strong>justitiamque</strong></span> <span class='ocrx_word' id='word_1_336' title='bbox 1227 4589 1381 4633; x_wconf 86' lang='lat' dir='ltr'><strong>suam</strong></span> <span class='ocrx_word' id='word_1_337' title='bbox 1400 4574 1520 4646; x_wconf 85' lang='lat' dir='ltr'><strong>ejus</strong></span> <span class='ocrx_word' id='word_1_338' title='bbox 1537 4575 1718 4632; x_wconf 85' lang='lat' dir='ltr'><strong>carnis</strong></span> <span class='ocrx_word' id='word_1_339' title='bbox 1741 4573 2046 4630; x_wconf 88' lang='lat' dir='ltr'><strong>hominibus</strong></span> <span class='ocrx_word' id='word_1_340' title='bbox 2064 4573 2169 4630; x_wconf 86' lang='lat' dir='ltr'><strong>im-</strong></span> 
     </span>
    </p>
   </div>
   <div class='ocr_carea' id='block_1_47' title="bbox 571 4665 2177 4746">
    <p class='ocr_par' dir='ltr' id='par_1_47' title="bbox 571 4665 2177 4746">
     <span class='ocr_line' id='line_1_47' title="bbox 571 4665 2177 4746; baseline -0.005 -16"><span class='ocrx_word' id='word_1_341' title='bbox 571 4680 790 4746; x_wconf 83' lang='lat' dir='ltr'><strong>putaret</strong></span> <span class='ocrx_word' id='word_1_342' title='bbox 807 4672 850 4740; x_wconf 64' lang='lat'><strong>“,</strong></span> <span class='ocrx_word' id='word_1_343' title='bbox 869 4671 1024 4741; x_wconf 86' lang='lat' dir='ltr'><strong>cujus</strong></span> <span class='ocrx_word' id='word_1_344' title='bbox 1041 4668 1186 4726; x_wconf 85' lang='lat' dir='ltr'><strong>malo</strong></span> <span class='ocrx_word' id='word_1_345' title='bbox 1208 4667 1288 4725; x_wconf 87' lang='lat' dir='ltr'><strong>sic</strong></span> <span class='ocrx_word' id='word_1_346' title='bbox 1310 4667 1481 4724; x_wconf 82' lang='lat' dir='ltr'><strong>fuerat</strong></span> <span class='ocrx_word' id='word_1_347' title='bbox 1507 4667 1837 4738; x_wconf 87' lang='lat' dir='ltr'><strong>perterritus,</strong></span> <span class='ocrx_word' id='word_1_348' title='bbox 1863 4675 1921 4723; x_wconf 86' lang='lat' dir='ltr'><strong>ut</strong></span> <span class='ocrx_word' id='word_1_349' title='bbox 1941 4667 2058 4738; x_wconf 87' lang='lat' dir='ltr'><strong>ipse</strong></span> <span class='ocrx_word' id='word_1_350' title='bbox 2074 4665 2177 4738; x_wconf 85' lang='lat' dir='ltr'><strong>qui-</strong></span> 
     </span>
    </p>
   </div>
   <div class='ocr_carea' id='block_1_48' title="bbox 572 4759 2162 4835">
    <p class='ocr_par' dir='ltr' id='par_1_48' title="bbox 572 4759 2162 4835">
     <span class='ocr_line' id='line_1_48' title="bbox 572 4759 2162 4835; baseline -0.004 -13"><span class='ocrx_word' id='word_1_351' title='bbox 572 4765 676 4822; x_wconf 90' lang='lat' dir='ltr'><strong>sub</strong></span> <span class='ocrx_word' id='word_1_352' title='bbox 690 4763 872 4835; x_wconf 81' lang='lat' dir='ltr'><strong>specie</strong></span> <span class='ocrx_word' id='word_1_353' title='bbox 888 4764 1008 4835; x_wconf 82' lang='lat' dir='ltr'><strong>ejus</strong></span> <span class='ocrx_word' id='word_1_354' title='bbox 1025 4759 1252 4818; x_wconf 85' lang='lat' dir='ltr'><strong>formam</strong></span> <span class='ocrx_word' id='word_1_355' title='bbox 1270 4759 1512 4817; x_wconf 83' lang='lat' dir='ltr'><strong>voluerat</strong></span> <span class='ocrx_word' id='word_1_356' title='bbox 1531 4759 1826 4816; x_wconf 84' lang='lat' dir='ltr'><strong>honestatis</strong></span> <span class='ocrx_word' id='word_1_357' title='bbox 1841 4759 2162 4830; x_wconf 66' lang='lat' dir='ltr'><strong>exprimere,</strong></span> 
     </span>
    </p>
   </div>
   <div class='ocr_carea' id='block_1_49' title="bbox 571 4851 2167 4925">
    <p class='ocr_par' dir='ltr' id='par_1_49' title="bbox 571 4851 2167 4925">
     <span class='ocr_line' id='line_1_49' title="bbox 571 4851 2167 4925; baseline -0.005 -9"><span class='ocrx_word' id='word_1_358' title='bbox 571 4869 755 4916; x_wconf 82' lang='lat' dir='ltr'><strong>tamen</strong></span> <span class='ocrx_word' id='word_1_359' title='bbox 776 4865 979 4914; x_wconf 80' lang='lat' dir='ltr'><strong>naturae</strong></span> <span class='ocrx_word' id='word_1_360' title='bbox 997 4855 1114 4925; x_wconf 87' lang='lat' dir='ltr'><strong>ejus</strong></span> <span class='ocrx_word' id='word_1_361' title='bbox 1130 4853 1406 4911; x_wconf 87' lang='lat' dir='ltr'><strong>veritatem</strong></span> <span class='ocrx_word' id='word_1_362' title='bbox 1423 4861 1658 4910; x_wconf 87' lang='lat' dir='ltr'><strong>caveret.</strong></span> <span class='ocrx_word' id='word_1_363' title='bbox 1672 4851 1884 4921; x_wconf 76' lang='lat' dir='ltr'><strong>Quanto</strong></span> <span class='ocrx_word' id='word_1_364' title='bbox 1897 4852 1950 4909; x_wconf 87' lang='lat' dir='ltr'><strong>ei</strong></span> <span class='ocrx_word' id='word_1_365' title='bbox 1969 4851 2167 4908; x_wconf 84' lang='lat' dir='ltr'><strong>rectius</strong></span> 
     </span>
    </p>
   </div>
   <div class='ocr_carea' id='block_1_50' title="bbox 573 4944 2162 5022">
    <p class='ocr_par' dir='ltr' id='par_1_50' title="bbox 573 4944 2162 5022">
     <span class='ocr_line' id='line_1_50' title="bbox 573 4944 2162 5022; baseline -0.008 -13"><span class='ocrx_word' id='word_1_366' title='bbox 573 4951 780 5009; x_wconf 85' lang='lat' dir='ltr'><strong>diceret</strong></span> <span class='ocrx_word' id='word_1_367' title='bbox 801 4945 1062 5022; x_wconf 76' lang='lat' dir='ltr'><strong>aegritudo</strong></span> <span class='ocrx_word' id='word_1_368' title='bbox 1089 4946 1424 5018; x_wconf 81' lang='lat' dir='ltr'><strong>peccantium</strong></span> <span class='ocrx_word' id='word_1_369' title='bbox 1451 4954 1508 5002; x_wconf 88' lang='lat' dir='ltr'><strong>et</strong></span> <span class='ocrx_word' id='word_1_370' title='bbox 1533 4944 1793 5003; x_wconf 87' lang='lat' dir='ltr'><strong>securitas</strong></span> <span class='ocrx_word' id='word_1_371' title='bbox 1813 4948 2118 5000; x_wconf 78' lang='lat' dir='ltr'><strong>coactorum</strong></span> <span class='ocrx_word' id='word_1_372' title='bbox 2147 4961 2162 4997; x_wconf 91' lang='lat'><strong>:</strong></span> 
     </span>
    </p>
   </div>
   <div class='ocr_carea' id='block_1_51' title="bbox 571 5037 2166 5110">
    <p class='ocr_par' dir='ltr' id='par_1_51' title="bbox 571 5037 2166 5110">
     <span class='ocr_line' id='line_1_51' title="bbox 571 5037 2166 5110; baseline -0.006 -9"><span class='ocrx_word' id='word_1_373' title='bbox 571 5044 710 5102; x_wconf 90' lang='lat' dir='ltr'><strong>Cum</strong></span> <span class='ocrx_word' id='word_1_374' title='bbox 737 5043 996 5109; x_wconf 88' lang='lat' dir='ltr'><strong>valemus,</strong></span> <span class='ocrx_word' id='word_1_375' title='bbox 1022 5054 1214 5098; x_wconf 79' lang='lat' dir='ltr'><strong>omnes</strong></span> <span class='ocrx_word' id='word_1_376' title='bbox 1238 5047 1387 5097; x_wconf 88' lang='lat' dir='ltr'><strong>recta</strong></span> <span class='ocrx_word' id='word_1_377' title='bbox 1412 5037 1634 5096; x_wconf 78' lang='lat' dir='ltr'><strong>consilia</strong></span> <span class='ocrx_word' id='word_1_378' title='bbox 1667 5037 1964 5110; x_wconf 81' lang='lat' dir='ltr'><strong>praebemus</strong></span> <span class='ocrx_word' id='word_1_379' title='bbox 1991 5051 2166 5108; x_wconf 79' lang='lat' dir='ltr'><strong>aegro-</strong></span> 
     </span>
    </p>
   </div>
   <div class='ocr_carea' id='block_1_52' title="bbox 571 5127 2168 5210">
    <p class='ocr_par' dir='ltr' id='par_1_52' title="bbox 571 5127 2168 5210">
     <span class='ocr_line' id='line_1_52' title="bbox 571 5127 2168 5210; baseline -0.006 -17"><span class='ocrx_word' id='word_1_380' title='bbox 571 5137 646 5193; x_wconf 88' lang='lat' dir='ltr'><strong>tis</strong></span> <span class='ocrx_word' id='word_1_381' title='bbox 664 5134 778 5210; x_wconf 78' lang='lat' dir='ltr'><strong>(al;</strong></span> <span class='ocrx_word' id='word_1_382' title='bbox 801 5142 861 5193; x_wconf 88' lang='lat' dir='ltr'><strong>tu</strong></span> <span class='ocrx_word' id='word_1_383' title='bbox 881 5135 931 5192; x_wconf 92' lang='lat' dir='ltr'><strong>si</strong></span> <span class='ocrx_word' id='word_1_384' title='bbox 955 5134 1040 5192; x_wconf 81' lang='lat' dir='ltr'><strong>sic</strong></span> <span class='ocrx_word' id='word_1_385' title='bbox 1057 5147 1228 5202; x_wconf 88' lang='lat' dir='ltr'><strong>esses,</strong></span> <span class='ocrx_word' id='word_1_386' title='bbox 1251 5131 1411 5189; x_wconf 83' lang='lat' dir='ltr'><strong>aliter</strong></span> <span class='ocrx_word' id='word_1_387' title='bbox 1433 5130 1590 5202; x_wconf 81' lang='lat' dir='ltr'><strong>longe</strong></span> <span class='ocrx_word' id='word_1_388' title='bbox 1615 5129 1878 5200; x_wconf 75' lang='lat' dir='ltr'><strong>longeque</strong></span> <span class='ocrx_word' id='word_1_389' title='bbox 1901 5127 2168 5185; x_wconf 70' lang='lat' dir='ltr'><strong>sentires?</strong></span> 
     </span>
    </p>
   </div>
   <div class='ocr_carea' id='block_1_53' title="bbox 571 5215 2165 5302">
    <p class='ocr_par' dir='ltr' id='par_1_53' title="bbox 571 5215 2165 5302">
     <span class='ocr_line' id='line_1_53' title="bbox 571 5215 2165 5302; baseline -0.005 -17"><span class='ocrx_word' id='word_1_390' title='bbox 571 5227 696 5299; x_wconf 80' lang='lat' dir='ltr'><strong>Quo</strong></span> <span class='ocrx_word' id='word_1_391' title='bbox 719 5227 884 5302; x_wconf 50' lang='lat' dir='ltr'><strong>titur</strong></span> <span class='ocrx_word' id='word_1_392' title='bbox 905 5231 1085 5284; x_wconf 56' lang='lat' dir='ltr'><strong>vein</strong></span> <span class='ocrx_word' id='word_1_393' title='bbox 1112 5219 1340 5296; x_wconf 72' lang='lat' dir='ltr'><strong>profecit</strong></span> <span class='ocrx_word' id='word_1_394' title='bbox 1372 5220 1653 5294; x_wconf 77' lang='lat' dir='ltr'><strong>impietas?</strong></span> <span class='ocrx_word' id='word_1_395' title='bbox 1679 5215 1988 5277; x_wconf 81' lang='lat' dir='ltr'><strong>Necessario</strong></span> <span class='ocrx_word' id='word_1_396' title='bbox 2015 5218 2165 5277; x_wconf 85' lang='lat' dir='ltr'><strong>vide-</strong></span> 
     </span>
    </p>
   </div>
   <div class='ocr_carea' id='block_1_54' title="bbox 573 5311 2166 5392">
    <p class='ocr_par' dir='ltr' id='par_1_54' title="bbox 573 5311 2166 5392">
     <span class='ocr_line' id='line_1_54' title="bbox 573 5311 2166 5392; baseline -0.004 -16"><span class='ocrx_word' id='word_1_397' title='bbox 573 5320 701 5377; x_wconf 85' lang='lat' dir='ltr'><strong>licet</strong></span> <span class='ocrx_word' id='word_1_398' title='bbox 719 5317 1014 5392; x_wconf 79' lang='lat' dir='ltr'><strong>cnnsequi,</strong></span> <span class='ocrx_word' id='word_1_399' title='bbox 1039 5323 1102 5375; x_wconf 86' lang='lat' dir='ltr'><strong>ut</strong></span> <span class='ocrx_word' id='word_1_400' title='bbox 1120 5315 1170 5376; x_wconf 78' lang='lat' dir='ltr'><strong>si</strong></span> <span class='ocrx_word' id='word_1_401' title='bbox 1193 5313 1433 5374; x_wconf 73' lang='lat' dir='ltr'><strong>creditur</strong></span> <span class='ocrx_word' id='word_1_402' title='bbox 1457 5313 1769 5372; x_wconf 81' lang='lat' dir='ltr'><strong>naturaliter</strong></span> <span class='ocrx_word' id='word_1_403' title='bbox 1793 5311 1941 5370; x_wconf 84' lang='lat' dir='ltr'><strong>carni</strong></span> <span class='ocrx_word' id='word_1_404' title='bbox 1968 5321 2166 5370; x_wconf 64' lang='lat' dir='ltr'><strong>nostra</strong></span> 
     </span>
    </p>
   </div>
   <div class='ocr_carea' id='block_1_55' title="bbox 640 5533 1354 5604">
    <p class='ocr_par' dir='ltr' id='par_1_55' title="bbox 640 5533 1354 5604">
     <span class='ocr_line' id='line_1_55' title="bbox 640 5533 1354 5604; baseline -0.017 -5"><span class='ocrx_word' id='word_1_405' title='bbox 640 5541 666 5580; x_wconf 75' lang='grc' dir='ltr'><strong>ι</strong></span> <span class='ocrx_word' id='word_1_406' title='bbox 695 5540 862 5598; x_wconf 79' lang='lat' dir='ltr'><strong>codex</strong></span> <span class='ocrx_word' id='word_1_407' title='bbox 881 5533 1354 5604; x_wconf 66' lang='lat' dir='ltr'><strong>rm.&#39;,’impsireeta.</strong></span> 
     </span>
    </p>
   </div>
   <div class='ocr_carea' id='block_1_56' title="bbox 695 5603 1398 5728">
    <p class='ocr_par' dir='ltr' id='par_1_56' title="bbox 695 5603 1398 5728">
     <span class='ocr_line' id='line_1_56' title="bbox 695 5603 1398 5666; baseline -0.016 -3"><span class='ocrx_word' id='word_1_408' title='bbox 695 5607 774 5662; x_wconf 82' lang='lat' dir='ltr'><strong>ste</strong></span> <span class='ocrx_word' id='word_1_409' title='bbox 792 5613 902 5660; x_wconf 69' lang='lat' dir='ltr'><strong>uss.</strong></span> <span class='ocrx_word' id='word_1_410' title='bbox 922 5603 1398 5666; x_wconf 44' lang='grc' dir='ltr'><strong>πωμάτων.</strong></span> 
     </span>
     <span class='ocr_line' id='line_1_57' title="bbox 695 5659 1335 5728; baseline -0.023 -5"><span class='ocrx_word' id='word_1_411' title='bbox 695 5667 863 5722; x_wconf 80' lang='lat' dir='ltr'><strong>codex</strong></span> <span class='ocrx_word' id='word_1_412' title='bbox 882 5673 1038 5728; x_wconf 82' lang='lat' dir='ltr'><strong>Port.,</strong></span> <span class='ocrx_word' id='word_1_413' title='bbox 1062 5659 1335 5728; x_wconf 65' lang='lat' dir='ltr'><strong>diram.</strong></span> 
     </span>
    </p>
   </div>
   <div class='ocr_carea' id='block_1_57' title="bbox 693 5727 1402 5794">
    <p class='ocr_par' dir='ltr' id='par_1_57' title="bbox 693 5727 1402 5794">
     <span class='ocr_line' id='line_1_58' title="bbox 693 5727 1402 5794; baseline -0.021 -7"><span class='ocrx_word' id='word_1_414' title='bbox 693 5729 773 5786; x_wconf 76' lang='lat' dir='ltr'><strong>sic</strong></span> <span class='ocrx_word' id='word_1_415' title='bbox 791 5736 902 5782; x_wconf 79' lang='lat' dir='ltr'><strong>uss.</strong></span> <span class='ocrx_word' id='word_1_416' title='bbox 917 5730 972 5780; x_wconf 84' lang='lat' dir='ltr'><strong>tn</strong></span> <span class='ocrx_word' id='word_1_417' title='bbox 990 5727 1152 5794; x_wconf 70' lang='lat' dir='ltr'><strong>Vigm.</strong></span> <span class='ocrx_word' id='word_1_418' title='bbox 1173 5727 1402 5780; x_wconf 60' lang='lat' dir='ltr'><strong>eamea.</strong></span> 
     </span>
    </p>
   </div>
   <div class='ocr_carea' id='block_1_58' title="bbox 693 5793 1260 5864">
    <p class='ocr_par' dir='ltr' id='par_1_58' title="bbox 693 5793 1260 5864">
     <span class='ocr_line' id='line_1_59' title="bbox 693 5793 1260 5864; baseline -0.002 1"><span class='ocrx_word' id='word_1_419' title='bbox 693 5793 1116 5864; x_wconf 42' lang='grc' dir='ltr'><strong>ναιέμεναι·</strong></span> <span class='ocrx_word' id='word_1_420' title='bbox 1156 5857 1168 5864; x_wconf 78' lang='grc'><em>,</em></span> 
     </span>
    </p>
   </div>
   <div class='ocr_carea' id='block_1_59' title="bbox 936 5847 2016 5918">
    <p class='ocr_par' dir='ltr' id='par_1_59' title="bbox 936 5847 2016 5918">
     <span class='ocr_line' id='line_1_60' title="bbox 936 5847 2016 5918; baseline -0.012 -12"><span class='ocrx_word' id='word_1_421' title='bbox 936 5847 1185 5918; x_wconf 70' lang='grc' dir='ltr'><strong>ζρυιατεε.</strong></span> <span class='ocrx_word' id='word_1_422' title='bbox 1211 5851 1410 5918; x_wconf 78' lang='lat' dir='ltr'><strong>videtur</strong></span> <span class='ocrx_word' id='word_1_423' title='bbox 1429 5847 1712 5918; x_wconf 68' lang='lat' dir='ltr'><strong>legendum,</strong></span> <span class='ocrx_word' id='word_1_424' title='bbox 1731 5847 2016 5918; x_wconf 58' lang='lat' dir='ltr'><strong>inmeriti-et.</strong></span> 
     </span>
    </p>
   </div>
   <div class='ocr_carea' id='block_1_60' title="bbox 639 5909 2065 5984">
    <p class='ocr_par' dir='ltr' id='par_1_60' title="bbox 639 5909 2065 5984">
     <span class='ocr_line' id='line_1_61' title="bbox 639 5909 2065 5984; baseline -0.004 -14"><span class='ocrx_word' id='word_1_425' title='bbox 639 5915 722 5984; x_wconf 76' lang='grc' dir='ltr'><strong>(ο)</strong></span> <span class='ocrx_word' id='word_1_426' title='bbox 748 5909 1012 5974; x_wconf 55' lang='lat' dir='ltr'><strong>mea</strong></span> <span class='ocrx_word' id='word_1_427' title='bbox 1033 5921 1233 5968; x_wconf 79' lang='lat' dir='ltr'><strong>Terent.</strong></span> <span class='ocrx_word' id='word_1_428' title='bbox 1267 5913 1409 5967; x_wconf 72' lang='lat' dir='ltr'><strong>Andr.</strong></span> <span class='ocrx_word' id='word_1_429' title='bbox 1435 5909 1527 5969; x_wconf 54' lang='grc' dir='ltr'><strong>δεῖ.</strong></span> <span class='ocrx_word' id='word_1_430' title='bbox 1551 5911 1602 5978; x_wconf 73' lang='lat'><strong>2,</strong></span> <span class='ocrx_word' id='word_1_431' title='bbox 1622 5909 1761 5969; x_wconf 79' lang='lat' dir='ltr'><strong>scen.</strong></span> <span class='ocrx_word' id='word_1_432' title='bbox 1787 5909 1836 5978; x_wconf 72' lang='grc' dir='ltr'><strong>Ι,</strong></span> <span class='ocrx_word' id='word_1_433' title='bbox 1861 5922 1992 5966; x_wconf 88' lang='lat' dir='ltr'><strong>vers.</strong></span> <span class='ocrx_word' id='word_1_434' title='bbox 2015 5909 2065 5965; x_wconf 82' lang='lat'><strong>9.</strong></span> 
     </span>
    </p>
   </div>
   <div class='ocr_carea' id='block_1_61' title="bbox 637 5727 668 5766">
    <p class='ocr_par' dir='ltr' id='par_1_61' title="bbox 637 5727 668 5766">
     <span class='ocr_line' id='line_1_62' title="bbox 637 5727 668 5766; baseline 0 0"><span class='ocrx_word' id='word_1_435' title='bbox 637 5727 668 5766; x_wconf 71' lang='grc' dir='ltr'>δ</span> 
     </span>
    </p>
   </div>
   <div class='ocr_carea' id='block_1_62' title="bbox 700 5861 930 5974">
    <p class='ocr_par' dir='ltr' id='par_1_62' title="bbox 700 5861 930 5974">
     <span class='ocr_line' id='line_1_63' title="bbox 700 5861 930 5974; baseline -0.004 0"><span class='ocrx_word' id='word_1_436' title='bbox 700 5861 930 5974; x_wconf 52' lang='lat' dir='ltr'><strong>itm</strong></span> 
     </span>
    </p>
   </div>
   <div class='ocr_carea' id='block_1_63' title="bbox 1229 368 3182 462">
    <p class='ocr_par' dir='ltr' id='par_1_63' title="bbox 1229 368 3182 462">
     <span class='ocr_line' id='line_1_64' title="bbox 1229 368 3182 462; baseline -0.009 -1"><span class='ocrx_word' id='word_1_437' title='bbox 1229 399 1474 462; x_wconf 82' lang='lat' dir='ltr'><strong>OPERlS</strong></span> <span class='ocrx_word' id='word_1_438' title='bbox 1511 391 1922 455; x_wconf 77' lang='lat' dir='ltr'><strong>IMPERFECTI</strong></span> <span class='ocrx_word' id='word_1_439' title='bbox 1960 384 2234 448; x_wconf 78' lang='lat' dir='ltr'><strong>CONTRA</strong></span> <span class='ocrx_word' id='word_1_440' title='bbox 2273 381 2636 456; x_wconf 69' lang='lat' dir='ltr'><strong>summum,</strong></span> <span class='ocrx_word' id='word_1_441' title='bbox 2676 385 2735 446; x_wconf 90' lang='lat' dir='ltr'><strong>s.</strong></span> <span class='ocrx_word' id='word_1_442' title='bbox 2775 368 3182 446; x_wconf 71' lang='lat' dir='ltr'><strong>aucusruvt&#39;</strong></span> 
     </span>
    </p>
   </div>
   <div class='ocr_carea' id='block_1_64' title="bbox 2253 501 3881 578">
    <p class='ocr_par' dir='ltr' id='par_1_64' title="bbox 2253 501 3881 578">
     <span class='ocr_line' id='line_1_65' title="bbox 2253 501 3881 578; baseline 0.002 -20"><span class='ocrx_word' id='word_1_443' title='bbox 2253 503 2432 558; x_wconf 83' lang='lat' dir='ltr'><strong>inesse</strong></span> <span class='ocrx_word' id='word_1_444' title='bbox 2457 513 2754 572; x_wconf 85' lang='lat' dir='ltr'><strong>peccatum,</strong></span> <span class='ocrx_word' id='word_1_445' title='bbox 2780 502 3027 559; x_wconf 77' lang='lat' dir='ltr'><strong>Christus</strong></span> <span class='ocrx_word' id='word_1_446' title='bbox 3053 513 3286 574; x_wconf 62' lang='lat' dir='ltr'><strong>quoque</strong></span> <span class='ocrx_word' id='word_1_447' title='bbox 3309 501 3402 556; x_wconf 77' lang='lat' dir='ltr'><strong>aut</strong></span> <span class='ocrx_word' id='word_1_448' title='bbox 3427 509 3691 576; x_wconf 73' lang='lat' dir='ltr'><strong>susceperit</strong></span> <span class='ocrx_word' id='word_1_449' title='bbox 3711 527 3790 570; x_wconf 70' lang='lat' dir='ltr'><strong>cn.</strong></span> <span class='ocrx_word' id='word_1_450' title='bbox 3880 567 3881 578; x_wconf 15' lang='grc' dir='ltr'>χ</span> 
     </span>
    </p>
   </div>
   <div class='ocr_carea' id='block_1_65' title="bbox 3689 393 3784 457">
    <p class='ocr_par' dir='ltr' id='par_1_65' title="bbox 3689 393 3784 457">
     <span class='ocr_line' id='line_1_66' title="bbox 3689 393 3784 457; baseline 0.053 -5"><span class='ocrx_word' id='word_1_451' title='bbox 3689 393 3784 457; x_wconf 64' lang='lat' dir='ltr'><strong>i388</strong></span> 
     </span>
    </p>
   </div>
   <div class='ocr_carea' id='block_1_66' title="bbox 2254 593 3881 706">
    <p class='ocr_par' dir='ltr' id='par_1_66' title="bbox 2254 593 3881 706">
     <span class='ocr_line' id='line_1_67' title="bbox 2254 593 3881 706; baseline 0.009 -56"><span class='ocrx_word' id='word_1_452' title='bbox 2254 609 2378 650; x_wconf 89' lang='lat' dir='ltr'><strong>nem</strong></span> <span class='ocrx_word' id='word_1_453' title='bbox 2416 593 2570 650; x_wconf 86' lang='lat' dir='ltr'><strong>istam</strong></span> <span class='ocrx_word' id='word_1_454' title='bbox 2591 635 2610 662; x_wconf 89' lang='lat'><strong>,</strong></span> <span class='ocrx_word' id='word_1_455' title='bbox 2635 603 2690 650; x_wconf 89' lang='lat' dir='ltr'><strong>et</strong></span> <span class='ocrx_word' id='word_1_456' title='bbox 2727 595 2828 650; x_wconf 91' lang='lat' dir='ltr'><strong>hoc</strong></span> <span class='ocrx_word' id='word_1_457' title='bbox 2860 597 3000 651; x_wconf 70' lang='lat' dir='ltr'><strong>nullo</strong></span> <span class='ocrx_word' id='word_1_458' title='bbox 3026 603 3287 651; x_wconf 82' lang='lat' dir='ltr'><strong>teneatur</strong></span> <span class='ocrx_word' id='word_1_459' title='bbox 3311 593 3600 662; x_wconf 67' lang='lat' dir='ltr'><strong>obnoxius;</strong></span> <span class='ocrx_word' id='word_1_460' title='bbox 3627 611 3702 656; x_wconf 81' lang='lat' dir='ltr'><strong>aut</strong></span> <span class='ocrx_word' id='word_1_461' title='bbox 3719 619 3792 666; x_wconf 83' lang='lat' dir='ltr'><strong>non</strong></span> 
     </span>
    </p>
   </div>
   <div class='ocr_carea' id='block_1_67' title="bbox 2255 688 3881 760">
    <p class='ocr_par' dir='ltr' id='par_1_67' title="bbox 2255 688 3881 760">
     <span class='ocr_line' id='line_1_68' title="bbox 2255 688 3881 760; baseline 0.001 -16"><span class='ocrx_word' id='word_1_462' title='bbox 2255 690 2568 760; x_wconf 86' lang='lat' dir='ltr'><strong>susceperit,</strong></span> <span class='ocrx_word' id='word_1_463' title='bbox 2583 697 2640 746; x_wconf 89' lang='lat' dir='ltr'><strong>et</strong></span> <span class='ocrx_word' id='word_1_464' title='bbox 2653 705 2758 745; x_wconf 87' lang='lat' dir='ltr'><strong>non</strong></span> <span class='ocrx_word' id='word_1_465' title='bbox 2778 690 2991 760; x_wconf 82' lang='lat' dir='ltr'><strong>quidem</strong></span> <span class='ocrx_word' id='word_1_466' title='bbox 3007 688 3340 758; x_wconf 77' lang='lat' dir='ltr'><strong>nativitatis,</strong></span> <span class='ocrx_word' id='word_1_467' title='bbox 3354 703 3474 758; x_wconf 79' lang='lat' dir='ltr'><strong>qua:</strong></span> <span class='ocrx_word' id='word_1_468' title='bbox 3487 689 3538 744; x_wconf 85' lang='lat' dir='ltr'><strong>iu</strong></span> <span class='ocrx_word' id='word_1_469' title='bbox 3550 703 3610 748; x_wconf 88' lang='lat' dir='ltr'><strong>eo</strong></span> <span class='ocrx_word' id='word_1_470' title='bbox 3622 699 3792 759; x_wconf 58' lang='lat' dir='ltr'><strong>menda;</strong></span> <span class='ocrx_word' id='word_1_471' title='bbox 3880 688 3881 760; x_wconf 53' lang='grc' dir='ltr'>ἲ</span> 
     </span>
    </p>
   </div>
   <div class='ocr_carea' id='block_1_68' title="bbox 2253 780 3794 854">
    <p class='ocr_par' dir='ltr' id='par_1_68' title="bbox 2253 780 3794 854">
     <span class='ocr_line' id='line_1_69' title="bbox 2253 780 3794 854; baseline 0.003 -16"><span class='ocrx_word' id='word_1_472' title='bbox 2253 782 2483 849; x_wconf 88' lang='lat' dir='ltr'><strong>videtur,</strong></span> <span class='ocrx_word' id='word_1_473' title='bbox 2511 783 2608 840; x_wconf 89' lang='lat' dir='ltr'><strong>sed</strong></span> <span class='ocrx_word' id='word_1_474' title='bbox 2637 793 2812 840; x_wconf 90' lang='lat' dir='ltr'><strong>tamen</strong></span> <span class='ocrx_word' id='word_1_475' title='bbox 2836 783 3159 838; x_wconf 77' lang='lat' dir='ltr'><strong>voluntaria:</strong></span> <span class='ocrx_word' id='word_1_476' title='bbox 3187 780 3400 837; x_wconf 76' lang='lat' dir='ltr'><strong>fraudis</strong></span> <span class='ocrx_word' id='word_1_477' title='bbox 3424 781 3676 854; x_wconf 52' lang='lat' dir='ltr'><strong>inﬁnitate</strong></span> <span class='ocrx_word' id='word_1_478' title='bbox 3694 789 3794 848; x_wconf 79' lang='lat' dir='ltr'><strong>luso-</strong></span> 
     </span>
    </p>
   </div>
   <div class='ocr_carea' id='block_1_69' title="bbox 2255 871 3794 947">
    <p class='ocr_par' dir='ltr' id='par_1_69' title="bbox 2255 871 3794 947">
     <span class='ocr_line' id='line_1_70' title="bbox 2255 871 3794 947; baseline -0.002 -16"><span class='ocrx_word' id='word_1_479' title='bbox 2255 875 2404 932; x_wconf 89' lang='lat' dir='ltr'><strong>lubili</strong></span> <span class='ocrx_word' id='word_1_480' title='bbox 2437 875 2719 932; x_wconf 81' lang='lat' dir='ltr'><strong>vinciatur.</strong></span> <span class='ocrx_word' id='word_1_481' title='bbox 2754 875 2906 945; x_wconf 79' lang='lat' dir='ltr'><strong>Quod</strong></span> <span class='ocrx_word' id='word_1_482' title='bbox 2934 878 3056 946; x_wconf 80' lang='lat' dir='ltr'><strong>quia</strong></span> <span class='ocrx_word' id='word_1_483' title='bbox 3087 877 3274 930; x_wconf 76' lang='lat' dir='ltr'><strong>totum</strong></span> <span class='ocrx_word' id='word_1_484' title='bbox 3309 873 3476 928; x_wconf 78' lang='lat' dir='ltr'><strong>tauris</strong></span> <span class='ocrx_word' id='word_1_485' title='bbox 3507 871 3794 947; x_wconf 63' lang='lat' dir='ltr'><strong>blasphemia.</strong></span> 
     </span>
    </p>
   </div>
   <div class='ocr_carea' id='block_1_70' title="bbox 2255 963 3796 1040">
    <p class='ocr_par' dir='ltr' id='par_1_70' title="bbox 2255 963 3796 1040">
     <span class='ocr_line' id='line_1_71' title="bbox 2255 963 3796 1040; baseline 0.003 -16"><span class='ocrx_word' id='word_1_486' title='bbox 2255 983 2376 1024; x_wconf 85' lang='lat' dir='ltr'><strong>rum</strong></span> <span class='ocrx_word' id='word_1_487' title='bbox 2400 967 2650 1024; x_wconf 84' lang='lat' dir='ltr'><strong>sordibus</strong></span> <span class='ocrx_word' id='word_1_488' title='bbox 2677 967 2888 1040; x_wconf 78' lang='lat' dir='ltr'><strong>squalet</strong></span> <span class='ocrx_word' id='word_1_489' title='bbox 2906 1009 2922 1034; x_wconf 91' lang='lat'><strong>,</strong></span> <span class='ocrx_word' id='word_1_490' title='bbox 2951 974 3018 1022; x_wconf 54' lang='lat' dir='ltr'><strong>ut&#39;</strong></span> <span class='ocrx_word' id='word_1_491' title='bbox 3035 967 3128 1022; x_wconf 81' lang='lat' dir='ltr'><strong>vix</strong></span> <span class='ocrx_word' id='word_1_492' title='bbox 3159 963 3286 1022; x_wconf 76' lang='lat' dir='ltr'><strong>sine</strong></span> <span class='ocrx_word' id='word_1_493' title='bbox 3315 963 3540 1022; x_wconf 82' lang='lat' dir='ltr'><strong>horrore</strong></span> <span class='ocrx_word' id='word_1_494' title='bbox 3565 970 3722 1038; x_wconf 85' lang='lat' dir='ltr'><strong>possit,</strong></span> <span class='ocrx_word' id='word_1_495' title='bbox 3740 977 3796 1030; x_wconf 78' lang='lat' dir='ltr'><strong>vel</strong></span> 
     </span>
    </p>
   </div>
   <div class='ocr_carea' id='block_1_71' title="bbox 2255 1055 3795 1132">
    <p class='ocr_par' dir='ltr' id='par_1_71' title="bbox 2255 1055 3795 1132">
     <span class='ocr_line' id='line_1_72' title="bbox 2255 1055 3795 1132; baseline 0.003 -16"><span class='ocrx_word' id='word_1_496' title='bbox 2255 1075 2378 1118; x_wconf 90' lang='lat' dir='ltr'><strong>cum</strong></span> <span class='ocrx_word' id='word_1_497' title='bbox 2391 1059 2696 1130; x_wconf 81' lang='lat' dir='ltr'><strong>dilaniatur,</strong></span> <span class='ocrx_word' id='word_1_498' title='bbox 2715 1061 2940 1132; x_wconf 78' lang='lat' dir='ltr'><strong>exponi;</strong></span> <span class='ocrx_word' id='word_1_499' title='bbox 2957 1060 3101 1117; x_wconf 78' lang='lat' dir='ltr'><strong>adsis</strong></span> <span class='ocrx_word' id='word_1_500' title='bbox 3117 1057 3362 1132; x_wconf 74' lang='lat' dir='ltr'><strong>dignitas</strong></span> <span class='ocrx_word' id='word_1_501' title='bbox 3377 1055 3664 1118; x_wconf 65' lang='lat' dir='ltr'><strong>Mediatoris</strong></span> <span class='ocrx_word' id='word_1_502' title='bbox 3674 1077 3795 1122; x_wconf 68' lang='lat' dir='ltr'><strong>exeni-</strong></span> 
     </span>
    </p>
   </div>
   <div class='ocr_carea' id='block_1_72' title="bbox 2257 1149 3795 1225">
    <p class='ocr_par' dir='ltr' id='par_1_72' title="bbox 2257 1149 3795 1225">
     <span class='ocr_line' id='line_1_73' title="bbox 2257 1149 3795 1225; baseline 0.001 -15"><span class='ocrx_word' id='word_1_503' title='bbox 2257 1153 2347 1225; x_wconf 90' lang='lat' dir='ltr'><strong>plo</strong></span> <span class='ocrx_word' id='word_1_504' title='bbox 2369 1169 2470 1210; x_wconf 90' lang='lat' dir='ltr'><strong>suo</strong></span> <span class='ocrx_word' id='word_1_505' title='bbox 2491 1161 2548 1211; x_wconf 89' lang='lat' dir='ltr'><strong>et</strong></span> <span class='ocrx_word' id='word_1_506' title='bbox 2571 1154 2754 1224; x_wconf 88' lang='lat' dir='ltr'><strong>operi,</strong></span> <span class='ocrx_word' id='word_1_507' title='bbox 2781 1167 2845 1209; x_wconf 83' lang='lat' dir='ltr'><strong>ac</strong></span> <span class='ocrx_word' id='word_1_508' title='bbox 2872 1159 3074 1210; x_wconf 77' lang='lat' dir='ltr'><strong>nostrae</strong></span> <span class='ocrx_word' id='word_1_509' title='bbox 3105 1150 3238 1207; x_wconf 75' lang='lat' dir='ltr'><strong>ﬁdei</strong></span> <span class='ocrx_word' id='word_1_510' title='bbox 3257 1193 3272 1211; x_wconf 84' lang='lat'><strong>.</strong></span> <span class='ocrx_word' id='word_1_511' title='bbox 3303 1163 3430 1222; x_wconf 63' lang='lat' dir='ltr'><strong>ante</strong></span> <span class='ocrx_word' id='word_1_512' title='bbox 3455 1149 3705 1208; x_wconf 78' lang='lat' dir='ltr'><strong>veritatem</strong></span> <span class='ocrx_word' id='word_1_513' title='bbox 3724 1163 3795 1211; x_wconf 80' lang='lat' dir='ltr'><strong>tam</strong></span> 
     </span>
    </p>
   </div>
   <div class='ocr_carea' id='block_1_73' title="bbox 2259 1239 3796 1319">
    <p class='ocr_par' dir='ltr' id='par_1_73' title="bbox 2259 1239 3796 1319">
     <span class='ocr_line' id='line_1_74' title="bbox 2259 1239 3796 1319; baseline -0.001 -17"><span class='ocrx_word' id='word_1_514' title='bbox 2259 1246 2446 1319; x_wconf 84' lang='lat' dir='ltr'><strong>ipsius,</strong></span> <span class='ocrx_word' id='word_1_515' title='bbox 2467 1262 2625 1318; x_wconf 86' lang='lat' dir='ltr'><strong>quam</strong></span> <span class='ocrx_word' id='word_1_516' title='bbox 2647 1245 2886 1316; x_wconf 79' lang='lat' dir='ltr'><strong>Apo&#39;stoli</strong></span> <span class='ocrx_word' id='word_1_517' title='bbox 2907 1245 3026 1316; x_wconf 85' lang='lat' dir='ltr'><strong>ejus</strong></span> <span class='ocrx_word' id='word_1_518' title='bbox 3043 1241 3402 1300; x_wconf 76' lang='lat' dir='ltr'><strong>sermonibus</strong></span> <span class='ocrx_word' id='word_1_519' title='bbox 3419 1239 3688 1312; x_wconf 82' lang='lat' dir='ltr'><strong>vindicans,</strong></span> <span class='ocrx_word' id='word_1_520' title='bbox 3705 1261 3796 1302; x_wconf 77' lang='lat' dir='ltr'><strong>nun-</strong></span> 
     </span>
    </p>
   </div>
   <div class='ocr_carea' id='block_1_74' title="bbox 2258 1333 3792 1410">
    <p class='ocr_par' dir='ltr' id='par_1_74' title="bbox 2258 1333 3792 1410">
     <span class='ocr_line' id='line_1_75' title="bbox 2258 1333 3792 1410; baseline 0.001 -16"><span class='ocrx_word' id='word_1_521' title='bbox 2258 1352 2416 1410; x_wconf 87' lang='lat' dir='ltr'><strong>quam</strong></span> <span class='ocrx_word' id='word_1_522' title='bbox 2443 1338 2637 1395; x_wconf 86' lang='lat' dir='ltr'><strong>desinit</strong></span> <span class='ocrx_word' id='word_1_523' title='bbox 2669 1337 2996 1410; x_wconf 61' lang='lat' dir='ltr'><strong>medicare,</strong></span> <span class='ocrx_word' id='word_1_524' title='bbox 3021 1333 3309 1394; x_wconf 70' lang='lat' dir='ltr'><strong>Chriswm</strong></span> <span class='ocrx_word' id='word_1_525' title='bbox 3342 1349 3528 1390; x_wconf 87' lang='lat' dir='ltr'><strong>verum</strong></span> <span class='ocrx_word' id='word_1_526' title='bbox 3560 1335 3792 1407; x_wconf 76' lang='lat' dir='ltr'><strong>hominem,</strong></span> 
     </span>
    </p>
   </div>
   <div class='ocr_carea' id='block_1_75' title="bbox 2257 1423 3794 1500">
    <p class='ocr_par' dir='ltr' id='par_1_75' title="bbox 2257 1423 3794 1500">
     <span class='ocr_line' id='line_1_76' title="bbox 2257 1423 3794 1500; baseline -0.003 -14"><span class='ocrx_word' id='word_1_527' title='bbox 2257 1427 2498 1500; x_wconf 86' lang='lat' dir='ltr'><strong>ejusdem</strong></span> <span class='ocrx_word' id='word_1_528' title='bbox 2524 1438 2730 1485; x_wconf 72' lang='lat' dir='ltr'><strong>natura:</strong></span> <span class='ocrx_word' id='word_1_529' title='bbox 2751 1429 2905 1498; x_wconf 79' lang='lat' dir='ltr'><strong>cujus</strong></span> <span class='ocrx_word' id='word_1_530' title='bbox 2924 1435 2984 1485; x_wconf 85' lang='lat' dir='ltr'><strong>et</strong></span> <span class='ocrx_word' id='word_1_531' title='bbox 3007 1443 3111 1484; x_wconf 82' lang='lat' dir='ltr'><strong>nos</strong></span> <span class='ocrx_word' id='word_1_532' title='bbox 3137 1439 3374 1482; x_wconf 79' lang='lat' dir='ltr'><strong>carnem</strong></span> <span class='ocrx_word' id='word_1_533' title='bbox 3397 1424 3466 1482; x_wconf 86' lang='lat' dir='ltr'><strong>de</strong></span> <span class='ocrx_word' id='word_1_534' title='bbox 3488 1423 3651 1482; x_wconf 70' lang='lat' dir='ltr'><strong>Ila-ia:</strong></span> <span class='ocrx_word' id='word_1_535' title='bbox 3669 1443 3794 1487; x_wconf 69' lang='lat' dir='ltr'><strong>susse.</strong></span> 
     </span>
    </p>
   </div>
   <div class='ocr_carea' id='block_1_76' title="bbox 2259 1519 3793 1594">
    <p class='ocr_par' dir='ltr' id='par_1_76' title="bbox 2259 1519 3793 1594">
     <span class='ocr_line' id='line_1_77' title="bbox 2259 1519 3793 1594; baseline 0.003 -18"><span class='ocrx_word' id='word_1_536' title='bbox 2259 1523 2404 1593; x_wconf 89' lang='lat' dir='ltr'><strong>pisse</strong></span> <span class='ocrx_word' id='word_1_537' title='bbox 2429 1522 2745 1592; x_wconf 85' lang='lat' dir='ltr'><strong>visceribus,</strong></span> <span class='ocrx_word' id='word_1_538' title='bbox 2775 1539 2959 1579; x_wconf 89' lang='lat' dir='ltr'><strong>verum</strong></span> <span class='ocrx_word' id='word_1_539' title='bbox 2988 1538 3086 1594; x_wconf 90' lang='lat' dir='ltr'><strong>per</strong></span> <span class='ocrx_word' id='word_1_540' title='bbox 3110 1521 3306 1578; x_wconf 92' lang='lat' dir='ltr'><strong>omnia</strong></span> <span class='ocrx_word' id='word_1_541' title='bbox 3341 1519 3627 1590; x_wconf 90' lang='lat' dir='ltr'><strong>hominem,</strong></span> <span class='ocrx_word' id='word_1_542' title='bbox 3649 1523 3793 1581; x_wconf 79' lang='lat' dir='ltr'><strong>nullum</strong></span> 
     </span>
    </p>
   </div>
   <div class='ocr_carea' id='block_1_77' title="bbox 2259 1611 3794 1686">
    <p class='ocr_par' dir='ltr' id='par_1_77' title="bbox 2259 1611 3794 1686">
     <span class='ocr_line' id='line_1_78' title="bbox 2259 1611 3794 1686; baseline 0 -16"><span class='ocrx_word' id='word_1_543' title='bbox 2259 1613 2515 1671; x_wconf 84' lang='lat' dir='ltr'><strong>habuisse</strong></span> <span class='ocrx_word' id='word_1_544' title='bbox 2531 1623 2805 1686; x_wconf 80' lang='lat' dir='ltr'><strong>peceatum</strong></span> <span class='ocrx_word' id='word_1_545' title='bbox 2831 1633 2846 1670; x_wconf 89' lang='lat'><strong>:</strong></span> <span class='ocrx_word' id='word_1_546' title='bbox 2868 1615 2936 1670; x_wconf 82' lang='lat' dir='ltr'><strong>ad</strong></span> <span class='ocrx_word' id='word_1_547' title='bbox 2955 1615 3100 1686; x_wconf 78' lang='lat' dir='ltr'><strong>quod</strong></span> <span class='ocrx_word' id='word_1_548' title='bbox 3127 1613 3508 1680; x_wconf 82' lang='lat' dir='ltr'><strong>indicandum,</strong></span> <span class='ocrx_word' id='word_1_549' title='bbox 3529 1611 3698 1670; x_wconf 76' lang='lat' dir='ltr'><strong>sufficit</strong></span> <span class='ocrx_word' id='word_1_550' title='bbox 3711 1629 3794 1686; x_wconf 81' lang='lat' dir='ltr'><strong>apo-</strong></span> 
     </span>
    </p>
   </div>
   <div class='ocr_carea' id='block_1_78' title="bbox 2259 1705 3793 1778">
    <p class='ocr_par' dir='ltr' id='par_1_78' title="bbox 2259 1705 3793 1778">
     <span class='ocr_line' id='line_1_79' title="bbox 2259 1705 3793 1778; baseline 0.001 -15"><span class='ocrx_word' id='word_1_551' title='bbox 2259 1707 2399 1763; x_wconf 89' lang='lat' dir='ltr'><strong>stolo</strong></span> <span class='ocrx_word' id='word_1_552' title='bbox 2422 1708 2581 1764; x_wconf 87' lang='lat' dir='ltr'><strong>Petro</strong></span> <span class='ocrx_word' id='word_1_553' title='bbox 2607 1707 2805 1775; x_wconf 89' lang='lat' dir='ltr'><strong>dicere,</strong></span> <span class='ocrx_word' id='word_1_554' title='bbox 2833 1708 3039 1763; x_wconf 73' lang='lat' dir='ltr'><strong>nultum</strong></span> <span class='ocrx_word' id='word_1_555' title='bbox 3063 1719 3196 1764; x_wconf 88' lang='lat' dir='ltr'><strong>eum</strong></span> <span class='ocrx_word' id='word_1_556' title='bbox 3221 1705 3423 1763; x_wconf 66' lang='lat' dir='ltr'><strong>fecissit:</strong></span> <span class='ocrx_word' id='word_1_557' title='bbox 3449 1715 3717 1778; x_wconf 68' lang='lat' dir='ltr'><strong>penatum;</strong></span> <span class='ocrx_word' id='word_1_558' title='bbox 3733 1709 3793 1764; x_wconf 83' lang='lat' dir='ltr'><strong>do-</strong></span> 
     </span>
    </p>
   </div>
   <div class='ocr_carea' id='block_1_79' title="bbox 2261 1797 3793 1871">
    <p class='ocr_par' dir='ltr' id='par_1_79' title="bbox 2261 1797 3793 1871">
     <span class='ocr_line' id='line_1_80' title="bbox 2261 1797 3793 1871; baseline 0.001 -15"><span class='ocrx_word' id='word_1_559' title='bbox 2261 1815 2389 1856; x_wconf 88' lang='lat' dir='ltr'><strong>cens</strong></span> <span class='ocrx_word' id='word_1_560' title='bbox 2418 1800 2540 1870; x_wconf 88' lang='lat' dir='ltr'><strong>quia</strong></span> <span class='ocrx_word' id='word_1_561' title='bbox 2564 1799 2654 1871; x_wconf 91' lang='lat' dir='ltr'><strong>qui</strong></span> <span class='ocrx_word' id='word_1_562' title='bbox 2678 1814 2786 1854; x_wconf 83' lang='lat' dir='ltr'><strong>non</strong></span> <span class='ocrx_word' id='word_1_563' title='bbox 2810 1798 3030 1866; x_wconf 83' lang='lat' dir='ltr'><strong>fecerat,</strong></span> <span class='ocrx_word' id='word_1_564' title='bbox 3059 1799 3274 1856; x_wconf 82' lang='lat' dir='ltr'><strong>habere</strong></span> <span class='ocrx_word' id='word_1_565' title='bbox 3303 1811 3414 1853; x_wconf 90' lang='lat' dir='ltr'><strong>non</strong></span> <span class='ocrx_word' id='word_1_566' title='bbox 3439 1805 3650 1868; x_wconf 83' lang='lat' dir='ltr'><strong>poterat.</strong></span> <span class='ocrx_word' id='word_1_567' title='bbox 3667 1797 3793 1857; x_wconf 70' lang='lat' dir='ltr'><strong>Mitis</strong></span> 
     </span>
    </p>
   </div>
   <div class='ocr_carea' id='block_1_80' title="bbox 2261 1891 3793 1962">
    <p class='ocr_par' dir='ltr' id='par_1_80' title="bbox 2261 1891 3793 1962">
     <span class='ocr_line' id='line_1_81' title="bbox 2261 1891 3793 1962; baseline 0.002 -16"><span class='ocrx_word' id='word_1_568' title='bbox 2261 1902 2345 1947; x_wconf 90' lang='lat' dir='ltr'><strong>est</strong></span> <span class='ocrx_word' id='word_1_569' title='bbox 2379 1891 2534 1948; x_wconf 85' lang='lat' dir='ltr'><strong>dolus</strong></span> <span class='ocrx_word' id='word_1_570' title='bbox 2569 1891 2816 1948; x_wconf 71' lang='lat' dir='ltr'><strong>iuventtis</strong></span> <span class='ocrx_word' id='word_1_571' title='bbox 2849 1892 2905 1948; x_wconf 86' lang='lat' dir='ltr'><strong>in</strong></span> <span class='ocrx_word' id='word_1_572' title='bbox 2938 1899 3040 1948; x_wconf 80' lang='lat' dir='ltr'><strong>ore</strong></span> <span class='ocrx_word' id='word_1_573' title='bbox 3061 1891 3186 1962; x_wconf 89' lang='lat' dir='ltr'><strong>ejus</strong></span> <span class='ocrx_word' id='word_1_574' title='bbox 3217 1907 3233 1946; x_wconf 92' lang='lat'><strong>:</strong></span> <span class='ocrx_word' id='word_1_575' title='bbox 3267 1897 3512 1946; x_wconf 76' lang='lat' dir='ltr'><strong>sanetum</strong></span> <span class='ocrx_word' id='word_1_576' title='bbox 3536 1894 3793 1950; x_wconf 69' lang='lat' dir='ltr'><strong>consumtus</strong></span> 
     </span>
    </p>
   </div>
   <div class='ocr_carea' id='block_1_81' title="bbox 2264 1983 3795 2056">
    <p class='ocr_par' dir='ltr' id='par_1_81' title="bbox 2264 1983 3795 2056">
     <span class='ocr_line' id='line_1_82' title="bbox 2264 1983 3795 2056; baseline 0.002 -18"><span class='ocrx_word' id='word_1_577' title='bbox 2264 1991 2468 2039; x_wconf 73' lang='lat' dir='ltr'><strong>natura:</strong></span> <span class='ocrx_word' id='word_1_578' title='bbox 2509 1997 2655 2052; x_wconf 66' lang='lat' dir='ltr'><strong>suae,</strong></span> <span class='ocrx_word' id='word_1_579' title='bbox 2692 1999 2852 2056; x_wconf 87' lang='lat' dir='ltr'><strong>quam</strong></span> <span class='ocrx_word' id='word_1_580' title='bbox 2890 1984 2943 2040; x_wconf 91' lang='lat' dir='ltr'><strong>in</strong></span> <span class='ocrx_word' id='word_1_581' title='bbox 2978 1984 3194 2040; x_wconf 90' lang='lat' dir='ltr'><strong>cunctis</strong></span> <span class='ocrx_word' id='word_1_582' title='bbox 3234 1983 3355 2055; x_wconf 91' lang='lat' dir='ltr'><strong>ipse</strong></span> <span class='ocrx_word' id='word_1_583' title='bbox 3391 1983 3610 2048; x_wconf 86' lang='lat' dir='ltr'><strong>fecerat,</strong></span> <span class='ocrx_word' id='word_1_584' title='bbox 3637 1985 3795 2055; x_wconf 74' lang='lat' dir='ltr'><strong>pth</strong></span> 
     </span>
    </p>
   </div>
   <div class='ocr_carea' id='block_1_82' title="bbox 2263 2072 3792 2146">
    <p class='ocr_par' dir='ltr' id='par_1_82' title="bbox 2263 2072 3792 2146">
     <span class='ocr_line' id='line_1_83' title="bbox 2263 2072 3792 2146; baseline 0.001 -15"><span class='ocrx_word' id='word_1_585' title='bbox 2263 2075 2588 2146; x_wconf 76' lang='lat' dir='ltr'><strong>exemplum.</strong></span> <span class='ocrx_word' id='word_1_586' title='bbox 2621 2075 2690 2132; x_wconf 82' lang='lat' dir='ltr'><strong>Et</strong></span> <span class='ocrx_word' id='word_1_587' title='bbox 2719 2075 2846 2132; x_wconf 80' lang='lat' dir='ltr'><strong>ideo</strong></span> <span class='ocrx_word' id='word_1_588' title='bbox 2867 2084 3079 2132; x_wconf 68' lang='lat' dir='ltr'><strong>comta!</strong></span> <span class='ocrx_word' id='word_1_589' title='bbox 3108 2073 3366 2132; x_wconf 78' lang='lat' dir='ltr'><strong>innatum</strong></span> <span class='ocrx_word' id='word_1_590' title='bbox 3397 2072 3501 2130; x_wconf 75' lang='lat' dir='ltr'><strong>non</strong></span> <span class='ocrx_word' id='word_1_591' title='bbox 3529 2081 3639 2132; x_wconf 76' lang='lat' dir='ltr'><strong>esse</strong></span> <span class='ocrx_word' id='word_1_592' title='bbox 3665 2085 3792 2146; x_wconf 72' lang='lat' dir='ltr'><strong>pecca-</strong></span> 
     </span>
    </p>
   </div>
   <div class='ocr_carea' id='block_1_83' title="bbox 2264 2165 3793 2238">
    <p class='ocr_par' dir='ltr' id='par_1_83' title="bbox 2264 2165 3793 2238">
     <span class='ocr_line' id='line_1_84' title="bbox 2264 2165 3793 2238; baseline 0.001 -17"><span class='ocrx_word' id='word_1_593' title='bbox 2264 2175 2398 2235; x_wconf 87' lang='lat' dir='ltr'><strong>tum,</strong></span> <span class='ocrx_word' id='word_1_594' title='bbox 2421 2165 2634 2237; x_wconf 85' lang='lat' dir='ltr'><strong>quando</strong></span> <span class='ocrx_word' id='word_1_595' title='bbox 2657 2167 2787 2222; x_wconf 87' lang='lat' dir='ltr'><strong>iilud</strong></span> <span class='ocrx_word' id='word_1_596' title='bbox 2812 2165 3062 2224; x_wconf 73' lang='lat' dir='ltr'><strong>Christus</strong></span> <span class='ocrx_word' id='word_1_597' title='bbox 3083 2181 3200 2224; x_wconf 83' lang='lat' dir='ltr'><strong>non</strong></span> <span class='ocrx_word' id='word_1_598' title='bbox 3229 2165 3442 2232; x_wconf 85' lang='lat' dir='ltr'><strong>habuit,</strong></span> <span class='ocrx_word' id='word_1_599' title='bbox 3463 2166 3549 2237; x_wconf 85' lang='lat' dir='ltr'><strong>qui</strong></span> <span class='ocrx_word' id='word_1_600' title='bbox 3571 2167 3694 2222; x_wconf 69' lang='lat' dir='ltr'><strong>Salvo</strong></span> <span class='ocrx_word' id='word_1_601' title='bbox 3709 2175 3793 2238; x_wconf 59' lang='lat' dir='ltr'><strong>quo</strong></span> 
     </span>
    </p>
   </div>
   <div class='ocr_carea' id='block_1_84' title="bbox 2261 2255 3788 2328">
    <p class='ocr_par' dir='ltr' id='par_1_84' title="bbox 2261 2255 3788 2328">
     <span class='ocr_line' id='line_1_85' title="bbox 2261 2255 3788 2328; baseline 0.001 -16"><span class='ocrx_word' id='word_1_602' title='bbox 2261 2272 2370 2328; x_wconf 89' lang='lat' dir='ltr'><strong>que</strong></span> <span class='ocrx_word' id='word_1_603' title='bbox 2405 2255 2612 2314; x_wconf 87' lang='lat' dir='ltr'><strong>honore</strong></span> <span class='ocrx_word' id='word_1_604' title='bbox 2637 2257 2852 2314; x_wconf 85' lang='lat' dir='ltr'><strong>deitatis</strong></span> <span class='ocrx_word' id='word_1_605' title='bbox 2877 2271 3024 2328; x_wconf 65' lang='lat' dir='ltr'><strong>suae,-</strong></span> <span class='ocrx_word' id='word_1_606' title='bbox 3053 2258 3128 2316; x_wconf 75' lang='grc' dir='ltr'><strong>σι)</strong></span> <span class='ocrx_word' id='word_1_607' title='bbox 3156 2255 3270 2315; x_wconf 84' lang='lat' dir='ltr'><strong>hoc</strong></span> <span class='ocrx_word' id='word_1_608' title='bbox 3295 2255 3478 2314; x_wconf 70' lang='lat' dir='ltr'><strong>factus</strong></span> <span class='ocrx_word' id='word_1_609' title='bbox 3499 2264 3577 2314; x_wconf 87' lang='lat' dir='ltr'><strong>est</strong></span> <span class='ocrx_word' id='word_1_610' title='bbox 3595 2258 3788 2326; x_wconf 75' lang='lat' dir='ltr'><strong>carnalis,</strong></span> 
     </span>
    </p>
   </div>
   <div class='ocr_carea' id='block_1_85' title="bbox 2267 2349 2997 2406">
    <p class='ocr_par' dir='ltr' id='par_1_85' title="bbox 2267 2349 2997 2406">
     <span class='ocr_line' id='line_1_86' title="bbox 2267 2349 2997 2406; baseline -0.001 -2"><span class='ocrx_word' id='word_1_611' title='bbox 2267 2359 2325 2404; x_wconf 91' lang='lat' dir='ltr'><strong>ut</strong></span> <span class='ocrx_word' id='word_1_612' title='bbox 2353 2349 2506 2405; x_wconf 90' lang='lat' dir='ltr'><strong>nobis</strong></span> <span class='ocrx_word' id='word_1_613' title='bbox 2532 2359 2675 2406; x_wconf 84' lang='lat' dir='ltr'><strong>esset</strong></span> <span class='ocrx_word' id='word_1_614' title='bbox 2703 2349 2997 2406; x_wconf 87' lang='lat' dir='ltr'><strong>imitabilis.</strong></span> 
     </span>
    </p>
   </div>
   <div class='ocr_carea' id='block_1_86' title="bbox 2337 2440 3790 2511">
    <p class='ocr_par' dir='ltr' id='par_1_86' title="bbox 2337 2440 3790 2511">
     <span class='ocr_line' id='line_1_87' title="bbox 2337 2440 3790 2511; baseline -0.003 -13"><span class='ocrx_word' id='word_1_615' title='bbox 2337 2442 2474 2499; x_wconf 77' lang='lat' dir='ltr'><strong>Aud.</strong></span> <span class='ocrx_word' id='word_1_616' title='bbox 2500 2440 2638 2509; x_wconf 83' lang='lat' dir='ltr'><strong>Quid</strong></span> <span class='ocrx_word' id='word_1_617' title='bbox 2667 2441 2810 2498; x_wconf 88' lang='lat' dir='ltr'><strong>enim</strong></span> <span class='ocrx_word' id='word_1_618' title='bbox 2830 2481 2847 2509; x_wconf 90' lang='lat'><strong>,</strong></span> <span class='ocrx_word' id='word_1_619' title='bbox 2879 2442 3041 2498; x_wconf 76' lang='lat' dir='ltr'><strong>hmm</strong></span> <span class='ocrx_word' id='word_1_620' title='bbox 3066 2442 3312 2498; x_wconf 67' lang='lat' dir='ltr'><strong>Inuitum</strong></span> <span class='ocrx_word' id='word_1_621' title='bbox 3344 2440 3564 2511; x_wconf 63' lang='lat' dir='ltr'><strong>loquens</strong></span> <span class='ocrx_word' id='word_1_622' title='bbox 3589 2449 3638 2496; x_wconf 83' lang='lat' dir='ltr'><strong>et</strong></span> <span class='ocrx_word' id='word_1_623' title='bbox 3664 2445 3790 2510; x_wconf 60' lang='lat' dir='ltr'><strong>parum</strong></span> 
     </span>
    </p>
   </div>
   <div class='ocr_carea' id='block_1_87' title="bbox 2267 2531 3790 2604">
    <p class='ocr_par' dir='ltr' id='par_1_87' title="bbox 2267 2531 3790 2604">
     <span class='ocr_line' id='line_1_88' title="bbox 2267 2531 3790 2604; baseline -0.001 -16"><span class='ocrx_word' id='word_1_624' title='bbox 2267 2533 2504 2604; x_wconf 85' lang='lat' dir='ltr'><strong>sapiens,</strong></span> <span class='ocrx_word' id='word_1_625' title='bbox 2533 2533 2579 2590; x_wconf 90' lang='lat' dir='ltr'><strong>si</strong></span> <span class='ocrx_word' id='word_1_626' title='bbox 2604 2533 2844 2590; x_wconf 77' lang='lat' dir='ltr'><strong>dicerent</strong></span> <span class='ocrx_word' id='word_1_627' title='bbox 2866 2532 3116 2590; x_wconf 82' lang='lat' dir='ltr'><strong>homines</strong></span> <span class='ocrx_word' id='word_1_628' title='bbox 3141 2532 3392 2600; x_wconf 86' lang='lat' dir='ltr'><strong>Christo,</strong></span> <span class='ocrx_word' id='word_1_629' title='bbox 3417 2533 3586 2602; x_wconf 80' lang='lat' dir='ltr'><strong>Quare</strong></span> <span class='ocrx_word' id='word_1_630' title='bbox 3607 2531 3726 2588; x_wconf 80' lang='lat' dir='ltr'><strong>nobis</strong></span> <span class='ocrx_word' id='word_1_631' title='bbox 3740 2533 3790 2602; x_wconf 78' lang='lat' dir='ltr'><strong>ju-</strong></span> 
     </span>
    </p>
   </div>
   <div class='ocr_carea' id='block_1_88' title="bbox 2266 2613 3790 2696">
    <p class='ocr_par' dir='ltr' id='par_1_88' title="bbox 2266 2613 3790 2696">
     <span class='ocr_line' id='line_1_89' title="bbox 2266 2613 3790 2696; baseline -0.002 -16"><span class='ocrx_word' id='word_1_632' title='bbox 2266 2624 2446 2692; x_wconf 89' lang='lat' dir='ltr'><strong>betur,</strong></span> <span class='ocrx_word' id='word_1_633' title='bbox 2467 2631 2528 2680; x_wconf 87' lang='lat' dir='ltr'><strong>ut</strong></span> <span class='ocrx_word' id='word_1_634' title='bbox 2551 2623 2822 2680; x_wconf 85' lang='lat' dir='ltr'><strong>imitemur</strong></span> <span class='ocrx_word' id='word_1_635' title='bbox 2845 2624 2932 2682; x_wconf 77' lang='lat' dir='ltr'><strong>te?</strong></span> <span class='ocrx_word' id='word_1_636' title='bbox 2949 2623 3226 2696; x_wconf 79' lang='lat' dir='ltr'><strong>Numquid</strong></span> <span class='ocrx_word' id='word_1_637' title='bbox 3251 2625 3356 2680; x_wconf 85' lang='lat' dir='ltr'><strong>nos</strong></span> <span class='ocrx_word' id='word_1_638' title='bbox 3375 2621 3446 2680; x_wconf 89' lang='lat' dir='ltr'><strong>de</strong></span> <span class='ocrx_word' id='word_1_639' title='bbox 3467 2613 3647 2696; x_wconf 85' lang='lat' dir='ltr'><strong>Spiritu</strong></span> <span class='ocrx_word' id='word_1_640' title='bbox 3665 2629 3790 2678; x_wconf 74' lang='lat' dir='ltr'><strong>sanat</strong></span> 
     </span>
    </p>
   </div>
   <div class='ocr_carea' id='block_1_89' title="bbox 2269 2716 3792 2790">
    <p class='ocr_par' dir='ltr' id='par_1_89' title="bbox 2269 2716 3792 2790">
     <span class='ocr_line' id='line_1_90' title="bbox 2269 2716 3792 2790; baseline -0.003 -16"><span class='ocrx_word' id='word_1_641' title='bbox 2269 2726 2324 2774; x_wconf 90' lang='lat' dir='ltr'><strong>et</strong></span> <span class='ocrx_word' id='word_1_642' title='bbox 2341 2717 2506 2775; x_wconf 82' lang='lat' dir='ltr'><strong>Maria</strong></span> <span class='ocrx_word' id='word_1_643' title='bbox 2527 2718 2734 2790; x_wconf 90' lang='lat' dir='ltr'><strong>virgine</strong></span> <span class='ocrx_word' id='word_1_644' title='bbox 2749 2719 2860 2776; x_wconf 83' lang='lat' dir='ltr'><strong>nati</strong></span> <span class='ocrx_word' id='word_1_645' title='bbox 2880 2718 3100 2776; x_wconf 77' lang='lat' dir='ltr'><strong>sumus?</strong></span> <span class='ocrx_word' id='word_1_646' title='bbox 3120 2718 3434 2785; x_wconf 83' lang='lat' dir='ltr'><strong>Postremo,</strong></span> <span class='ocrx_word' id='word_1_647' title='bbox 3458 2716 3682 2788; x_wconf 58' lang='lat' dir='ltr'><strong>nunquid</strong></span> <span class='ocrx_word' id='word_1_648' title='bbox 3697 2719 3792 2771; x_wconf 69' lang='lat' dir='ltr'><strong>tanta</strong></span> 
     </span>
    </p>
   </div>
   <div class='ocr_carea' id='block_1_90' title="bbox 2269 2806 3790 2884">
    <p class='ocr_par' dir='ltr' id='par_1_90' title="bbox 2269 2806 3790 2884">
     <span class='ocr_line' id='line_1_91' title="bbox 2269 2806 3790 2884; baseline -0.002 -19"><span class='ocrx_word' id='word_1_649' title='bbox 2269 2809 2426 2865; x_wconf 89' lang='lat' dir='ltr'><strong>nobis</strong></span> <span class='ocrx_word' id='word_1_650' title='bbox 2449 2825 2571 2867; x_wconf 86' lang='lat' dir='ltr'><strong>esse</strong></span> <span class='ocrx_word' id='word_1_651' title='bbox 2593 2809 2762 2868; x_wconf 88' lang='lat' dir='ltr'><strong>virtus</strong></span> <span class='ocrx_word' id='word_1_652' title='bbox 2786 2819 2964 2884; x_wconf 85' lang='lat' dir='ltr'><strong>petest</strong></span> <span class='ocrx_word' id='word_1_653' title='bbox 2989 2819 3194 2881; x_wconf 88' lang='lat' dir='ltr'><strong>quanta</strong></span> <span class='ocrx_word' id='word_1_654' title='bbox 3223 2809 3324 2867; x_wconf 82' lang='lat' dir='ltr'><strong>tibi</strong></span> <span class='ocrx_word' id='word_1_655' title='bbox 3353 2807 3469 2876; x_wconf 78' lang='lat' dir='ltr'><strong>est,</strong></span> <span class='ocrx_word' id='word_1_656' title='bbox 3498 2809 3586 2880; x_wconf 74' lang='lat' dir='ltr'><strong>qui</strong></span> <span class='ocrx_word' id='word_1_657' title='bbox 3605 2808 3662 2863; x_wconf 80' lang='lat' dir='ltr'><strong>ita</strong></span> <span class='ocrx_word' id='word_1_658' title='bbox 3684 2806 3790 2862; x_wconf 82' lang='lat' dir='ltr'><strong>homo</strong></span> 
     </span>
    </p>
   </div>
   <div class='ocr_carea' id='block_1_91' title="bbox 2268 2891 3791 2973">
    <p class='ocr_par' dir='ltr' id='par_1_91' title="bbox 2268 2891 3791 2973">
     <span class='ocr_line' id='line_1_92' title="bbox 2268 2891 3791 2973; baseline -0.003 -15"><span class='ocrx_word' id='word_1_659' title='bbox 2268 2918 2351 2973; x_wconf 90' lang='lat' dir='ltr'><strong>es,</strong></span> <span class='ocrx_word' id='word_1_660' title='bbox 2380 2911 2440 2959; x_wconf 91' lang='lat' dir='ltr'><strong>ut</strong></span> <span class='ocrx_word' id='word_1_661' title='bbox 2460 2903 2622 2960; x_wconf 85' lang='lat' dir='ltr'><strong>etiam</strong></span> <span class='ocrx_word' id='word_1_662' title='bbox 2651 2903 2793 2960; x_wconf 81' lang='lat' dir='ltr'><strong>Deus</strong></span> <span class='ocrx_word' id='word_1_663' title='bbox 2811 2903 2910 2973; x_wconf 88' lang='lat' dir='ltr'><strong>sis,</strong></span> <span class='ocrx_word' id='word_1_664' title='bbox 2926 2909 2986 2958; x_wconf 88' lang='lat' dir='ltr'><strong>et</strong></span> <span class='ocrx_word' id='word_1_665' title='bbox 3005 2901 3111 2960; x_wconf 83' lang='lat' dir='ltr'><strong>hoc</strong></span> <span class='ocrx_word' id='word_1_666' title='bbox 3133 2903 3288 2960; x_wconf 85' lang='lat' dir='ltr'><strong>Patri</strong></span> <span class='ocrx_word' id='word_1_667' title='bbox 3313 2891 3791 2960; x_wconf 66' lang='lat' dir='ltr'><strong>commmttsetdmni-</strong></span> 
     </span>
    </p>
   </div>
   <div class='ocr_carea' id='block_1_92' title="bbox 2269 2991 3790 3068">
    <p class='ocr_par' dir='ltr' id='par_1_92' title="bbox 2269 2991 3790 3068">
     <span class='ocr_line' id='line_1_93' title="bbox 2269 2991 3790 3068; baseline -0.004 -16"><span class='ocrx_word' id='word_1_668' title='bbox 2269 2995 2473 3068; x_wconf 86' lang='lat' dir='ltr'><strong>potenti</strong></span> <span class='ocrx_word' id='word_1_669' title='bbox 2516 2995 2734 3066; x_wconf 67' lang='lat' dir='ltr'><strong>aequalis</strong></span> <span class='ocrx_word' id='word_1_670' title='bbox 2770 2995 3154 3066; x_wconf 83' lang='lat' dir='ltr'><strong>omnipotens?</strong></span> <span class='ocrx_word' id='word_1_671' title='bbox 3195 2993 3398 3052; x_wconf 82' lang='lat' dir='ltr'><strong>ldeone</strong></span> <span class='ocrx_word' id='word_1_672' title='bbox 3437 2996 3540 3050; x_wconf 77' lang='lat' dir='ltr'><strong>non</strong></span> <span class='ocrx_word' id='word_1_673' title='bbox 3571 2991 3714 3048; x_wconf 76' lang='lat' dir='ltr'><strong>debuit</strong></span> <span class='ocrx_word' id='word_1_674' title='bbox 3739 2991 3790 3046; x_wconf 80' lang='lat' dir='ltr'><strong>sit</strong></span> 
     </span>
    </p>
   </div>
   <div class='ocr_carea' id='block_1_93' title="bbox 2271 3081 3789 3159">
    <p class='ocr_par' dir='ltr' id='par_1_93' title="bbox 2271 3081 3789 3159">
     <span class='ocr_line' id='line_1_94' title="bbox 2271 3081 3789 3159; baseline -0.005 -15"><span class='ocrx_word' id='word_1_675' title='bbox 2271 3088 2454 3156; x_wconf 89' lang='lat' dir='ltr'><strong>nasci,</strong></span> <span class='ocrx_word' id='word_1_676' title='bbox 2487 3089 2570 3144; x_wconf 88' lang='lat' dir='ltr'><strong>vel</strong></span> <span class='ocrx_word' id='word_1_677' title='bbox 2598 3089 2678 3144; x_wconf 82' lang='lat' dir='ltr'><strong>sic</strong></span> <span class='ocrx_word' id='word_1_678' title='bbox 2704 3089 2760 3144; x_wconf 85' lang='lat' dir='ltr'><strong>in</strong></span> <span class='ocrx_word' id='word_1_679' title='bbox 2790 3087 3048 3144; x_wconf 84' lang='lat' dir='ltr'><strong>unitatem</strong></span> <span class='ocrx_word' id='word_1_680' title='bbox 3077 3097 3336 3159; x_wconf 75' lang='lat' dir='ltr'><strong>persona:</strong></span> <span class='ocrx_word' id='word_1_681' title='bbox 3361 3101 3394 3142; x_wconf 75' lang='grc' dir='ltr'><strong>ιι</strong></span> <span class='ocrx_word' id='word_1_682' title='bbox 3423 3081 3589 3142; x_wconf 83' lang='lat' dir='ltr'><strong>Verbo</strong></span> <span class='ocrx_word' id='word_1_683' title='bbox 3610 3085 3686 3140; x_wconf 72' lang='lat' dir='ltr'><strong>Dei</strong></span> <span class='ocrx_word' id='word_1_684' title='bbox 3710 3084 3789 3138; x_wconf 72' lang='lat' dir='ltr'><strong>sui-</strong></span> 
     </span>
    </p>
   </div>
   <div class='ocr_carea' id='block_1_94' title="bbox 2270 3160 3789 3253">
    <p class='ocr_par' dir='ltr' id='par_1_94' title="bbox 2270 3160 3789 3253">
     <span class='ocr_line' id='line_1_95' title="bbox 2270 3160 3789 3253; baseline -0.006 -15"><span class='ocrx_word' id='word_1_685' title='bbox 2270 3181 2394 3253; x_wconf 91' lang='lat' dir='ltr'><strong>cipi,</strong></span> <span class='ocrx_word' id='word_1_686' title='bbox 2422 3189 2481 3237; x_wconf 92' lang='lat' dir='ltr'><strong>ut</strong></span> <span class='ocrx_word' id='word_1_687' title='bbox 2503 3179 2816 3237; x_wconf 79' lang='lat' dir='ltr'><strong>hominibus</strong></span> <span class='ocrx_word' id='word_1_688' title='bbox 2835 3195 2958 3236; x_wconf 89' lang='lat' dir='ltr'><strong>eum</strong></span> <span class='ocrx_word' id='word_1_689' title='bbox 2987 3179 3305 3238; x_wconf 87' lang='lat' dir='ltr'><strong>nolentibus</strong></span> <span class='ocrx_word' id='word_1_690' title='bbox 3329 3160 3541 3247; x_wconf 77' lang='lat' dir='ltr'><strong>imitari,</strong></span> <span class='ocrx_word' id='word_1_691' title='bbox 3565 3176 3663 3232; x_wconf 85' lang='lat' dir='ltr'><strong>talis</strong></span> <span class='ocrx_word' id='word_1_692' title='bbox 3681 3189 3789 3230; x_wconf 78' lang='lat' dir='ltr'><strong>excu-</strong></span> 
     </span>
    </p>
   </div>
   <div class='ocr_carea' id='block_1_95' title="bbox 2270 3259 3790 3340">
    <p class='ocr_par' dir='ltr' id='par_1_95' title="bbox 2270 3259 3790 3340">
     <span class='ocr_line' id='line_1_96' title="bbox 2270 3259 3790 3340; baseline -0.005 -11"><span class='ocrx_word' id='word_1_693' title='bbox 2270 3273 2406 3330; x_wconf 89' lang='lat' dir='ltr'><strong>satio</strong></span> <span class='ocrx_word' id='word_1_694' title='bbox 2448 3281 2553 3328; x_wconf 84' lang='lat' dir='ltr'><strong>no&#39;n</strong></span> <span class='ocrx_word' id='word_1_695' title='bbox 2593 3271 2844 3328; x_wconf 82' lang='lat' dir='ltr'><strong>daretur?</strong></span> <span class='ocrx_word' id='word_1_696' title='bbox 2881 3271 3030 3329; x_wconf 84' lang='lat' dir='ltr'><strong>Sicut</strong></span> <span class='ocrx_word' id='word_1_697' title='bbox 3068 3282 3257 3328; x_wconf 84' lang='lat' dir='ltr'><strong>autem</strong></span> <span class='ocrx_word' id='word_1_698' title='bbox 3301 3271 3458 3327; x_wconf 87' lang='lat' dir='ltr'><strong>nobis</strong></span> <span class='ocrx_word' id='word_1_699' title='bbox 3503 3269 3606 3340; x_wconf 82' lang='lat' dir='ltr'><strong>ipse</strong></span> <span class='ocrx_word' id='word_1_700' title='bbox 3641 3259 3790 3322; x_wconf 64' lang='lat' dir='ltr'><strong>Pauci</strong></span> 
     </span>
    </p>
   </div>
   <div class='ocr_carea' id='block_1_96' title="bbox 2270 3359 3787 3440">
    <p class='ocr_par' dir='ltr' id='par_1_96' title="bbox 2270 3359 3787 3440">
     <span class='ocr_line' id='line_1_97' title="bbox 2270 3359 3787 3440; baseline -0.005 -18"><span class='ocrx_word' id='word_1_701' title='bbox 2270 3367 2548 3438; x_wconf 81' lang='lat' dir='ltr'><strong>proposuit</strong></span> <span class='ocrx_word' id='word_1_702' title='bbox 2576 3366 2891 3423; x_wconf 83' lang='lat' dir='ltr'><strong>imitandum</strong></span> <span class='ocrx_word' id='word_1_703' title='bbox 2907 3409 2922 3436; x_wconf 92' lang='lat'><strong>,</strong></span> <span class='ocrx_word' id='word_1_704' title='bbox 2953 3365 3045 3440; x_wconf 81' lang='lat' dir='ltr'><strong>qui</strong></span> <span class='ocrx_word' id='word_1_705' title='bbox 3070 3375 3224 3424; x_wconf 86' lang='lat' dir='ltr'><strong>certe</strong></span> <span class='ocrx_word' id='word_1_706' title='bbox 3252 3366 3418 3423; x_wconf 85' lang='lat' dir='ltr'><strong>homo</strong></span> <span class='ocrx_word' id='word_1_707' title='bbox 3441 3363 3678 3435; x_wconf 73' lang='lat' dir='ltr'><strong>nunquam</strong></span> <span class='ocrx_word' id='word_1_708' title='bbox 3699 3359 3787 3428; x_wconf 78' lang='lat' dir='ltr'><strong>ln&#39;t,</strong></span> 
     </span>
    </p>
   </div>
   <div class='ocr_carea' id='block_1_97' title="bbox 2269 3453 3788 3532">
    <p class='ocr_par' dir='ltr' id='par_1_97' title="bbox 2269 3453 3788 3532">
     <span class='ocr_line' id='line_1_98' title="bbox 2269 3453 3788 3532; baseline -0.006 -16"><span class='ocrx_word' id='word_1_709' title='bbox 2269 3464 2502 3532; x_wconf 74' lang='lat' dir='ltr'><strong>euntque</strong></span> <span class='ocrx_word' id='word_1_710' title='bbox 2517 3459 2636 3518; x_wconf 91' lang='lat' dir='ltr'><strong>sine</strong></span> <span class='ocrx_word' id='word_1_711' title='bbox 2656 3459 2936 3532; x_wconf 87' lang='lat' dir='ltr'><strong>dispendio</strong></span> <span class='ocrx_word' id='word_1_712' title='bbox 2954 3459 3042 3516; x_wconf 86' lang='lat' dir='ltr'><strong>vel</strong></span> <span class='ocrx_word' id='word_1_713' title='bbox 3060 3459 3430 3517; x_wconf 72' lang='lat' dir='ltr'><strong>inﬁrmatioue</strong></span> <span class='ocrx_word' id='word_1_714' title='bbox 3447 3453 3698 3514; x_wconf 74' lang='lat' dir='ltr'><strong>divinitatis</strong></span> <span class='ocrx_word' id='word_1_715' title='bbox 3712 3453 3788 3524; x_wconf 81' lang='lat' dir='ltr'><strong>ejus</strong></span> 
     </span>
    </p>
   </div>
   <div class='ocr_carea' id='block_1_98' title="bbox 2271 3541 3788 3624">
    <p class='ocr_par' dir='ltr' id='par_1_98' title="bbox 2271 3541 3788 3624">
     <span class='ocr_line' id='line_1_99' title="bbox 2271 3541 3788 3624; baseline -0.007 -16"><span class='ocrx_word' id='word_1_716' title='bbox 2271 3551 2578 3620; x_wconf 87' lang='lat' dir='ltr'><strong>imitantur,</strong></span> <span class='ocrx_word' id='word_1_717' title='bbox 2617 3551 2940 3624; x_wconf 81' lang='lat' dir='ltr'><strong>quicumque</strong></span> <span class='ocrx_word' id='word_1_718' title='bbox 2977 3565 3078 3622; x_wconf 85' lang='lat' dir='ltr'><strong>per</strong></span> <span class='ocrx_word' id='word_1_719' title='bbox 3109 3552 3232 3624; x_wconf 85' lang='lat' dir='ltr'><strong>ejus</strong></span> <span class='ocrx_word' id='word_1_720' title='bbox 3269 3551 3492 3624; x_wconf 73' lang='lat' dir='ltr'><strong>gratiam</strong></span> <span class='ocrx_word' id='word_1_721' title='bbox 3519 3553 3568 3605; x_wconf 85' lang='lat' dir='ltr'><strong>et</strong></span> <span class='ocrx_word' id='word_1_722' title='bbox 3595 3541 3788 3602; x_wconf 79' lang='lat' dir='ltr'><strong>voluntel</strong></span> 
     </span>
    </p>
   </div>
   <div class='ocr_carea' id='block_1_99' title="bbox 2269 3631 3787 3716">
    <p class='ocr_par' dir='ltr' id='par_1_99' title="bbox 2269 3631 3787 3716">
     <span class='ocr_line' id='line_1_100' title="bbox 2269 3631 3787 3716; baseline -0.005 -17"><span class='ocrx_word' id='word_1_723' title='bbox 2269 3650 2516 3716; x_wconf 87' lang='lat' dir='ltr'><strong>possunt,</strong></span> <span class='ocrx_word' id='word_1_724' title='bbox 2539 3650 2597 3698; x_wconf 93' lang='lat' dir='ltr'><strong>ut</strong></span> <span class='ocrx_word' id='word_1_725' title='bbox 2617 3641 2838 3714; x_wconf 88' lang='lat' dir='ltr'><strong>diligant</strong></span> <span class='ocrx_word' id='word_1_726' title='bbox 2865 3642 3110 3698; x_wconf 86' lang='lat' dir='ltr'><strong>inimicos</strong></span> <span class='ocrx_word' id='word_1_727' title='bbox 3137 3657 3292 3712; x_wconf 89' lang='lat' dir='ltr'><strong>suos,</strong></span> <span class='ocrx_word' id='word_1_728' title='bbox 3324 3640 3637 3698; x_wconf 80' lang='lat' dir='ltr'><strong>benefacian!</strong></span> <span class='ocrx_word' id='word_1_729' title='bbox 3653 3635 3712 3692; x_wconf 73' lang='lat' dir='ltr'><strong>es</strong></span> <span class='ocrx_word' id='word_1_730' title='bbox 3729 3631 3787 3705; x_wconf 78' lang='lat' dir='ltr'><strong>qui</strong></span> 
     </span>
    </p>
   </div>
   <div class='ocr_carea' id='block_1_100' title="bbox 2270 3728 3785 3808">
    <p class='ocr_par' dir='ltr' id='par_1_100' title="bbox 2270 3728 3785 3808">
     <span class='ocr_line' id='line_1_101' title="bbox 2270 3728 3785 3808; baseline 0.001 -16"><span class='ocrx_word' id='word_1_731' title='bbox 2270 3735 2502 3792; x_wconf 86' lang='lat' dir='ltr'><strong>oderunt</strong></span> <span class='ocrx_word' id='word_1_732' title='bbox 2528 3749 2660 3803; x_wconf 86' lang='lat' dir='ltr'><strong>eos;</strong></span> <span class='ocrx_word' id='word_1_733' title='bbox 2686 3751 2789 3792; x_wconf 83' lang='lat' dir='ltr'><strong>nec</strong></span> <span class='ocrx_word' id='word_1_734' title='bbox 2815 3733 3000 3792; x_wconf 69' lang='lat' dir='ltr'><strong>dicunt</strong></span> <span class='ocrx_word' id='word_1_735' title='bbox 3026 3735 3098 3802; x_wconf 81' lang='lat' dir='ltr'><strong>ei,</strong></span> <span class='ocrx_word' id='word_1_736' title='bbox 3129 3735 3213 3792; x_wconf 78' lang='lat' dir='ltr'><strong>Tu</strong></span> <span class='ocrx_word' id='word_1_737' title='bbox 3241 3741 3522 3808; x_wconf 82' lang='lat' dir='ltr'><strong>prupterea</strong></span> <span class='ocrx_word' id='word_1_738' title='bbox 3549 3732 3637 3786; x_wconf 67' lang='lat' dir='ltr'><strong>hoc</strong></span> <span class='ocrx_word' id='word_1_739' title='bbox 3658 3728 3785 3800; x_wconf 60' lang='lat' dir='ltr'><strong>potes.</strong></span> 
     </span>
    </p>
   </div>
   <div class='ocr_carea' id='block_1_101' title="bbox 2269 3813 3787 3901">
    <p class='ocr_par' dir='ltr' id='par_1_101' title="bbox 2269 3813 3787 3901">
     <span class='ocr_line' id='line_1_102' title="bbox 2269 3813 3787 3901; baseline -0.009 -17"><span class='ocrx_word' id='word_1_740' title='bbox 2269 3829 2396 3901; x_wconf 87' lang='lat' dir='ltr'><strong>quia</strong></span> <span class='ocrx_word' id='word_1_741' title='bbox 2425 3829 2564 3885; x_wconf 88' lang='lat' dir='ltr'><strong>Deus</strong></span> <span class='ocrx_word' id='word_1_742' title='bbox 2587 3841 2670 3896; x_wconf 75' lang='lat'><strong>85,</strong></span> <span class='ocrx_word' id='word_1_743' title='bbox 2691 3837 2748 3884; x_wconf 86' lang='lat' dir='ltr'><strong>et</strong></span> <span class='ocrx_word' id='word_1_744' title='bbox 2767 3827 2890 3898; x_wconf 87' lang='lat' dir='ltr'><strong>quia</strong></span> <span class='ocrx_word' id='word_1_745' title='bbox 2915 3825 3114 3884; x_wconf 82' lang='lat' dir='ltr'><strong>inimici</strong></span> <span class='ocrx_word' id='word_1_746' title='bbox 3141 3827 3221 3883; x_wconf 62' lang='lat' dir='ltr'><strong>uti</strong></span> <span class='ocrx_word' id='word_1_747' title='bbox 3250 3824 3502 3883; x_wconf 77' lang='lat' dir='ltr'><strong>nihiltibi</strong></span> <span class='ocrx_word' id='word_1_748' title='bbox 3523 3821 3708 3895; x_wconf 67' lang='lat' dir='ltr'><strong>possunt</strong></span> <span class='ocrx_word' id='word_1_749' title='bbox 3725 3813 3787 3871; x_wconf 73' lang='lat' dir='ltr'><strong>lio-</strong></span> 
     </span>
    </p>
   </div>
   <div class='ocr_carea' id='block_1_102' title="bbox 2270 3909 3788 3988">
    <p class='ocr_par' dir='ltr' id='par_1_102' title="bbox 2270 3909 3788 3988">
     <span class='ocr_line' id='line_1_103' title="bbox 2270 3909 3788 3988; baseline -0.007 -9"><span class='ocrx_word' id='word_1_750' title='bbox 2270 3936 2418 3988; x_wconf 88' lang='lat' dir='ltr'><strong>cere,</strong></span> <span class='ocrx_word' id='word_1_751' title='bbox 2445 3936 2544 3978; x_wconf 89' lang='lat' dir='ltr'><strong>nos</strong></span> <span class='ocrx_word' id='word_1_752' title='bbox 2565 3929 2743 3978; x_wconf 81' lang='lat' dir='ltr'><strong>autem</strong></span> <span class='ocrx_word' id='word_1_753' title='bbox 2774 3919 3019 3977; x_wconf 87' lang='lat' dir='ltr'><strong>homines</strong></span> <span class='ocrx_word' id='word_1_754' title='bbox 3047 3929 3237 3978; x_wconf 86' lang='lat' dir='ltr'><strong>sumus</strong></span> <span class='ocrx_word' id='word_1_755' title='bbox 3265 3919 3482 3988; x_wconf 77' lang='lat' dir='ltr'><strong>inﬁrmi,</strong></span> <span class='ocrx_word' id='word_1_756' title='bbox 3511 3917 3562 3972; x_wconf 84' lang='lat' dir='ltr'><strong>et</strong></span> <span class='ocrx_word' id='word_1_757' title='bbox 3584 3928 3662 3972; x_wconf 88' lang='lat' dir='ltr'><strong>eos</strong></span> <span class='ocrx_word' id='word_1_758' title='bbox 3677 3909 3788 3980; x_wconf 75' lang='lat' dir='ltr'><strong>jube-</strong></span> 
     </span>
    </p>
   </div>
   <div class='ocr_carea' id='block_1_103' title="bbox 2271 3997 3785 4084">
    <p class='ocr_par' dir='ltr' id='par_1_103' title="bbox 2271 3997 3785 4084">
     <span class='ocr_line' id='line_1_104' title="bbox 2271 3997 3785 4084; baseline -0.009 -15"><span class='ocrx_word' id='word_1_759' title='bbox 2271 4027 2394 4070; x_wconf 88' lang='lat' dir='ltr'><strong>mur</strong></span> <span class='ocrx_word' id='word_1_760' title='bbox 2410 4012 2654 4084; x_wconf 85' lang='lat' dir='ltr'><strong>diligere,</strong></span> <span class='ocrx_word' id='word_1_761' title='bbox 2675 4011 2768 4083; x_wconf 80' lang='lat' dir='ltr'><strong>qui</strong></span> <span class='ocrx_word' id='word_1_762' title='bbox 2789 4011 2944 4068; x_wconf 87' lang='lat' dir='ltr'><strong>nobis</strong></span> <span class='ocrx_word' id='word_1_763' title='bbox 2967 4019 3048 4068; x_wconf 82' lang='lat' dir='ltr'><strong>tot</strong></span> <span class='ocrx_word' id='word_1_764' title='bbox 3068 4019 3124 4067; x_wconf 75' lang='lat' dir='ltr'><strong>et</strong></span> <span class='ocrx_word' id='word_1_765' title='bbox 3148 4019 3297 4068; x_wconf 75' lang='lat' dir='ltr'><strong>tanta</strong></span> <span class='ocrx_word' id='word_1_766' title='bbox 3325 4009 3462 4067; x_wconf 74' lang='lat' dir='ltr'><strong>maia</strong></span> <span class='ocrx_word' id='word_1_767' title='bbox 3484 4008 3696 4078; x_wconf 76' lang='lat' dir='ltr'><strong>ingerunt</strong></span> <span class='ocrx_word' id='word_1_768' title='bbox 3713 3997 3785 4055; x_wconf 78' lang='lat' dir='ltr'><strong>suis</strong></span> 
     </span>
    </p>
   </div>
   <div class='ocr_carea' id='block_1_104' title="bbox 2271 4094 3785 4178">
    <p class='ocr_par' dir='ltr' id='par_1_104' title="bbox 2271 4094 3785 4178">
     <span class='ocr_line' id='line_1_105' title="bbox 2271 4094 3785 4178; baseline -0.012 -15"><span class='ocrx_word' id='word_1_769' title='bbox 2271 4103 2732 4178; x_wconf 80' lang='lat' dir='ltr'><strong>persecutionibus</strong></span> <span class='ocrx_word' id='word_1_770' title='bbox 2772 4121 2788 4158; x_wconf 90' lang='lat'><strong>:</strong></span> <span class='ocrx_word' id='word_1_771' title='bbox 2829 4103 2900 4160; x_wconf 86' lang='lat' dir='ltr'><strong>ita</strong></span> <span class='ocrx_word' id='word_1_772' title='bbox 2939 4103 3153 4160; x_wconf 78' lang='lat' dir='ltr'><strong>Christo</strong></span> <span class='ocrx_word' id='word_1_773' title='bbox 3194 4111 3308 4160; x_wconf 79' lang='lat' dir='ltr'><strong>non</strong></span> <span class='ocrx_word' id='word_1_774' title='bbox 3348 4101 3528 4158; x_wconf 81' lang='lat' dir='ltr'><strong>dicunt</strong></span> <span class='ocrx_word' id='word_1_775' title='bbox 3566 4094 3785 4153; x_wconf 74' lang='lat' dir='ltr'><strong>it&#39;nitatorés</strong></span> 
     </span>
    </p>
   </div>
   <div class='ocr_carea' id='block_1_105' title="bbox 2271 4189 3783 4269">
    <p class='ocr_par' dir='ltr' id='par_1_105' title="bbox 2271 4189 3783 4269">
     <span class='ocr_line' id='line_1_106' title="bbox 2271 4189 3783 4269; baseline -0.023 1"><span class='ocrx_word' id='word_1_776' title='bbox 2271 4196 2418 4269; x_wconf 64' lang='grc'><strong>⁸1⁸³8.</strong></span> <span class='ocrx_word' id='word_1_777' title='bbox 2449 4195 2563 4255; x_wconf 79' lang='lat' dir='ltr'><strong>Non</strong></span> <span class='ocrx_word' id='word_1_778' title='bbox 2596 4207 2883 4268; x_wconf 81' lang='lat' dir='ltr'><strong>possumus</strong></span> <span class='ocrx_word' id='word_1_779' title='bbox 2916 4210 2980 4252; x_wconf 85' lang='lat' dir='ltr'><strong>ea</strong></span> <span class='ocrx_word' id='word_1_780' title='bbox 3015 4193 3190 4252; x_wconf 78' lang='lat' dir='ltr'><strong>facere</strong></span> <span class='ocrx_word' id='word_1_781' title='bbox 3211 4237 3228 4264; x_wconf 95' lang='lat'><strong>,</strong></span> <span class='ocrx_word' id='word_1_782' title='bbox 3259 4203 3382 4268; x_wconf 80' lang='lat' dir='ltr'><strong>qua:</strong></span> <span class='ocrx_word' id='word_1_783' title='bbox 3406 4197 3467 4250; x_wconf 81' lang='lat' dir='ltr'><strong>ut</strong></span> <span class='ocrx_word' id='word_1_784' title='bbox 3491 4189 3783 4267; x_wconf 75' lang='lat' dir='ltr'><strong>faciimustuo</strong></span> 
     </span>
    </p>
   </div>
   <div class='ocr_carea' id='block_1_106' title="bbox 2271 4263 3783 4360">
    <p class='ocr_par' dir='ltr' id='par_1_106' title="bbox 2271 4263 3783 4360">
     <span class='ocr_line' id='line_1_107' title="bbox 2271 4263 3783 4360; baseline -0.013 -12"><span class='ocrx_word' id='word_1_785' title='bbox 2271 4263 2373 4348; x_wconf 71' lang='lat' dir='ltr'><strong>nos</strong></span> <span class='ocrx_word' id='word_1_786' title='bbox 2397 4263 2698 4346; x_wconf 75' lang='lat' dir='ltr'><strong>exhortaris</strong></span> <span class='ocrx_word' id='word_1_787' title='bbox 2724 4289 2972 4360; x_wconf 79' lang='lat' dir='ltr'><strong>exemplo</strong></span> <span class='ocrx_word' id='word_1_788' title='bbox 2988 4331 3004 4356; x_wconf 94' lang='lat'><strong>,</strong></span> <span class='ocrx_word' id='word_1_789' title='bbox 3032 4289 3157 4360; x_wconf 87' lang='lat' dir='ltr'><strong>quia</strong></span> <span class='ocrx_word' id='word_1_790' title='bbox 3185 4263 3346 4358; x_wconf 69' lang='lat' dir='ltr'><strong>longe</strong></span> <span class='ocrx_word' id='word_1_791' title='bbox 3371 4282 3619 4360; x_wconf 77' lang='lat' dir='ltr'><strong>petentior</strong></span> <span class='ocrx_word' id='word_1_792' title='bbox 3637 4263 3783 4334; x_wconf 69' lang='lat' dir='ltr'><strong>esttr-</strong></span> 
     </span>
    </p>
   </div>
   <div class='ocr_carea' id='block_1_107' title="bbox 2271 4364 3781 4452">
    <p class='ocr_par' dir='ltr' id='par_1_107' title="bbox 2271 4364 3781 4452">
     <span class='ocr_line' id='line_1_108' title="bbox 2271 4364 3781 4452; baseline -0.015 -11"><span class='ocrx_word' id='word_1_793' title='bbox 2271 4381 2526 4440; x_wconf 41' lang='lat' dir='ltr'><strong>oellentia‘</strong></span> <span class='ocrx_word' id='word_1_794' title='bbox 2543 4389 2654 4448; x_wconf 86' lang='lat' dir='ltr'><strong>tua,</strong></span> <span class='ocrx_word' id='word_1_795' title='bbox 2675 4393 2842 4452; x_wconf 85' lang='lat' dir='ltr'><strong>quam</strong></span> <span class='ocrx_word' id='word_1_796' title='bbox 2861 4375 3142 4436; x_wconf 74' lang='lat' dir='ltr'><strong>inﬁrmitas</strong></span> <span class='ocrx_word' id='word_1_797' title='bbox 3165 4387 3372 4436; x_wconf 80' lang='lat' dir='ltr'><strong>ucstra.</strong></span> <span class='ocrx_word' id='word_1_798' title='bbox 3399 4375 3510 4433; x_wconf 80' lang='lat' dir='ltr'><strong>Non</strong></span> <span class='ocrx_word' id='word_1_799' title='bbox 3535 4365 3686 4442; x_wconf 61' lang='lat' dir='ltr'><strong>itaque</strong></span> <span class='ocrx_word' id='word_1_800' title='bbox 3701 4364 3781 4420; x_wconf 83' lang='lat' dir='ltr'><strong>ideo</strong></span> 
     </span>
    </p>
   </div>
   <div class='ocr_carea' id='block_1_108' title="bbox 2271 4459 3781 4543">
    <p class='ocr_par' dir='ltr' id='par_1_108' title="bbox 2271 4459 3781 4543">
     <span class='ocr_line' id='line_1_109' title="bbox 2271 4459 3781 4543; baseline -0.01 -12"><span class='ocrx_word' id='word_1_801' title='bbox 2271 4473 2456 4531; x_wconf 82' lang='lat' dir='ltr'><strong>debuit</strong></span> <span class='ocrx_word' id='word_1_802' title='bbox 2477 4481 2634 4530; x_wconf 85' lang='lat' dir='ltr'><strong>natus</strong></span> <span class='ocrx_word' id='word_1_803' title='bbox 2655 4472 2726 4530; x_wconf 89' lang='lat' dir='ltr'><strong>de</strong></span> <span class='ocrx_word' id='word_1_804' title='bbox 2745 4471 2947 4543; x_wconf 85' lang='lat' dir='ltr'><strong>Spiritu</strong></span> <span class='ocrx_word' id='word_1_805' title='bbox 2969 4481 3158 4528; x_wconf 77' lang='lat' dir='ltr'><strong>sancto</strong></span> <span class='ocrx_word' id='word_1_806' title='bbox 3175 4479 3234 4529; x_wconf 84' lang='lat' dir='ltr'><strong>et</strong></span> <span class='ocrx_word' id='word_1_807' title='bbox 3253 4471 3462 4543; x_wconf 74' lang='lat' dir='ltr'><strong>virgine</strong></span> <span class='ocrx_word' id='word_1_808' title='bbox 3479 4464 3624 4524; x_wconf 75' lang='lat' dir='ltr'><strong>Maria</strong></span> <span class='ocrx_word' id='word_1_809' title='bbox 3643 4459 3781 4516; x_wconf 69' lang='lat' dir='ltr'><strong>habch</strong></span> 
     </span>
    </p>
   </div>
   <div class='ocr_carea' id='block_1_109' title="bbox 2271 4545 3780 4638">
    <p class='ocr_par' dir='ltr' id='par_1_109' title="bbox 2271 4545 3780 4638">
     <span class='ocr_line' id='line_1_110' title="bbox 2271 4545 3780 4638; baseline -0.016 -13"><span class='ocrx_word' id='word_1_810' title='bbox 2271 4581 2440 4624; x_wconf 87' lang='lat' dir='ltr'><strong>eoncn</strong></span> <span class='ocrx_word' id='word_1_811' title='bbox 2447 4565 2780 4638; x_wconf 80' lang='lat' dir='ltr'><strong>piscentiunt,</strong></span> <span class='ocrx_word' id='word_1_812' title='bbox 2798 4577 2902 4634; x_wconf 79' lang='lat' dir='ltr'><strong>qua</strong></span> <span class='ocrx_word' id='word_1_813' title='bbox 2923 4572 3148 4636; x_wconf 82' lang='lat' dir='ltr'><strong>cuperet</strong></span> <span class='ocrx_word' id='word_1_814' title='bbox 3163 4565 3323 4632; x_wconf 85' lang='lat' dir='ltr'><strong>mala,</strong></span> <span class='ocrx_word' id='word_1_815' title='bbox 3344 4563 3444 4620; x_wconf 81' lang='lat' dir='ltr'><strong>etsi</strong></span> <span class='ocrx_word' id='word_1_816' title='bbox 3461 4563 3475 4594; x_wconf 77' lang='grc'>⁸</span> <span class='ocrx_word' id='word_1_817' title='bbox 3493 4559 3542 4616; x_wconf 84' lang='lat' dir='ltr'><strong>ei</strong></span> <span class='ocrx_word' id='word_1_818' title='bbox 3557 4545 3780 4612; x_wconf 78' lang='lat' dir='ltr'><strong>resistendo</strong></span> 
     </span>
    </p>
   </div>
   <div class='ocr_carea' id='block_1_110' title="bbox 2271 4645 3780 4723">
    <p class='ocr_par' dir='ltr' id='par_1_110' title="bbox 2271 4645 3780 4723">
     <span class='ocr_line' id='line_1_111' title="bbox 2271 4645 3780 4723; baseline -0.012 -8"><span class='ocrx_word' id='word_1_819' title='bbox 2271 4673 2379 4716; x_wconf 90' lang='lat' dir='ltr'><strong>non</strong></span> <span class='ocrx_word' id='word_1_820' title='bbox 2404 4657 2623 4723; x_wconf 82' lang='lat' dir='ltr'><strong>faceret,</strong></span> <span class='ocrx_word' id='word_1_821' title='bbox 2646 4673 2716 4714; x_wconf 91' lang='lat' dir='ltr'><strong>ne</strong></span> <span class='ocrx_word' id='word_1_822' title='bbox 2737 4656 2978 4713; x_wconf 89' lang='lat' dir='ltr'><strong>dicerent</strong></span> <span class='ocrx_word' id='word_1_823' title='bbox 2999 4655 3050 4712; x_wconf 90' lang='lat' dir='ltr'><strong>ei</strong></span> <span class='ocrx_word' id='word_1_824' title='bbox 3076 4655 3342 4722; x_wconf 87' lang='lat' dir='ltr'><strong>homines,</strong></span> <span class='ocrx_word' id='word_1_825' title='bbox 3369 4651 3564 4710; x_wconf 83' lang='lat' dir='ltr'><strong>Habeto</strong></span> <span class='ocrx_word' id='word_1_826' title='bbox 3588 4645 3704 4718; x_wconf 62' lang='lat' dir='ltr'><strong>prius</strong></span> <span class='ocrx_word' id='word_1_827' title='bbox 3721 4653 3780 4694; x_wconf 78' lang='lat' dir='ltr'><strong>cu-</strong></span> 
     </span>
    </p>
   </div>
   <div class='ocr_carea' id='block_1_111' title="bbox 2272 4729 3881 4824">
    <p class='ocr_par' dir='ltr' id='par_1_111' title="bbox 2272 4729 3881 4824">
     <span class='ocr_line' id='line_1_112' title="bbox 2272 4729 3881 4824; baseline -0.016 -15"><span class='ocrx_word' id='word_1_828' title='bbox 2272 4751 2521 4824; x_wconf 83' lang='lat' dir='ltr'><strong>piditates</strong></span> <span class='ocrx_word' id='word_1_829' title='bbox 2557 4749 2755 4816; x_wconf 83' lang='lat' dir='ltr'><strong>mulas,</strong></span> <span class='ocrx_word' id='word_1_830' title='bbox 2781 4757 2837 4805; x_wconf 86' lang='lat' dir='ltr'><strong>et</strong></span> <span class='ocrx_word' id='word_1_831' title='bbox 2863 4763 2954 4805; x_wconf 82' lang='lat' dir='ltr'><strong>eas</strong></span> <span class='ocrx_word' id='word_1_832' title='bbox 2981 4748 3169 4818; x_wconf 85' lang='lat' dir='ltr'><strong>vince,</strong></span> <span class='ocrx_word' id='word_1_833' title='bbox 3200 4747 3248 4804; x_wconf 91' lang='lat' dir='ltr'><strong>si</strong></span> <span class='ocrx_word' id='word_1_834' title='bbox 3279 4753 3458 4821; x_wconf 84' lang='lat' dir='ltr'><strong>potes,</strong></span> <span class='ocrx_word' id='word_1_835' title='bbox 3485 4751 3538 4799; x_wconf 91' lang='lat' dir='ltr'><strong>ut</strong></span> <span class='ocrx_word' id='word_1_836' title='bbox 3571 4729 3777 4824; x_wconf 19' lang='lat' dir='ltr'><strong>tia-imitari</strong></span> <span class='ocrx_word' id='word_1_837' title='bbox 3880 4749 3881 4754; x_wconf 55' lang='grc' dir='ltr'>π</span> 
     </span>
    </p>
   </div>
   <div class='ocr_carea' id='block_1_112' title="bbox 2272 4822 3776 4912">
    <p class='ocr_par' dir='ltr' id='par_1_112' title="bbox 2272 4822 3776 4912">
     <span class='ocr_line' id='line_1_113' title="bbox 2272 4822 3776 4912; baseline -0.013 -10"><span class='ocrx_word' id='word_1_838' title='bbox 2272 4822 2484 4901; x_wconf 77' lang='lat' dir='ltr'><strong>nostras</strong></span> <span class='ocrx_word' id='word_1_839' title='bbox 2502 4839 2762 4898; x_wconf 85' lang='lat' dir='ltr'><strong>vincendo</strong></span> <span class='ocrx_word' id='word_1_840' title='bbox 2781 4840 3067 4912; x_wconf 85' lang='lat' dir='ltr'><strong>possimus.</strong></span> <span class='ocrx_word' id='word_1_841' title='bbox 3092 4837 3295 4898; x_wconf 76' lang='lat' dir='ltr'><strong>Deinde</strong></span> <span class='ocrx_word' id='word_1_842' title='bbox 3313 4833 3434 4912; x_wconf 85' lang='lat' dir='ltr'><strong>quid</strong></span> <span class='ocrx_word' id='word_1_843' title='bbox 3453 4834 3592 4898; x_wconf 85' lang='lat' dir='ltr'><strong>dicis,</strong></span> <span class='ocrx_word' id='word_1_844' title='bbox 3611 4822 3776 4912; x_wconf 57' lang='lat' dir='ltr'><strong>Juliant.</strong></span> 
     </span>
    </p>
   </div>
   <div class='ocr_carea' id='block_1_113' title="bbox 2271 4908 3774 5008">
    <p class='ocr_par' dir='ltr' id='par_1_113' title="bbox 2271 4908 3774 5008">
     <span class='ocr_line' id='line_1_114' title="bbox 2271 4908 3774 5008; baseline -0.017 -15"><span class='ocrx_word' id='word_1_845' title='bbox 2271 4937 2339 4993; x_wconf 91' lang='lat' dir='ltr'><strong>de</strong></span> <span class='ocrx_word' id='word_1_846' title='bbox 2365 4935 2458 4993; x_wconf 85' lang='lat' dir='ltr'><strong>ille</strong></span> <span class='ocrx_word' id='word_1_847' title='bbox 2477 4935 2572 5008; x_wconf 74' lang='lat' dir='ltr'><strong>qui</strong></span> <span class='ocrx_word' id='word_1_848' title='bbox 2593 4933 2740 5003; x_wconf 83' lang='lat' dir='ltr'><strong>dicit,</strong></span> <span class='ocrx_word' id='word_1_849' title='bbox 2769 4908 2891 4990; x_wconf 64' lang='lat' dir='ltr'><strong>illo»</strong></span> <span class='ocrx_word' id='word_1_850' title='bbox 2913 4933 3050 5006; x_wconf 64' lang='lat' dir='ltr'><strong>qvod</strong></span> <span class='ocrx_word' id='word_1_851' title='bbox 3071 4933 3207 5004; x_wconf 75' lang='lat' dir='ltr'><strong>sete,</strong></span> <span class='ocrx_word' id='word_1_852' title='bbox 3237 4908 3365 5008; x_wconf 57' lang='lat' dir='ltr'><strong>age,-</strong></span> <span class='ocrx_word' id='word_1_853' title='bbox 3391 4930 3478 4988; x_wconf 71' lang='lat' dir='ltr'><strong>sed</strong></span> <span class='ocrx_word' id='word_1_854' title='bbox 3499 4921 3620 4999; x_wconf 66' lang='grc' dir='ltr'><strong>συυκ</strong></span> <span class='ocrx_word' id='word_1_855' title='bbox 3637 4916 3718 4982; x_wconf 62' lang='grc' dir='ltr'><strong>ονε,</strong></span> <span class='ocrx_word' id='word_1_856' title='bbox 3737 4908 3774 4967; x_wconf 71' lang='grc' dir='ltr'>ει</span> 
     </span>
    </p>
   </div>
   <div class='ocr_carea' id='block_1_114' title="bbox 2273 5019 3776 5101">
    <p class='ocr_par' dir='ltr' id='par_1_114' title="bbox 2273 5019 3776 5101">
     <span class='ocr_line' id='line_1_115' title="bbox 2273 5019 3776 5101; baseline -0.002 -21"><span class='ocrx_word' id='word_1_857' title='bbox 2273 5027 2366 5084; x_wconf 61' lang='grc' dir='ltr'><strong>ιιι</strong></span> <span class='ocrx_word' id='word_1_858' title='bbox 2390 5027 2524 5101; x_wconf 62' lang='lat' dir='ltr'><strong>[ratio</strong></span> <span class='ocrx_word' id='word_1_859' title='bbox 2543 5024 2721 5098; x_wconf 84' lang='lat' dir='ltr'><strong>(Rom.</strong></span> <span class='ocrx_word' id='word_1_860' title='bbox 2747 5041 2840 5094; x_wconf 84' lang='lat' dir='ltr'><strong>vn,</strong></span> <span class='ocrx_word' id='word_1_861' title='bbox 2867 5025 2992 5098; x_wconf 68' lang='lat'><strong>15);</strong></span> <span class='ocrx_word' id='word_1_862' title='bbox 3014 5039 3173 5099; x_wconf 78' lang='lat' dir='ltr'><strong>quem</strong></span> <span class='ocrx_word' id='word_1_863' title='bbox 3196 5030 3293 5084; x_wconf 75' lang='lat' dir='ltr'><strong>vos</strong></span> <span class='ocrx_word' id='word_1_864' title='bbox 3318 5019 3560 5084; x_wconf 81' lang='lat' dir='ltr'><strong>asseritis,</strong></span> <span class='ocrx_word' id='word_1_865' title='bbox 3585 5027 3672 5070; x_wconf 75' lang='lat' dir='ltr'><strong>no“</strong></span> 
     </span>
    </p>
   </div>
   <div class='ocr_carea' id='block_1_115' title="bbox 2271 5097 3776 5192">
    <p class='ocr_par' dir='ltr' id='par_1_115' title="bbox 2271 5097 3776 5192">
     <span class='ocr_line' id='line_1_116' title="bbox 2271 5097 3776 5192; baseline -0.005 -14"><span class='ocrx_word' id='word_1_866' title='bbox 2271 5097 2597 5191; x_wconf 83' lang='lat' dir='ltr'><strong>copiscentia</strong></span> <span class='ocrx_word' id='word_1_867' title='bbox 2615 5134 2736 5178; x_wconf 86' lang='lat' dir='ltr'><strong>cum</strong></span> <span class='ocrx_word' id='word_1_868' title='bbox 2761 5133 2867 5192; x_wconf 81' lang='lat' dir='ltr'><strong>qua</strong></span> <span class='ocrx_word' id='word_1_869' title='bbox 2892 5097 3052 5176; x_wconf 77' lang='lat' dir='ltr'><strong>natus</strong></span> <span class='ocrx_word' id='word_1_870' title='bbox 3076 5128 3179 5187; x_wconf 85' lang='lat' dir='ltr'><strong>est,</strong></span> <span class='ocrx_word' id='word_1_871' title='bbox 3201 5120 3294 5176; x_wconf 78' lang='lat' dir='ltr'><strong>sed</strong></span> <span class='ocrx_word' id='word_1_872' title='bbox 3319 5115 3454 5175; x_wconf 75' lang='lat' dir='ltr'><strong>ninia</strong></span> <span class='ocrx_word' id='word_1_873' title='bbox 3473 5097 3776 5192; x_wconf 52' lang='grc' dir='ltr'><strong>οοηευεωᾷίηθ</strong></span> 
     </span>
    </p>
   </div>
   <div class='ocr_carea' id='block_1_116' title="bbox 2273 5187 3881 5284">
    <p class='ocr_par' dir='ltr' id='par_1_116' title="bbox 2273 5187 3881 5284">
     <span class='ocr_line' id='line_1_117' title="bbox 2273 5187 3881 5284; baseline -0.009 -13"><span class='ocrx_word' id='word_1_874' title='bbox 2273 5187 2444 5284; x_wconf 74' lang='lat' dir='ltr'><strong>usque</strong></span> <span class='ocrx_word' id='word_1_875' title='bbox 2465 5211 2532 5268; x_wconf 87' lang='lat' dir='ltr'><strong>a‘d</strong></span> <span class='ocrx_word' id='word_1_876' title='bbox 2560 5211 2720 5268; x_wconf 80' lang='lat' dir='ltr'><strong>istam</strong></span> <span class='ocrx_word' id='word_1_877' title='bbox 2743 5187 3118 5270; x_wconf 65' lang='lat' dir='ltr'><strong>necessitatem</strong></span> <span class='ocrx_word' id='word_1_878' title='bbox 3149 5209 3357 5284; x_wconf 70' lang='lat' dir='ltr'><strong>premi!</strong></span> <span class='ocrx_word' id='word_1_879' title='bbox 3381 5197 3624 5274; x_wconf 69' lang='lat' dir='ltr'><strong>Numquid</strong></span> <span class='ocrx_word' id='word_1_880' title='bbox 3641 5187 3772 5259; x_wconf 54' lang='lat' dir='ltr'><strong>[mite</strong></span> <span class='ocrx_word' id='word_1_881' title='bbox 3879 5187 3881 5256; x_wconf 69' lang='lat' dir='ltr'><strong>l</strong></span> 
     </span>
    </p>
   </div>
   <div class='ocr_carea' id='block_1_117' title="bbox 2271 5287 3772 5376">
    <p class='ocr_par' dir='ltr' id='par_1_117' title="bbox 2271 5287 3772 5376">
     <span class='ocr_line' id='line_1_118' title="bbox 2271 5287 3772 5376; baseline -0.015 -14"><span class='ocrx_word' id='word_1_882' title='bbox 2271 5305 2417 5362; x_wconf 87' lang='lat' dir='ltr'><strong>modi</strong></span> <span class='ocrx_word' id='word_1_883' title='bbox 2436 5303 2746 5362; x_wconf 83' lang='lat' dir='ltr'><strong>hominibus</strong></span> <span class='ocrx_word' id='word_1_884' title='bbox 2761 5305 3007 5362; x_wconf 82' lang='lat' dir='ltr'><strong>Christus</strong></span> <span class='ocrx_word' id='word_1_885' title='bbox 3026 5313 3134 5362; x_wconf 83' lang='lat' dir='ltr'><strong>non</strong></span> <span class='ocrx_word' id='word_1_886' title='bbox 3155 5304 3398 5376; x_wconf 61' lang='lat' dir='ltr'><strong>prabuit,</strong></span> <span class='ocrx_word' id='word_1_887' title='bbox 3419 5301 3476 5356; x_wconf 77' lang='lat' dir='ltr'><strong>ut</strong></span> <span class='ocrx_word' id='word_1_888' title='bbox 3497 5310 3551 5351; x_wconf 88' lang='lat' dir='ltr'><strong>se</strong></span> <span class='ocrx_word' id='word_1_889' title='bbox 3570 5287 3772 5376; x_wconf 54' lang='lat' dir='ltr'><strong>imitaret-</strong></span> 
     </span>
    </p>
   </div>
   <div class='ocr_carea' id='block_1_118' title="bbox 2271 5372 3770 5470">
    <p class='ocr_par' dir='ltr' id='par_1_118' title="bbox 2271 5372 3770 5470">
     <span class='ocr_line' id='line_1_119' title="bbox 2271 5372 3770 5470; baseline -0.015 -16"><span class='ocrx_word' id='word_1_890' title='bbox 2271 5406 2361 5455; x_wconf 86' lang='lat' dir='ltr'><strong>tur</strong></span> <span class='ocrx_word' id='word_1_891' title='bbox 2385 5396 2730 5469; x_wconf 74' lang='lat' dir='ltr'><strong>exemplum?</strong></span> <span class='ocrx_word' id='word_1_892' title='bbox 2752 5397 3008 5470; x_wconf 80' lang='lat' dir='ltr'><strong>numquid</strong></span> <span class='ocrx_word' id='word_1_893' title='bbox 3034 5393 3129 5455; x_wconf 83' lang='lat' dir='ltr'><strong>eos</strong></span> <span class='ocrx_word' id='word_1_894' title='bbox 3153 5372 3479 5466; x_wconf 63' lang='grc' dir='ltr'><strong>ὅοηιεαηνείι,</strong></span> <span class='ocrx_word' id='word_1_895' title='bbox 3504 5382 3670 5452; x_wconf 60' lang='lat' dir='ltr'><strong>eoaque</strong></span> 
     </span>
    </p>
   </div>
   <div class='ocr_carea' id='block_1_119' title="bbox 2271 5451 3768 5550">
    <p class='ocr_par' dir='ltr' id='par_1_119' title="bbox 2271 5451 3768 5550">
     <span class='ocr_line' id='line_1_120' title="bbox 2271 5451 3768 5550; baseline -0.005 -3"><span class='ocrx_word' id='word_1_896' title='bbox 2271 5451 3252 5550; x_wconf 51' lang='grc' dir='ltr'><strong>ὲᾶιιιῆἔιῖιίεοέοᾷἶιὲιὶᾯῆἑιέιὶιὶέ</strong></span> <span class='ocrx_word' id='word_1_897' title='bbox 3263 5451 3496 5547; x_wconf 48' lang='lat' dir='ltr'><strong>inde}</strong></span> <span class='ocrx_word' id='word_1_898' title='bbox 3515 5477 3567 5534; x_wconf 78' lang='lat' dir='ltr'><strong>Si</strong></span> <span class='ocrx_word' id='word_1_899' title='bbox 3591 5451 3694 5540; x_wconf 63' lang='lat' dir='ltr'><strong>ergo</strong></span> <span class='ocrx_word' id='word_1_900' title='bbox 3712 5451 3768 5516; x_wconf 58' lang='grc' dir='ltr'><strong>δῖ’</strong></span> 
     </span>
    </p>
   </div>
   <div class='ocr_carea' id='block_1_120' title="bbox 2271 5560 3766 5654">
    <p class='ocr_par' dir='ltr' id='par_1_120' title="bbox 2271 5560 3766 5654">
     <span class='ocr_line' id='line_1_121' title="bbox 2271 5560 3766 5654; baseline -0.013 -13"><span class='ocrx_word' id='word_1_901' title='bbox 2271 5590 2456 5639; x_wconf 83' lang='lat' dir='ltr'><strong>cerent</strong></span> <span class='ocrx_word' id='word_1_902' title='bbox 2473 5582 2544 5648; x_wconf 89' lang='lat' dir='ltr'><strong>ei,</strong></span> <span class='ocrx_word' id='word_1_903' title='bbox 2568 5581 2752 5638; x_wconf 81' lang='lat' dir='ltr'><strong>Nescis</strong></span> <span class='ocrx_word' id='word_1_904' title='bbox 2770 5581 2899 5654; x_wconf 83' lang='lat' dir='ltr'><strong>quid</strong></span> <span class='ocrx_word' id='word_1_905' title='bbox 2927 5582 3158 5654; x_wconf 86' lang='lat' dir='ltr'><strong>patimur</strong></span> <span class='ocrx_word' id='word_1_906' title='bbox 3177 5583 3318 5640; x_wconf 81' lang='lat' dir='ltr'><strong>mute</strong></span> <span class='ocrx_word' id='word_1_907' title='bbox 3336 5560 3682 5654; x_wconf 72' lang='lat' dir='ltr'><strong>consuetudinis</strong></span> <span class='ocrx_word' id='word_1_908' title='bbox 3695 5563 3766 5654; x_wconf 65' lang='grc' dir='ltr'><strong>(ξιτ</strong></span> 
     </span>
    </p>
   </div>
   <div class='ocr_carea' id='block_1_121' title="bbox 2271 5641 3766 5748">
    <p class='ocr_par' dir='ltr' id='par_1_121' title="bbox 2271 5641 3766 5748">
     <span class='ocr_line' id='line_1_122' title="bbox 2271 5641 3766 5748; baseline 0.015 -21"><span class='ocrx_word' id='word_1_909' title='bbox 2271 5641 2602 5746; x_wconf 79' lang='lat' dir='ltr'><strong>premimur:</strong></span> <span class='ocrx_word' id='word_1_910' title='bbox 2631 5682 2687 5730; x_wconf 90' lang='lat' dir='ltr'><strong>tu</strong></span> <span class='ocrx_word' id='word_1_911' title='bbox 2714 5641 2820 5731; x_wconf 73' lang='lat' dir='ltr'><strong>non</strong></span> <span class='ocrx_word' id='word_1_912' title='bbox 2848 5641 3108 5746; x_wconf 72' lang='lat' dir='ltr'><strong>premeris</strong></span> <span class='ocrx_word' id='word_1_913' title='bbox 3126 5717 3142 5744; x_wconf 89' lang='lat'><strong>,</strong></span> <span class='ocrx_word' id='word_1_914' title='bbox 3173 5679 3442 5748; x_wconf 64' lang='grc' dir='ltr'><strong>ρνονιθτθα</strong></span> <span class='ocrx_word' id='word_1_915' title='bbox 3467 5652 3690 5748; x_wconf 40' lang='lat' dir='ltr'><strong>Mucii”</strong></span> <span class='ocrx_word' id='word_1_916' title='bbox 3711 5641 3766 5698; x_wconf 51' lang='grc' dir='ltr'><strong>β’</strong></span> 
     </span>
    </p>
   </div>
   <div class='ocr_carea' id='block_1_122' title="bbox 2271 5745 3760 5836">
    <p class='ocr_par' dir='ltr' id='par_1_122' title="bbox 2271 5745 3760 5836">
     <span class='ocr_line' id='line_1_123' title="bbox 2271 5745 3760 5836; baseline -0.006 -10"><span class='ocrx_word' id='word_1_917' title='bbox 2271 5745 2375 5826; x_wconf 79' lang='lat' dir='ltr'><strong>cile</strong></span> <span class='ocrx_word' id='word_1_918' title='bbox 2397 5782 2604 5836; x_wconf 89' lang='lat' dir='ltr'><strong>omnes,</strong></span> <span class='ocrx_word' id='word_1_919' title='bbox 2627 5783 2748 5826; x_wconf 91' lang='lat' dir='ltr'><strong>cum</strong></span> <span class='ocrx_word' id='word_1_920' title='bbox 2772 5745 3033 5836; x_wconf 84' lang='lat' dir='ltr'><strong>valemus,</strong></span> <span class='ocrx_word' id='word_1_921' title='bbox 3058 5745 3203 5827; x_wconf 73' lang='lat' dir='ltr'><strong>recta</strong></span> <span class='ocrx_word' id='word_1_922' title='bbox 3227 5745 3436 5828; x_wconf 83' lang='lat' dir='ltr'><strong>consilia</strong></span> <span class='ocrx_word' id='word_1_923' title='bbox 3457 5753 3596 5830; x_wconf 60' lang='lat' dir='ltr'><strong>testis</strong></span> <span class='ocrx_word' id='word_1_924' title='bbox 3608 5745 3760 5806; x_wconf 60' lang='grc'><strong>(1³³³⁸³⁸</strong></span> 
     </span>
    </p>
   </div>
   <div class='ocr_carea' id='block_1_123' title="bbox 2337 5895 3275 5970">
    <p class='ocr_par' dir='ltr' id='par_1_123' title="bbox 2337 5895 3275 5970">
     <span class='ocr_line' id='line_1_124' title="bbox 2337 5895 3275 5970; baseline -0.001 -12"><span class='ocrx_word' id='word_1_925' title='bbox 2337 5909 2356 5941; x_wconf 77' lang='grc' dir='ltr'>ί</span> <span class='ocrx_word' id='word_1_926' title='bbox 2391 5905 2528 5970; x_wconf 70' lang='grc' dir='ltr'><strong>ΕΔΜ,</strong></span> <span class='ocrx_word' id='word_1_927' title='bbox 2550 5909 2596 5958; x_wconf 84' lang='lat' dir='ltr'><strong>et</strong></span> <span class='ocrx_word' id='word_1_928' title='bbox 2617 5905 2706 5960; x_wconf 82' lang='lat' dir='ltr'><strong>sic.</strong></span> <span class='ocrx_word' id='word_1_929' title='bbox 2729 5902 3054 5962; x_wconf 69' lang='grc' dir='ltr'>Εωωᾱωιιιι</span> <span class='ocrx_word' id='word_1_930' title='bbox 3075 5897 3147 5958; x_wconf 70' lang='lat' dir='ltr'><strong>ex</strong></span> <span class='ocrx_word' id='word_1_931' title='bbox 3164 5895 3275 5957; x_wconf 60' lang='grc' dir='ltr'><strong>ΠΒ.</strong></span> 
     </span>
    </p>
   </div>
   <div class='ocr_carea' id='block_1_124' title="bbox 2495 6020 2768 6046">
    <p class='ocr_par' dir='ltr' id='par_1_124' title="bbox 2495 6020 2768 6046">
     <span class='ocr_line' id='line_1_125' title="bbox 2495 6020 2768 6046; baseline -0.007 -15"><span class='ocrx_word' id='word_1_932' title='bbox 2495 6021 2595 6035; x_wconf 61' lang='grc' dir='ltr'><strong>ους-ο,-</strong></span> <span class='ocrx_word' id='word_1_933' title='bbox 2611 6020 2618 6026; x_wconf 75' lang='grc' dir='ltr'><em>ο</em></span> <span class='ocrx_word' id='word_1_934' title='bbox 2634 6020 2768 6046; x_wconf 42' lang='lat'><strong>~.-$</strong></span> 
     </span>
    </p>
   </div>
  </div>
