3980 6480
308 348 448 409 1389

306 462 624 520 Placeretne
661 458 789 523 tibi,
821 466 881 512 ut
911 455 1071 512 etiam
1103 453 1347 511 Christus
1383 454 1473 510 tali
1514 453 1896 511 consuetudine

306 563 666 626 premeretur,
692 564 917 620 eamque
944 556 1249 619 superaret,
1281 556 1340 602 ut
1366 556 1541 612 esset,
1570 557 1776 602 remota
1802 559 1900 601 eo-

306 661 427 701 rum
447 641 812 710 excusatione,
834 640 1027 695 talibus
1047 638 1364 695 imitandus?
1387 641 1465 694 An
1488 648 1575 694 tua
1598 635 1902 709 vaniloquia

304 737 417 809 jam
444 737 663 803 ridebis,
691 745 746 791 et
770 750 803 789 a
828 733 983 790 nobis
1009 732 1247 789 tacebis?
1837 790 1841 793 ,

386 827 720 886 LXXXVIII.
742 827 860 884 Jun.
882 826 1079 883 Verum
1103 827 1188 883 his
1207 834 1266 882 ut
1282 841 1367 881 res
1392 824 1689 895 postulabat
1710 821 1899 893 imple-

310 922 401 989 tis,
424 921 576 993 juvat
604 929 656 977 te
679 920 764 977 vel
787 919 1126 975 mediocriter
1148 918 1451 985 convenire,
1479 932 1579 987 qua
1606 915 1796 972 fiducia
1822 924 1897 984 tu,

310 1013 434 1071 cum
455 1011 764 1084 Hieronymi
789 1011 985 1082 scripta
1008 1010 1297 1077 collaudes,
1319 1009 1465 1063 dicas
1489 1009 1541 1062 in
1562 1007 1775 1063 Christo
1795 1021 1901 1063 non

310 1107 479 1164 fuisse
507 1113 814 1177 peccatum,
847 1120 967 1159 cum
998 1104 1088 1159 ille
1123 1103 1178 1157 in
1218 1101 1436 1172 Dialogo
1463 1101 1582 1167 illo,
1612 1115 1775 1171 quem
1803 1098 1905 1155 sub

314 1200 531 1257 nomine
572 1194 733 1253 Attici
773 1205 829 1251 et
863 1195 1154 1257 Critoboli,
1185 1193 1319 1249 mira
1357 1203 1411 1248 et
1446 1202 1508 1249 ut
1549 1194 1707 1248 talem
1743 1192 1905 1249 ﬁdem

316 1292 553 1350 decebat.
574 1299 856 1346 venustate
889 1287 1215 1357 composuit,
1262 1286 1423 1341 etiam
1461 1285 1627 1355 quinti
1663 1284 1907 1356 Evange-

318 1387 374 1443 lii
406 1384 499 1457 (a),
529 1382 672 1454 quod
699 1397 728 1436 a
754 1396 816 1438 se
844 1379 1155 1435 translatum
1181 1378 1346 1457 dicit,
1377 1378 1683 1434 testimonio
1708 1378 1907 1434 nitatur

318 1476 621 1543 ostendere,
642 1473 916 1532 Christum
935 1487 1046 1528 non
1064 1472 1236 1527 solum
1256 1470 1516 1537 naturale,
1540 1485 1724 1525 verum
1744 1469 1906 1526 etiam

318 1566 673 1647 voluntarium
703 1564 953 1620 habuisse
979 1570 1252 1634 peccatum
1268 1604 1284 1630 ,
1319 1569 1531 1633 propter
1556 1560 1700 1632 quod
1724 1575 1785 1617 se
1809 1574 1905 1618 co-

314 1660 562 1732 gnoverit
584 1658 804 1729 Joannis
825 1658 1141 1726 baptismate
1164 1654 1495 1711 diluendum.
1520 1655 1596 1708 De
1618 1654 1725 1710 alio
1744 1654 1907 1709 etiam

317 1753 625 1815 testimonio
661 1750 883 1807 Joannis
924 1748 1295 1820 evangelista,
1325 1746 1580 1827 ﬂagitium
1616 1746 1665 1802 ei
1702 1745 1868 1802 assuit
1888 1746 1906 1778 ³

317 1845 562 1901 falsitatis
591 1842 689 1916 (b).
733 1842 809 1899 De
840 1856 948 1912 quo
976 1854 1141 1911 opere
1169 1848 1226 1894 tu
1258 1838 1312 1894 in
1342 1838 1428 1895 illa
1461 1838 1681 1908 epistola
1701 1879 1718 1907 ,
1748 1852 1910 1909 quam

317 1920 699 1995 Alexandriam
727 1932 1037 1998 destinasti,
1070 1933 1142 2001 ita
1174 1930 1453 2002 gloriaris,
1485 1938 1544 1985 ut
1569 1928 1716 1986 dicas
1753 1928 1910 2007 Pelaf

318 2030 461 2101 gium
483 2070 499 2095 ,
531 2027 924 2098 Scripturarum
955 2024 1023 2079 ab
1046 2038 1112 2079 eo
1139 2037 1452 2094 oppressum
1479 2021 1739 2088 molibus,
1768 2020 1912 2076 arbi-

320 2125 482 2179 trium
510 2120 735 2177 Iiberum
762 2117 1029 2174 vindicare
1057 2131 1164 2173 non
1193 2129 1372 2186 posse.
1395 2113 1590 2170 Verum
1613 2113 1689 2168 illi
1708 2112 1856 2184 operi
1881 2126 1913 2167 a

318 2215 587 2272 catholico
607 2213 745 2280 viro,
767 2210 856 2281 qui
880 2210 1115 2281 pulsatus
1134 2206 1326 2274 fuerat,
1348 2205 1617 2263 obviatum
1636 2211 1739 2261 est.
1761 2202 1916 2260 Nunc

322 2323 457 2365 vero
474 2306 542 2362 ad
564 2306 668 2361 hoc
685 2301 1249 2361 commemorationem
1265 2299 1382 2370 ejus
1401 2296 1768 2355 tantummodo
1787 2295 1912 2379 feci,

322 2411 383 2460 ut
405 2411 459 2459 te
482 2383 897 2472 recognosceres
925 2412 1033 2454 non
1060 2396 1234 2453 solum
1261 2393 1549 2465 Scripturis
1574 2389 1792 2456 sanctis,
1818 2388 1915 2446 sed

325 2510 427 2551 nec
449 2493 579 2564 ipsis
607 2493 682 2548 tui
710 2490 977 2562 dogmatis
998 2487 1332 2558 adjutoribus
1358 2499 1680 2543 consonare.

400 2586 533 2642 Anc.
557 2584 613 2642 Si
637 2584 909 2655 posuisses
933 2581 1095 2639 verba
1119 2579 1450 2651 Hieronymi,
1474 2575 1716 2634 fortassis
1738 2586 1920 2633 osten-

330 2679 511 2735 derem
539 2676 805 2749 quomodo
830 2673 1138 2746 accipienda
1176 2681 1360 2729 essent
1394 2671 1513 2727 sine
1550 2669 1913 2741 blasphemia,

330 2786 486 2841 quam
518 2777 574 2826 tu
600 2768 672 2824 illi
704 2768 993 2839 importare
1015 2752 1228 2823 conaris
1256 2781 1271 2818 :
1298 2762 1439 2835 quod
1465 2762 1511 2818 si
1537 2777 1642 2819 non
1672 2775 1916 2832 possem,

330 2877 438 2929 non
466 2870 644 2917 tamen
666 2860 784 2931 ejus
808 2858 991 2927 Iidem,
1018 2872 1177 2928 quam
1207 2871 1327 2912 cum
1352 2855 1473 2911 aliis
1498 2853 1921 2926 praeclarissimis

328 2954 586 3013 Ecclesia:
612 2952 888 3009 catholica;
917 2949 1227 3013 doctoribus
1260 2948 1455 3015 tenuit,
1488 2946 1611 3004 ideo
1636 2944 1925 3017 repudian-

329 3046 451 3103 dam
482 3053 755 3116 putarem,
787 3043 910 3115 quia
937 3042 1136 3098 dixisse
1165 3040 1362 3111 aliquid
1389 3038 1739 3106 inveniretur,
1771 3038 1817 3092 si
1844 3045 1923 3093 ta-

327 3154 451 3198 men
497 3137 858 3204 inveniretur,
896 3136 949 3191 in
984 3149 1091 3206 quo
1127 3133 1234 3190 illis
1268 3148 1375 3188 non
1411 3139 1750 3188 consonaret.
1789 3128 1923 3187 Illud

329 3241 509 3287 autem
524 3229 669 3285 'mihi
698 3244 766 3285 ex
795 3227 954 3298 hujus
987 3225 1218 3281 hominis
1246 3238 1472 3297 persona
1499 3232 1688 3279 contra
1717 3230 1769 3279 te
1794 3220 1924 3277 satis

331 3334 435 3392 est,
457 3322 601 3395 quod
622 3337 744 3385 cum
766 3320 819 3377 id
844 3320 1040 3376 sentiat
1059 3317 1126 3374 de
1147 3325 1366 3390 peccato
1389 3314 1656 3388 originali,
1678 3311 1823 3386 quod
1846 3313 1926 3370 sic

334 3419 599 3477 aversaris
616 3458 634 3486 ,
664 3426 722 3474 ut
748 3416 892 3473 idem
912 3417 933 3447 ⁸
961 3412 1202 3486 appelles
1226 3410 1577 3467 Manichaeum
1596 3449 1613 3477 ,
1644 3408 1815 3479 ipsum
1842 3414 1925 3462 ta-

335 3526 464 3571 men
489 3512 592 3567 hoc
618 3508 889 3582 appellare
916 3520 1024 3562 non
1051 3503 1238 3560 audes.
1269 3501 1371 3558 Ubi
1403 3509 1455 3557 te
1481 3509 1699 3572 apparet
1726 3499 1926 3569 impru-

340 3604 521 3662 dentia
561 3603 703 3671 falli,
734 3601 829 3657 sed
854 3607 1040 3658 contra
1067 3596 1402 3669 prudentiam
1443 3604 1586 3650 tuam
1616 3591 1747 3650 mihi
1780 3589 1929 3649 calu-

340 3697 554 3758 mniari.
589 3682 699 3767 Ego
730 3708 861 3750 sane
890 3706 996 3748 non
1020 3689 1351 3762 Hieronymi,
1378 3686 1475 3744 sed
1500 3684 1796 3754 Ambrosii;
1826 3698 1929 3743 nec

341 3789 480 3849 meis
503 3794 998 3853 commemoratam,
1019 3782 1115 3839 sed
1139 3780 1317 3837 verbis
1338 3780 1456 3850 ejus
1478 3792 1788 3848 expressam
1807 3791 1929 3832 sen-

342 3882 561 3939 tentiam
586 3880 676 3937 tibi
701 3878 927 3950 opposui
947 3875 1052 3949 (De
1077 3872 1288 3946 Nuptiis
1310 3880 1357 3927 et
1379 3869 1814 3941 Concupiscentt'a,
1838 3866 1927 3924 lio.

340 3974 394 4039 1,
425 3990 477 4028 n.
505 3970 594 4037 40,
624 3978 674 4025 et
698 3969 788 4026 lib.
815 3967 872 4033 2,
900 3985 989 4022 nn.
1015 3967 1105 4034 M,
1131 3963 1242 4037 l5),
1264 3978 1366 4035 qua
1385 3961 1655 4018 Christum
1675 3958 1811 4016 dicit
1824 3973 1931 4016 non

338 4065 496 4121 aliter
521 4069 797 4133 expertem
820 4057 1002 4115 delicti
1026 4070 1146 4114 esse
1170 4054 1431 4126 potuisse,
1459 4051 1561 4108 nisi
1584 4064 1776 4122 expers
1799 4048 1933 4106 fuis-

339 4166 426 4216 set
460 4158 602 4214 illius
638 4152 1035 4225 conceptionis,
1066 4165 1227 4221 quam
1261 4147 1568 4204 commixtio
1596 4145 1695 4201 viri
1726 4153 1782 4202 et
1811 4160 1933 4200 mu-

346 4249 490 4305 lieris
514 4256 784 4320 operatur.
817 4244 915 4302 Ubi
939 4244 1118 4299 cernis
1141 4254 1263 4297 esse
1291 4252 1653 4310 consequens,
1681 4245 1738 4293 ut
1765 4236 1810 4293 si
1834 4250 1935 4308 ego

416 4382 434 4453 ξ
463 4381 600 4453 gditt,
622 4376 757 4453 affuit
769 4392 788 4443 ;
812 4382 1040 4441 compte
1056 4367 1161 4440 pro,
1183 4370 1347 4426 assint.

413 4443 756 4516 fl’oftsiwe
1214 4484 1375 4516 -__-__,‘.
1427 4509 1486 4516 -..
1525 4494 1618 4516 un-
1662 4480 1845 4516 ..=;_-..:

415 4506 487 4568 (α)
518 4494 838 4556 calumniandi
873 4500 1179 4563 occasionem
1212 4497 1380 4560 arripit
1424 4509 1489 4545 ex
1525 4494 1621 4545 illis
1662 4494 1939 4557 Hieronymi

349 4568 516 4617 verbis
554 4568 623 4631 in,
646 4564 840 4631 Dialogo
884 4564 1052 4631 contra
1094 4558 1382 4631 Pelagianos
1400 4548 1696 4631 teﬁioncap.
1725 4557 1747 4631 ι
1777 4568 1790 4604 :
1816 4560 1939 4631 quin

356 4646 384 4677 ι
406 4628 660 4691 Evangelia
676 4618 811 4691 juxta
828 4627 1075 4691 Hebraeos,
1098 4618 1236 4691 quod
1246 4619 1489 4691 Chaldaico
1502 4618 1701 4691 quidem
1727 4629 1939 4691 evroque

358 4709 382 4747 ᾳ
404 4683 649 4752 sermone,
672 4683 761 4752 sed
781 4683 1222 4752 hebraictslitteris
1241 4683 1606 4752 scriptumlest.
1616 4692 1718 4752 gito
1737 4685 1940 4752 utuptur

356 4737 380 4801 ι
402 4737 1285 4824 ῖιέξιῖεξιδσῑειςξξπςιῖίν,εεέρειεςοέη
1300 4737 1939 4824 Αὲἐδὲξο¹9ἣέίῗηίξ¹ἑ.ιὲῗῖἱῑ

355 4832 380 4864 ι
403 4812 503 4877 que
524 4816 793 4886 autumant,
821 4812 965 4874 juxta
993 4812 1283 4881 uatthsepm,
1305 4812 1451 4880 .quod
1484 4812 1539 4855 et
1558 4812 1610 4855 in
1646 4812 1943 4875 caesareensi

353 4895 377 4925 ι
401 4877 608 4945 basem
628 4874 944 4945 δὼμοιιιβαιι
966 4876 1139 4945 natet
1152 4869 1386 4945 δέξὲίὶνέίέἑ
1412 4869 1941 4945 Ξίὲίὶεὲ-,.¹Ε³ίξῖἷ,99.¹¹ἒ¹ἓ¹

354 4958 376 4986 ιι
404 4945 456 4989 et
475 4926 652 4988 fratres
675 4932 785 4999 ejus
807 4926 1035 4985 dicebant
1057 4931 1105 4981 ei
1130 4944 1143 4980 :
1178 4926 1392 4999 Joannes
1422 4929 1629 4999 saptista
1666 4926 1870 4999 liaptizat
1890 4926 1943 4975 in

355 5019 375 5048 ι
402 4987 741 5071 amissam
760 5002 1114 5071 Ρθαὲιφιῖυωὲ,
1347 4987 1938 5071 Efl’ipuff’i‘ﬂffﬁfﬂz

353 5082 375 5111 α
401 5062 526 5125 Dixit
546 5069 714 5125 autem
736 5050 812 5125 eis
832 5073 845 5108 :
864 5057 984 5125 Quid
1027 5050 1331 5125 peccavitut.
1349 5050 1536 5125 vadani,
1560 5057 1615 5125 et
1645 5050 1944 5125 baptize‘r‘alj)

354 5109 377 5172 ὲ
403 5109 778 5173 asinariam
798 5109 898 5170 hoc
910 5109 1069 5183 Ipsum
1083 5115 1213 5183 quod
1226 5109 1335 5166 dixi
1354 5112 1624 5177 ignorantia

351 5170 665 5248 mucius
678 5170 713 5248 ii
728 5195 788 5248 se:
809 5183 861 5248 is
880 5170 1718 5248 είωρυωήιίιιιιωίιιιξδβθῖφφθφ

354 5234 592 5306 tum,"n0n
613 5260 674 5297 eo
697 5243 791 5297 loci
812 5234 928 5295 dicit
948 5244 1282 5305 Hieronymus,
1303 5234 1393 5289 sed
1415 5238 1467 5287 in
1482 5234 1709 5299 catalogo
1741 5234 1946 5297 scripto-

345 5322 458 5359 rum
483 5307 940 5359 ecclesiasticorum.
963 5304 1122 5359 capite
1141 5301 1207 5353 de
1224 5301 1400 5351 Jacobo
1419 5296 1574 5349 fratre
1594 5293 1797 5348 Domini.

414 5323 458 5358 ιιι
483 5318 940 5365 ecclesiasucorum,
963 5318 1122 5366 capite
1141 5318 1207 5353 ae
1224 5318 1400 5351 Jaoono
1419 5318 1574 5349 Intro
1596 5318 1797 5348 υυιωω.

414 5370 485 5433 (ο)
516 5376 667 5433 locus
687 5366 989 5433 mercamur
1002 5372 1154 5431 quem
1172 5360 1624 5433 {ulmeam-iisne.
1652 5360 1947 5433 interpreti-

346 5418 453 5503 μιὲἱ
694 5418 1249 5503 Ξειβθίξιιηάίοῖοθριέίι,
1265 5425 1360 5503 Pili.
1384 5424 1454 5503 (ἓὲ
1479 5418 1941 5503 Βῖέἓλὲἓίὶὲῗηξὶιξιὶξ

359 5442 1369 5557 ιμξυῷεξιξηξξισξθξειξξδιίῖςιίξιξυεὶ
1384 5442 1456 5557 :3

358 5570 386 5601 ι
978 5541 1037 5623 ιτς
1057 5541 1220 5623 «item
1249 5545 1570 5623 Μαικία

358 5579 386 5601 ι
406 5579 575 5619 mea
595 5579 831 5618 ωημιωιι
852 5579 947 5611 συ.)
978 5579 1037 5603 us
1057 5579 1220 5603 uacua
1249 5579 1471 5603 mcum
1485 5579 1570 5599 Iun
1590 5594 1591 5597 η
1611 5579 1646 5612 ν
1660 5579 1725 5597 un
1738 5579 1789 5596 νυ
1823 5579 1928 5606 νιν-ν

355 5634 382 5667 ι
405 5624 516 5669 tunc
533 5624 584 5688 .et
604 5616 708 5688 ίρξε
730 5611 1032 5688 “castitati
1061 5611 1429 5688 amittere,

357 5695 385 5730 ι
941 5681 1129 5744 ttur_um_
1143 5687 1200 5723 se
1218 5667 1431 5744 negavit,
1453 5680 1518 5744 et.
1526 5671 1642 5721 fecit
1808 5668 1950 5744 prius

358 5761 386 5794 ι
407 5731 695 5808 negaverat.
730 5744 890 5810 Latrat
908 5737 1207 5810 Porphyrius,
1210 5731 1567 5810 {inconstantia}
1576 5745 1655 5810 ‘ac
1663 5731 1950 5810 Ain‘utatignis

359 5788 867 5865 sagit—sat,an
887 5788 1043 5851 omnia
1064 5788 1300 5848 "scandala
1331 5788 1391 5846 ad
1425 5802 1621 5846 carnem
1656 5806 1768 5844 esse
1800 5791 1935 5843 refe-

361 5869 630 5927 urenda.»

1651 334 1856 396 LIBER
1891 335 2236 409 QUARTUS.

3444 349 3585 414 1390

2010 464 2229 526 propter
2251 454 2389 513 hanc
2409 458 2728 516 sententiam
2756 473 2875 517 sum
2901 458 3250 529 Manichmus,
3279 472 3351 520 sit
3371 473 3430 522 et
3454 467 3588 529 Ama

2007 546 2218 613 brosius
2248 566 2263 603 :
2293 549 2415 621 quia
2445 565 2571 608 vero
2599 551 2689 607 ille
2722 566 2837 609 non
2870 561 2990 621 est,
3017 526 3285 611 neminem
3322 554 3482 611 faciat
3507 526 3594 614 vel

2007 639 2255 696 ostendat
2281 642 2383 699 ista
2398 644 2672 707 sententia
2703 644 3073 702 Manichteum.
3112 646 3226 702 Hoc
3258 663 3378 703 cum
3406 647 3594 704 videas

2008 733 2140 803 (non
2166 734 2306 788 enim
2333 734 2440 791 tale
2462 744 2547 789 est
2573 743 2629 789 ut
2654 750 2761 790 non
2785 736 2959 808 possis
2984 735 3088 792 hoc
3115 737 3326 805 videre,
3350 737 3436 793 vel
3465 753 3591 810 pos-

2008 826 2083 881 sis
2108 826 2212 882 hoc
2237 841 2343 882 non
2368 824 2592 901 videre),
2619 837 2821 886 tantum
2849 816 3226 897 tamencausae
3248 832 3483 888 bonitate
3501 830 3568 887 de

2008 919 2237 985 sereris,
2266 927 2325 974 ut
2351 918 2693 976 ealumnieris
2731 920 2860 976 mihi
2892 921 3109 989 nomine
3144 921 3449 989 Manichaii,
3486 936 3594 977 nou

2007 1011 2343 1083 imprudente
2370 1012 2686 1084 ignorantia,
2717 1013 2812 1069 sed
2839 1013 3073 1084 pudente
3099 1012 3308 1070 fallacia
3330 1015 3373 1068 ⁸.

2080 1100 2364 1158 LXXXIX.
2398 1102 2518 1160 Jun.
2548 1103 2680 1160 Nam
2711 1102 3032 1160 Manichaios
3056 1103 3260 1173 deseris
3294 1105 3346 1160 in
3383 1104 3596 1176 vitupe-

2008 1195 2216 1250 ratione
2244 1209 2400 1250 suum
2433 1203 2490 1252 et
2517 1211 2830 1265 caprarum,
2861 1212 2995 1269 quos
3022 1195 3077 1252 in
3111 1196 3359 1255 humanae
3394 1208 3597 1264 naturae

2009 1285 2381 1342 criminatione
2406 1287 2715 1353 comitaris;
2742 1303 2865 1344 cum
2893 1289 3086 1361 quibus
3112 1290 3272 1345 etiam
3302 1291 3357 1346 in
3381 1289 3600 1361 Christo

2010 1390 2117 1433 non
2155 1376 2389 1447 speciem
2426 1378 2633 1447 carnis,
2676 1378 2770 1435 sed
2814 1379 3073 1435 rationem
3115 1379 3309 1437 evertis
3346 1354 3598 1451 exempli.

2010 1467 2305 1526 Submoves
2325 1468 2487 1525 etiam
2506 1483 2536 1524 a
2556 1468 2772 1525 Christo
2790 1470 2967 1526 verbis
2989 1469 3201 1538 interim
3222 1470 3464 1526 naturale
3485 1486 3602 1541 pec-

2010 1568 2206 1627 catum,
2236 1576 2305 1616 ne
2329 1569 2384 1617 et
2406 1561 2580 1632 ipsum
2605 1561 2705 1617 sub
2729 1569 2994 1632 potestate
3018 1560 3217 1617 diaboli
3239 1561 3505 1618 collocare
3524 1561 3604 1617 vi-

2010 1654 2206 1720 dearis,
2229 1654 2371 1725 quod
2397 1668 2503 1710 non
2530 1653 2654 1710 fecit
2678 1654 2762 1710 vel
2783 1652 2899 1724 ipse
2917 1652 3255 1709 Manichacus.
3284 1652 3391 1710 Sed
3418 1652 3606 1709 laudas

2012 1745 2414 1818 Hieronymum,
2442 1746 2532 1818 qui
2552 1747 2573 1778 ⁸
2604 1745 2674 1800 ita
2703 1760 2828 1802 eum
2858 1760 2965 1800 non
2992 1746 3179 1802 metuit
3208 1743 3602 1817 blasphemare,

2012 1844 2071 1891 ut
2096 1834 2239 1892 dicat
2271 1836 2419 1892 illum
2455 1835 2875 1892 familiaritatem
2899 1851 3021 1892 cum
3053 1836 3369 1893 voluntariis
3394 1850 3605 1907 quoque

2013 1927 2197 1984 iniisse
2218 1927 2549 1984 criminibus.
2575 1926 2649 1982 Ita
2675 1927 2814 1983 inter
2837 1927 3077 1984 diversas
3101 1928 3394 1984 amicorum
3418 1926 3607 1982 sordes

2014 2028 2070 2075 et
2096 2029 2396 2076 commenta
2424 2019 2693 2075 volutatus
2718 2019 2836 2076 sine
2863 2018 3096 2087 deﬂexu,
3126 2019 3179 2085 in
3208 2018 3606 2074 Catholicorum

2013 2113 2188 2173 solum
2223 2112 2462 2170 ell'eraris
2494 2111 2745 2184 injurias,
2777 2113 2899 2185 quia
2936 2112 3122 2168 dicunt
3141 2112 3324 2185 ,Deutn
3355 2109 3480 2166 mali
3508 2124 3607 2164 au-

2016 2216 2220 2263 ctorem
2245 2221 2352 2262 non
2381 2219 2525 2273 esse,
2550 2203 2796 2261 homines
2822 2204 2914 2276 qui
2940 2202 3007 2259 ab
3034 2218 3101 2260 eo
3130 2200 3282 2269 ﬁunt,
3306 2200 3475 2257 malos
3500 2215 3610 2256 non

2017 2313 2139 2356 esse
2165 2298 2495 2364 naturaliter,
2524 2299 2670 2369 leges
2697 2297 2790 2353 Dei
2812 2296 2984 2368 justas
3012 2311 3153 2363 esse,
3183 2295 3472 2368 imaginem
3495 2293 3611 2366 ejus

2019 2406 2177 2464 posse
2196 2392 2465 2450 declinare
2483 2407 2514 2446 a
2534 2391 2675 2449 malo
2694 2401 2748 2446 et
2768 2389 2945 2447 facere
2970 2390 3197 2457 bonum;
3219 2389 3499 2459 Christum.
3513 2404 3613 2465 nec

2019 2483 2075 2539 in
2102 2484 2392 2551 membris,
2421 2497 2525 2541 nec
2550 2482 2604 2537 in
2635 2478 2918 2553 praeceptis
2936 2523 2953 2550 ,
2985 2496 3084 2537 nec
3112 2481 3166 2536 in
3197 2480 3416 2551 judiciis
3443 2479 3613 2535 ullum

2020 2584 2356 2648 perpetrasse
2381 2582 2678 2646 peccatum.
2706 2574 2882 2644 Atque
2904 2572 3027 2630 ideo
3051 2573 3103 2629 si
3124 2583 3179 2629 tu
3204 2573 3502 2636 assertione
3522 2587 3615 2633 ve-

2020 2665 2195 2722 ritatis
2219 2679 2485 2739 aagrescas
2501 2705 2519 2734 ,
2546 2664 2818 2741 credimus
2848 2654 3047 2719 tamen'
3063 2662 3353 2734 prudentes
3386 2663 3575 2720 instrui
3593 2699 3612 2731 ,

2023 2756 2414 2827 nonnullosque
2440 2755 2602 2813 etiam
2627 2754 2697 2812 de
2722 2754 2806 2812 his
2832 2769 2968 2826 quos
2993 2754 3270 2813 mendacia
3292 2763 3383 2811 tua
3407 2755 3615 2813 sauciae

2022 2858 2170 2916 runt,
2198 2863 2357 2919 posse
2374 2848 2581 2907 sanari.

2093 2941 2231 3000 Anc.
2275 2942 2351 2995 De
2388 2938 2588 2995 Christi
2626 2928 2874 3009 exemplo
2910 2937 3158 3009 superius
3195 2936 3290 2994 tibi
3331 2922 3616 3009 respondi,

2024 3031 2169 3104 quod
2210 3045 2385 3103 neque
2427 3043 2625 3101 negare
2647 3028 2908 3087 debemus
2934 3028 3054 3099 ejus
3087 3029 3483 3095 excellentiam,
3511 3044 3618 3101 qua

2024 3123 2152 3181 licet
2166 3120 2331 3180 homo
2352 3120 2751 3193 integerrimus,
2779 3110 2959 3175 tamen
2983 3118 3052 3175 de
3081 3118 3282 3190 Spiritu
3306 3129 3485 3188 natus,
3516 3134 3619 3177 nec

2024 3230 2189 3275 carne
2205 3213 2620 3285 concupiscente
2639 3212 2661 3246 ⁸
2686 3222 2999 3283 conceptus,
3035 3202 3197 3283 super
3230 3228 3419 3270 omnes
3446 3214 3619 3270 homi-

2026 3324 2126 3367 nes
2162 3308 2251 3365 hic
2282 3308 2444 3365 vitam
2479 3307 2831 3379 justissimam
2871 3306 3057 3373 duxit;
3087 3322 3187 3363 nec
3220 3314 3441 3379 propter
3468 3309 3619 3366 hanc

2026 3401 2397 3460 excellentiam
2422 3413 2524 3457 nos
2548 3414 2825 3465 excusare,
2851 3408 2910 3455 ut
2933 3413 3041 3455 non
3060 3413 3183 3456 eum
3207 3415 3309 3472 pro
3334 3399 3496 3456 modo
3518 3412 3621 3461 no-

2026 3501 2142 3549 stro
2169 3490 2478 3550 studeamus
2522 3490 2738 3546 imitari.
2790 3489 2911 3545 Non
2946 3490 3091 3547 enim
3131 3476 3387 3562 coniuges
3435 3491 3620 3551 ﬁdeles

2029 3584 2336 3642 cmlibatum
2362 3581 2480 3653 ejus
2503 3581 2807 3648 imitantur;
2829 3590 2889 3640 ot
2914 3589 3112 3649 tamen,
3142 3588 3201 3635 ut
3223 3562 3485 3638 adulteria
3501 3596 3618 3645 om-

2030 3693 2195 3737 nesve
2254 3675 2566 3733 concubitus
2632 3674 2845 3731 illicitos
2911 3689 3017 3747 non
3074 3681 3384 3745 perpetrent
3407 3714 3426 3742 ,
3492 3674 3606 3732 imi.

2033 3780 2214 3828 tantur
2263 3768 2415 3826 illum
2454 3784 2470 3823 :
2505 3766 2606 3823 nec
2650 3765 2698 3823 si
2740 3780 2864 3822 eum
2921 3763 3155 3836 amplius
3201 3764 3477 3823 imitantur
3527 3766 3623 3839 qui

2033 3872 2221 3923 sancte
2273 3861 2476 3920 ducunt
2519 3859 2769 3916 caelibem
2815 3857 2978 3914 vitam
3004 3897 3020 3925 .
3076 3856 3196 3923 ideo
3252 3857 3306 3913 in
3342 3857 3448 3914 hoc
3486 3873 3624 3930 quo-

2033 3969 2140 4027 que
2180 3951 2374 4009 imitari
2411 3964 2534 4007 eum
2570 3956 2816 4022 possunt,
2858 3946 3002 4019 quod
3046 3946 3140 4002 ille
3173 3962 3280 4002 non
3306 3946 3480 4003 solum
3514 3961 3623 4004 non

2035 4026 2179 4114 fecit,
2207 4058 2390 4100 verum
2417 4055 2520 4099 nec
2536 4037 2842 4110 concupivit
2855 4038 3056 4094 illicita.
3083 4036 3275 4093 C(elibi
3297 4046 3475 4094 autem
3498 4026 3626 4094 san-

2035 4145 2136 4195 cite
2160 4135 2284 4191 vitae
2318 4131 2634 4190 concubitus
2661 4139 2745 4187 est
2771 4130 2944 4185 omnis
2975 4129 3211 4196 illicitus,
3238 4129 3327 4186 cui
3352 4145 3452 4186 nec
3494 4146 3628 4189 con-

2032 4229 2228 4302 iugalis
2249 4236 2331 4283 est
2354 4226 2549 4282 licitus.
2577 4222 2716 4293 Quid
2744 4237 2875 4296 ergo
2895 4223 3112 4289 mirum,
3136 4221 3185 4278 si
3209 4232 3366 4278 natus
3388 4223 3460 4279 de
3496 4222 3620 4295 Spi-

2037 4326 2144 4383 ritu
2167 4322 2190 4356 δ
2209 4322 2483 4394 etvirgine
2508 4334 2619 4375 non
2644 4319 2698 4374 in
2724 4331 2785 4374 se
2808 4316 2997 4373 habuit
3020 4316 3186 4373 ullum
3222 4315 3462 4372 malum?
3489 4316 3621 4385 Quis

2040 4433 2189 4485 vero,
2220 4416 2321 4472 nisi
2350 4413 2690 4487 gravioribus
2716 4410 3004 4483 depressus
3026 4408 3205 4478 malis,
3233 4417 3393 4482 neget
3418 4410 3621 4475 malum
3676 4422 3681 4426 ·

2038 4526 2182 4579 esse,
2202 4519 2387 4567 contra
2409 4506 2551 4579 quod
2577 4506 2735 4563 etiam
2762 4502 3186 4585 sanctilquotidie
3200 4511 3390 4575 rogant
3411 4503 3623 4583 Pan-ein

2041 4622 2107 4663 ex
2134 4604 2301 4676 ipsius
2326 4601 2534 4659 Domini
2559 4596 2904 4671 magisterio?
2927 4595 3058 4653 Cum
3086 4598 3231 4661 enim
3260 4596 3510 4666 dicimus,
3541 4597 3627 4653 Ne

2043 4712 2134 4752 nos
2162 4696 2354 4767 inferas
2374 4695 2427 4750 in
2442 4693 2765 4750 tcutatioucm
2791 4687 3006 4761 (Matth.
3033 4689 3263 4761 v1.15);
3295 4698 3482 4747 contra
3496 4705 3622 4747 con-

2042 4787 2422 4860 cupiscentiam
2472 4793 2708 4841 nostram
2761 4796 3007 4854 rogamus
3049 4780 3242 4837 Deum.
3282 4779 3631 4854 Πηιιιᾳιιὸεφιο

2046 4882 2177 4936 enim
2221 4886 2458 4941 tentatur,
2500 4884 2561 4931 ut
2600 4875 2856 4945 scriptum
2885 4884 2988 4941 est,
3022 4889 3056 4927 a
3090 4872 3496 4944 concupiscentia
3536 4890 3629 4930 sua

2046 4973 2327 5027 abstractus
2351 4978 2399 5025 et
2421 4966 2617 5023 illectus
2645 4964 2908 5038 (lucebit,
2935 4963 3046 5036 l5).
3076 4965 3298 5045 Avertat
3317 4980 3448 5037 ergo
3474 4981 3507 5023 a
3535 4983 3630 5022 no-

2046 5064 2132 5121 bis
2169 5064 2293 5130 iste,
2322 5076 2481 5133 quem
2511 5072 2780 5131 rogamus,
2818 5057 2996 5122 Pater,
3026 5065 3082 5111 ut
3117 5055 3300 5115 dicere
3341 5057 3632 5115 audeamus

2049 5154 2192 5229 quod
2230 5169 2263 5210 a
2294 5153 2453 5211 Patre
2478 5150 2696 5223 quidem
2727 5163 2835 5208 non
2872 5149 2960 5216 sit,
2987 5148 3056 5205 ad
3082 5148 3226 5220 quod
3254 5163 3353 5207 nos
3379 5152 3634 5221 concupi-

2048 5248 2256 5306 scentia
2278 5246 2459 5303 carnis
2484 5243 2667 5311 trahit,
2693 5241 2795 5305 sed,
2816 5256 2849 5298 ι
2885 5241 3045 5300 Patre
3064 5239 3135 5297 sit
3156 5240 3271 5311 ipsa
3295 5255 3416 5312 qua:
3436 5240 3634 5308 trahit;

2050 5341 2136 5397 vel
2183 5339 2378 5396 malum
2421 5336 2492 5392 sit
2539 5334 2608 5391 ad
2649 5331 2793 5405 quod
2843 5331 3026 5399 trahit,
3070 5340 3126 5388 et
3165 5330 3363 5388 malum
3411 5343 3519 5386 non
3567 5331 3638 5386 sit

2118 5540 2134 5573 ι
2167 5532 2705 5588 steomesmwtt
2742 5532 2880 5594 vero,
2913 5540 3010 5581 nat
3042 5526 3319 5593 mm
3349 5521 3629 5590 Mdu,

2051 5600 2138 5656 sed
2159 5594 2655 5664 intpudentefallacia.
2750 5654 2764 5664 _
2857 5659 2885 5664 _
2945 5658 2956 5664 Δ
3095 5649 3109 5662 .

2120 5666 2143 5759 ς
2356 5654 2487 5723 quin.
2516 5666 2662 5726 Vetus
2678 5654 2833 5741 codex
2857 5654 3137 5723 Port.,‘qui'.,
3438 5702 3443 5709 _
3478 5704 3489 5711 ς

2257 5724 2321 5781 ti,
2373 5718 2786 5783 concupiscentiae.
2844 5714 3023 5783 (mines
3074 5714 3223 5783 Mss,
3250 5702 3626 5783 concupiscenti:

2120 5728 2143 5759 ³
2174 5728 2321 5781 Editi,
2373 5728 2786 5783 concupiscentiae.
2844 5728 3023 5763 annos
3075 5728 3223 5777 ωδε,
3266 5728 3642 5776 concupiscatis.

2119 5788 2148 5857 ﬁ
2174 5785 2472 5857 i'ignierius,
2514 5779 2692 5846 Spiritu
2738 5782 2918 5831 sancto.
2957 5774 3140 5839 AheSt,
3188 5776 3370 5840 saliua,
3403 5784 3437 5827 ι
3477 5763 3647 5833 σύμ·

1960 5916 1963 5919 η
2059 5851 2265 5914 scriptis.
