3980 6504
493 371 625 428 1391

488 489 603 559 Ipsa
646 497 764 555 quae
817 477 994 534 trahit.
1035 476 1218 538 Porro,
1265 473 1311 527 si
1353 485 1473 524 eam
1502 467 1696 522 malum
1727 477 1846 519 esse
1873 461 2066 516 veritas

489 558 717 639 clamat;
749 572 986 644 profecto
1014 581 1130 622 eam
1156 565 1245 634 qui
1275 563 1390 616 sine
1427 561 1537 614 ullo
1580 558 1720 611 male
1757 563 1939 644 natus,
1963 559 2063 644 est,

487 685 608 726 non
647 643 892 726 habebat,
923 673 986 714 ac
1009 671 1105 727 per
1133 655 1254 719 hoc,
1282 659 1558 723 peccatum
1599 649 1736 703 sicut
1772 661 1879 700 non
1921 643 2060 706 fecit,

491 762 567 816 ita
611 772 709 812 nec
746 751 1066 822 concupivit.
1107 747 1215 803 Nos
1259 745 1437 816 itaque
1477 743 1746 798 imitamur
1773 753 1916 804 eum,
1945 751 2064 792 cum

492 857 771 922 peccatum
800 860 904 899 non
935 841 1178 907 facimus,
1209 852 1316 892 non
1353 833 1555 906 peccati
1583 828 2067 901 concupiscentiam

491 920 602 1000 non
647 936 908 1000 habendo,
938 933 1030 989 sed
1063 947 1170 987 non
1197 930 1248 986 ei
1276 923 1657 984 consentiendo
1690 920 1968 994 :quamvis
1997 920 2070 974 ita

489 1031 764 1088 imitemur
797 1027 942 1080 illum
969 1024 1222 1079 Sanctum
1249 1027 1586 1085 sanctorum,
1625 1031 1744 1071 cum
1781 1015 1916 1069 bene
1943 1011 2073 1065 vivi-

493 1138 636 1187 mus,
661 1130 718 1175 ut
757 1127 932 1174 tamen
973 1131 1083 1170 non
1128 1113 1270 1168 desit
1295 1111 1436 1166 unde
1459 1109 1696 1164 dicamus
1737 1107 1788 1160 in
1833 1103 2074 1158 oratione

491 1220 696 1275 nostra,
727 1208 938 1263 Dimitte
979 1205 1119 1259 nobis
1154 1204 1318 1257 debita
1345 1211 1517 1257 nostra
1575 1197 1804 1271 (Matth.
1836 1212 1913 1262 vt,
1938 1195 2005 1250 12
2029 1191 2070 1266 ).

493 1305 608 1376 Ego
634 1310 809 1358 autem
841 1313 950 1354 non
989 1298 1066 1353 sic
1109 1295 1317 1350 laudavi
1360 1294 1740 1363 Hieronymum
1761 1332 1775 1356 ,
1809 1285 2075 1358 quomodo

493 1395 740 1466 Pelagius
790 1389 1023 1446 laudavit
1075 1386 1438 1449 Ambrosium,
1470 1381 1612 1453 quod
1660 1381 1777 1450 ejus
1826 1378 1982 1432 fidem
2021 1385 2076 1432 et

493 1487 832 1559 purissimum
856 1484 910 1538 in
935 1479 1222 1550 Scripturis
1253 1492 1472 1533 sensum
1497 1491 1565 1530 ne
1585 1474 1829 1528 inimicus
1857 1471 2070 1542 quidem

493 1594 656 1635 ausus
681 1587 763 1634 est
782 1573 1176 1646 reprehendere
1197 1571 1298 1642 (De
1323 1570 1485 1643 gratia
1505 1567 1712 1632 Christi,
1736 1583 1823 1621 nn.
1849 1565 1938 1631 46,
1961 1563 2072 1635 47).

494 1671 575 1728 Ac
595 1687 690 1741 per
714 1671 815 1724 hoc
841 1668 883 1723 si
901 1666 1029 1736 quid
1053 1661 1186 1720 mihi
1206 1662 1470 1732 displicet,
1490 1658 1823 1730 reprehendo
1844 1658 1895 1712 in
1921 1655 2076 1710 amici

494 1761 708 1832 scriptis
735 1761 775 1826 ¹,
810 1760 946 1814 sicut
965 1758 1022 1812 in
1049 1757 1203 1812 meis.
1232 1753 1340 1810 Sed
1359 1751 1504 1808 aliud
1527 1760 1612 1808 est
1634 1751 1826 1830 alicubi
1859 1749 2080 1804 catholi-

499 1869 622 1908 cum
647 1867 849 1916 errare,
883 1849 1027 1904 aliud
1052 1847 1230 1918 magni
1252 1845 1451 1903 erroris
1471 1845 1631 1901 etiam
1675 1843 1922 1898 haaresim
1952 1856 2083 1896 con-

494 1944 621 2001 dere
645 1945 729 2000 vel
756 1951 956 1999 tenere.

569 2035 681 2092 XC.
713 2035 828 2090 Jun.
862 2031 966 2089 Sed
998 2032 1121 2088 hinc
1161 2032 1258 2087 ista
1295 2028 1564 2086 sufficiant
1595 2045 1608 2081 :
1634 2027 1912 2084 veniamus
1941 2037 2084 2080 nunc

499 2128 566 2184 ad
597 2127 750 2194 illud,
780 2127 830 2181 in
872 2142 977 2197 quo
1003 2140 1129 2196 pars
1157 2125 1356 2196 negotii
1397 2138 1586 2194 magna
1627 2129 1904 2186 versatur;
1929 2119 2082 2190 cujus

498 2220 733 2291 potentia
763 2219 1094 2274 examinatus
1121 2225 1176 2272 et
1208 2216 1545 2272 exanimatus
1573 2213 1980 2268 Manichzeorum
2009 2211 2087 2265 le-

499 2321 676 2385 gatus,
709 2321 814 2366 tam
867 2309 1039 2366 ﬁdelis
1085 2307 1453 2380 responsionis
1504 2306 1822 2361 documenta
1866 2302 2086 2373 protulit

501 2419 664 2476 quam
700 2403 960 2474 elegantis
1003 2400 1221 2472 ingenii.
1255 2399 1387 2455 Nam
1433 2407 1712 2470 postquam
1754 2397 1897 2452 dicta
1941 2411 2082 2465 mea,

499 2511 620 2568 quae
644 2511 804 2566 supra
827 2495 1001 2566 posui,
1031 2494 1175 2549 nulla
1201 2509 1260 2548 re
1289 2508 1424 2548 nova
1456 2491 1840 2558 intercedente,
1859 2489 2090 2546 laudavit

501 2595 558 2644 et
585 2586 850 2658 probavit,
880 2585 948 2640 ad
976 2600 1101 2658 eam
1129 2593 1332 2655 partem
1374 2601 1476 2655 qua
1521 2583 1809 2654 disputatio
1855 2599 1886 2637 a
1937 2583 2090 2638 nobis

501 2647 767 2749 prdmissa
795 2647 1162 2747 supplebatitr,
1191 2647 1416 2731 accessit
1439 2694 1453 2729 :
1476 2647 1747 2746 quaerente
1769 2690 1854 2728 me
1871 2675 2086 2746 quippe,

501 2783 602 2840 per
629 2767 754 2838 quid
775 2769 876 2824 sub
899 2766 1112 2823 diabolo
1136 2776 1334 2834 essent,
1358 2781 1491 2837 quos
1518 2767 1657 2822 Deus
1676 2767 1832 2833 fecit;
1861 2765 1926 2820 ad
1949 2765 2091 2836 quod

505 2861 758 2933 respondi
779 2861 946 2932 ipsius
975 2860 1213 2927 nomine,
1245 2858 1348 2914 Per
1379 2869 1654 2932 peccatum,
1681 2877 1782 2914 non
1832 2876 1920 2928 per
1945 2868 2094 2912 natu-

505 2972 619 3010 rem
642 2971 663 3010 :
691 2963 746 3009 et
768 2953 928 3010 retuli
956 2954 1024 3010 de
1045 2968 1187 3021 meo,
1218 2953 1342 3019 Sed,
1364 2955 1492 3007 sicut
1517 2954 1625 3023 ipse
1639 2953 1820 3008 annuis
1843 2963 1884 3018 ³,
1911 2961 1968 3006 ut
1993 2969 2093 3006 non

505 3055 668 3117 potest
692 3061 798 3100 esse
817 3047 923 3100 sine
947 3045 1148 3100 sexibus
1174 3048 1323 3113 fetus,
1352 3045 1422 3097 ita
1449 3060 1539 3098 nec
1559 3045 1666 3098 sine
1689 3044 1942 3098 uoluntate
1961 3043 2094 3097 deli-

508 3145 664 3192 ctum.
701 3135 900 3190 Habent
931 3135 1086 3206 igitur
1113 3145 1332 3204 tempore
1358 3143 1625 3204 conceptus
1651 3134 1749 3200 sui,
1783 3133 1982 3202 parvuli
2009 3149 2096 3187 vo-

509 3228 784 3290 luntatem,
811 3225 898 3294 qui
937 3224 1102 3278 adhuc
1145 3225 1367 3277 animam
1404 3241 1505 3277 non
1548 3223 1760 3288 habent;
1799 3233 1886 3277 aut
1915 3223 2098 3278 habent

512 3327 735 3388 tempore
751 3323 950 3369 exortus
978 3315 1076 3378 sui,
1095 3315 1180 3386 qui
1194 3314 1360 3368 adhuc
1375 3316 1585 3369 rationis
1601 3333 1746 3370 usum
1773 3331 1873 3369 non
1893 3316 2092 3372 habent.

511 3405 646 3464 Cum
670 3406 736 3462 ad
767 3407 905 3461 hunc
935 3407 1096 3477 igitur
1117 3406 1356 3461 venisset
1382 3404 1578 3471 locum,
1599 3405 1700 3461 hoc
1727 3407 1896 3462 solum
1915 3408 1981 3463 de
2003 3423 2098 3462 no-

511 3498 641 3555 stris
667 3497 946 3569 proposuit
984 3496 1228 3566 objectis,
1257 3495 1310 3551 id
1337 3505 1438 3564 est,
1465 3495 1572 3552 Sed
1595 3505 1652 3550 ut
1687 3514 1788 3552 non
1816 3507 1972 3568 potest
1993 3516 2099 3554 esse

512 3591 622 3647 sine
645 3591 844 3646 senibus
870 3593 1020 3661 fetus,
1047 3588 1120 3643 ita
1145 3605 1234 3643 nec
1271 3589 1380 3644 sine
1417 3589 1668 3643 uoluntate
1705 3589 1941 3645 delictum
1965 3609 1984 3646 :
2008 3607 2097 3647 re-

514 3675 853 3755 sponditque,
884 3681 970 3736 Ila
1001 3698 1134 3748 uero,
1163 3682 1234 3735 ita
1260 3690 1372 3736 est:
1398 3682 1470 3736 sic
1495 3683 1626 3736 enim
1669 3700 1688 3734 ι
1717 3699 1806 3753 per
1827 3699 1982 3738 unum
2007 3684 2100 3738 ho-

515 3777 700 3831 minem
727 3784 986 3846 peccatum
1009 3774 1213 3828 intravit
1249 3774 1302 3828 in
1332 3773 1598 3841 mundum,
1629 3783 1674 3828 et
1708 3791 1812 3845 per-
1840 3784 2098 3845 peccatum

515 3886 684 3935 mors;
709 3879 754 3923 et
775 3869 845 3922 ita
873 3869 928 3922 in
949 3883 1120 3922 omnes
1139 3867 1363 3921 homines
1394 3866 1701 3936 pertransiit,
1729 3867 1784 3920 in
1812 3883 1908 3938 quo
1927 3883 2099 3923 omnes

514 3967 840 4035 peccaverunt
863 3977 882 4010 ι
909 3956 1085 4030 (Rom.
1111 3972 1167 4025 v,
1198 3955 1312 4028 l2).
1343 3955 1447 4010 Per
1467 3956 1618 4011 unius
1637 3956 1774 4010 illius
1797 3957 2100 4012 voluntatem

516 4052 707 4108 aulam
733 4064 904 4104 omnes
924 4049 977 4102 in
1000 4065 1057 4103 eo
1083 4056 1432 4118 peccauerunt,
1462 4046 1661 4118 quando
1677 4063 1847 4102 omnes
1867 4048 1953 4102 ille
1967 4063 2098 4102 unus

519 4147 741 4216 fuerunt,
786 4145 850 4200 de
893 4161 990 4215 quo
1015 4155 1280 4215 prepterca
1319 4143 1506 4214 singuli
1553 4154 1810 4214 peccatum
1853 4143 2099 4214 originale

518 4247 775 4294 traxerunt
802 4238 905 4310 (De
925 4236 1141 4310 Nuptiis
1167 4246 1212 4291 et
1239 4237 1654 4307 Concupiscemia
1675 4277 1688 4299 ,
1712 4235 1799 4291 lib.
1818 4236 1874 4304 2,
1903 4254 1956 4294 τι.
1981 4235 2094 4308 15).

517 4329 798 4386 Lectorem
827 4329 983 4400 igitur
1006 4327 1282 4393 adhortor,
1313 4335 1374 4382 ut
1400 4327 1707 4382 conflictum
1738 4336 1977 4382 nostrum
2013 4327 2097 4382 vi-

517 4423 746 4493 gilanter
773 4421 1038 4492 inspiciat.
1073 4419 1208 4488 Quid
1246 4419 1340 4474 tibi
1371 4417 1590 4489 profuit,
1621 4419 1979 4474 eruditissime
2015 4417 2099 4474 bi-

517 4513 737 4584 pedum,
763 4526 937 4568 meam
963 4525 1071 4566 non
1110 4510 1358 4582 supplere
1391 4510 1738 4576 sententiam;
1769 4525 1889 4566 cum
1923 4511 2020 4566 etsi
2043 4510 2096 4566 in

520 4622 584 4663 ea
605 4616 774 4677 parte,
801 4621 960 4676 quam
983 4605 1323 4675 suppressisti
1345 4605 1538 4675 prioris
1566 4605 1692 4660 dicti
1719 4603 1980 4674 expositio
2015 4613 2096 4660 te-

520 4708 760 4766 neretur,
790 4707 966 4753 tamen
1006 4697 1165 4752 etiam
1193 4696 1243 4750 in
1285 4697 1394 4762 illo,
1427 4695 1567 4766 quod
1595 4696 1688 4750 tibi
1717 4695 1976 4766 objecisti,
2018 4695 2098 4751 vis

523 4803 674 4860 aeque
697 4798 810 4843 tota
839 4787 1123 4843 consistat?
1143 4787 1400 4858 Pr0posui
1423 4788 1620 4859 quippe
1647 4787 1894 4855 ﬁdeliter,
1925 4797 1981 4844 ut
2009 4797 2096 4844 tua

520 4895 731 4953 quoque
753 4879 1110 4935 manifestavit
1133 4881 1155 4912 ³
1175 4881 1433 4950 assensio,
1451 4881 1593 4952 quod
1611 4895 1641 4936 a
1663 4890 1714 4937 te
1729 4881 1867 4938 solet
1888 4881 2093 4950 referri,

519 4982 575 5029 et
611 4973 944 5043 interrogans
980 4985 1075 5042 per
1111 4971 1236 5043 quid
1277 4971 1378 5028 sub
1415 4971 1628 5030 diabolo
1665 4981 1845 5029 essent
1875 4973 2095 5043 parvuli,

521 5079 656 5135 quos
679 5061 889 5120 fecisset
909 5063 1069 5131 Deus,
1096 5063 1346 5133 respondi
1366 5063 1481 5119 vice
1495 5071 1605 5132 tua,
1633 5081 1654 5116 ι
1675 5065 1778 5119 Per
1797 5072 2093 5133 peccatum,

519 5171 626 5213 non
659 5171 756 5226 per
783 5164 1047 5211 naturam.
1085 5175 1106 5209 ι
1147 5155 1324 5225 Certe,
1351 5155 1500 5212 vides
1527 5171 1613 5211 me
1639 5156 1762 5211 hinc
1791 5157 1988 5212 nullam
2015 5154 2096 5212 fe-

517 5249 656 5305 cisse
681 5247 942 5303 fraudem.
973 5247 1091 5302 Dixi
1124 5247 1264 5318 quod
1293 5248 1347 5303 in
1373 5263 1468 5303 ore
1489 5246 1804 5302 Traduciani
1835 5257 1945 5313 est,
1976 5247 2098 5304 licet

519 5338 624 5394 hoc
664 5353 772 5394 non
813 5337 883 5392 sit
919 5339 971 5392 in
998 5337 1264 5409 dogmate.
1295 5338 1376 5394 Ad
1403 5337 1546 5409 quod
1571 5338 1746 5404 retuli,
1780 5338 1884 5393 Sed
1911 5347 1966 5392 ut
1994 5355 2096 5394 non

522 5437 684 5500 potest
710 5445 814 5484 esse
838 5429 948 5485 sine
970 5428 1170 5484 sexibus
1209 5432 1358 5500 fetus,
1381 5430 1454 5483 ita
1481 5445 1572 5484 nec
1597 5429 1705 5484 sine
1729 5428 1980 5484 uoluntate
2003 5430 2096 5484 de-

518 5519 712 5576 lictum.
739 5519 821 5576 Tu
860 5520 963 5577 hoc
999 5519 1291 5591 impudenti
1327 5519 1514 5576 fraude
1557 5519 1730 5577 fecisti
1774 5519 2044 5578 dividuum
2078 5541 2093 5579 :

581 5697 602 5770 ξ
633 5697 770 5770 quiti,
793 5697 845 5770 in
865 5695 1052 5770 inimici
1070 5696 1280 5770 scriptis.
1300 5698 1466 5751 Melius
1495 5707 1620 5763 uss,
1645 5700 1698 5753 in
1714 5701 1860 5755 amici
1879 5703 2092 5769 scriptis.

580 5759 604 5826 ξ
630 5758 786 5826 eques
813 5765 957 5826 ιτα-ιι,
979 5758 1276 5826 novamus.

583 5817 606 5849 ⁸
634 5819 921 5882 Vignierius,
943 5817 1288 5884 manifestatur.
1312 5829 1440 5890 Mss...

1162 357 1408 414 OPERIS
1450 347 1854 410 IMPERFECTI
1895 342 2172 402 CONTRA
2209 337 2564 406 JULIANUM,
2606 337 2664 396 S.
2704 335 3074 397 AUGUSTINI

3626 338 3737 398 1399

2177 473 2299 513 nam
2329 470 2754 514 commemorans
2779 453 2918 525 quod
2939 470 3034 510 nos
3063 451 3412 516 dixeramus,
3439 450 3556 520 quia
3582 461 3632 506 ut
3655 471 3736 514 non

2179 560 2320 606 esset
2347 551 2549 620 absque
2581 549 2793 605 sexibus
2813 548 2966 613 fetus,
2997 549 3069 603 ita
3101 561 3212 602 nec
3239 543 3364 600 sine
3391 545 3738 606 voluntatede-

2177 643 2388 708 lictum;
2424 642 2549 697 illud
2579 641 2720 713 quod
2746 641 3063 712 sequebatur
3101 640 3178 694 de
3223 637 3561 710 parvulorum
3586 641 3740 697 volun-

2179 743 2288 791 tate
2313 736 2541 802 tacuisti,
2584 745 2636 790 et
2673 735 2982 806 respondes,
3017 733 3104 788 Ita
3137 748 3286 798 vero,
3319 731 3402 786 ita‘
3419 743 3490 787 est
3511 749 3530 787 :
3551 735 3614 788 sic
3637 738 3742 792 enim

2188 848 2205 881 ι
2242 847 2330 901 per
2357 847 2514 884 unum
2543 829 2793 884 hominem
2819 838 3076 900 peccatum
3101 827 3328 882 intrauit
3355 826 3408 878 in
3433 826 3659 880 mundum
3681 845 3695 882 :
3723 848 3738 881 ι

2183 940 2271 993 per
2294 925 2442 979 unius
2465 924 2604 978 illius
2623 924 2931 978 uoluntatem
2955 922 3152 977 malam
3181 936 3366 975 omnes
3393 921 3446 974 in
3467 937 3523 974 eo
3543 938 3742 990 peccare-

2180 1025 2318 1070 runt.
2349 1017 2577 1072 Hoccine
2599 1025 2680 1072 est
2707 1016 3065 1086 reSpondere?
3085 1014 3332 1069 hoccine
3359 1013 3620 1080 disputare
3644 1017 3746 1070 est?

2183 1107 2404 1162 hoccine
2447 1116 2716 1178 postremo
2749 1106 2834 1162 vel
2863 1106 3178 1162 sobrietatis
3213 1104 3422 1160 habere
3447 1109 3746 1174 respectum?

2182 1199 2404 1255 Ridetur
2432 1209 2576 1255 certe
2605 1200 2671 1256 ab
2699 1197 2919 1255 eruditis
2948 1197 3225 1254 calliditas
3249 1196 3653 1266 sopbismatum,
3677 1199 3744 1252 ubi

2187 1308 2280 1362 per
2303 1293 2727 1348 communionem
2754 1291 3027 1346 nominum
3050 1288 3398 1359 simplicitati
3419 1289 3745 1358 respondentis

2185 1383 2421 1437 illuditur
2453 1402 2466 1436 :
2497 1383 2588 1438 sed
2609 1383 2694 1437 illa
2726 1383 2838 1452 ipsa
2868 1381 3204 1452 sophismata
3235 1379 3371 1434 licet
3393 1395 3500 1433 non
3519 1381 3615 1433 sint
3639 1383 3748 1436 veri-

2187 1483 2294 1531 tate
2332 1476 2519 1541 solida,
2548 1476 2748 1530 urbana
2779 1485 2952 1530 tamen
2984 1473 3286 1544 superficie
3311 1472 3642 1541 colorantur;
3669 1474 3746 1531 hoc

2187 1577 2360 1623 autem
2384 1569 2522 1638 quod
2561 1577 2855 1624 monstrum
2903 1567 3297 1638 disputationis
3340 1575 3424 1621 est
3448 1607 3464 1633 ,
3505 1565 3636 1636 quod
3671 1583 3745 1622 nec

2187 1659 2410 1713 veritate
2440 1658 2668 1713 solidum
2695 1669 2795 1724 est,
2827 1675 2928 1714 nec
2943 1658 3290 1730 sephismate
3319 1657 3621 1728 levigatam.
3653 1658 3744 1716 Dixi

2188 1761 2334 1806 certe
2363 1767 2466 1806 non
2491 1767 2646 1821 posse
2665 1767 2784 1807 esse
2810 1752 2925 1808 sine
2955 1752 3125 1808 libera
3155 1752 3446 1807 voluntate
3467 1761 3742 1822 peccatum:

2189 1857 2294 1912 quo
2321 1856 2598 1910 concesso,
2627 1851 2861 1898 vestrum
2889 1841 3083 1914 dogma
3125 1843 3497 1912 consumitur,
3525 1844 3604 1914 qui
3627 1853 3745 1916 puta-

2191 1933 2257 1995 tis
2283 1948 2402 1988 esse
2423 1934 2474 1988 in
2501 1939 2689 1989 natura
2716 1933 2988 1990 hominum
3005 1935 3123 1991 sine
3145 1935 3260 1992 ulla
3285 1935 3558 1991 voluntate
3571 1951 3745 1992 reorum

2190 2023 2460 2078 delictum.

2263 2116 2397 2171 Auo.
2428 2116 2541 2186 Ego
2568 2116 2620 2171 id
2647 2118 2818 2172 solum
2843 2117 2910 2173 de
2925 2131 3092 2188 opere
3119 2118 3222 2174 illo
3251 2125 3349 2174 tuo
3373 2117 3615 2189 legeram,
3633 2120 3744 2191 quod

2191 2205 2428 2262 chartula
2455 2223 2573 2278 quae
2602 2207 2732 2263 mihi
2751 2209 2912 2264 missa
2939 2219 3039 2276 est,
3058 2209 3404 2266 continebat.
3427 2209 3556 2266 Nam
3571 2218 3742 2280 postea-

2193 2316 2349 2371 quam
2374 2301 2540 2356 libros
2571 2309 2710 2370 tuos,
2736 2303 2802 2358 de
2842 2303 3035 2374 quibus
3075 2303 3213 2359 illud
3239 2303 3430 2359 nescio
3459 2304 3572 2374 quis
3595 2319 3743 2358 excer-

2193 2393 2318 2463 psit,
2349 2393 2545 2459 inveni,
2581 2393 2647 2448 ad
2690 2403 2879 2450 cuncta
2907 2395 3186 2466 respondi.
3223 2395 3471 2451 Dicimus
3517 2405 3670 2450 autem
3701 2403 3742 2451 et

2195 2499 2314 2552 nos,
2352 2500 2457 2540 non
2487 2499 2644 2555 posse
2671 2500 2792 2541 esse
2814 2487 2929 2541 sine
2956 2487 3123 2542 libera
3151 2487 3435 2544 voluntate
3473 2495 3738 2557 peccatum;

2193 2591 2294 2632 nec
2325 2576 2443 2633 ideo
2463 2587 2662 2646 tamen,
2684 2588 2740 2633 ut
2768 2579 2921 2647 dicis,
2955 2590 3202 2636 nostrum
3224 2581 3425 2652 dogma
3441 2581 3738 2645 consumitur,

2195 2687 2314 2726 cum
2346 2672 2634 2728 asserimus
2663 2687 2785 2729 esse
2825 2674 3082 2744 originale
3116 2684 3399 2745 peccatum
3430 2693 3442 2728 :
3471 2675 3584 2744 quia
3621 2683 3666 2729 et
3689 2672 3738 2727 ad

2197 2761 2299 2816 hoc
2329 2763 2346 2794 ¹
2375 2762 2576 2831 peccati
2613 2779 2780 2833 genus
2828 2779 2896 2818 ex
2945 2764 3110 2819 libera
3153 2764 3437 2820 voluntate
3479 2772 3736 2834 perventum

2197 2864 2297 2921 est,
2332 2871 2437 2909 non
2475 2856 2590 2926 ejus
2619 2857 2832 2928 propria
2861 2858 2951 2926 qui
2998 2857 3266 2926 nascitur,
3302 2856 3399 2912 sed
3437 2857 3549 2927 ejus
3578 2857 3624 2911 in
3657 2869 3736 2927 quo

2198 2960 2384 3000 omnes
2405 2947 2734 3017 originaliter
2760 2947 3014 3014 fuerunt,
3048 2949 3270 3019 quando
3313 2961 3632 3003 communem
3663 2961 3738 3000 tta-

2201 3049 2369 3094 turam
2402 3041 2538 3094 mala
2566 3041 2839 3097 voluntate
2875 3042 3100 3097 vitiavit.
3142 3042 3263 3097 Non
3295 3041 3493 3098 habent
3515 3056 3626 3111 ergo
3646 3055 3735 3108 par-

2197 3133 2305 3188 vuli
2333 3142 2571 3203 tempore
2597 3145 2882 3205 conceptus
2903 3136 2985 3190 vel
3011 3145 3162 3190 ortus
3181 3136 3268 3190 sui
3287 3146 3310 3176 I
3326 3133 3570 3204 peccandi
3593 3133 3739 3186 volun-

2199 3233 2360 3279 tatem
2397 3223 2530 3278 :sed
2586 3224 2674 3280 ille
2729 3235 2965 3295 tempore
3019 3226 3479 3296 praevaricationis
3517 3215 3614 3280 suis
3645 3236 3734 3277 ma-

2200 3331 2360 3389 gnum
2407 3316 2535 3372 illud
2582 3327 2856 3388 peccatum
2909 3319 3074 3374 libera
3109 3319 3391 3374 voluntate
3433 3315 3682 3378 commisit,
3711 3326 3735 3366 a

2202 3426 2303 3481 qua
2331 3409 2605 3480 originalis
2631 3411 2833 3480 peccati
2874 3411 3179 3482 contagium
3218 3412 3300 3466 sic
3329 3411 3549 3464 humana
3585 3415 3732 3461 natura

2201 3502 2484 3570 contraxit,
2511 3509 2570 3556 ut
2597 3501 2875 3557 verissime
2901 3502 3104 3558 diceret
3137 3511 3362 3558 sanctus
3381 3543 3396 3569 ,
3424 3501 3488 3554 In
3507 3495 3736 3568 iniquitati-

2201 3592 2294 3648 bus
2319 3603 2584 3664 conceptus
2607 3609 2721 3647 sum
2749 3593 2768 3664 (
2795 3593 2938 3648 Psal.
2970 3609 3020 3659 ι,
3055 3593 3086 3646 7
3111 3593 3166 3664 );
3211 3601 3268 3650 et
3296 3593 3432 3648 alius
3450 3589 3610 3646 itidem
3634 3601 3732 3640 san-

2201 3692 2340 3752 ctus,
2365 3683 2489 3748 Quis
2509 3685 2639 3738 enim
2677 3684 2894 3738 mundus
2924 3693 2996 3738 est
3019 3701 3052 3738 a
3077 3685 3272 3740 sorde?
3304 3683 3412 3738 Nec
3443 3681 3600 3752 infans
3621 3680 3734 3746 cujus

2202 3787 2276 3832 est
2299 3777 2450 3830 unius
2477 3777 2577 3831 diei
2587 3777 2688 3830 vita
2709 3793 2860 3848 super
2881 3785 3066 3830 terram
3085 3777 3208 3848 (Job
3233 3792 3348 3842 xw,
3385 3776 3438 3842 4,
3467 3790 3558 3828 sec.
3577 3767 3728 3836 LXX).

2204 3868 2329 3924 ﬂare
2351 3868 2560 3938 eloquia
2586 3868 2827 3924 veritatis
2872 3868 3206 3924 subsannant
3231 3869 3512 3925 vanitatem
3545 3859 3731 3933 loquaci-

2201 3961 2327 4017 tatis
2357 3970 2480 4016 tum.

2273 4053 2408 4110 XCI.
2436 4053 2553 4110 Jun.
2583 4053 2697 4122 Qua
2717 4067 2842 4125 ergo
2869 4061 2923 4109 tu
2949 4053 3275 4125 impudentia
3297 4063 3352 4111 et
3372 4051 3612 4125 approbas
3635 4061 3728 4102 scn-

2202 4147 2421 4202 tcntiam
2469 4161 2665 4212 meam,
2705 4155 2761 4200 et
2811 4154 2959 4200 tuum
2999 4145 3190 4216 dogma
3234 4161 3340 4200 non
3373 4142 3592 4207 deseris;
3635 4149 3726 4192 cum

2203 4238 2482 4295 sententiae
2528 4237 2802 4306 utriusque
2827 4237 2992 4306 partis
3041 4236 3112 4291 ita
3147 4237 3296 4292 nullo
3325 4233 3522 4307 possint
3564 4227 3726 4284 findere

2204 4331 2462 4402 copulari,
2487 4338 2547 4385 ut
2574 4331 2966 4386 enuntiatorum
2994 4331 3236 4401 opposita
3267 4331 3461 4401 pariter
3480 4340 3574 4381 non
3599 4319 3726 4392 parti-

2203 4425 2382 4494 cipant
2407 4421 2968 4489 veritati?Quomodo
3015 4437 3142 4494 ergo
3189 4437 3292 4493 ego
3333 4421 3376 4476 si
3419 4412 3724 4474 consentirem

2203 4513 2444 4570 naturale
2472 4527 2591 4568 esse
2616 4523 2892 4584 peccatum
2920 4557 2934 4581 ,
2969 4529 3190 4568 necesse
3219 4521 3334 4570 erat
3378 4519 3434 4566 ut
3477 4504 3723 4562 deciderem

2203 4607 2272 4663 de
2297 4607 2416 4676 jure
2443 4607 2721 4662 sententiae
2739 4648 2753 4675 ,
2787 4621 2904 4676 qua:
2933 4605 3254 4674 praescribit,
3291 4603 3390 4658 nisi
3421 4602 3470 4655 in
3499 4596 3722 4652 voluntate

2204 4699 2372 4754 libera
2419 4707 2692 4768 peccatum
2735 4689 2856 4754 esse
2899 4713 3003 4753 non
3049 4713 3252 4768 posse:
3283 4699 3353 4752 ita
3388 4705 3442 4750 tu
3481 4707 3509 4748 e
3552 4686 3722 4756 regione

2201 4791 2546 4847 consentiens
2568 4806 2654 4846 me
2679 4791 2815 4846 bene
2843 4791 3060 4856 dixisse,
3088 4791 3178 4862 qui
3207 4783 3526 4860 pronuntiavi
3561 4778 3718 4835 nullum

2206 4897 2325 4938 esse
2349 4883 2464 4939 sine
2490 4884 2761 4938 voluntate
2785 4889 3083 4953 peccatum,
3112 4882 3334 4952 rejicerc
3358 4877 3522 4935 statim
3538 4862 3720 4927 debuisti

2205 4977 2350 5032 illam
2377 4976 2709 5047 opinionem,
2739 4991 2840 5047 qua
2869 4987 3144 5046 peccatum
3167 4975 3400 5030 naturale
3425 4964 3663 5025 credebas.

2275 5070 2409 5126 Anc.
2435 5067 2593 5124 Aliud
2619 5076 2704 5124 est
2731 5069 2848 5124 sine
2875 5069 3148 5123 voluntate
3179 5067 3340 5123 libera
3361 5067 3609 5135 peccatum
3628 5059 3716 5104 esse

2205 5177 2312 5218 ηθη
2335 5176 2513 5233 P0556.
2541 5163 2684 5233 Quod
2717 5171 2771 5218 et
2808 5177 2905 5216 nos
2933 5161 3157 5217 dicimus
3177 5203 3193 5229 ,
3229 5160 3348 5231 quia
3388 5167 3480 5211 nec
3507 5139 3713 5215 originale

2203 5271 2322 5314 esse
2351 5255 2610 5327 potuisset
2653 5255 2768 5310 sine
2815 5254 2970 5325 primi
3000 5253 3231 5308 hominis
3275 5251 3432 5307 libera
3461 5239 3710 5330 voluntate;

2204 5357 2260 5406 et
2278 5321 2420 5404 aliud
2448 5355 2549 5416 est,
2581 5321 2849 5418 quomodo
2879 5347 2992 5417 ipse
3009 5345 3208 5413 dixisti,
3236 5345 3333 5400 nisi
3353 5343 3403 5394 in
3425 5335 3646 5391 voluntate
3663 5321 3709 5374 li-

2205 5445 2320 5498 bera
2346 5449 2601 5514 peccatum
2629 5456 2734 5496 esse
2757 5456 2859 5494 non
2895 5456 3058 5512 posse,
3099 5437 3240 5511 quod
3269 5449 3371 5493 non
3406 5421 3706 5487 concedimus-

2203 5534 2469 5608 Originale
2494 5549 2721 5605 namque
2749 5542 3024 5605 peccatum
3047 5547 3154 5589 non
3189 5539 3270 5591 est
3293 5530 3343 5588 in
3362 5521 3599 5583 voluntate
3625 5517 3705 5563 lt-

2266 5767 2284 5799 ι
2318 5766 2390 5816 sic
2411 5771 2516 5828 Mss.
2543 5763 2675 5828 [quia
2695 5765 2762 5815 ad
2783 5762 2915 5828 [tota]

2266 5829 2287 5862 ¹
2319 5829 2401 5880 uie
2423 5823 2754 5893 editi'addunt,
2780 5823 2995 5881 libch
