3980 6504
307 459 453 517 1595

309 559 514 617 scentis
543 573 556 611 :
589 556 685 612 sed
708 569 880 627 neque
907 555 962 610 in
988 552 1102 624 ipsa
1129 560 1213 608 est
1241 552 1517 608 voluntate
1536 551 1694 622 primi
1720 549 1892 606 homi-

310 654 416 722 nis,
431 651 676 722 quamvis
697 650 813 705 sine
839 649 954 720 ipsa
971 663 1091 703 esse
1119 662 1226 703 non
1243 657 1445 718 posset.
1469 645 1628 702 Aliud
1647 654 1729 700 est
1744 659 1892 716 ergo,

307 745 426 801 Non
454 751 630 813 potest
669 756 788 797 esse
833 741 951 796 sine
993 740 1267 796 voluntate
1314 750 1622 810 peccatum;
1653 745 1708 792 et
1750 737 1896 792 aliud

307 846 412 902 est,
443 836 559 891 Non
585 843 762 906 potest
783 849 902 890 esse
938 834 1040 889 nisi
1067 833 1120 889 in
1150 834 1421 888 voluntate
1444 839 1740 902 peccatum.
1785 828 1896 884 Ne.

307 944 413 1000 que
443 929 608 995 enim,
644 928 689 982 si
712 934 858 982 recte
873 927 1120 994 dicimus,
1145 926 1272 982 Sine
1297 931 1556 994 conceptu
1578 932 1760 994 partus
1784 939 1896 982 non

308 1031 485 1096 potest
511 1037 659 1088 esse;
693 1021 813 1076 ideo
835 1022 995 1076 etiam
1015 1028 1160 1076 recte
1185 1018 1399 1085 dicitur,
1427 1017 1536 1072 Nisi
1557 1018 1607 1071 in
1631 1026 1894 1088 conceptu

309 1127 490 1189 partus
515 1131 620 1171 non
650 1123 826 1185 potest
851 1129 992 1169 esse.
1022 1111 1128 1167 Sed
1163 1113 1266 1166 hoc
1292 1113 1362 1166 ita
1390 1118 1472 1167 est
1499 1110 1766 1166 diversum
1791 1151 1807 1178 ,
1837 1117 1896 1165 ut

311 1225 485 1281 neque
514 1209 566 1262 in
596 1218 854 1276 conceptu
881 1215 1082 1278 partus,
1116 1221 1287 1274 neque
1318 1205 1370 1258 in
1397 1214 1550 1274 partu
1579 1205 1751 1275 possit
1775 1218 1894 1260 esse

312 1312 615 1372 conceptus.
663 1303 943 1356 Peccatum
981 1314 1108 1354 vero
1147 1299 1199 1352 iu
1234 1299 1505 1353 voluntate
1545 1307 1724 1368 potest
1750 1311 1889 1364 esse,

311 1395 446 1452 sicut
475 1393 572 1448 fuit
602 1386 756 1462 primi
787 1390 1051 1455 hominis;
1085 1398 1267 1460 potest
1288 1389 1449 1445 etiam
1481 1405 1586 1443 non
1628 1390 1679 1442 in
1704 1389 1896 1442 volun-

310 1495 452 1549 tate,
503 1485 642 1539 sicut
686 1483 945 1553 originale
997 1481 1381 1551 cujuscumque
1428 1481 1698 1536 nascentis
1751 1479 1892 1550 quod

306 1576 527 1631 omnino
551 1583 633 1630 est
657 1574 708 1628 in
740 1573 1012 1628 voluntate
1041 1572 1270 1635 nullius;
1299 1571 1391 1626 sed
1417 1588 1524 1626 non
1555 1572 1670 1626 sine
1701 1571 1892 1626 volun-

307 1678 417 1725 tate
441 1669 595 1738 primi
617 1668 777 1723 iIlius.
799 1667 889 1722 Ille
906 1674 1354 1738 quoque‘sanctus
1382 1666 1471 1734 qui
1496 1664 1630 1718 dixit
1660 1662 1893 1731 Deo,Si-

305 1761 474 1832 θῆαεεὶ
493 1769 696 1830 peccata
715 1776 825 1814 mea
848 1761 900 1812 in
916 1759 1141 1823 sacculo,
1161 1768 1205 1812 et
1230 1757 1485 1811 adnotasti
1504 1758 1549 1811 si
1573 1756 1694 1826 quid
1712 1756 1894 1810 inuitus

309 1851 494 1907 admisi
511 1852 800 1920 (Job.x1v,l
813 1851 886 1920 7);
901 1866 1006 1904 non
1030 1851 1207 1920 utique
1223 1849 1405 1904 habuit
1424 1851 1474 1904 in
1493 1850 1766 1904 voluntate
1781 1863 1896 1918 pec-

305 1953 507 2010 catum,
526 1944 666 2014 quod
684 1944 952 1998 commisit
976 1943 1190 1997 invitus.
1210 1942 1347 2010 Quid
1376 1943 1463 1996 ille
1488 1942 1578 2012 qui
1598 1941 1745 2005 dicit,
1772 1939 1895 1995 Non

304 2036 442 2106 quod
456 2036 586 2100 volo,
607 2036 739 2106 facio
757 2035 960 2095 bonum;
978 2048 1206 2104 moxque
1220 2032 1608 2104 subjungit,sed
1627 2032 1762 2100 quod
1777 2032 1895 2086 nolo

305 2127 516 2191 malum,
544 2126 638 2206 ίιοο
657 2143 753 2198 ago
783 2125 960 2197 (Rom.
989 2141 1084 2192 vn,
1115 2124 1244 2195 15)?
1279 2124 1604 2196 numquidin
1624 2123 1895 2178 voluntate

303 2220 562 2276 dicendus
575 2229 657 2274 est
673 2219 868 2274 habere
884 2226 1179 2288 peccatum,
1200 2217 1492 2272 secundum
1514 2230 1610 2270 vos
1623 2215 1786 2285 ipsos,
1804 2215 1895 2284 qui

305 2327 430 2366 eum
446 2311 606 2366 vultis
623 2311 842 2382 intelligi
857 2311 906 2365 vi
925 2309 1326 2392 consuetudinis
1339 2310 1454 2379 cogi
1472 2323 1694 2378 peccare
1705 2307 1895 2362 nolen-

307 2411 412 2458 tem
429 2402 454 2454 ?
482 2401 675 2457 Desine
702 2401 860 2473 igitur
891 2400 958 2456 de
982 2401 1253 2461 vicinitate
1273 2400 1584 2470 subrepere,
1612 2409 1666 2454 et
1694 2399 1896 2455 sensim

308 2493 530 2548 limitem
559 2492 874 2564 transgredi,
898 2503 957 2548 ut
980 2493 1231 2563 quoniam
1248 2492 1474 2548 dicimus
1491 2492 1607 2546 sine
1623 2491 1897 2574 voluntate

311 2585 505 2651 libera,
539 2595 593 2640 tu
628 2601 726 2641 nos
756 2585 937 2642 dicere
977 2585 1237 2653 affirmes,
1285 2585 1388 2640 nisi
1432 2585 1484 2639 in
1533 2585 1804 2640 voluntate
1832 2584 1896 2638 li-

312 2675 460 2741 bera,
493 2691 609 2731 esse
653 2692 757 2731 non
801 2691 962 2747 posse
989 2685 1262 2746 peccatum
1293 2691 1307 2727 :
1338 2681 1589 2745 tanquam
1615 2675 1659 2730 si
1689 2673 1897 2730 dicere-

310 2783 451 2834 mus,
478 2767 595 2823 siue
638 2767 758 2839 igne
791 2768 1051 2823 carbones
1090 2782 1210 2823 esse
1252 2783 1357 2823 non
1389 2782 1574 2836 posse;
1611 2776 1664 2822 et
1713 2775 1768 2821 tu
1796 2780 1896 2822 nos
1957 2788 1959 2791 ·

307 2860 605 2917 affirmares
652 2861 852 2928 dicere,
899 2861 1002 2916 nisi
1045 2861 1099 2916 in
1153 2861 1272 2931 igne
1318 2859 1578 2915 carbones
1619 2875 1742 2915 esse
1788 2875 1895 2916 non

309 2967 487 3022 posse.
518 2952 645 3007 Haec
673 2953 716 3007 si
748 2951 1047 3019 nesciebas,
1077 2951 1336 3006 conﬁtere
1363 2959 1416 3005 te
1450 2965 1556 3004 non
1596 2949 1762 3004 fuisse
1809 2949 1895 3004 in-

311 3046 640 3116 telligentem
663 3045 1046 3116 disputatorem
1081 3044 1163 3098 :si
1189 3054 1366 3100 autem
1407 3043 1633 3108 sciebas,
1667 3057 1774 3096 non
1813 3043 1898 3097 in-

308 3141 636 3210 telligentem
665 3154 911 3210 sperasse
937 3137 1240 3193 habiturum
1267 3145 1320 3192 te
1340 3151 1462 3191 esse
1478 3136 1751 3190 lectorem.

376 3227 536 3285 XCII.
565 3230 685 3286 Jun.
708 3229 971 3301 Quidquid
987 3229 1128 3285 enim
1155 3227 1394 3282 naturale
1409 3235 1512 3289 est,
1536 3223 1892 3280 voluntarium

305 3338 416 3379 non
441 3339 562 3380 esse
590 3325 929 3377 manifestum
955 3330 1058 3377 est.

379 3415 516 3470 Anc.
556 3413 611 3470 Si
627 3413 879 3485 quidquid
896 3421 980 3468 est
1002 3411 1257 3475 naturale,
1275 3409 1631 3466 voluntarium
1653 3423 1756 3463 non
1774 3423 1896 3465 esse

310 3506 646 3561 manifestum
673 3513 789 3571 est;
829 3520 934 3558 non
976 3513 1057 3560 est
1087 3518 1214 3573 ergo
1241 3502 1511 3567 naturale,
1540 3500 1682 3571 quod
1722 3500 1893 3568 salvi,

311 3596 452 3666 quod
481 3595 618 3651 beati
655 3610 775 3651 esse
802 3595 1068 3650 volumus.
1108 3592 1260 3661 Quod
1306 3593 1484 3648 dicere
1509 3592 1630 3663 quis
1671 3591 1893 3659 audeat,

311 3689 412 3743 nisi
443 3698 498 3744 tu
522 3689 545 3742 ?
568 3698 658 3743 aut
685 3687 1014 3752 admonitus,
1042 3686 1268 3741 fortasse
1293 3700 1392 3741 nec
1414 3695 1488 3740 tu.

385 3780 562 3835 XCIII.
589 3779 709 3836 Jun.
737 3780 794 3834 Si
810 3793 938 3850 ergo
965 3787 1048 3834 est
1073 3777 1312 3832 naturale
1343 3783 1616 3847 peccatum
1637 3816 1652 3842 ,
1681 3789 1786 3829 non
1813 3785 1896 3830 est

312 3874 666 3929 voluntarium
691 3859 783 3926 :‘si
811 3881 894 3928 est
917 3870 1273 3926 voluntarium
1290 3912 1304 3936 ,
1337 3883 1442 3924 non
1473 3876 1556 3922 est
1578 3867 1892 3938 ingenitum.

308 3966 429 4022 Istae
457 3967 577 4021 dua:
604 3964 940 4021 definitiones
966 3972 1071 4017 tam
1114 3961 1394 4017 contrariae
1428 3960 1526 4014 sibi
1552 3967 1706 4026 sunt,
1735 3973 1893 4029 quam

306 4060 634 4116 contrarium
663 4064 746 4111 est
773 4055 1063 4110 necessitas
1082 4063 1136 4108 et
1150 4053 1415 4119 voluntas,
1442 4066 1665 4120 quarum
1693 4049 1894 4105 confir-

310 4153 472 4207 matio
499 4167 563 4206 ex
595 4159 777 4204 mutua
803 4147 1080 4219 negatione
1109 4153 1409 4216 generatur.
1440 4143 1572 4198 Nam
1600 4144 1738 4198 sicut
1763 4141 1896 4197 nihil

311 4244 548 4300 estaliud
575 4243 927 4298 voluntarium
948 4281 962 4305 ,
989 4256 1146 4311 quam
1171 4255 1277 4294 non
1327 4246 1602 4301 coactum;
1649 4236 1718 4291 ita
1764 4235 1896 4291 nihil

314 4344 398 4390 est
419 4335 558 4390 aliud
583 4344 820 4390 coactum
837 4374 852 4398 ,
870 4347 1029 4404 quam
1051 4346 1154 4385 non
1181 4330 1556 4384 voluntarium.
1579 4327 1744 4384 Simul
1767 4342 1895 4398 ergo

318 4436 528 4482 exstare
548 4468 562 4492 ,
588 4435 642 4482 et
663 4425 808 4481 velut
832 4425 1033 4490 vivere,
1073 4421 1179 4477 duo
1207 4421 1308 4476 ista
1351 4435 1456 4474 non
1488 4426 1742 4489 possunt;
1771 4419 1894 4488 quia

317 4518 440 4572 talis
464 4533 643 4572 eorum
669 4526 854 4572 natura
881 4525 983 4582 est,
1007 4524 1064 4568 ut
1091 4523 1215 4568 tunc
1239 4511 1384 4568 aliud
1415 4511 1578 4578 vivat,
1601 4526 1720 4565 cum
1747 4509 1894 4564 aliud

314 4609 682 4678 exstinguitur.

385 4701 517 4755 Avo.
560 4698 694 4754 Cur‘
724 4714 831 4754 non
859 4696 1089 4754 attendis
1138 4710 1257 4752 esse
1296 4702 1570 4767 peccatum
1596 4693 1756 4748 etiam
1787 4708 1894 4748 non

315 4790 702 4857 voluntarium,
729 4799 875 4846 certe
902 4790 954 4844 in
985 4789 1078 4843 illo
1105 4787 1194 4859 qui
1220 4786 1364 4852 dicit,
1384 4799 1716 4855 quacumque
1735 4798 1894 4838 causa

311 4882 415 4936 hoc
441 4880 616 4948 dicat,
647 4880 710 4936 Si
737 4893 902 4934 autem
925 4879 1058 4950 quod
1085 4879 1202 4932 nolo
1222 4893 1334 4948 ego,
1363 4877 1456 4930 hoc
1483 4876 1650 4948 facio;
1662 4875 1778 4945 jam
1793 4892 1896 4929 non

312 4991 402 5045 ego
431 4991 611 5044 operor
635 4973 785 5039 illud,
800 4973 888 5027 sed
906 4974 1040 5042 quod
1059 4971 1249 5026 habitat
1273 4972 1325 5024 in
1351 4986 1431 5024 me
1442 4979 1698 5040 peccatum
1716 4967 1892 5039 (Rom.

311 5082 402 5131 vn,
438 5063 528 5138 19)
561 5067 584 5119 ?
609 5063 718 5121 Cur
744 5080 849 5120 non
878 5064 1107 5119 attendis
1147 5079 1265 5118 esse
1302 5063 1458 5117 etiam
1489 5061 1856 5117 necessitatem
1876 5101 1892 5126 ,

311 5173 413 5228 qua
432 5172 654 5213 necesse
675 5166 759 5212 est
779 5157 1004 5212 velimus
1031 5156 1184 5211 beate
1199 5156 1407 5219 vivere;
1438 5160 1494 5208 et
1510 5153 1704 5207 clausis
1728 5152 1896 5207 oculis

313 5249 391 5303 sic
411 5248 562 5303 alteri
592 5249 813 5304 alteram
841 5248 1116 5318 opponis’,
1144 5247 1294 5317 quasi
1324 5245 1567 5300 voluntas
1599 5243 1894 5299 necessita-

317 5339 384 5395 tis
401 5381 415 5405 ,
442 5348 533 5394 aut
563 5341 854 5396 necessitas
879 5339 1164 5394 voluntatis
1191 5353 1311 5394 esse
1341 5354 1446 5393 non
1474 5336 1683 5408 possit?

383 5431 566 5489 XCIV.
597 5433 716 5490 Jun.
756 5433 891 5488 Cum
932 5447 1057 5502 ergo
1096 5433 1196 5488 hoc
1245 5433 1316 5487 ita
1369 5431 1743 5488 inconcussum
1791 5431 1893 5496 sit,

315 5533 373 5579 ut
416 5526 560 5580 nulla
599 5535 758 5595 queat
807 5525 1258 5595 argumentatione
1309 5522 1533 5580 convelli
1585 5541 1599 5577 :
1659 5531 1716 5577 tu
1762 5522 1897 5592 elige

316 5626 494 5672 utrum
524 5619 710 5681 mavis,
759 5625 814 5671 et
863 5617 946 5670 vel
979 5624 1246 5683 nostram,
1278 5616 1360 5670 vel
1393 5625 1534 5670 tuam
1584 5621 1893 5670 constanter

314 5707 520 5764 aftirma
547 5709 902 5774 sententiam;
930 5715 988 5761 ut
1031 5716 1119 5762 aut
1144 5707 1446 5763 necessitati
1472 5750 1486 5774 ,
1521 5714 1612 5760 aut
1641 5705 1897 5761 voluntati

383 5822 404 5885 ξ
435 5823 725 5885 vignierius,
761 5833 873 5885 cum
897 5830 1020 5885 tuss.,
1045 5835 1149 5871 cur.

388 5882 411 5914 ³
435 5879 728 5948 vignierius,
760 5883 831 5934 sic
864 5879 1069 5948 alteram
1102 5884 1331 5948 opponis;
1367 5884 1557 5944 omisso,
1585 5879 1741 5944 alteri,
1770 5879 1902 5945 quod

319 5945 544 5996 exstabat
565 5947 614 5996 in
635 5945 985 6010 manuscriptis.

1657 449 1864 505 LIBER
1903 445 2248 518 QUARTUS.

3399 441 3587 526 ἰδει

1951 568 1954 570 ·
2005 550 2235 620 imputes
2261 552 2493 624 culpam.
2522 553 2657 609 Cum
2682 564 2860 611 autem
2883 555 3023 626 dico,
3048 563 3226 614 utrum
3250 560 3416 616 mavis
3438 603 3454 628 ,
3479 578 3588 619 non

2003 642 2081 697 sic
2107 641 2392 711 admoneo,
2420 647 2569 714 quasi
2601 653 2686 700 tua
2713 647 2887 703 adhuc
2925 649 3086 704 lateat
3110 650 3289 719 Opinio
3309 691 3325 718 ,
3355 652 3446 722 qui
3475 653 3587 708 cri-

2002 734 2145 789 mina
2175 744 2377 790 uaturae
2398 751 2493 806 per
2522 736 2868 794 Manichreum
2894 739 3180 810 importare
3207 742 3435 797 didicisti
3456 761 3469 797 :
3489 742 3585 800 sed

2005 824 2127 880 ideo
2155 825 2257 881 hoc
2271 841 2606 897 commoneo,
2636 839 2696 884 ut
2718 831 3091 902 disputationis
3129 843 3234 890 tua:
3263 837 3461 892 veritas
3486 837 3586 894 de-

2006 927 2240 974 ηοιειυν.

2073 1011 2210 1064 Anc.
2230 1008 2376 1065 Velis
2391 1011 2549 1079 nolis,
2568 1014 2817 1083 quoniam
2834 1030 2975 1085 saepe
2987 1015 3091 1073 hoc
3106 1018 3260 1081 dicis.
3279 1035 3420 1091 smpe
3430 1035 3586 1092 opor-

2001 1111 2078 1158 tet
2093 1111 2148 1156 ut
2165 1101 2368 1168 audias,
2387 1118 2494 1158 non
2513 1104 2673 1160 fuisse
2687 1106 3032 1163 Manichznum
3061 1110 3153 1180 qui
3187 1109 3353 1178 dixit,
3373 1111 3552 1168 dissen
3575 1143 3587 1153 -

2001 1195 2204 1248 sionem
2222 1195 2399 1249 carnis
2409 1202 2464 1249 et
2477 1196 2691 1264 spiritus
2708 1213 2804 1266 per
2820 1201 3302 1267 prmvaricatiouem
3321 1204 3475 1272 primi
3491 1203 3586 1260 he~

2003 1285 2160 1340 minis
2183 1285 2233 1339 in
2250 1295 2495 1340 naturam
2510 1287 2735 1342 vertisse
2754 1287 3194 1360 (Atiibrosius,lib.
3213 1294 3243 1347 7
3257 1295 3308 1347 in
3326 1293 3583 1362 Luam).

2001 1377 2168 1445 Quam
2187 1387 2240 1432 tu
2256 1393 2468 1434 causam
2487 1379 2610 1434 mali
2623 1380 2782 1451 hujus
2802 1398 3021 1453 negans,
3040 1400 3159 1440 cum
3177 1402 3282 1456 quo
3298 1389 3436 1444 malo
3455 1391 3470 1419 ¹
3495 1405 3587 1442 na-

1951 1503 1954 1508 -
2001 1470 2299 1524 sciomnem
2317 1470 2587 1528 hominem
2605 1489 2800 1544 negare
2818 1491 2921 1531 non
2935 1478 3124 1540 sineris
3138 1520 3153 1546 ,
3179 1478 3309 1535 facis
3339 1489 3395 1534 ut
3425 1481 3562 1535 Mani
3579 1510 3591 1522 -

2000 1562 2182 1618 chaeus
2207 1564 2326 1619 aliae
2347 1575 2549 1621 natura:
2568 1569 3000 1625 commixtionem
3025 1572 3177 1627 nobis
3210 1572 3386 1628 inesse
3421 1572 3586 1641 dicat,

2001 1665 2057 1712 et
2074 1657 2249 1713 vincat
2277 1657 2379 1714 nisi
2407 1669 2582 1714 tecum
2610 1660 2783 1718 victus
2808 1663 3053 1721 intereat.

2072 1771 2231 1827 XCV.
2259 1772 2380 1828 JUL.
2411 1773 2547 1840 Quid
2577 1775 2737 1845 igitur
2761 1776 2893 1831 mihi
2921 1779 3259 1848 responderis
3284 1779 3516 1850 prudens
3534 1791 3590 1837 et

2000 1863 2260 1920 sollicitus
2297 1864 2506 1920 auditor
2533 1868 2818 1936 expendat.
2873 1871 2948 1926 De
3001 1871 3236 1941 parvulis
3275 1883 3422 1930 certe
3474 1876 3592 1946 agi-

2001 1971 2141 2023 mus,
2169 1956 2360 2026 quibus
2385 1958 2526 2011 nulla
2554 1961 2781 2030 propria:
2811 1963 3005 2018 mentis
3033 1964 3185 2020 adest
3213 1966 3488 2030 voluntas,
3518 1966 3588 2023 de

2001 2049 2192 2118 quibus
2213 2051 2467 2119 qurcritur
2481 2067 2576 2122 per
2605 2053 2731 2123 quid
2759 2054 2868 2110 sint
2895 2057 2994 2110 sub
3016 2057 3251 2123 diabolo,
3281 2075 3416 2129 quos
3445 2061 3588 2117 Deus

2001 2138 2128 2195 fecit
2147 2181 2160 2206 ,
2184 2156 2306 2196 cum
2329 2141 2460 2196 nihil
2480 2144 2611 2198 mali
2643 2145 2788 2214 ipsos
2815 2147 2988 2218 egisse
3013 2150 3335 2205 consentias.
3368 2151 3447 2205 Tu
3494 2167 3590 2209 eos

2001 2234 2347 2288 concionatus
2388 2249 2448 2290 es
2469 2276 2485 2302 ,
2527 2235 2592 2290 ad
2617 2235 2704 2306 jus
2729 2237 2988 2295 daemonis
3030 2251 3246 2312 propter
3274 2251 3548 2314 peccatum
3571 2283 3588 2308 ,

2002 2338 2108 2378 non
2155 2333 2372 2396 propter
2414 2336 2657 2380 naturam
2703 2329 2986 2397 pertinere.
3027 2331 3107 2385 Ad
3151 2331 3254 2387 hoc
3303 2333 3588 2392 insurrexit

2001 2425 2187 2470 nostra
2215 2416 2493 2486 responsio
2520 2433 2534 2470 :
2564 2416 2701 2474 «Sed
2728 2427 2918 2476 utnon
2945 2429 3121 2490 potest
3148 2436 3268 2477 esse
3296 2424 3410 2479 sine
3440 2423 3588 2479 sexi—

2002 2505 2103 2561 bus
2131 2507 2297 2573 fetus,
2327 2507 2397 2561 ita
2421 2523 2522 2562 nec
2551 2509 2669 2565 sine
2695 2511 2966 2566 voluntate
2993 2511 3300 2567 delictum.»
3332 2513 3412 2568 Ad
3443 2517 3584 2584 quod

2001 2604 2058 2651 tu
2097 2598 2358 2653 retulisti:
2385 2618 2403 2652 ι
2433 2599 2506 2654 Ita
2533 2616 2681 2668 vero,
2726 2602 2798 2657 ita
2827 2611 2910 2658 est
2942 2621 2956 2656 :
2992 2603 3090 2658 uid
3116 2612 3229 2670 est,
3258 2620 3362 2660 non
3413 2615 3591 2676 potest

2001 2703 2123 2745 esse
2161 2690 2278 2746 sine
2305 2691 2576 2748 voluntate
2617 2693 2888 2748 delictum.
2921 2677 3119 2750 verum
3145 2695 3236 2766 qui
3264 2699 3365 2752 hoc
3389 2699 3589 2753 contir-

2001 2793 2265 2846 maveras,
2294 2797 2398 2852 qua
2428 2784 2752 2856 impudentia
2773 2785 3051 2841 subdidisti
3069 2789 3112 2852 ³,
3138 2806 3157 2839 ι
3177 2787 3281 2844 Sed
3311 2804 3406 2858 per
3425 2807 3588 2844 unum

2003 2870 2272 2927 hominem
2296 2883 2571 2942 peccatum
2610 2876 2828 2932 intravit
2873 2877 2928 2933 in
2969 2878 3264 2948 mundum,
3313 2896 3409 2950 per
3435 2884 3592 2938 unius

2002 2962 2147 3018 illius
2169 2964 2537 3020 voluntatem?
2569 2985 2590 3019 ι

2073 3058 2211 3112 Anc.
2241 3057 2524 3128 Numquid,
2543 3059 2790 3129 quoniam
2817 3060 2885 3117 de
2912 3063 3146 3131 parvulis
3165 3064 3438 3134 agebatur,
3469 3065 3592 3120 ideo

2000 3147 2142 3219 quod
2167 3164 2352 3205 verum
2379 3150 2584 3216 dixisti,
2606 3166 2712 3205 non
2741 3152 2898 3207 debui
2927 3155 3212 3210 ostendere
3231 3157 3391 3210 etiam
3415 3172 3590 3212 meam

2001 3255 2108 3296 non
2142 3242 2402 3312 impedire
2427 3244 2746 3299 sententiam
2767 3285 2782 3309 ,
2812 3245 2862 3298 id
2889 3255 2991 3314 est,
3020 3262 3125 3302 non
3151 3263 3270 3302 esse
3296 3264 3454 3318 posse
3473 3248 3591 3305 sine

2002 3335 2271 3390 voluntate
2289 3335 2538 3390 delictum
2559 3353 2572 3403 ;
2597 3338 3023 3409 quandoquidem
3041 3341 3199 3394 etiam
3217 3341 3475 3411 originale
3494 3342 3592 3398 de-

2002 3423 2182 3480 lictum
2212 3441 2316 3480 non
2346 3426 2504 3481 habet
2533 3417 2778 3490 causam,
2815 3429 2913 3482 nisi
2962 3445 3024 3484 ex
3057 3431 3198 3485 illius
3224 3431 3526 3498 voluntate,
3558 3449 3590 3487 ει

2001 3517 2233 3588 quoipsa
2263 3519 2411 3588 origo
2440 3517 2760 3574 deducitur?
2789 3519 2921 3574 Illud
2952 3536 3079 3591 ergo
3108 3537 3228 3576 cum
3254 3522 3478 3578 adversa
3506 3524 3589 3578 in-

2001 3609 2235 3663 tentione
2253 3608 2500 3674 dixisses,
2531 3624 2640 3663 non
2669 3609 2799 3664 mihi
2829 3620 3006 3665 tamen
3039 3611 3322 3668 adversum
3353 3629 3476 3671 esse
3496 3631 3587 3672 rc-

2001 3699 2228 3768 spondi,
2252 3707 2306 3754 et
2329 3715 2512 3754 verum
2539 3715 2659 3755 esse
2679 3702 2948 3768 concessi;
2972 3711 3026 3757 et
3043 3703 3185 3774 quod
3218 3714 3273 3759 tu
3305 3721 3411 3760 non
3441 3705 3591 3762 vide-

2001 3805 2109 3856 ras,
2129 3790 2399 3860 quomodo
2419 3789 2549 3845 mihi
2571 3807 2675 3847 non
2694 3792 3083 3860 adversaretur,
3105 3797 3332 3851 ostendi.
3361 3798 3589 3857 Potuisti

1964 3917 1966 3919 -
1999 3881 2141 3936 enim
2189 3881 2366 3936 dicere
2409 3883 2700 3938 secundum
2740 3884 3086 3940 intentionem
3117 3897 3297 3956 tuam,
3323 3905 3428 3944 non
3468 3905 3589 3948 esse

2001 3986 2160 4041 posse
2179 3970 2430 4027 delictum
2457 3973 2572 4028 sine
2593 3974 2733 4029 illius
2753 4017 2768 4042 ,
2791 3975 2942 4045 cujus
2971 3977 3224 4034 delictum
3241 3989 3351 4048 est,
3373 3981 3589 4051 propria

2001 4066 2304 4121 voluntate:
2328 4066 2471 4137 quod
2494 4068 2538 4122 si
2570 4067 2813 4133 dixisses,
2843 4086 3173 4141 nequaquam
3200 4074 3587 4142 concederem;

2000 4157 2118 4213 sine
2134 4159 2346 4229 propria
2367 4159 2532 4214 enima
2552 4162 2818 4216 nascentis
2833 4162 3102 4219 voluntate
3116 4163 3343 4220 trahitur
3357 4167 3591 4237 origina-

2001 4253 2052 4308 Ie
2078 4262 2373 4324 peccatum.
2395 4253 2498 4310 Sed
2530 4263 2706 4310 tamen
2726 4271 2908 4311 verum
2938 4256 3139 4325 dixisti,
3160 4273 3266 4314 non
3290 4275 3447 4329 posse
3467 4275 3588 4318 esse

2002 4345 2117 4399 sine
2145 4345 2416 4400 voluntate
2456 4356 2727 4414 peccatum
2757 4347 2914 4416 :quia
2933 4358 2987 4402 et
3013 4349 3183 4420 ipsum
3214 4351 3471 4421 originale
3495 4366 3590 4406 vo-

2003 4435 2178 4491 luntas
2199 4437 2316 4506 ejus
2344 4435 2537 4501 eﬂ‘ccit,
2560 4439 2648 4503 qui
2679 4438 2879 4507 primus
2905 4454 2986 4506 ea,
3006 4455 3108 4509 qua
3133 4451 3319 4495 natura
3350 4441 3584 4497 humana

2000 4531 2181 4585 vitiata
2207 4539 2308 4595 est,
2337 4531 2608 4585 voluntate
2639 4533 2909 4602 peccavit;
2938 4533 3006 4586 ita
3037 4543 3095 4587 ut
3120 4533 3374 4605 quidquid
3409 4534 3586 4591 homi-

2002 4637 2127 4676 num
2155 4632 2460 4677 nasceretnr
2480 4638 2575 4692 per
2591 4624 2766 4677 carnis
2791 4624 3295 4694 concupiscentiam,
3320 4642 3438 4696 quae
3463 4641 3588 4683 reo-

2003 4729 2118 4767 rum
2141 4713 2452 4768 confusione
2481 4714 2652 4768 velata
2683 4724 2784 4782 est,
2815 4714 3040 4770 liberum
3067 4731 3172 4772 non
3190 4715 3342 4774 fleret
3360 4732 3392 4773 a
3410 4729 3584 4789 reatu,

2003 4807 2102 4861 nisi
2133 4817 2503 4878 renasceretur
2531 4822 2628 4877 per
2647 4807 2863 4876 spiritus
2884 4809 3126 4878 gratiam.

2071 4897 2254 4953 XCVI.
2283 4897 2400 4954 JUL.
2431 4898 2693 4968 Numquid
2715 4899 2782 4954 de
2807 4899 2977 4954 Adam
3003 4901 3253 4971 operibus
3288 4903 3592 4975 interroga-

2003 4999 2086 5044 tus
2112 5005 2252 5056 eras,
2279 5001 2366 5044 aut
2386 4992 2665 5060 quaesitum
2713 4989 2915 5057 fuerat,
2957 4999 3133 5046 utrum
3179 4992 3269 5048 ille
3313 4994 3588 5052 voluntate

2002 5091 2278 5153 peccasset
2313 5083 2338 5136 ?
2380 5082 2521 5153 quod
2562 5082 2772 5153 quidem
2805 5091 2988 5138 contra
3039 5093 3092 5139 te
3145 5100 3266 5140 mox
3296 5094 3584 5155 quaeretur.

2000 5175 2149 5239 Esto,
2177 5174 2294 5228 aliis
2323 5183 2373 5229 te
2401 5174 2626 5229 delectet
2651 5174 2875 5230 illudere
2901 5193 2914 5230 :
2942 5176 3092 5246 cujus
3113 5174 3467 5232 deformitatis
3481 5187 3584 5246 est,

1978 5276 2059 5338 {ut
2084 5278 2141 5320 tu
2164 5265 2370 5320 tibimet
2396 5266 2678 5337 imponas?
2699 5266 2894 5337 quippe
2925 5265 3065 5320 haud
3101 5266 3231 5319 mihi
3275 5267 3428 5320 valeo
3458 5282 3588 5336 per--

2003 5361 2230 5415 suadere
2250 5401 2264 5425 ,
2291 5358 2432 5428 quod
2462 5369 2656 5414 tantam
2688 5359 3078 5415 deformitatem
3107 5375 3211 5413 non
3238 5358 3457 5424 fraude,
3489 5360 3586 5415 sed

2002 5451 2250 5521 Opinione
2277 5451 2511 5520 patiaris.
2537 5452 2595 5505 In
2619 5467 2722 5506 uno
2763 5450 3058 5520 eodemque
3083 5465 3238 5504 versu
3269 5447 3544 5504 assentiris
3566 5489 3584 5516 ,

2003 5559 2106 5600 non
2135 5560 2290 5615 posse
2322 5559 2441 5600 esse
2467 5546 2581 5600 sine
2602 5545 2872 5598 voluntate
2894 5543 3165 5608 deiictum,
3182 5553 3234 5597 et
3255 5531 3591 5612 subdispro.

2005 5638 2165 5696 tinus.
2198 5645 2472 5706 peccatum
2500 5636 2640 5706 quod
2669 5636 2784 5690 sine
2810 5643 2954 5689 motu
2984 5634 3146 5688 animi
3170 5633 3339 5688 libero
3369 5647 3588 5691 manere

2067 5757 2085 5819 1
2119 5753 2256 5814 Editi,
2286 5750 2482 5819 malum.
2507 5753 2790 5803 Concinnius
2811 5757 2935 5811 Mss,

2067 5818 2088 5848 ι
2123 5813 2270 5865 Vetus
2290 5817 2446 5865 codex
2470 5823 2730 5871 Portarum,
2753 5827 2848 5876 qua
2877 5813 3121 5876 patientia.

2067 5879 2088 5910 ⁸
2120 5879 2192 5927 sic
2212 5885 2294 5926 Ms.
2331 5883 2454 5925 Port.
2497 5876 2580 5924 Alii
2619 5869 2736 5927 vero
2766 5869 3079 5938 manuscripti
3121 5886 3230 5924 cum
3276 5872 3421 5924 editis
3462 5869 3588 5936 loco,

2009 5938 2151 6004 enim,
2178 5939 2375 6000 habent,
2407 5938 2591 5989 eadem.
