3980 6536
507 391 648 448 I399

517 504 656 560 Velle
684 503 883 574 adjacet
907 502 1052 566 mihi,
1085 500 1346 570 professio
1375 501 1460 554 est
1495 497 1821 564 voluntatis;
1855 495 2085 563 Perﬁce-

505 615 562 652 re
589 608 755 652 autem
783 596 986 656 bonum,
1016 609 1118 645 non
1150 592 1346 645 invenio
1377 589 1551 662 (Rom.
1577 605 1672 656 vn,
1698 589 1784 655 15,
1810 587 1924 656 18),
1953 602 2087 641 con-

507 688 673 744 fessio
702 697 784 741 est
821 682 1174 739 necessitatis.
1223 681 1301 735 Tu
1328 683 1347 714 ¹
1387 696 1516 738 vero
1546 681 1725 736 dixisti
1756 679 2085 732 voluntatem

503 787 560 834 et
585 777 952 833 necessitatem
981 774 1136 828 simul
1158 789 1277 829 esse
1306 789 1410 829 non
1438 789 1634 845 posse;
1663 789 1782 828 cum
1808 787 1998 827 cernas
2018 770 2092 825 si-

500 871 614 925 mul
641 883 732 924 eas
777 882 896 923 csse
926 883 1046 922 cum
1092 867 1440 932 concordant,
1487 866 1643 922 simul
1683 881 1806 922 esse
1839 881 1960 920 cum
1989 879 2090 935 pu-

501 970 687 1033 gnant.
718 959 846 1015 Illud
891 975 1050 1030 porro
1077 959 1357 1014 ridiculum
1388 968 1491 1026 est,
1522 959 1664 1029 quod
1707 975 1801 1028 pro
1829 957 2087 1028 impossi-

499 1053 595 1109 bili
635 1052 891 1122 posuisti,
927 1069 946 1101 ι
981 1050 1129 1116 nihil,
1168 1068 1187 1102 ›
1223 1050 1430 1117 dicens,
1485 1069 1506 1103 ι
1540 1052 1782 1106 obtusius
1806 1093 1821 1118 ,
1869 1051 1976 1104 imo
2007 1049 2089 1105 fu-

498 1145 698 1201 riosius
723 1143 962 1214 cogitari,
1003 1153 1061 1198 ιιι
1101 1153 1379 1214 postquam
1417 1145 1582 1214 cmpit
1631 1145 1880 1200 voluntas
1923 1158 2044 1199 esse
2069 1184 2084 1210 ,

498 1237 744 1291 voluntas
791 1249 911 1290 esse
945 1235 1199 1292 desierit:
1233 1256 1250 1288 ι
1304 1237 1452 1307 quasi
1505 1251 1614 1291 non
1656 1236 1759 1291 hoc
1806 1236 1916 1302 fiat,
1965 1250 2086 1289 cum

499 1327 662 1383 boum
685 1328 898 1400 quando
928 1330 1153 1398 coeperit
1194 1329 1334 1384 male
1378 1329 1577 1400 aliquid
1605 1329 1764 1392 velle,
1813 1342 1938 1382 mox
1963 1341 2087 1381 eum

496 1421 723 1493 paenitet
761 1430 814 1474 ct
854 1420 1051 1478 desinit
1079 1421 1233 1476 velle.
1265 1419 1642 1474 Verumtamen
1687 1419 1810 1473 talia
1842 1419 2085 1488 loquens,

505 1535 525 1568 ι
562 1523 828 1580 contorto,
886 1534 905 1566 ι
943 1524 998 1568 ιιι
1043 1514 1198 1579 dicis,
1234 1522 1446 1584 gutture
1495 1528 1582 1567 me
1622 1530 1641 1563 ‹
1675 1513 1822 1582 cogis
1851 1525 2088 1566 annuere

497 1609 706 1664 nullum
726 1607 778 1662 in
801 1607 1036 1677 parvulis
1058 1621 1180 1662 esse
1199 1617 1478 1678 peccatum
1509 1622 1523 1660 :
1553 1623 1572 1658 ι
1600 1620 1721 1660 cum
1746 1613 1802 1659 tu
1831 1619 1930 1660 nec
1954 1618 2086 1659 con-

497 1709 643 1754 torto
667 1707 876 1767 gutture
905 1699 1188 1768 abrumpas
1209 1698 1474 1752 vinculum
1511 1697 1788 1752 catholicae
1815 1697 2080 1765 veritatis,

497 1809 604 1864 quo
630 1796 732 1850 nisi
752 1793 800 1849 ci
829 1793 1152 1858 consentias,
1181 1792 1482 1848 miserrimc
1503 1791 1875 1868 strangularis.

568 1883 701 1940 CIV.
728 1884 845 1940 Jun.
889 1883 1042 1952 Quod
1083 1899 1210 1938 vero
1248 1881 1520 1950 addidisti,
1553 1901 1572 1935 ι
1603 1882 1707 1937 Per
1735 1899 1893 1936 unum
1916 1881 2085 1935 homi-

496 1995 612 2034 nem
639 1986 896 2049 peccatum
917 1976 1122 2030 intravit
1143 1976 1196 2030 in
1217 1975 1464 2029 mundum
1484 2017 1500 2042 ,
1536 1992 1556 2027 ι
1597 1985 1654 2029 ιιι
1683 1974 1771 2030 hic
1802 1983 2081 2029 ostensum

495 2078 580 2124 est
603 2067 1161 2124 iuconvenicntissime
1204 2066 1546 2130 collocatum,
1579 2067 1650 2121 ita
1674 2068 1726 2121 in
1753 2066 1988 2122 secundo
2012 2066 2082 2120 li-

493 2161 594 2216 bro
624 2159 1071 2231 quemadmodum
1115 2158 1441 2230 intelligatur
1485 2159 1784 2229 expositum
1825 2168 1927 2214 est.
1974 2156 2082 2214 Sed

492 2251 624 2322 jam,
668 2251 917 2322 praesenti
959 2250 1317 2321 disputatione
1361 2251 1628 2322 suppleta,
1675 2249 1804 2305 libet
1833 2249 2079 2305 acutissi-

491 2359 635 2400 mam
659 2345 681 2377 ²
707 2352 998 2400 retractare
1024 2345 1345 2399 sententiam
1373 2361 1385 2396 :
1411 2344 1490 2398 sic
1510 2346 1654 2398 enim
1683 2343 1878 2412 inquis,
1913 2361 1934 2395 ι
1973 2339 2076 2395 Per

491 2452 654 2490 unum
701 2435 954 2490 hominem
997 2443 1257 2505 peccatum
1303 2434 1505 2489 intravit
1546 2434 1600 2488 in
1647 2433 1889 2487 mundum
1917 2427 1963 2487 et
1995 2449 2083 2504 per

493 2537 756 2600 peccatum
778 2545 916 2590 mors
932 2543 951 2592 ;
971 2539 1017 2582 et
1045 2529 1118 2582 ita
1152 2529 1206 2582 in
1231 2544 1404 2582 omnes
1427 2527 1651 2582 homines
1682 2525 1993 2596 pertransiit,
2025 2526 2078 2580 in

491 2639 592 2694 quo
619 2639 789 2677 omnes
817 2630 1145 2692 peccaverunt
1163 2639 1183 2674 ι
1208 2619 1318 2694 (ld.
1347 2637 1402 2686 v,
1441 2619 1558 2691 12).
1584 2638 1603 2672 ι
1628 2618 1731 2675 Per
1753 2619 1910 2674 unius
1937 2619 2079 2674 illius

489 2713 818 2770 voluntatem
846 2715 1041 2768 malam
1061 2727 1248 2768 omnes
1279 2713 1332 2768 in
1368 2727 1434 2768 eo
1461 2720 1834 2782 peccaverunt,
1864 2709 2080 2782 quando

490 2821 680 2862 omnes
706 2806 795 2861 ille
834 2823 970 2861 unus
1001 2807 1244 2870 fuerunt,
1298 2805 1365 2861 de
1410 2820 1516 2876 quo
1552 2813 1834 2876 propterea
1886 2805 2079 2873 singuli

489 2897 749 2968 originale
779 2904 1054 2966 peccatum
1087 2905 1364 2954 traxerunt
1389 2914 1409 2949 ι
1440 2894 1540 2970 (De
1568 2895 1778 2966 Nuptiis
1805 2906 1852 2950 et
1879 2895 2081 2951 Concu-

490 2989 754 3060 pisrentia,
788 2989 1023 3056 lib.2,n.
1057 2991 1166 3063 15).
1203 3009 1224 3042 ι
1248 2989 1419 3052 Tunc,
1459 3008 1478 3043 ι
1522 2991 1718 3060 inquis,
1771 3007 1790 3041 ι
1827 3005 2082 3060 peccave-

489 3090 636 3147 runt,
665 3081 880 3152 quando
899 3097 1088 3138 omnes
1127 3081 1215 3138 ille
1247 3097 1384 3136 unus
1412 3081 1643 3137 fuerunt.
1685 3100 1704 3134 ι
1739 3081 1853 3136 Hoc
1898 3091 2076 3137 autem
2135 3093 2176 3116 ὀ

486 3172 599 3243 iam
621 3171 687 3227 ad
721 3172 1082 3226 Marcellinum
1110 3181 1160 3227 te
1183 3174 1466 3242 scripsisse
1488 3171 1590 3242 (De
1621 3172 1952 3227 Peccatorum
1974 3171 2082 3228 Me-

489 3265 620 3330 ritis,
651 3264 720 3318 lib
744 3265 794 3326 1,
826 3280 880 3316 n.
929 3264 1017 3326 Η,
1061 3273 1106 3316 et
1137 3263 1226 3317 lib.
1271 3264 1324 3329 5,
1356 3281 1410 3318 n.
1457 3265 1544 3335 Μ)
1577 3265 1908 3335 signaveram
1937 3285 1949 3320 :
1975 3281 2079 3336 quo

487 3355 797 3410 testimonio
823 3355 1180 3422 convinceris,
1208 3355 1506 3414 animarum
1537 3357 1810 3412 traducem
1863 3359 1930 3414 de
1968 3359 2078 3414 Ma-

489 3446 684 3502 nichuei
732 3446 1036 3516 specialiter
1087 3447 1379 3502 visceribus
1430 3449 1754 3519 acceptum8
1804 3449 1980 3522 (cujus
2023 3451 2077 3506 in

491 3539 648 3596 tertio
679 3539 814 3594 libro
858 3539 1151 3596 sententias
1180 3537 1420 3611 inserui)
1465 3541 1688 3596 credere
1734 3549 1893 3613 atque
1929 3559 2074 3600 com-

489 3631 672 3702 plecti.
702 3629 854 3700 Quod
883 3638 1031 3686 certe
1059 3638 1167 3685 tam
1197 3628 1441 3687 deforme
1478 3640 1582 3698 est,
1614 3641 1671 3687 ut
1699 3641 1754 3688 tu
1787 3634 1916 3690 illud
1953 3651 2074 3690 cum

489 3723 777 3794 significes,
821 3738 1154 3794 nequaquam
1195 3731 1371 3779 tamen
1413 3723 1614 3780 audeas
1656 3725 1916 3795 profiteri.
1972 3727 2078 3783 Sed

489 3815 594 3872 hoc
620 3833 714 3871 nos
738 3817 790 3872 in
815 3817 1062 3888 pt‘msenti
1085 3817 1298 3873 interim
1322 3817 1651 3886 differamus,
1683 3819 1823 3891 quod
1850 3829 1904 3875 et
1933 3822 2078 3891 prio-

487 3912 568 3968 ris
588 3911 874 3967 assertoris
900 3911 981 3966 sui
1008 3910 1357 3978 obscenitate,
1384 3919 1440 3966 et
1463 3912 1757 3982 sequentis,
1788 3911 1839 3967 id
1862 3921 1962 3980 est,
1989 3923 2080 3968 tuo

490 4017 691 4073 pavore
701 4002 988 4072 iugulatur.
1011 4000 1148 4056 lllud
1164 4012 1342 4057 autem
1373 4001 1425 4056 in
1452 4003 1698 4072 praesenti
1714 4001 1977 4073 dispicere
1989 4005 2078 4072 ju-

489 4103 618 4161 vat,
645 4102 840 4163 quanta
870 4093 921 4148 in
944 4093 1263 4164 disputando
1283 4093 1685 4163 perturbatione
1717 4093 1955 4163 iacteris.
1988 4095 2080 4151 Ais

491 4187 686 4257 quippe
711 4203 725 4240 :
755 4205 775 4239 ι
803 4186 906 4241 Per
921 4187 1076 4241 unius
1099 4186 1244 4241 illius
1266 4185 1584 4240 voluntatem
1607 4186 1798 4241 malam
1825 4202 2009 4243 onmes
2027 4190 2078 4242 in

1178 383 1422 440 OPERIS
1460 377 1870 440 IMPERFECTI
1906 373 2183 436 CONTRA
2219 361 2578 446 JULIANUM,
2618 379 2675 454 s.
2716 375 3110 440 AUGUSTINI

2183 294 2242 304 -ο
2314 301 2316 304 .
2333 282 2448 306 ,λα-λά

3679 385 3790 449 “00

2203 501 2327 548 ante
2353 501 2425 547 tot
2455 494 2645 549 saecula
2676 494 2924 550 habuisse
2953 508 3239 560 sensum,
3279 491 3574 564 Judicium,
3601 498 3788 564 emcien.

2205 588 2327 642 tiam
2351 590 2675 644 voluntatis?
2701 591 2852 658 Quod
2879 592 3115 662 quidem
3151 589 3214 644 in
3261 589 3427 644 libris
3453 605 3588 660 quos
3611 595 3670 650 ad
3691 597 3790 656 Mar.

2199 679 2378 732 cellini
2408 695 2604 734 nomen
2630 681 2860 748 edidisti,
2906 698 3017 736 non
3072 678 3371 735 dubitasti
3423 695 3652 752 ponere;
3679 691 3794 759 plane

2199 771 2267 826 ad
2308 773 2694 830 ostendendum
2735 790 2835 847 qua
2863 775 3118 832 amentia
3151 783 3470 830 teneantur
3497 776 3686 836 inimici
3710 785 3796 842 Dei.

2198 861 2274 920 lbi
2305 863 2448 919 enim
2479 865 2551 920 ita
2575 868 2687 920 ais:
2726 886 2746 919 ι
2773 867 2872 934 Qui
2896 867 3124 939 parvuli
3163 867 3224 920 in
3251 865 3440 919 Adam
3471 883 3792 946 peccaverunt,

2197 967 2256 1011 ut
2277 957 2327 1012 ei
2350 959 2551 1015 similes
2569 970 2881 1016 erearentur
2908 981 2927 1015 ι
2957 961 3076 1033 (De
3107 959 3482 1014 Peccatorum
3508 962 3708 1034 Meritis,
3733 973 3794 1028 lib.

2197 1051 2251 1120 1,
2285 1069 2339 1106 n.
2371 1053 2484 1125 il).
2511 1054 2628 1122 Quo
2675 1054 2800 1126 quid
2851 1055 3216 1120 mendacius,
3277 1056 3580 1121 amentius,
3607 1067 3657 1113 et
3677 1077 3794 1132 spur.

2195 1143 2313 1199 cius
2353 1145 2528 1214 potuit
2575 1146 2846 1212 insonare,
2879 1161 3042 1216 quam
3111 1164 3136 1198 ι
3173 1153 3318 1200 ante
3374 1161 3736 1221 peccaverunt,
3758 1169 3796 1212 ut

2194 1240 2540 1294 crearentur?
2574 1259 2593 1292 ι
2629 1239 2684 1294 ld
2709 1249 2812 1305 est,
2843 1239 3102 1295 faciendo
3131 1249 3502 1304 meruerunt,
3533 1221 3589 1296 ut
3625 1259 3794 1313 possem

2193 1346 2315 1387 esse
2337 1331 2425 1402 qui
2452 1331 2648 1402 aliquid
2678 1341 3070 1402 cperarentur;
3103 1337 3168 1386 et
3206 1329 3507 1401 antiquior
3529 1348 3703 1390 eorum
3725 1338 3793 1396 fuit

2193 1423 2352 1489 actio,
2396 1437 2554 1492 quam
2600 1423 2915 1478 substantia.
2963 1423 3110 1490 Qua:
3143 1429 3510 1488 commenta,
3563 1423 3720 1496 Orgiis
3756 1441 3792 1488 et

2193 1511 2414 1584 Thyrsis
2465 1515 2666 1585 aptiora
2725 1531 2882 1586 quam
2931 1515 3140 1572 litteris
3175 1557 3194 1582 ,
3256 1513 3542 1570 indicasse
3585 1518 3788 1578 sufﬁciat

2193 1602 2322 1661 Inde
2347 1619 2474 1677 ergo
2501 1607 2736 1661 manavit
2777 1606 2873 1662 ista
2913 1607 3222 1678 responsio
3249 1648 3268 1673 ,
3303 1620 3418 1676 qua
3455 1607 3616 1674 dicis,
3649 1609 3790 1670 Omna

2190 1696 2246 1751 in
2271 1715 2328 1754 eo
2353 1709 2673 1767 peccauerunt
2695 1739 2710 1766 ,
2743 1701 2945 1771 quando
2970 1702 3063 1756 ille
3091 1716 3249 1754 unus
3276 1717 3462 1756 omnes
3493 1701 3722 1772 fuerunt,
3741 1711 3786 1765 de

2190 1806 2289 1860 quo
2339 1791 2526 1862 singuli
2565 1801 2822 1862 peccatum
2870 1793 3133 1862 originale
3189 1802 3502 1845 traxerunt.
3559 1794 3649 1849 Hic
3679 1799 3784 1857 enim

2189 1879 2533 1937 laborandum
2581 1898 2684 1937 non
2723 1893 2844 1945 est,
2887 1893 2945 1938 ut
2998 1883 3366 1948 doceamus,
3419 1897 3544 1939 cum
3587 1887 3782 1948 voluntas

2189 1987 2322 2043 opus
2348 1989 2588 2044 persontc
2634 1975 2732 2038 sit,
2765 1975 3096 2060 vpluntatem
3133 1985 3277 2031 ante
3309 1991 3606 2046 personam
3627 2022 3642 2046 ,
3669 1983 3782 2052 Cujus

2189 2065 2432 2119 voluntas
2479 2077 2596 2133 est,
2663 2079 2781 2121 esse
2829 2081 2934 2121 non
2983 2081 3156 2137 posse
3219 2085 3234 2120 :
3288 2067 3393 2123 sed
3439 2069 3570 2126 illud
3607 2076 3778 2142 potissi-

2187 2168 2332 2208 mum
2363 2155 2584 2226 intelligi
2609 2157 2730 2211 volo
2757 2199 2771 2222 ,
2805 2158 2926 2228 quia
2952 2173 3052 2214 nec
3080 2143 3416 2214 Secundum
3451 2160 3588 2216 hanc
3611 2165 3778 2234 epinic-

2187 2260 2308 2300 nem
2339 2255 2422 2302 est
2467 2247 2722 2318 originale
2761 2259 3053 2318 peccatum.
3099 2251 3254 2306 Nam
3297 2252 3348 2307 si
3380 2267 3572 2309 omnes
3600 2256 3663 2311 ibi
3687 2259 3773 2315 fue-

2185 2349 2311 2396 runt
2360 2342 2449 2413 qui
2495 2353 2887 2413 peccaverunt,
2919 2345 3054 2400 nihil
3107 2355 3418 2400 traxerunt
3464 2346 3533 2400 de
3575 2343 3773 2420 originali

2185 2435 2360 2501 malo,
2388 2437 2509 2506 quia
2539 2436 2590 2491 id
2620 2437 2854 2492 universi
2880 2438 2990 2494 suis
3015 2438 3226 2494 studiis
3249 2449 3647 2510 perpetrarunt.
3675 2443 3770 2498 Tra-

2185 2525 2288 2581 dux
2343 2541 2470 2598 ergo
2510 2529 2713 2598 peccati
2753 2544 2858 2583 non
2898 2529 3070 2585 solum
3123 2529 3414 2586 catholica
3463 2534 3673 2588 veritate
3699 2534 3767 2590 de-

2185 2618 2424 2685 struitur,
2441 2633 2622 2674 verum
2645 2619 2803 2675 etiam
2823 2622 3028 2691 patroni
3049 2620 3136 2676 sui
3158 2622 3514 2693 argumentis
3533 2625 3764 2680 omnibus:

2184 2710 2324 2780 quod
2364 2709 2578 2782 quidem
2629 2711 2790 2768 habet
2837 2711 3252 2769 mendaciorum
3311 2723 3545 2782 natura,
3593 2727 3646 2770 ut
3687 2731 3764 2771 non

2184 2812 2361 2859 servet
2395 2803 2677 2858 simulandi
2702 2804 3088 2860 concinentiam
3108 2846 3126 2871 ,
3173 2804 3282 2860 sed
3319 2806 3650 2862 verecundia:
3671 2824 3761 2878 pro-

2135 2911 2144 2917 -
2183 2891 2302 2962 diga
2321 2933 2336 2957 ,
2367 2901 2423 2947 et
2448 2893 2606 2947 alieni
2631 2902 2886 2964 appetens
2908 2933 2924 2961 ,
2955 2894 3006 2949 in
3039 2896 3324 2952 universis
3350 2912 3476 2967 quae
3511 2913 3762 2968 usurpave-

2183 2982 2254 3037 rit
2277 2983 2574 3054 detegatur.

2255 3075 2389 3130 Anc.
2430 3075 2533 3130 Per
2551 3089 2716 3130 unum
2737 3074 3006 3132 hominem
3031 3118 3046 3142 ,
3080 3079 3136 3132 in
3169 3093 3291 3149 quo
3317 3093 3515 3136 omnes
3540 3096 3758 3149 peccave-

2181 3174 2344 3232 runt,
2376 3164 2430 3219 in
2459 3165 2714 3220 mundum
2747 3167 2977 3224 intrasse
3015 3179 3309 3238 peccatum
3337 3209 3355 3234 ,
3399 3169 3538 3225 dixit
3569 3173 3756 3242 Apostov

2183 3259 2265 3314 lus
2289 3301 2304 3324 ,
2337 3259 2595 3314 intellexit
2625 3260 2938 3316 Ambrosius
2971 3279 2983 3314 :
3014 3262 3108 3318 sed
3139 3261 3346 3319 eadem
3377 3264 3540 3318 verba
3576 3273 3753 3333 aposto-

2185 3353 2284 3408 lica
2315 3354 2366 3408 in
2409 3369 2562 3410 suum
2609 3368 2918 3422 perversum
2953 3369 3174 3410 sensum
3219 3365 3458 3412 conatur
3494 3366 3752 3426 pervertere

2182 3443 2438 3501 Julianus.
2482 3445 2592 3501 Cur
2617 3446 2668 3500 ei
2706 3461 2812 3501 non
2853 3447 2966 3516 ipse
3001 3448 3186 3517 potius
3241 3449 3542 3519 respondet
3563 3449 3751 3503 Ambro-

2133 3561 2139 3568 -
2184 3535 2336 3591 sius?
2383 3536 2520 3591 Audi
2557 3551 2721 3608 ergo,
2750 3536 2999 3594 Iuliane:
3035 3537 3262 3605 Omnes,
3297 3539 3510 3609 inquit,
3543 3540 3594 3593 in
3620 3538 3749 3592 Adam

491 4292 560 4332 eo
583 4283 954 4348 peccaverunt,
985 4275 1197 4346 quando
1226 4290 1412 4330 omnes
1440 4274 1528 4329 ille
1557 4290 1692 4329 unus
1707 4273 1938 4330 fuerunt.
1973 4296 1992 4329 ι
2024 4277 2079 4333 Si
2139 4323 2148 4327 -

490 4384 680 4425 omnes
700 4367 786 4424 ille
809 4383 947 4424 unus
959 4367 1189 4432 fuerunt,
1211 4367 1477 4438 quomodo
1493 4383 1588 4438 per
1601 4367 1924 4425 voluntatem
1940 4370 2080 4425 illius

492 4461 687 4516 malam
713 4476 901 4516 omnes
939 4469 1324 4530 peccaverunt;
1351 4474 1472 4515 cum
1515 4461 1602 4516 isti
1628 4476 1834 4529 omnes,
1862 4479 1998 4533 quos
2026 4465 2078 4519 in

455 4555 590 4618 ,illo
625 4555 789 4610 fuisse
834 4553 990 4622 dicis,
1045 4566 1140 4608 sua
1183 4552 1453 4623 potuerint
1498 4554 1770 4610 voluntate
1817 4556 2081 4625 peccare?

494 4647 630 4710 lmo,
658 4656 716 4701 ut
743 4655 1166 4717 retorqueamus,
1198 4644 1288 4700 ille
1313 4643 1578 4700 infelicior
1605 4647 1831 4712 cunctis,
1865 4647 1956 4718 qui
1985 4663 2077 4704 so-

495 4737 584 4793 lus
624 4745 799 4806 portat
839 4735 1110 4800 invidiam,
1154 4749 1276 4790 mm
1320 4749 1508 4792 omnes
1553 4735 1608 4791 in
1650 4737 1742 4792 illo
1788 4738 2078 4795 secundum

499 4842 647 4888 tuum
672 4831 862 4901 dogma
888 4829 1231 4900 deliquerint.
1264 4828 1571 4884 Habuerunt
1595 4844 1726 4902 ergo
1751 4832 1954 4900 parvuli
1980 4848 2078 4886 vo-
2130 4828 2170 4894 ’⁸,

499 4927 774 4988 luntatem,
823 4937 931 4976 non
979 4919 1153 4976 solum
1181 4929 1463 4992 antequam
1493 4931 1860 4990 nascerentur,
1892 4939 2078 4979 verum

498 5027 783 5084 antequam
812 5011 996 5082 proavi
1039 5025 1226 5067 eorum
1261 5020 1676 5082 generarentur;
1728 5021 1783 5070 et
1828 5013 1912 5068 usi
1955 5023 2079 5069 sunt

498 5104 773 5162 electionis
813 5103 1056 5170 arbitrio,
1089 5102 1398 5174 priusquam
1443 5103 1754 5158 substantiae
1777 5119 1964 5159 eorum
1989 5118 2077 5160 se-

497 5199 640 5252 mina
669 5197 1046 5250 conderentur.
1077 5193 1188 5249 Cur
1225 5193 1402 5264 itaque
1445 5193 1638 5249 metuis
1668 5195 1877 5260 dicere,
1919 5194 1972 5249 in
1999 5194 2079 5251 eis

499 5299 740 5359 tempore
779 5293 1132 5354 conceptuum
1159 5299 1378 5340 suorum
1423 5299 1544 5342 esse
1585 5285 1806 5340 liberam
1831 5285 2078 5341 volunta-

499 5391 606 5437 tem
629 5421 645 5448 ,
696 5395 800 5451 qua
853 5389 1127 5450 peccatum
1176 5390 1283 5433 non
1333 5375 1546 5431 trahant
1603 5375 1932 5438 naturaliter,
1983 5377 2078 5433 sed

499 5481 695 5542 sponte
719 5468 1085 5534 committant;
1135 5467 1181 5523 si
1227 5465 1404 5524 credis
1444 5481 1540 5523 eos
1581 5465 1738 5523 hodie
1761 5474 2072 5538 conceptos,

564 5725 584 5790 ξ
619 5721 907 5785 vtgnierius,
933 5719 1019 5790 ita.
1051 5725 1110 5790 At
1131 5725 1260 5781 Msa,
1281 5725 1350 5772 tu.

563 5786 588 5819 ³
617 5791 764 5842 μοι-ιη
785 5786 1208 5832 accusatissimam.

561 5846 1057 5910 ’ναιοοααεριωη-

2183 3628 2498 3693 moriuntur;
2522 3629 2641 3700 quia
2665 3646 2685 3680 ι
2705 3645 2796 3699 per
2819 3645 2979 3683 unum
3003 3629 3266 3684 hominem
3297 3637 3557 3700 peccatum
3581 3629 3748 3682 intravit

2183 3719 2236 3772 in
2261 3719 2539 3786 mundum,
2565 3729 2614 3774 et
2637 3736 2728 3790 per
2754 3729 3013 3791 peccatum
3035 3735 3174 3775 mors
3201 3737 3226 3788 ;
3249 3731 3302 3776 et
3325 3721 3402 3774 ita
3425 3721 3480 3774 in
3507 3735 3663 3774 omnes
3685 3718 3748 3771 ho-

2183 3809 2342 3863 mines
2385 3811 2672 3879 pertransiit
2695 3851 2710 3874 ,
2732 3810 2786 3864 in
2822 3827 2920 3881 quo
2943 3801 3129 3866 omnes
3173 3823 3558 3884 peccauerunt:
3589 3829 3608 3864 ι
3635 3810 3743 3864 illius

2184 3917 2301 3970 ergo
2335 3901 2488 3970 culpa
2523 3917 2659 3954 mors
2685 3902 2909 3955 omnium
2937 3913 3011 3957 est
3041 3901 3190 3975 (Lib.
3215 3905 3253 3959 4
3277 3905 3335 3958 in
3372 3903 3500 3958 Luc.
3541 3917 3610 3966 tv,
3637 3899 3740 3968 58).

2183 3991 2321 4045 Audi
2363 3991 2536 4046 adhuc
2569 3991 2710 4046 aliud
2759 4009 2774 4046 :
2815 3991 2980 4059 Fuit,
3015 3993 3222 4064 inquit,
3270 3995 3480 4062 Adam,
3519 4005 3565 4049 et
3595 3994 3643 4047 in
3670 3991 3739 4046 illo

2185 4081 2372 4153 fuimus
2397 4099 2567 4136 omnes
2593 4099 2614 4147 ;
2641 4083 2788 4151 periit
2811 4083 3014 4152 Adam,
3041 4095 3088 4140 et
3122 4102 3304 4142 omet
3327 4087 3384 4141 in
3403 4086 3495 4142 illo
3519 4085 3740 4156 perierant

2189 4169 2333 4241 (Lib.
2364 4171 2396 4224 7
2419 4172 2473 4225 in
2495 4169 2624 4225 Luc.
2653 4187 2744 4236 xv,
2771 4170 2899 4245 24).
2921 4173 3055 4229 Huic
3069 4173 3179 4242 dic,
3207 4175 3254 4231 si
3283 4175 3470 4242 audes,
3500 4172 3630 4244 quod
3651 4185 3734 4225 una

2185 4263 2360 4317 anima
2373 4264 2588 4334 propria
2603 4263 2874 4320 voluntate
2903 4275 3174 4334 peccante,
3203 4281 3314 4322 non
3335 4271 3612 4337 potuerunt
3631 4276 3730 4332 per-

2184 4350 2262 4406 ire
2299 4359 2376 4406 tot
2399 4352 2591 4406 anima:
2616 4353 2851 4408 nondum
2877 4353 3134 4411 habentes
3171 4357 3422 4426 proprias
3449 4354 3726 4410 voluntates.

2185 4443 2362 4513 Argue
2385 4443 2404 4474 ί
2446 4442 2514 4498 de
2559 4443 2760 4514 origine
2786 4445 3082 4502 animarum
3121 4449 3513 4504 cunctationem
3552 4458 3726 4506 meam.

2184 4535 2306 4605 quia
2342 4549 2446 4590 non
2487 4535 2657 4590 audeo
2695 4536 2888 4593 docere
2919 4537 3000 4594 vel
3047 4539 3318 4596 afﬁrmare
3357 4539 3496 4612 quod
3531 4535 3724 4592 nescio:

2184 4623 2363 4694 profer
2389 4634 2444 4681 tu
2469 4626 2536 4682 de
2554 4625 2712 4696 hujus
2737 4629 2814 4683 rei
2844 4637 2950 4684 tam
2976 4629 3235 4700 profunda
3261 4631 3577 4688 obscuritate
3609 4623 3724 4697 quod

2183 4717 2357 4786 placet
2387 4733 2402 4784 ;
2428 4716 2553 4772 dum
2579 4727 2756 4774 tamen
2782 4719 2884 4775 lixa
2909 4729 2964 4775 et
2987 4723 3302 4778 inconcussa
3324 4723 3395 4778 sit
3419 4722 3513 4776 ista
3538 4725 3717 4774 senten-

2186 4806 2256 4860 tia
2275 4846 2293 4873 ,
2324 4806 2448 4876 quia
2477 4806 2615 4862 illius
2643 4809 2801 4864 unius
2840 4810 2994 4881 culpa
3025 4827 3172 4868 mors
3203 4813 3442 4870 omnium
3469 4818 3577 4876 est,
3601 4817 3648 4863 et
3676 4806 3716 4859 in

2183 4895 2278 4953 illo
2313 4913 2499 4954 omnes
2526 4900 2837 4968 perierunt;
2865 4900 3005 4957 unde
3037 4913 3185 4958 venit
3224 4903 3541 4960 novissimus
3577 4897 3714 4953 Adam

2183 5001 2423 5058 quaerere
2449 4997 2503 5042 et
2523 4989 2732 5046 salvare
2757 4991 2894 5061 quod
2921 4992 3151 5062 perierat
3169 4993 3319 5065 (Luc.
3349 4991 3582 5062 xrx,10).
3608 4986 3713 5043 Huic
3762 5005 3768 5038 ρ

2183 5077 2300 5145 dic,
2339 5079 2406 5134 Et
2433 5079 2517 5134 isti
2544 5095 2671 5151 ergo
2709 5095 2804 5136 sua
2841 5083 3110 5140 voluntate
3135 5095 3510 5156 peccaverunt,
3536 5095 3651 5152 quos
3670 5078 3712 5131 in

2183 5169 2275 5226 illo
2299 5171 2518 5240 periisse
2539 5171 2672 5228 dicis
2690 5215 2704 5240 ,
2736 5174 2824 5243 qui
2849 5188 2942 5230 sua
2963 5175 3232 5232 voluntate
3255 5175 3498 5248 peccavit.
3527 5171 3618 5228 Sed
3637 5182 3708 5236 Ρο·

2183 5271 2322 5318 terat
2347 5263 2658 5319 Ambrosius
2687 5265 2787 5320 hoc
2815 5265 3114 5337 intelligere
3137 5308 3153 5332 ,
3177 5268 3316 5340 quod
3356 5275 3411 5322 tu
3435 5281 3530 5320 non
3556 5271 3705 5332 poteS.

2185 5371 2292 5412 non
2346 5357 2449 5413 hoc
2484 5355 2590 5412 dici
2637 5367 2852 5428 propter
2875 5359 2895 5390 ²
2925 5359 3202 5416 arbitrium
3241 5361 3542 5432 singulorum
3574 5395 3589 5422 ,
3629 5348 3702 5405 sed

2184 5457 2403 5521 propter
2428 5449 2684 5520 originem
2713 5451 2932 5506 seminis
2953 5492 2966 5518 ,
3001 5453 3138 5509 unde
3161 5469 3345 5510 omnes
3369 5449 3518 5507 futuri
3541 5452 3700 5502 erant:

2185 5539 2474 5596 secundum
2514 5555 2670 5610 quam
2712 5541 2968 5612 originem
2996 5557 3182 5600 omnes
3213 5545 3264 5600 in
3297 5544 3384 5600 illo
3418 5554 3514 5596 uno
3547 5539 3692 5593 erant.

2183 5641 2243 5689 et
2266 5632 2319 5688 hi
2346 5645 2532 5688 omnes
2551 5647 2686 5688 unus
2706 5631 2795 5689 ille
2813 5644 2983 5703 erant,
3007 5637 3096 5707 qui
3121 5638 3174 5692 in
3199 5651 3257 5694 se
3277 5636 3396 5708 ipsis
3421 5629 3534 5688 nulli
3559 5625 3693 5682 adhuc

2247 5809 2268 5871 ‘,
2303 5807 2458 5871 V181!»
2485 5811 2646 5871 Atque.
2675 5811 2804 5871 uss,
2829 5817 3000 5871 Argue.
3660 5813 3702 5859 ,ι

2252 5870 2272 5900 ¹
2302 5862 2387 5918 ιιιὸ
2405 5862 2456 5918 in
2475 5862 2623 5919 editis
2651 5862 2859 5934 additur,
2883 5862 3090 5926 liberum
3105 5911 3122 5938 ,
3144 5873 3238 5926 sed
3257 5875 3390 5925 abest
3405 5881 3435 5922 ι
3451 5873 3545 5918 Is.
