3980 6498
154 403 291 462 1401

152 528 328 577 erant.
365 514 672 574 Secundum
715 511 850 567 hanc
885 510 1145 583 originem
1190 510 1536 572 seminalem,
1582 511 1743 565 etiam

151 611 285 668 Levi
330 610 382 664 in
432 607 626 664 lumbis
664 605 828 675 patris
875 603 956 658 sui
1004 603 1274 658 Abraham
1306 601 1469 657 fuisse
1515 600 1742 666 dicitur,

151 703 369 776 quando
394 718 422 755 a
445 695 838 756 Melchisedech
858 694 1152 751 decimatas
1171 703 1253 750 est
1277 694 1546 749 Abraham
1570 708 1583 743 :
1610 689 1750 745 unde

152 807 210 853 et
256 799 369 868 ipse
410 793 540 849 Levi
584 802 710 847 tunc
752 790 1048 845 decimatas
1090 786 1421 851 ostenditur,
1457 799 1560 837 non
1593 784 1645 836 in
1688 796 1748 852 se

151 889 307 958 ipso,
336 885 429 941 sed
461 886 516 938 iu
539 883 631 937 illo
657 883 710 936 in
737 881 887 952 cujus
914 879 1014 934 fuit
1035 879 1230 933 lumbis
1256 895 1268 930 :
1301 891 1399 930 nec
1424 874 1610 941 voluit,
1645 887 1747 929 nec

151 956 329 1037 noluit
357 975 612 1033 decimari
646 993 661 1042 ;
693 974 949 1044 quoniam
978 971 1122 1026 nulla
1162 971 1277 1040 ejus
1317 967 1563 1023 voluntas
1592 975 1742 1032 erat,

153 1070 372 1143 quando
396 1067 689 1124 secundum
716 1066 1066 1122 substantiam
1096 1072 1113 1103 ί
1143 1077 1292 1117 suam
1320 1074 1417 1114 nec
1440 1059 1552 1129 ipse
1572 1057 1747 1112 adhuc

154 1173 323 1230 erat;
361 1171 418 1220 et
459 1171 634 1217 tamen
685 1159 976 1215 secundum
1022 1157 1284 1212 rationem
1328 1154 1547 1210 seminis
1575 1195 1590 1220 ,
1640 1165 1747 1208 non

156 1256 490 1314 mendaciter
511 1295 525 1321 ,
572 1268 670 1308 nec
699 1251 929 1306 inaniter
952 1250 1150 1306 dictum
1184 1259 1297 1313 est,
1339 1245 1481 1317 quod
1517 1246 1585 1300 ibi
1611 1246 1747 1312 fuit,

158 1362 221 1409 et
246 1353 533 1408 decimatus
571 1357 674 1403 est.
707 1345 859 1403 Unde
892 1345 959 1399 ab
998 1343 1098 1400 hac
1127 1343 1479 1398 decimatione
1520 1340 1749 1394 filiorum

155 1443 422 1507 Abrahae,
455 1439 546 1512 qui
571 1438 802 1494 erantin
837 1436 1032 1494 lumbis
1063 1435 1208 1506 ejus,
1239 1433 1451 1505 quando
1475 1431 1752 1488 Melchise-

155 1537 298 1593 dech
325 1534 601 1594 sacerdoti
618 1533 851 1589 decimas
872 1530 1060 1596 dedit,
1092 1530 1183 1585 ille
1207 1529 1354 1584 solus
1381 1527 1632 1583 sacerdos
1657 1543 1752 1582 ex-

153 1640 350 1700 ceptus
375 1640 478 1695 est,
507 1629 590 1683 cui
613 1628 810 1682 dictum
833 1636 915 1682 est
944 1645 957 1681 :
985 1624 1061 1679 Tu
1089 1642 1140 1679 es
1174 1623 1408 1678 sacerdos
1430 1623 1482 1676 in
1510 1631 1752 1685 talentum

152 1722 435 1778 secundum
451 1720 677 1776 ordinem
699 1719 1068 1774 Melchisedech
1095 1716 1263 1789 (Psal.
1287 1732 1396 1780 Ctx,
1414 1717 1494 1787 4).
1513 1717 1611 1782 Qui
1630 1715 1755 1772 licet

152 1816 231 1871 sit
253 1815 412 1871 etiam
444 1815 558 1884 ipse
596 1811 890 1868 secundum
929 1825 1144 1865 carnem
1183 1824 1366 1864 semen
1395 1808 1658 1874 Abrahae,
1687 1822 1752 1864 eo

152 1905 303 1977 quod
330 1907 479 1977 virgo
507 1904 700 1971 Maria,
747 1902 814 1958 de
855 1917 958 1972 qua
986 1915 1201 1957 carnem
1233 1900 1494 1971 sumpsit,
1527 1916 1591 1955 ex
1636 1901 1752 1969 ipso

154 2001 397 2064 semine,
442 2005 730 2067 propagata
751 2002 834 2049 est
867 2012 878 2048 :
917 2009 1024 2048 non
1067 2001 1244 2048 tamen
1285 2001 1368 2046 est
1391 1991 1651 2047 obnoxius
1678 1989 1754 2044 ei-

157 2090 285 2146 dem
321 2087 515 2145 semini
539 2130 553 2153 ,
580 2088 672 2158 qui
697 2085 836 2140 virili
859 2100 962 2140 non
990 2093 1074 2140 est
1107 2093 1394 2155 conceptus
1417 2098 1482 2138 ex
1511 2081 1716 2138 semine
1735 2121 1752 2148 ,

154 2181 298 2237 liber
340 2195 370 2233 a
413 2195 554 2234 nexu
601 2177 956 2233 seminatricis
993 2175 1459 2247 concupiscentiae.
1489 2173 1606 2228 Non
1640 2172 1752 2241 jam

157 2287 293 2343 ergo
317 2271 604 2327 Ambrosio
631 2309 646 2336 ,
680 2270 818 2325 sicut
846 2269 1089 2324 dicebam
1108 2309 1121 2333 ,
1149 2267 1243 2324 sed
1273 2268 1347 2322 illi
1377 2267 1464 2322 dic
1488 2266 1578 2336 qui
1618 2265 1753 2320 scri-

156 2365 271 2436 psit
301 2364 369 2419 ad
399 2363 684 2428 Hebraeos,
714 2369 873 2432 atque
899 2361 973 2415 ait
1006 2380 1019 2416 :
1053 2359 1150 2427 Et,
1180 2360 1307 2415 sicut
1337 2369 1533 2430 oportet
1558 2358 1752 2422 dicere,

159 2468 375 2531 propter
404 2457 664 2510 Abraham
690 2463 737 2508 et
765 2452 885 2508 Levi
914 2453 1168 2524 accipiens
1196 2452 1443 2506 decimam
1475 2449 1755 2504 decimatas

162 2562 242 2608 est
279 2566 298 2614 ;
327 2549 492 2603 adhuc
519 2547 652 2602 enim
687 2546 740 2599 in
767 2543 949 2599 lumbis
984 2543 1143 2614 patris
1166 2547 1246 2597 sui
1283 2543 1380 2614 {uit
1403 2583 1417 2609 ,
1450 2558 1564 2596 eum
1598 2541 1644 2594 ei
1674 2556 1760 2594 oc-

160 2644 325 2699 currit
367 2639 730 2696 Melchisedech
770 2637 976 2711 (Hebr.
1005 2637 1078 2692 vn
1103 2678 1116 2700 ,
1165 2635 1200 2692 9
1223 2679 1237 2702 ,
1279 2635 1346 2690 10
1366 2634 1408 2706 ).
1455 2634 1588 2689 Huic
1613 2635 1633 2665 ¹
1664 2647 1757 2688 ca-

159 2736 429 2792 lumniare
451 2749 589 2789 caeca
614 2731 969 2803 loquacitate,
998 2738 1054 2786 et
1077 2729 1164 2784 dic
1191 2729 1233 2782 si
1260 2728 1424 2782 audes
1455 2745 1467 2780 :
1499 2727 1629 2781 Cum
1659 2741 1754 2796 pa-

159 2837 250 2883 ter
278 2827 552 2882 Abraham
603 2824 876 2879 voluntate
915 2837 1010 2877 sua
1050 2819 1211 2876 fuerit
1250 2818 1576 2883 decimatus,
1621 2831 1758 2886 quo-

159 2919 324 2976 modo
353 2917 524 2990 pctuit
548 2933 644 2988 per
677 2916 817 2970 illius
845 2914 1173 2969 voluntatem
1208 2909 1494 2974 decimari,
1536 2907 1637 2962 hoc
1677 2914 1762 2961 est

161 3012 401 3067 decimas
423 3009 554 3064 dare
579 3009 601 3041 ³
629 3007 778 3074 Levi,
807 3007 959 3076 cujus
995 3004 1243 3059 voluntas
1269 3001 1413 3056 nulla
1443 3009 1556 3055 erat
1574 3040 1590 3066 ,
1637 2997 1759 3068 quia

158 3105 382 3160 omnino
431 3103 546 3172 ipse
591 3099 826 3155 nondum
867 3106 982 3153 erat
1008 3096 1033 3150 ?
1059 3095 1136 3150 Ea
1177 3093 1385 3150 ratione
1413 3093 1643 3163 quippe,
1675 3089 1759 3146 vel

159 3199 340 3270 potius
381 3196 483 3251 hoc
519 3209 702 3250 errore
729 3193 860 3249 dicis
884 3201 938 3246 et
966 3189 1122 3245 nobis
1152 3206 1165 3244 :
1191 3187 1324 3243 Cum
1356 3186 1560 3257 primus
1596 3183 1758 3238 homo

159 3290 436 3345 voluntate
481 3286 819 3358 peccaverit,
861 3281 1128 3354 quomodo
1164 3287 1452 3350 potuerunt
1504 3292 1597 3347 per
1642 3275 1759 3344 ejus

162 3383 496 3438 voluntatem
525 3378 686 3433 simul
714 3377 767 3432 in
795 3375 891 3430 illo
928 3387 1177 3444 peccare,
1209 3372 1299 3442 qui
1332 3385 1481 3425 suam
1525 3367 1760 3424 nondum

163 3476 437 3532 habebant
464 3516 478 3540 ,
527 3474 649 3544 quia
686 3486 782 3542 per
819 3463 1166 3526 substantiam
1216 3479 1364 3520 suam
1411 3463 1539 3517 nulli
1586 3461 1762 3516 adhuc

164 3567 364 3625 erant?
387 3567 494 3622 lmo
517 3566 701 3621 desine
728 3578 863 3618 vana
874 3561 1106 3633 garrire,
1128 3566 1182 3614 et
1197 3571 1387 3613 omnes
1409 3555 1496 3626 qui
1527 3553 1762 3608 nondum

165 3662 279 3718 nati
308 3659 441 3715 nihil
471 3673 563 3728 per
587 3655 832 3728 proprias
858 3653 1160 3707 voluntates
1184 3664 1343 3720 agere
1371 3657 1615 3718 poterant
1638 3644 1762 3698 boni

165 3755 256 3811 vel
290 3753 454 3816 mali,
484 3751 534 3805 in
564 3765 670 3803 uno
709 3747 944 3817 potuisse
972 3757 1222 3814 peccare,
1256 3740 1308 3795 in
1339 3754 1445 3810 quo
1475 3753 1570 3807 per
1595 3735 1762 3790 ratio-

164 3864 294 3904 nem
338 3844 558 3902 seminis
603 3849 791 3907 erant,
838 3836 1052 3909 quando
1092 3835 1183 3890 ille
1231 3833 1444 3904 prepria
1492 3829 1765 3884 voluntate

162 3949 444 4013 peccatum
487 3934 616 3991 illud
657 3931 860 4004 grande
902 3927 1180 3999 peccavit,
1215 3932 1565 3992 naturamque
1605 3921 1656 3974 in
1706 3933 1766 3978 se

162 4032 404 4097 vitiavit,
462 4027 719 4092 mutavit,
777 4018 1082 4078 obnoxiavit
1145 4018 1484 4078 humanam;
1540 4020 1764 4082 excepto

165 4140 276 4181 uno
303 4123 524 4178 homine
553 4161 568 4186 ,
600 4119 690 4189 qui
717 4132 781 4172 ex
813 4116 927 4185 ipso
953 4111 1166 4184 quidem
1197 4109 1420 4172 semine,
1453 4121 1559 4161 non
1590 4114 1766 4160 tamen

167 4216 413 4277 seminali
443 4215 650 4270 ratione
675 4215 988 4283 procreatus
1027 4214 1144 4272 est,
1187 4204 1234 4259 si
1263 4212 1414 4274 potes
1439 4243 1453 4269 ,
1484 4200 1719 4270 intellige
1747 4215 1762 4264 ;

172 4310 222 4366 si
244 4323 348 4363 non
381 4315 530 4376 potes
549 4347 564 4371 ,
591 4301 777 4358 crede.

249 4399 358 4456 CV.
399 4398 518 4453 Jun.
552 4397 678 4451 Post
707 4395 844 4448 hanc
863 4406 990 4447 vero
1016 4387 1421 4459 responsionem
1449 4383 1589 4440 aliud
1617 4384 1705 4439 ubi
1735 4398 1764 4438 a

171 4509 265 4551 me
287 4493 527 4563 pulsatus
546 4488 736 4553 fuerat,
760 4485 977 4541 deluere
997 4491 1238 4538 conatur.
1267 4481 1379 4550 Ego
1400 4479 1595 4550 quippe
1619 4485 1766 4548 post-

172 4602 340 4660 quam
379 4583 447 4638 de
477 4581 816 4653 parvulorum
845 4579 1116 4632 voluntate
1155 4573 1533 4644 requisiveram
1556 4611 1570 4637 ,
1617 4585 1771 4624 secu—

171 4689 263 4736 tus
292 4693 412 4733 sum
444 4693 458 4730 :
493 4673 599 4730 Sed
623 4688 770 4743 negas
799 4671 892 4724 hoc
916 4711 932 4736 ,
971 4668 1026 4722 id
1054 4675 1162 4731 est,
1193 4665 1500 4718 voluntatem
1529 4661 1772 4732 peccatri-

169 4789 282 4829 cem
309 4773 472 4824 inesse
498 4764 812 4822 nascentibus
839 4804 854 4830 ,
883 4771 929 4816 et
959 4760 1087 4813 dicis
1116 4767 1282 4810 tamen
1322 4771 1426 4809 esse
1454 4754 1544 4807 sub
1568 4752 1771 4806 diabolo

170 4864 414 4940 parvulos
439 4903 455 4928 ,
488 4875 578 4913 nec
611 4855 902 4912 dissimulas
933 4868 1022 4922 per
1049 4849 1172 4921 quid
1217 4863 1301 4902 eos
1339 4847 1518 4940 degere
1537 4843 1651 4940 Isub
1681 4859 1773 4914 po-

172 4934 351 5012 testate
400 4953 564 5007 illius-
591 4946 849 5002 arbitreris
879 4959 897 4996 :
942 4942 1017 4995 ais
1060 4940 1280 5011 quippe,
1331 4936 1461 5002 Quia
1512 4934 1573 4987 de
1624 4949 1772 4987 sexus

172 5049 434 5118 utriusque
469 5037 822 5098 commixtione
858 5041 1164 5097 nascuntur,
1213 5026 1302 5081 sub
1330 5025 1620 5080 adversaria
1655 5033 1774 5078 sunt

177 5151 442 5212 potestate.
480 5138 752 5192 Dictorum
781 5129 896 5200 ejus
927 5129 1105 5197 itaque
1137 5120 1442 5178 testimonio
1469 5118 1672 5212 patuit,
1705 5117 1775 5171 ob

179 5211 287 5292 hoc
315 5235 462 5289 illum
495 5229 746 5302 parvulos
773 5221 1002 5280 dmmoni
1031 5217 1300 5274 vindicare
1326 5257 1339 5278 ,
1367 5213 1490 5283 quia
1521 5211 1586 5266 de
1615 5225 1775 5302 sexus

176 5328 460 5397 utriusque
498 5299 714 5378 fuerant
754 5313 1133 5374 commixtione
1171 5305 1457 5378 prognati;
1504 5317 1600 5372 per
1635 5299 1776 5371 quod

175 5419 375 5484 docui,
403 5417 548 5471 illum
579 5411 791 5482 nuptias
816 5423 934 5480 qua:
965 5422 995 5460 a
1039 5405 1148 5458 Deo
1171 5400 1426 5456 instituta:
1469 5402 1626 5457 sunt,
1657 5408 1777 5463 qua:

179 5516 303 5570 sine
338 5507 719 5567 commixtione
755 5517 874 5559 esse
902 5513 1011 5554 non
1043 5501 1299 5566 possunt,
1330 5488 1544 5546 diabolo
1572 5486 1776 5540 manci-

176 5621 364 5678 posse.

250 5788 270 5820 ι
311 5793 392 5835 Ms.
437 5789 550 5832 Mar.
590 5778 843 5842 praeterit,
887 5764 1201 5824 substantiam
1232 5776 1250 5815 :
1295 5762 1422 5814 forte
1463 5766 1520 5810 ut
1571 5772 1632 5809 eo
1672 5756 1780 5807 loco

179 5848 550 5905 Itbaudiamus,
583 5840 886 5905 inluniatem.
937 5894 947 5905 _
1003 5896 1013 5905 .

253 5894 752 5982 E—t—‘ilgnietziusﬂtincj
778 5894 1058 5982 bisalia-ig:

252 5973 275 6003 ³
869 5953 1191 6010 Emendantur
1231 5965 1294 6017 ex
1329 5957 1408 6000 Ms.
1459 5953 1717 5998 Portarum.

1532 393 1733 452 LIBER
1763 389 2113 463 QUARTUS.

3299 401 3442 459 NO!

1924 510 2062 565 Aac.
2093 507 2205 564 Hoc
2245 509 2390 566 nulla
2425 511 2632 568 ratione
2674 511 2870 570 docere
2909 513 3160 585 potuisti,
3201 519 3442 586 quamvis

1858 599 2020 655 fueris
2056 600 2220 656 multa
2255 605 2600 659 contentione
2636 615 2896 672 conatus;
2929 606 3072 678 quod
3119 617 3338 678 possunt
3367 610 3446 667 vi-

1857 692 1984 748 dere
2009 735 2024 760 ,
2075 694 2165 764 qui
2203 695 2386 768 legunt
2423 706 2476 754 et
2506 705 2624 754 tuas
2660 700 2984 769 calumnias,
3011 710 3065 757 et
3094 702 3442 762 refutationcs

1859 799 2026 838 meas.

1928 873 2058 929 CVI.
2099 875 2218 931 Jun.
2261 878 2372 933 Hoc
2399 894 2528 951 ergo
2557 895 2698 937 nunc
2733 883 2833 938 sibi
2864 887 3177 956 proposuit,
3221 895 3273 942 et
3303 904 3443 958 pra:-

1859 968 2018 1023 mittit
2043 969 2508 1040 interrogationem
2536 989 2729 1028 meam.
2753 975 2894 1030 Dicis
2921 993 3065 1048 ergo,
3100 978 3305 1050 inquit,
3333 981 3447 1036 ideo

1859 1062 1975 1117 illos
1996 1079 2100 1118 esse
2125 1064 2218 1118 sub
2247 1064 2448 1120 diabolo
2464 1108 2476 1131 ,
2505 1067 2624 1138 quia
2649 1068 2712 1122 de
2735 1085 2883 1124 sexus
2912 1072 3171 1142 utriusque
3193 1075 3443 1129 commix-

1861 1156 1994 1208 tione
2039 1163 2310 1210 nascuntur
2333 1156 2359 1209 ?
2390 1155 2468 1211 Ad
2503 1157 2643 1228 quod
2671 1160 2883 1229 qualem
2913 1162 3324 1220 satisfactionem
3359 1181 3446 1221 re-

1862 1244 2035 1315 ferat,
2085 1246 2382 1302 audiamus.
2435 1248 2600 1316 Dico,
2647 1249 2848 1322 inquit,
2894 1254 3044 1323 plane
3070 1267 3276 1328 propter
3313 1259 3444 1312 deli-

1860 1346 1994 1392 ctum
2031 1338 2149 1393 illos
2187 1356 2292 1394 esse
2320 1340 2412 1395 sub
2449 1341 2650 1396 diabolo
2681 1360 2700 1397 :
2727 1345 2841 1399 ideo
2868 1355 3037 1401 autem
3075 1359 3302 1420 expertes
3347 1368 3449 1406 non

1860 1447 1965 1485 esse
1993 1431 2195 1498 delicti,
2238 1434 2357 1504 quia
2399 1433 2463 1489 de
2486 1435 2578 1489 illa
2619 1437 2973 1493 commixtione
3003 1451 3120 1494 sunt
3158 1443 3264 1496 nati
3287 1483 3303 1508 ,
3339 1458 3453 1513 qua:

1859 1525 1967 1579 sine
2008 1525 2246 1596 pudendo
2271 1528 2478 1583 libidine
2504 1545 2604 1584 non
2633 1539 2796 1602 potest
2829 1532 2976 1585 etiam
3019 1534 3155 1602 quod
3189 1535 3451 1590 honestum

1859 1627 1930 1671 est
1960 1619 2177 1687 operari.
2220 1617 2364 1673 Dixit
2403 1621 2496 1674 hoc
2523 1621 2674 1674 etiaut
2709 1621 3008 1677 beatissimte
3042 1625 3293 1680 memoria:
3326 1627 3450 1680 Am-

1860 1715 2053 1772 brosius
2083 1716 2291 1790 (Supra
2314 1761 2329 1785 ,
2359 1719 2422 1772 de
2452 1717 2660 1790 Nuptiis
2684 1730 2731 1774 et
2772 1719 3190 1792 Concupiscentia
3211 1761 3225 1784 ,
3263 1720 3348 1774 lib.
3375 1718 3411 1773 ‘2
3432 1761 3450 1788 ,

1863 1825 1916 1862 u.
1947 1810 2014 1864 15
2041 1810 2079 1880 ).
2111 1809 2156 1865 Ο
2180 1811 2546 1866 calamitosam
2576 1812 2807 1868 hominis
2836 1814 3148 1882 pravitatem
3174 1813 3187 1866 l
3218 1827 3252 1868 ο
3283 1811 3454 1866 inten-

1863 1899 2062 1955 tionem
2089 1900 2372 1957 nefandam
2408 1905 2421 1956 ε
2451 1918 2485 1957 o
2513 1903 2796 1958 falsitatem
2825 1904 3244 1960 erubescendam
3273 1904 3287 1958 !

1935 1997 2071 2052 Avo.
2114 1996 2386 2064 Exclama,
2417 1997 2654 2053 exclama
2682 2009 2937 2068 quantum
2967 2009 3119 2068 potes
3146 2017 3158 2052 :
3193 1997 3328 2053 adde
3357 2013 3453 2053 ex-

1863 2088 2273 2144 clamationibus
2303 2090 2438 2157 tuis,
2481 2087 2525 2147 Ο
2565 2090 2647 2144 bia
2695 2091 2812 2162 (a)!
2855 2090 3025 2145 Homo
3069 2090 3264 2161 quippe
3295 2089 3453 2144 inno-

1863 2197 2030 2250 cens,
2080 2182 2187 2236 vim
2240 2182 2475 2252 pateris,
2519 2191 2577 2236 ut
2625 2181 2972 2237 Manichaaum
3023 2181 3200 2237 dicere
3247 2181 3457 2252 cogaris

1863 2273 2223 2328 Ambrosium.
2267 2273 2452 2339 Absit,
2495 2273 2706 2343 inquis,
2739 2283 2795 2328 ut
2819 2273 3014 2328 dicam.
3045 2270 3152 2326 Cur
3175 2315 3190 2340 ,
3224 2271 3455 2343 quaeso?

1863 2363 1946 2418 An
1978 2363 2063 2418 hic
2089 2363 2328 2421 ostendis
2370 2373 2566 2434 quanta
2610 2365 2680 2418 sit
2709 2363 2964 2420 fortitudo
3009 2364 3161 2419 liberi
3208 2364 3452 2431 arbitrii,

1863 2455 2076 2526 quando
2102 2463 2302 2511 tantam
2341 2456 2448 2511 vim
2488 2457 2684 2526 pateris
2714 2467 2772 2511 ut
2796 2457 2942 2512 dicas
2968 2499 2984 2524 ,
3023 2472 3120 2511 nec
3149 2465 3324 2512 tamen
3371 2455 3458 2510 di-

1864 2549 1942 2603 cis
1966 2549 1990 2602 ?
2019 2549 2124 2604 Cur
2149 2563 2277 2620 ergo
2306 2564 2391 2605 me
2414 2549 2548 2604 dicis
2567 2590 2582 2617 ,
2612 2549 2751 2620 quod
2789 2550 2936 2604 illum
2984 2565 3104 2605 esse
3148 2564 3253 2603 non
3284 2547 3452 2614 dicis,

1865 2656 1985 2696 cum
2014 2640 2114 2696 hoc
2144 2641 2232 2696 ille
2259 2649 2404 2697 tanto
2431 2650 2555 2696 ante
2586 2641 2815 2707 dixerit,
2846 2640 2986 2712 quod
3017 2655 3118 2712 ego
3144 2654 3286 2695 nunc
3313 2639 3456 2705 dico,

1866 2739 2026 2802 atque
2056 2732 2110 2786 in
2141 2731 2239 2787 hac
2265 2733 2528 2787 sententia
2565 2743 2782 2803 propter
2807 2747 2967 2802 quam
2994 2731 3343 2787 Manichacum
3372 2747 3460 2786 me

1867 2823 2000 2879 dicis
2024 2865 2040 2892 ,
2069 2823 2200 2879 mihi
2227 2833 2282 2880 et
2306 2825 2381 2879 illi
2401 2825 2471 2880 sit
2497 2839 2657 2880 causa
2685 2825 2985 2880 communis
3011 2824 3036 2878 ?
3061 2825 3144 2879 An
3167 2865 3182 2892 ,
3205 2823 3458 2894 quoniam

1868 2932 1974 2972 non
2017 2918 2222 2972 invenis
2263 2933 2366 2988 qua
2417 2933 2612 2982 exeas,
2641 2918 2773 2972 iram
2818 2917 3032 2988 quidem
3059 2918 3316 2984 simulas,
3351 2932 3460 2972 non

1869 3018 2043 3064 tamen
2073 3009 2267 3074 iratus,
2296 3010 2390 3065 sed
2415 3009 2657 3064 turbatus
2697 3011 3002 3066 exclamas?
3032 3011 3227 3065 Verum
3252 3011 3304 3064 in
3333 3010 3463 3079 ipsis

1867 3101 2342 3156 exclamationibus
2391 3101 2496 3156 tuis
2540 3101 2737 3168 audio,
2790 3100 2836 3156 0
2884 3100 3246 3156 Calantitosam
3298 3100 3463 3153 homi-

1868 3191 1947 3244 nis
1978 3193 2275 3262 pravitatent
2301 3192 2322 3246 Ι
2346 3190 2477 3260 Quia
2505 3192 2752 3248 videlicet
2781 3192 2942 3248 homo
2970 3207 3088 3248 sum
3119 3191 3464 3247 calamitosus

1867 3291 1924 3338 et
1963 3299 2194 3354 pravus,
2245 3285 2335 3356 qui
2381 3286 2684 3340 consentire
2728 3285 2867 3356 eligo
2915 3285 3200 3340 Ambrosio
3239 3300 3463 3340 :essem

1866 3393 1998 3433 vero
2018 3378 2205 3434 beatus
2221 3389 2274 3433 et
2303 3388 2482 3435 rectus
2507 3421 2520 3445 ,
2545 3380 2588 3436 si
2616 3379 2870 3451 eligerem
2892 3382 3196 3436 consentire
3223 3380 3457 3436 Juliano.

1869 3468 2042 3524 Audio
2061 3511 2076 3536 ,
2109 3468 2153 3524 Ο
2182 3471 2506 3525 intentionem
2542 3472 2815 3542 nefandam
2843 3472 3114 3527 llutentio
3139 3473 3336 3543 quippe
3369 3488 3467 3526 no-

1870 3570 1979 3616 stra
2009 3561 2233 3616 nefanda
2273 3571 2376 3628 est,
2406 3563 2527 3633 quia
2563 3564 2883 3634 opponimus
2922 3564 3260 3619 Ambrosium
3295 3563 3464 3620 Julia-

1871 3666 1942 3704 no
1973 3668 1985 3704 :
2019 3660 2162 3706 esset
2201 3661 2376 3707 autem
2408 3650 2564 3708 fanda
2591 3695 2606 3719 ,
2648 3655 2692 3708 si
2727 3654 2994 3710 lulianum
3034 3670 3466 3726 przeponeremus

1870 3741 2176 3797 Ambrosio.
2210 3743 2316 3798 Sed
2341 3743 2465 3812 quid
2494 3753 2579 3799 est
2607 3744 2746 3814 quod
2767 3744 2928 3800 audio
2957 3746 3167 3800 tertiam
3199 3746 3465 3801 exclanm-

1873 3834 2072 3890 tionem
2111 3844 2251 3890 tuam
2277 3877 2293 3902 ,
2329 3836 2374 3890 0
2412 3837 2686 3908 falsitatem
2713 3837 3099 3893 erubescendam
3134 3840 3154 3893 !
3185 3839 3467 3896 Falsamne

1872 3925 2008 3982 dicis
2032 3941 2154 3983 esse
2178 3927 2449 3983 Ambrosii
2479 3928 2800 3984 sententiam
2823 3970 2839 3997 ,
2874 3929 2924 3984 id
2951 3940 3072 3997 est,
3104 3929 3246 4001 quod
3274 3929 3465 3986 falsum

1872 4021 1988 4092 ipse
2029 4021 2301 4078 senserit?
2347 4037 2414 4076 an
2456 4037 2576 4078 eam
2621 4037 2721 4078 nos
2749 4023 2823 4078 illi
2852 4022 2988 4080 falso
3033 4025 3298 4091 tribuere,
3343 4039 3466 4080 cum

1873 4111 1975 4170 hoc
2015 4114 2130 4184 ipse
2158 4128 2264 4169 non
2305 4114 2573 4180 senserit,
2619 4129 2794 4184 neque
2828 4114 2880 4169 id
2927 4117 3147 4170 omnino
3175 4117 3316 4186 quod
3346 4133 3467 4172 cum

1874 4222 1974 4262 nos
2018 4207 2217 4263 dixisse
2247 4207 2474 4262 dicimus
2503 4207 2701 4262 dixerit
2731 4207 2756 4260 ?
2784 4223 2853 4262 an
2892 4223 3009 4263 eam
3041 4222 3140 4262 nos
3169 4224 3274 4262 non
3312 4207 3470 4264 intel-

1876 4301 2088 4374 ligendo
2112 4343 2127 4368 ,
2161 4300 2351 4357 falsum
2373 4299 2580 4372 opinari
2608 4299 2675 4356 de
2699 4301 2816 4368 illa,
2848 4315 2968 4356 cum
3000 4302 3113 4372 ipsa
3149 4301 3220 4357 sit
3247 4316 3372 4356 vera
3393 4303 3410 4334 ί
3447 4302 3471 4356 ?

1875 4392 1982 4450 Sed
2011 4407 2114 4447 non
2146 4400 2252 4446 tam
2291 4392 2674 4448 contumeliose
2699 4391 2768 4448 de
2797 4391 3081 4447 Ambrosio
3115 4393 3352 4464 loqueris
3370 4436 3385 4460 ,
3413 4403 3474 4450 ut

1876 4484 1954 4540 illi
1984 4485 2099 4539 viro
2117 4482 2538 4540 erubescendam
2559 4483 2822 4540 tribueres
2841 4484 3125 4540 falsitatem
3141 4486 3184 4538 ⁸.
3212 4484 3320 4540 Nos
3342 4501 3471 4542 vero

1877 4589 1994 4630 eam
2023 4574 2388 4644 composuisse
2408 4615 2422 4640 ,
2449 4583 2504 4630 et
2527 4574 2668 4645 quod
2709 4575 2776 4629 ab
2816 4574 2909 4629 illo
2935 4575 3140 4644 prolata
3171 4574 3330 4630 merit
3372 4576 3474 4630 fiu-

1879 4668 2022 4723 xisse
2045 4709 2062 4733 ,
2089 4683 2196 4722 non
2226 4682 2386 4722 ausus
2425 4682 2484 4723 es
2512 4667 2689 4724 dicere
2721 4686 2733 4721 :
2769 4677 2874 4722 tam
2903 4667 3084 4723 multis
3109 4669 3249 4723 enim
3289 4668 3478 4726 docto-

1878 4760 1954 4816 ris
2004 4760 2146 4815 illius
2193 4769 2319 4814 nota
2363 4768 2488 4814 sunt
2515 4759 2751 4829 scripta,
2780 4767 2838 4814 ut
2867 4759 2919 4815 in
2961 4759 3064 4814 hoc
3101 4760 3385 4830 abruptum
3419 4770 3471 4817 te

1881 4852 2214 4924 praecipitare
2257 4850 2520 4907 timueris.
2553 4851 2684 4906 Tam
2714 4866 2842 4907 vero
2872 4862 3054 4923 aperta
3097 4861 3180 4908 est
3214 4852 3314 4908 ista
3347 4869 3475 4909 sen-

1884 4943 2046 4999 tentia
2074 4984 2088 5010 ,
2115 4952 2176 4998 ut
2203 4957 2308 4998 non
2347 4953 2534 4998 acutus
2560 4943 2648 5014 qui
2678 4943 2815 4999 hanc
2852 4944 3216 5014 intellexerit,
3261 4945 3356 5001 sed
3389 4961 3476 5002 sn-

1883 5037 2116 5108 perlluus
2167 5036 2336 5092 videri
2389 5037 2560 5108 possit
2619 5037 2709 5108 qui
2757 5036 3126 5108 exponendam
3191 5041 3476 5109 putaverit.

1884 5131 2122 5203 Denique
2154 5115 2376 5202 utquod
2405 5130 2524 5186 dico
2552 5131 2718 5202 possit
2743 5131 2945 5187 attendi
2969 5173 2983 5199 ,
3011 5131 3174 5188 verba
3201 5133 3315 5203 ipsa
3346 5133 3476 5189 bea-

1884 5226 2072 5281 tissimi
2129 5225 2375 5280 catholici
2431 5223 2681 5280 antistitis
2733 5233 2787 5281 et
2843 5223 2928 5280 hic
2971 5239 3187 5295 ponam.
3228 5225 3319 5280 Ait
3354 5240 3481 5294 ergo

1885 5319 2006 5386 ille,
2047 5318 2138 5374 ille
2181 5317 2374 5389 cujus’
2405 5316 2563 5373 fidem
2609 5327 2664 5372 et
2707 5317 3049 5387 purissimum
3096 5318 3147 5370 in
3190 5315 3482 5383 Scripturis

1887 5426 2102 5468 sensum
2124 5452 2139 5477 ,
2180 5409 2424 5480 Pelagius
2453 5417 2630 5465 vester
2666 5407 2825 5474 dicit,
2859 5423 2927 5463 ne
2960 5407 3232 5462 inimicum
3261 5405 3478 5477 quidem

1952 5569 1968 5636 ξ
2008 5564 2295 5636 viguierlus,
2319 5562 2498 5636 falsum
2517 5561 2725 5636 opinari,
2879 5559 2967 5636 illa
2997 5557 3124 5624 falsa
3161 5558 3240 5610 sit.
3265 5567 3324 5610 At
3349 5565 3480 5621 Mss,

1887 5623 2486 5696 falsum'opinariﬂeilla,
2511 5623 2624 5696 cum
2642 5624 2751 5696 ipso
2771 5623 2834 5674 sit
2853 5623 3004 5696 vera.
3075 5681 3105 5696 η

1950 5692 1972 5722 ¹
1989 5681 2138 5757 ,Αριιά
2155 5681 2483 5757 Υίεωεξςὲμιπξέ
2505 5690 2595 5738 Sed
2620 5681 2710 5757 ῑιόη
2728 5692 2828 5757 ta"!
2850 5681 3262 5757 οοιῑιιέῑηειίοξεβξ
3283 5681 3481 5757 4W9.-

1888 5744 2387 5824 uojaéuersiwje
2413 5744 2516 5801 υίνο
2535 5748 2909 5824 erubescet!!!”
2926 5745 3119 5824 trinas.
3127 5744 3477 5824 ye-

1890 5815 1978 5927 m;
2010 5806 2141 5923 Alam
2174 5806 2489 5875 villinierium,
2524 5811 2596 5866 Ait
2632 5824 2747 5880 ergo
2768 5809 2850 5866 ille
2887 5809 3060 5875 cujus;
3097 5806 3269 5861 ferens
3301 5806 3482 5871 semel,

1958 5939 2032 6002 (α)
2061 5933 2401 6001 obia,ovist
