4070 6500
578 361 722 437 Silii

576 495 770 545 ausum
797 478 957 537 fuisse
984 476 1379 547 reprehendere
1406 475 1427 543 (
1453 473 1719 544 Pelagius,
1760 470 1823 523 de
1852 468 2032 523 Libero
2070 464 2166 518 Ar-

582 572 750 637 bitrio,
779 570 864 627 lib.
896 569 962 638 '5)
991 586 1006 633 ;
1043 584 1162 623 cum
1190 568 1256 625 de
1279 566 1553 625 nativitate
1582 561 1787 621 Domini
1820 558 2123 630 loqueretur
2156 572 2171 609 :

581 664 705 729 Idep
729 672 775 717 et
800 662 945 732 quasi
975 662 1124 717 homo
1154 676 1242 730 per
1275 658 1508 725 universa
1549 664 1765 712 tentatus
1793 663 1864 709 est
1883 693 1899 719 ,
1931 661 1977 706 et
2009 651 2059 702 in
2098 653 2172 709 εἰ-

580 752 862 806 militudine
887 752 1147 806 hominum
1176 759 1354 805 cuncta
1382 749 1617 803 sustinuit
1646 763 1664 800 :
1682 749 1772 800 sed
1792 745 1937 817 quasi
1962 745 2023 799 de
2045 745 2171 816 Spi-

578 845 680 915 riiu
703 854 853 917 natus
885 843 1127 905 abstinuit
1151 859 1184 897 a
1218 850 1441 914 peccato.
1480 840 1657 901 Omnis
1685 841 1821 895 enim
1856 840 2007 909 liomo
2032 856 2176 894 men-

577 935 710 1007 dax,
759 945 803 991 et
830 952 974 1005 nemo
1011 935 1119 991 sine
1144 944 1347 1007 peccato
1391 934 1486 995 nisi
1525 949 1656 991 unus
1692 930 1852 988 Dens.
1901 931 2170 991 Servatum

578 1038 650 1101 est
678 1029 855 1102 igitur,
883 1026 1074 1099 inquit,
1105 1035 1164 1081 ut
1196 1042 1260 1095 ea;
1285 1027 1390 1083 viro
1420 1035 1468 1081 et
1496 1024 1732 1090 muliere,
1764 1025 1818 1079 id
1843 1033 1916 1081 est
1938 1066 1952 1089 ,
1982 1041 2072 1095 per
2099 1024 2168 1080 il-

578 1122 679 1179 lam
720 1138 992 1192 corporum
1014 1122 1423 1181 commixtionem
1452 1162 1467 1186 ,
1510 1136 1655 1175 nemo
1705 1120 1934 1175 videatur
1987 1133 2167 1190 expers

574 1232 683 1283 esse
709 1216 876 1275 delicti
902 1232 921 1281 ;
954 1217 1042 1286 qui
1065 1224 1234 1283 autem
1256 1231 1433 1286 expers
1458 1213 1630 1271 delicti
1649 1256 1664 1280 ,
1698 1229 1879 1281 expers
1908 1213 2061 1267 etiam
2084 1211 2173 1267 Itu-

567 1307 797 1381 jusmodi
847 1307 1185 1377 coemptionis
1234 1304 1567 1378 (Ambrosius
1591 1347 1608 1372 ,
1648 1305 1701 1359 in
1746 1302 2007 1374 Isaiam).
2039 1300 2172 1367 Cum

573 1400 737 1473 igitur
762 1400 864 1457 hoc
908 1408 962 1457 et
1001 1398 1345 1465 Ambrosium
1373 1398 1574 1455 dixisse
1605 1413 1710 1450 non
1747 1411 1911 1468 neges
1934 1438 1949 1459 ,
1981 1404 2035 1452 et
2061 1396 2172 1465 pla-

574 1508 704 1561 nam
742 1502 903 1563 atque
928 1500 1172 1561 apertum
1200 1506 1322 1549 esse
1355 1490 1652 1563 perspicias
1680 1506 1696 1555 ;
1744 1488 1869 1560 quid
1912 1496 1994 1545 est
2029 1488 2173 1560 quod

576 1587 778 1653 clamas
807 1629 821 1651 ,
853 1585 897 1647 0
924 1586 1200 1656 falsitatem
1226 1585 1613 1649 erubescendum
1641 1586 1662 1639 !
1686 1585 1781 1641 Cui
1812 1600 2013 1656 quzeso,
2043 1600 2170 1643 eru-

576 1680 894 1741 bescendam
919 1680 943 1734 ?
972 1680 1208 1749 illinean
1238 1679 1369 1749 mihi
1396 1680 1419 1735 7
1446 1679 1503 1737 Si
1529 1679 1602 1735 illi
1631 1719 1646 1747 ,
1675 1678 1795 1735 vide
1820 1679 1906 1735 cui
1933 1679 2007 1734 sis
2035 1694 2169 1737 con-

578 1762 893 1839 tumelios'us
919 1790 932 1827 :
965 1773 1009 1833 si
1040 1772 1191 1839 mihi,
1216 1771 1340 1829 vide
1366 1788 1528 1844 quam
1553 1772 1626 1831 sis
1653 1772 2033 1839 calumniosus.
2062 1772 2171 1829 Sed

574 1863 708 1930 hoc,
740 1865 949 1935 inquis,
981 1865 1142 1921 etiam
1179 1873 1233 1919 tu
1258 1863 1414 1921 dicis.
1450 1864 1578 1921 Dico
1607 1863 1761 1935 plane
1783 1906 1799 1934 ,
1831 1865 1952 1937 quia
1984 1880 2168 1921 verum

573 1966 657 2013 est
686 1973 702 2012 :
746 1957 887 2028 quod
920 1957 967 2013 si
996 1965 1050 2013 tu
1094 1972 1281 2013 verum
1308 1971 1429 2013 esse
1460 1972 1563 2011 non
1611 1966 1801 2026 putas,
1835 1972 1931 2013 cur
1969 1956 2028 2015 in
2065 1973 2170 2013 una

573 2048 869 2119 eademque
896 2049 1161 2111 sententia
1182 2089 1199 2114 ,
1234 2064 1395 2120 quam
1425 2048 1554 2105 dicit
1583 2049 1674 2105 ille
1697 2090 1712 2117 ,
1745 2049 1865 2105 dico
1895 2065 2016 2122 ego,
2063 2065 2169 2105 non

574 2149 659 2199 est
684 2140 1005 2196 Manichznns
1033 2140 1154 2208 ille,
1183 2139 1279 2195 sed
1316 2155 1416 2211 ego
1443 2141 1468 2197 1
1495 2139 1706 2209 Quanto
1732 2139 1927 2211 iustius
1957 2140 2043 2196 hic
2070 2156 2172 2197 nos

571 2231 932 2293 exclamamus
955 2270 972 2298 ,
1004 2230 1049 2288 0
1073 2229 1493 2291 erubescendam
1524 2246 1872 2301 personarum
1894 2232 2164 2303 acceptio-

573 2339 698 2395 nem
729 2326 886 2394 lquze
928 2332 981 2381 te
1012 2324 1195 2395 procul
1228 2323 1393 2380 dubio
1430 2324 1747 2393 erubescere
1782 2312 1999 2397 cogeret
2021 2367 2036 2392 ,
2068 2326 2171 2382 nisi

572 2416 626 2472 in
655 2424 741 2485 tua
769 2431 993 2487 persona
1022 2415 1170 2487 frons
1192 2416 1274 2473 ori
1301 2425 1393 2472 tuo
1416 2416 1605 2487 similis
1629 2424 1791 2474 esset.

642 2507 797 2564 CVII.
824 2505 943 2577 ΙΙιιι..
972 2507 1244 2573 Hunccine
1268 2507 1468 2575 audere
1497 2508 1676 2565 dicere
1704 2525 1764 2569 se
1800 2508 2168 2577 damnatorem

570 2614 679 2659 non
710 2615 830 2665 esse
857 2600 1091 2673 coniugii
1116 2642 1131 2670 ,
1163 2609 1217 2675 et
1261 2608 1409 2669 tanto
1448 2601 1655 2669 sociere
1699 2600 1924 2659 illudere
1950 2601 2171 2659 auribus

570 2696 852 2766 imperitis,
878 2679 984 2753 uta
1008 2694 1283 2763 Manicbaei
1309 2710 1369 2753 se
1394 2694 1533 2757 dicat
1558 2696 1849 2753 recessisse
1873 2695 2166 2762 consortio,

568 2787 658 2858 qui
689 2786 1126 2861 commuttionem
1156 2801 1379 2857 senum
1401 2828 1416 2854 ,
1447 2787 1538 2860 qui
1574 2803 1791 2859 operam
1823 2788 2163 2859 nuptiarum,

566 2881 659 2954 qui
688 2880 1024 2943 adeotionem
1055 2889 1106 2941 et
1135 2895 1353 2943 sensum
1377 2890 1656 2951 parentum
1689 2881 1744 2943 in
1775 2896 1939 2951 regno
1967 2879 2167 2937 diaboli

568 2971 849 3043 multiplici
869 2971 1202 3043 professione
1221 2972 1529 3037 constituit;
1550 2980 1710 3041 atque
1728 2972 1795 3028 ad
1814 2971 1932 3033 hinc
1952 2972 2169 3027 inventa

568 3061 847 3123 Hanichaei
874 3063 1196 3133 adiutorium
1220 3062 1304 3117 sui
1333 3062 1598 3131 acuminis
1630 3062 1860 3133 iungens
1880 3105 1895 3128 ,
1925 3077 2167 3133 pronun—

568 3154 665 3211 tiat
689 3154 902 3223 quidem
933 3152 1251 3225 diabolicam
1281 3153 1716 3209 commixtionem
1736 3193 1753 3220 ,
1784 3168 2011 3224 eamque
2046 3168 2168 3217 esse

570 3254 626 3301 et
644 3259 810 3319 opere
835 3254 891 3315 et
915 3259 1079 3311 carne
1105 3246 1392 3325 coniugum
1416 3246 1457 3313 ί,
1480 3259 1544 3303 ac
1565 3255 1783 3315 propter
1810 3262 1928 3303 eam
1949 3247 2170 3319 deputat

574 3351 741 3409 1⁵98ῌο
762 3335 979 3411 diabOIi,
1007 3336 1262 3397 abSOlulis
1284 3344 1461 3409 tamen
1487 3338 1876 3409 operatorihus,
1907 3339 2168 3399 innocen-

568 3435 672 3503 tes.
704 3428 779 3493 ita
821 3430 1003 3500 utique
1035 3430 1144 3493 Deo
1187 3444 1401 3500 semper
1442 3430 1666 3489 inlutus
1689 3473 1705 3496 ,
1743 3432 1993 3500 diabolo,
2032 3434 2172 3491 sicut

567 3521 725 3595 dicit,
756 3537 852 3593 per
877 3522 1151 3589 libidinem
1176 3523 1472 3589 servientes
1501 3532 1697 3579 tuetur.

644 3615 777 3673 Anc.
812 3614 998 3682 Erras,
1024 3627 1080 3688 ei
1110 3615 1202 3687 tibi
1229 3618 1628 3675 consentientes
1653 3619 1821 3681 mittis
1845 3618 1978 3677 alios
2005 3620 2060 3675 in
2080 3637 2168 3676 cr-

567 3720 745 3763 rorem
773 3725 786 3762 :
817 3721 922 3767 non
950 3708 1191 3773 serviunt
1216 3708 1429 3765 diabolo
1459 3724 1556 3780 per
1583 3709 1883 3777 libidinem,
1912 3711 2003 3780 qui
2028 3710 2169 3767 ﬁlio-

566 3812 688 3854 rum
709 3798 1163 3869 procreandorum
1182 3814 1344 3871 causa
1366 3809 1588 3857 utuntur
1606 3801 1894 3872 coniugum
1920 3817 2167 3873 corpore,

568 3896 630 3943 ut
650 3898 975 3963 generentur
995 3890 1366 3961 regeneraudi.
1388 3890 1501 3946 Nec
1525 3890 1645 3949 ideo
1666 3900 1842 3960 Latuen
1864 3891 2173 3961 defenditur

567 3979 806 4057 iibidinis
844 3980 1042 4053 malum
1086 3999 1099 4033 :
1140 3981 1236 4041 scd
1274 3980 1637 4055 defenduntur
1665 3984 1753 4054 qui
1785 3985 1923 4055 iteite
1949 3994 2173 4049 utuntur

566 4071 732 4143 malo.
757 4070 853 4126 Est
870 4072 1011 4128 enim
1031 4080 1084 4145 et
1100 4072 1225 4141 mali
1250 4088 1379 4133 usus
1400 4073 1593 4147 bonus.
1609 4072 1744 4145 Nam
1768 4084 1822 4131 ct
1836 4074 2004 4145 ipsius
2025 4086 2170 4141 sata-

569 4179 657 4221 na:
670 4163 724 4241 in
742 4163 1033 4241 scripturis
1048 4164 1248 4237 sanctis
1267 4166 1607 4239 reperiuntur
1623 4166 1898 4235 utilitates,
1922 4180 2172 4226 manente

568 4258 685 4329 ejus
696 4258 899 4327 scilicet
910 4258 1318 4331 vituperatione,
1331 4259 1488 4327 laude
1501 4274 1629 4319 vero
1640 4260 1837 4317 utentis
1850 4260 1991 4319 malo
2007 4262 2165 4333 bene.

640 4349 825 4415 CYlll.
863 4350 981 4413 Jun.
1018 4351 1279 4421 Parvulos
1306 4365 1464 4415 vero,
1495 4366 1630 4421 quos
1655 4367 1686 4406 a
1713 4351 1825 4417 Deo
1854 4352 1969 4411 ﬁeri
2001 4353 2161 4423 dicit,

568 4442 809 4517 dominio
846 4443 1044 4517 addicit
1085 4441 1287 4515 inimici
1310 4481 1327 4508 ,
1357 4442 1542 4511 sicque
1582 4457 1687 4511 non
1729 4457 1863 4514 opus
1903 4443 2165 4507 daemonis

569 4537 782 4609 arguit,
827 4534 980 4608 cuius
1026 4534 1299 4607 ministros
1335 4533 1565 4591 absolvit
1597 4548 1628 4589 a
1670 4534 1861 4605 culpa;
1893 4535 1991 4595 sed
2038 4552 2172 4608 opus

567 4630 688 4698 Dei,
714 4627 785 4689 ad
810 4627 952 4703 quod
978 4626 1227 4701 diabolici
1249 4629 1270 4659 ²
1302 4628 1542 4699 muneris
1561 4629 1773 4691 conscia
1800 4629 2045 4701 voluptas
2066 4646 2170 4689 non

568 4722 743 4795 potuit
775 4720 1073 4790 pervenire.
1105 4716 1411 4793 Coniugaiis
1440 4736 1571 4792 ergo
1599 4722 1777 4793 operis
1818 4722 2129 4779 criminator
2153 4764 2167 4789 ,

571 4814 667 4875 sed
698 4813 974 4885 libidinum
1013 4812 1257 4889 expiatur
1280 4853 1295 4879 ,
1338 4813 1678 4886 impugnator
1720 4816 2075 4884 innocentia),
2119 4826 2174 4871 et

566 4906 767 4977 divinae
788 4904 1053 4979 aequitatis
1072 4903 1361 4977 Ᾰμιΐρὶῐιιιιιοιδ
1380 4922 1486 4963 non
1514 4909 1688 4971 timuit
1710 4908 1947 4973 scribere
1969 4926 1980 4961 :
1999 4927 2018 4961 ι
2042 4909 2172 4965 Dico

572 4998 732 5069 plane
752 5038 765 5060 ,
798 4996 918 5059 ideo
952 4996 1076 5053 illos
1101 5010 1222 5069 esse
1247 4998 1348 5072 sub
1376 4998 1590 5061 diabolo
1613 5040 1629 5069 ,
1657 5001 1778 5069 quia
1808 4999 1876 5057 de
1905 5000 1991 5063 illa
2020 5014 2171 5061 com-

570 5088 830 5165 mixtione
872 5096 999 5161 sun;
1041 5089 1173 5161 nati.
1222 5108 1241 5159 φ
1278 5089 1430 5160 Quod
1474 5090 1753 5163 sententiae
1799 5089 2003 5147 facinus
2049 5107 2173 5153 cum

570 5183 827 5249 nudatum
858 5182 1083 5259 videret,
1117 5193 1341 5259 conatus
1372 5182 1499 5251 illud
1529 5184 1705 5253 aliqua
1732 5186 2050 5257 auctoritate
2075 5187 2174 5245 de-

569 5272 809 5341 fendere,
840 5290 996 5345 quam
1018 5272 1306 5349 Scripturis
1335 5273 1576 5347 proferre
1603 5274 1622 5304 ³
1650 5291 1757 5331 non
1786 5285 2011 5350 poterat,
2044 5282 2173 5335 sub-

569 5368 704 5443 didit
737 5370 898 5439 etiam
928 5371 1237 5441 episcopum
1265 5367 1609 5435 Ambrosium
1639 5370 2170 5441 sensisse-similiter.

568 5461 685 5519 Non
716 5463 931 5534 quidem
964 5462 1156 5514 mirum
1186 5468 1271 5515 est
1305 5460 1445 5531 quod
1473 5462 1789 5522 criminatur
1813 5474 1868 5522 et
1897 5477 2170 5538 mortuos,

569 5569 696 5611 cum
722 5553 1039 5610 criminatur
1066 5551 1345 5613 innocuos.
2082 5554 2097 5564 '

636 5713 656 5782 ξ
784 5719 891 5782 διεδ-
917 5714 968 5782 En
994 5708 1152 5782 ξῖξερη
1177 5706 1445 5782 cantare»-

634 5776 658 5837 ξ
688 5774 761 5837 sic
783 5781 887 5825 Mss.
920 5770 971 5821 in
996 5768 1154 5837 yié‘n.,
1178 5768 1373 5837 diaboli.

636 5835 660 5868 ⁸
689 5835 763 5885 sic.
784 5842 889 5885 Mss.
912 5840 964 5883 In
987 5832 1147 5895 Vigor,
1173 5832 1426 5896 praeferre.

1245 358 1491 416 OPERIS
1514 315 1942 411 mentiri-3m
1970 346 2245 427 comis
2285 344 2643 413 nanum,
2675 347 2732 404 s.
2774 348 3166 408 AUGUSTINI

3742 355 3902 427 H04

2355 464 2489 519 Anc.
2539 464 2790 535 Quisquis
2834 465 2951 523 haec
2993 466 3159 531 audit,
3189 466 3314 539 quid
3356 476 3408 545 te
3446 477 3602 543 putat
3641 472 3901 541 obiicere

2284 556 2437 611 nobis
2463 600 2475 619 .
2509 558 2608 613 nisi
2639 560 2780 629 quod
2811 561 2924 629 hazc
2962 562 3225 619 sententia
3268 561 3562 619 beatiSsimi
3606 563 3901 621 Ambrosii

2280 665 2441 722 quam
2475 651 2745 721 posuimus
2776 666 2879 707 non
2911 652 2980 708 sit
3007 652 3192 727 ipsius,
3219 652 3313 708 sed
3340 668 3458 713 eam
3494 670 3597 721 nos
3622 663 3900 728 tanquam

2278 744 2351 811 sit
2380 741 2543 811 ipsius
2565 741 2910 801 ﬁnxerimus?
2934 743 3067 799 Nam
3094 753 3148 800 ct
3176 760 3294 815 ego,
3324 760 3445 801 cum
3479 746 3597 801 hzec
3618 747 3893 821 legerem,

2280 832 2415 889 nihil
2445 842 2499 889 te
2527 848 2685 904 agere
2714 835 2730 866 ¹
2760 835 3094 901 existimavi;
3136 836 3231 893 sed
3277 845 3626 913 posteaquam
3653 841 3782 895 veni
3822 841 3901 898 ad

2282 927 2371 997 illa
2408 942 2526 997 quae
2548 926 2793 999 adiungis
2810 970 2823 992 ,
2844 937 2901 983 et
2931 927 3032 985 hoc
3051 924 3391 1003 Ambrosium
3415 929 3617 988 dixime
3644 946 3755 1007 non
3782 934 3897 993 ab-

2280 1019 2432 1089 nuis,
2466 1028 2516 1076 te
2548 1020 2724 1090 potius
2767 1018 3093 1091 horrendum
3131 1021 3531 1095 criniinatorem
3565 1024 3703 1085 tanti
3743 1026 3903 1099 illius

2278 1111 2514 1177 doctoris
2544 1112 2743 1185 inveni.
2772 1112 2905 1168 Nam
2935 1112 3189 1187 quidquid
3225 1113 3359 1171 dicis
3387 1114 3441 1175 in
3472 1130 3560 1170 me
3579 1156 3596 1182 ,
3624 1118 3896 1191 quoniam

2279 1221 2376 1279 per
2390 1207 2822 1267 commixtionem
2840 1206 3045 1271 virilem
3061 1208 3406 1278 mulierisque
3424 1219 3745 1283 conceptum
3759 1211 3900 1268 dico

2278 1297 2549 1354 neminem
2565 1307 2839 1369 expertem
2857 1314 2978 1355 esse
3000 1298 3202 1365 delicti,
3216 1300 3456 1375 profecto
3472 1300 3637 1359 etiam
3658 1301 3713 1357 in
3731 1303 3892 1359 illum

2278 1390 2433 1463 dicis,
2456 1392 2546 1465 qui
2572 1391 2674 1449 hoc
2700 1403 2825 1467 ante
2849 1408 2933 1449 me
2950 1392 3084 1448 dixit
3105 1405 3159 1450 et
3174 1394 3410 1467 scripsit.
3428 1394 3541 1469 Ego
3558 1403 3742 1459 autem
3757 1412 3891 1452 cum

2276 1495 2333 1547 te
2362 1484 2612 1559 refellens
2641 1495 2695 1549 et
2719 1487 2810 1545 tibi
2842 1487 3096 1562 resistens
3117 1530 3132 1557 ,
3164 1503 3351 1563 assero
3376 1489 3632 1564 parvulos
3662 1502 3893 1563 propter

2278 1578 2534 1653 originale
2561 1578 2816 1637 delictum
2837 1594 2961 1645 esse
2997 1580 3098 1636 sub
3122 1580 3355 1651 diabolo,
3384 1582 3489 1653 nisi
3526 1594 3890 1645 renascantur

2277 1672 2331 1730 in
2350 1673 2584 1743 Christo,
2598 1691 2706 1747 non
2725 1677 2905 1746 utique
2922 1692 3010 1734 me
3025 1677 3221 1745 solum,
3235 1693 3422 1741 verum
3440 1677 3887 1752 etAmbmsium,

2276 1775 2333 1825 et
2373 1768 2509 1827 alios
2546 1770 2726 1829 soeios
2775 1770 2921 1842 eius,
2978 1786 3044 1827 ac
3091 1771 3216 1829 ﬁdei
3250 1771 3413 1842 huius
3464 1773 3759 1847 participes
3800 1784 3891 1832 at-

2277 1874 2382 1930 que
2407 1859 2689 1930 doctores,
2722 1863 3129 1935 universamque
3150 1862 3346 1931 Christi
3379 1864 3719 1937 Ecclesiatn,
3757 1883 3889 1938 qua:

2277 1966 2337 2009 se
2381 1954 2482 2013 hoc
2541 1957 2848 2025 accepisse,
2899 1955 3001 2012 hoc
3052 1966 3267 2025 tenere,
3319 1955 3425 2025 hoc
3468 1956 3705 2017 ﬁdeliter
3753 1973 3881 2030 cre-

2276 2044 2405 2103 dere
2424 2085 2440 2114 ,
2497 2047 2839 2117 parvulorum
2886 2048 3271 2118 baptizaton
3328 2050 3630 2117 exorcismo
3690 2059 3746 2119 βι
3795 2066 3881 2107 ει·

2276 2136 2585 2201 sumatione
2625 2147 2867 2206 testatur,
2915 2155 2948 2201 a
2992 2148 3083 2205 tua
3106 2139 3311 2207 nefaria
3357 2141 3739 2209 criminatione
3779 2143 3879 2199 de-

2275 2229 2458 2287 fendo.

2348 2322 2483 2389 CIX.
2511 2323 2633 2389 ius.
2673 2323 2887 2392 Quanto
2921 2323 3120 2387 rectius
3158 2324 3403 2391 diceres,
3431 2323 3576 2395 Dixit
3605 2325 3713 2395 hoc
3736 2325 3878 2403 idem

2274 2423 2331 2471 et
2366 2413 2691 2473 Manich-cus
2718 2414 2771 2469 in
2798 2414 3022 2484 epistola
3059 2413 3128 2469 ad
3169 2414 3455 2485 Patricium
3499 2431 3512 2468 :
3553 2414 3693 2470 dixit
3728 2425 3786 2483 et
3824 2416 3877 2491 ip

2277 2502 2503 2575 epistola
2531 2521 2691 2577 quam
2721 2506 2937 2577 scripsit
2963 2506 3031 2573 ad
3072 2506 3234 2573 ﬁliam
3276 2505 3499 2575 Menoch
3522 2548 3539 2573 ,
3579 2506 3720 2563 dixit
3743 2518 3801 2563 et
3823 2508 3877 2583 ip

2274 2600 2397 2665 aliis
2423 2598 2602 2655 multis
2630 2599 2865 2669 scriptis,
2895 2615 3015 2670 quae
3040 2607 3097 2668 tu
3122 2600 3335 2670 penitus
3361 2599 3660 2667 imbibisti?
3687 2600 3796 2671 Sed
3822 2600 3875 2674 in

2276 2694 2606 2751 consortium
2646 2702 2794 2749 tuum
2832 2693 3143 2767 episeoqu
3180 2691 3635 2763 Mediolanenscm
3666 2694 3878 2767 conaris

2274 2786 2546 2851 attrahere
2568 2827 2584 2852 ,
2628 2795 2684 2843 et
2711 2787 2832 2858 quia
2863 2801 2972 2853 non
3003 2795 3154 2858 petes
3178 2785 3382 2853 habere
3417 2787 3733 2858 praesidium
3752 2829 3768 2854 ,
3796 2790 3878 2852 vis

2274 2880 2519 2936 invenire
2549 2879 2818 2939 solatium.

2349 2974 2483 3035 Anc.
2515 2972 2680 3030 Valde
2703 2981 2892 3033 contra
2920 2972 3274 3045 Manicheum
3409 2972 3554 3045 quod
3580 2972 3719 3033 dixit
3746 2975 3878 3043 Am-

2274 3066 2509 3125 brosius.
2536 3064 2670 3122 Nam
2691 3066 3019 3128 lanichteus
3044 3068 3274 3127 alienam
3301 3067 3427 3124 mali
3452 3078 3703 3133 naturam
3725 3068 3881 3133 anilis

2276 3156 2408 3213 dicit
2435 3171 2556 3216 esse
2583 3158 2963 3227 commixtam;
2995 3159 3315 3223 Ambrosius
3342 3169 3523 3219 autem
3553 3163 3878 3233 prevarica-

2277 3248 2424 3305 tione
2464 3249 2622 3321 primi
2665 3248 2896 3306 hominis
2937 3260 3175 3315 nostram
3203 3251 3336 3309 dicit
3358 3266 3483 3317 esse
3505 3252 3749 3321 vitiatam
3780 3275 3795 3311 :
3828 3256 3878 3309 in

2276 3340 2380 3399 hac
2407 3357 2534 3399 vero
2567 3344 2829 3415 sententia
2857 3342 2926 3407 de
2960 3358 3065 3414 qua
3093 3358 3237 3409 nunc
3271 3344 3482 3414 agimus
3500 3386 3516 3411 ,
3546 3346 3878 3405 nativitatem

2276 3436 2454 3493 carnis
2490 3434 2691 3495 Christi
2727 3451 2757 3497 a
2798 3447 3119 3495 ceterorum
3144 3438 3350 3507 peccati
3378 3452 3543 3505 carne
3567 3438 3878 3501 (iecerant:

2278 3526 2519 3585 defendit
2546 3526 2882 3593 Ambrosius,
2913 3543 3073 3598 quam
3104 3537 3265 3599 negat
3294 3530 3503 3599 penitus
3528 3530 3875 3601 Manichacus.

2277 3618 2431 3686 Quod
2461 3634 2590 3689 ergo
2612 3619 2784 3685 credit
2808 3619 3145 3685 Ambrosius.
3172 3618 3279 3681 hoc
3295 3631 3351 3677 et
3370 3636 3471 3694 ego
3496 3639 3513 3677 :
3534 3622 3683 3693 quod
3704 3634 3878 3694 autem

2278 3709 2602 3767 Mannicii-rus
2624 3752 2639 3777 ,
2671 3726 2771 3769 nec
2796 3711 2902 3777 ille,
2936 3726 3038 3779 nec
3064 3727 3184 3782 ego.
3213 3710 3352 3779 Quid
3487 3713 3633 3785 quod
3660 3723 3719 3772 tu
3744 3716 3877 3771 lute-

2276 3804 2354 3857 ris
2392 3818 2480 3857 nte
2517 3818 2768 3872 separare
2797 3804 2865 3859 ab
2894 3803 3180 3873 Ambrosio
3202 3844 3219 3871 ,
3255 3812 3313 3865 et
3339 3804 3670 3877 coniungere
3709 3806 3879 3877 hiaui-

2277 3892 2627 3949 chaoiNam
2670 3894 2715 3951 si
2758 3895 3022 3965 originale
3062 3903 3381 3964 peccatum,
3425 3910 3531 3965 non
3581 3911 3650 3967 ex
3693 3897 3881 3955 aliena:

2278 3985 2681 4052 commixtione,
2710 3985 2806 4041 sed
2835 4000 2903 4040 ex
2933 3992 3133 4051 nostrae
3162 3984 3545 4055 depravatione
3568 3996 3783 4061 murrae
3807 3988 3882 4049 di-

2278 4091 2405 4137 cere
2429 4092 2458 4130 a
2495 4077 2839 4135 nascentibus
2870 4074 3042 4144 trahi,
3074 4075 3270 4147 dogma
3304 4085 3387 4145 est
3411 4075 3833 4147 Manichmornm
3864 4096 3876 4131 :

2280 4167 2382 4223 hoc
2422 4183 2631 4229 mecum
2673 4167 2805 4225 dicit
2844 4167 3190 4238 Ambrosius;
3221 4182 3319 4224 cur
3342 4182 3456 4224 non
3489 4169 3683 4239 ambos
3712 4169 3879 4241 Mani—

2279 4258 2445 4315 chmis
2466 4259 2679 4313 conaris
2703 4257 3035 4329 adiungere?
3063 4259 3118 4315 Si
3145 4268 3325 4325 autem
3345 4258 3451 4325 hoc
3466 4259 3881 4337 Manichzcoropl

2279 4352 2473 4421 dogma
2503 4366 2610 4409 non
2636 4361 2738 4415 est,
2765 4350 2905 4419 sicut
2934 4365 3039 4417 non
3064 4359 3149 4421 est,
3180 4369 3195 4405 :
3223 4350 3326 4422 hoc
3351 4350 3471 4421 dico
3495 4366 3619 4427 cum
3648 4352 3880 4409 Ambro-

2278 4443 2395 4509 sio;
2421 4456 2517 4497 cur
2542 4456 2650 4496 non
2675 4440 2863 4499 ambos
2886 4456 2918 4496 a
2942 4440 3251 4511 Manichgeis
3275 4441 3512 4517 dignaris
3551 4442 3881 4515 abiungere?

2279 4534 2388 4599 Cur
2417 4549 2547 4606 ergo
2570 4575 2584 4599 ,
2627 4542 2685 4590 ut
2721 4534 2855 4601 dicis
2877 4575 2892 4600 ,
2923 4552 2942 4595 ι
2977 4534 3289 4609 episcopum
3326 4533 3788 4605 Mediolanensem
3830 4534 3882 4590 in

2279 4630 2610 4691 consortium
2633 4646 2812 4686 meum
2834 4643 3004 4695 conor
3022 4629 3328 4707 attrahere;
3362 4648 3381 4683 ι
3407 4644 3530 4685 cum
3561 4646 3653 4687 me
3680 4631 3749 4699 ab
3770 4631 3883 4707 eius

2281 4722 2555 4778 consortio
2601 4732 2659 4779 tu
2708 4720 2902 4783 frustra
2947 4721 3161 4789 coneris
3205 4718 3566 4793 abstrahere?
3608 4721 3753 4791 Quid
3806 4733 3883 4777 est

2280 4817 2426 4887 quod
2447 4816 2599 4881 dicis,
2622 4835 2641 4869 ι
2661 4816 2783 4887 quia
2804 4832 2907 4875 non
2924 4831 3138 4885 possunt
3160 4814 3361 4873 habere
3383 4814 3716 4891 prmsidiugi,
3744 4818 3882 4872 velle

2279 4929 2368 4967 me
2404 4913 2644 4968 invenire
2673 4911 2966 4967 solatium?
3002 4929 3022 4965 ι
3057 4909 3185 4969 Mihi
3212 4925 3336 4978 cum
3380 4910 3670 4981 Ambrosio
3695 4952 3712 4980 ,
3750 4911 3885 4971 velis

2282 5004 2442 5069 nolis,
2472 5005 2526 5059 in
2556 5004 2661 5060 ﬁde
2687 5002 2948 5065 catholica
2974 5002 3221 5067 Christus
3244 5018 3534 5071 commune
3569 5004 3884 5073 praesidium

2281 5105 2383 5152 est.
2426 5096 2551 5153 ideo
2579 5095 2736 5165 plane
2765 5103 2849 5151 est
2873 5094 3189 5158 Ambrosius
3224 5095 3477 5163 solatium
3506 5111 3688 5167 incum
3712 5138 3726 5164 ,
3763 5102 3887 5169 quia

2281 5205 2403 5244 cum
2428 5188 2518 5244 illo
2544 5188 2746 5261 accipio
2775 5186 3079 5245 convicium
3105 5196 3252 5251 tuum
3284 5205 3298 5241 :
3324 5202 3426 5253 nec
3447 5188 3625 5245 solum
3656 5188 3778 5259 ipse
3806 5205 3891 5243 ωε

2284 5284 2336 5337 iu
2366 5284 2464 5338 hac
2485 5297 2646 5339 causa
2668 5281 2952 5351 pluritnum
2978 5281 3308 5348 consolatur,
3332 5280 3427 5351 sed
3455 5290 3512 5337 et
3539 5280 3851 5354 Cyprianus
3875 5323 3889 5345 .

2281 5386 2337 5433 et
2362 5376 2615 5442 Hilarius,
2646 5375 2843 5445 aliique
2868 5374 3196 5445 consimiles,
3226 5389 3453 5446 quorum
3480 5375 3535 5431 in
3565 5391 3654 5431 me
3678 5375 3896 5433 laceras

2279 5469 2599 5526 catholicam
2636 5466 2817 5525 tidem.
2857 5466 2974 5528 Noli
3002 5481 3129 5537 ergo
3156 5466 3428 5535 invidere,
3463 5465 3609 5539 quod
3648 5467 3895 5524 Ambro-

2281 5562 2415 5626 sius,
2445 5560 2744 5633 Cyprianus
2772 5568 2827 5615 et
2849 5558 3081 5614 Hilarius
3109 5559 3298 5615 solatia
3321 5567 3445 5614 sunt
3464 5557 3680 5645 iniuriae
3704 5574 3853 5642 mea:
3878 5578 3892 5612 :

2283 5655 2479 5709 invitus
2505 5653 2649 5709 enim
2678 5651 2861 5709 videre
2901 5649 3247 5723 compelleris
3270 5692 3285 5717 ,
3327 5660 3587 5723 quantum
3627 5651 3896 5721 intersit.

2347 5835 2366 5868 ⁸
2399 5827 3393 5895 codexPortarummihiltealiudaga'c-
