3980 6540
184 516 327 578 3405

174 636 321 711 quod
353 633 597 705 Pelagius
624 640 675 688 et
700 628 1002 699 Caelestius,
1032 637 1086 685 et
1115 629 1158 683 si
1189 627 1309 700 quis
1330 638 1412 684 est
1438 629 1592 693 alius,
1621 626 1766 681 sola-

173 733 255 803 tia
282 738 408 787 sunt
443 725 801 801 damnationis
828 733 950 780 tuae.
982 722 1140 792 Quid,
1166 724 1305 794 quod
1332 721 1554 781 ostendo
1586 719 1772 791 debel-

172 821 380 879 lantem
405 818 726 883 Manichwos
764 832 863 888 pro
896 817 1159 889 catholica
1190 816 1294 874 iide
1320 814 1687 877 Ambrosium,
1720 822 1775 868 et

176 925 233 972 te
260 918 314 971 in
335 915 440 971 hoc
460 912 754 970 certamine
775 920 961 967 contra
985 911 1325 967 Ambrosium
1350 909 1588 980 praebere
1610 905 1774 965 Mani-

173 1010 346 1069 ciueis
366 1008 451 1064 vel
471 1007 626 1065 vietis
642 1006 914 1075 solatium,
934 1006 1020 1062 vel
1038 1006 1198 1063 etiam
1220 1003 1612 1069 resistentibus,
1631 997 1771 1071 quod

170 1114 264 1162 est
291 1104 465 1177 pejus,
496 1100 751 1169 auxilium
772 1102 796 1157 ?
821 1100 1093 1159 Maniciuei
1125 1100 1266 1157 enim
1295 1092 1480 1161 dicunt
1504 1095 1771 1168 propriam

168 1198 309 1271 mali
339 1210 456 1259 esse
478 1194 832 1265 substantiam
860 1202 1019 1266 atque
1046 1200 1310 1261 naturam,
1342 1191 1498 1245 bona:
1525 1188 1618 1251 Dei
1648 1186 1777 1245 sub-

173 1290 398 1349 stantia:
424 1297 731 1359 naturaeque
750 1292 1106 1351 coaeternam;
1138 1281 1470 1355 impossibile
1499 1282 1642 1339 enim
1669 1288 1772 1347 ρει,

170 1384 377 1449 aiunt,
418 1389 475 1437 ut
511 1379 641 1441 oriri
682 1378 888 1453 possint
936 1376 1183 1435 maia'de
1224 1375 1379 1431 bonis
1409 1392 1424 1428 :
1455 1372 1775 1439 Ambrosius

169 1474 521 1538 contradicit,
549 1482 602 1529 et
624 1472 788 1545 dicit,
826 1490 846 1525 ι
883 1471 963 1529 Ex
988 1470 1145 1527 bonis
1168 1470 1307 1541 mala
1332 1477 1450 1525 orta
1475 1476 1601 1524 sunt
1629 1485 1642 1523 :
1668 1481 1775 1537 non

165 1569 328 1639 enim
352 1576 480 1625 sunt
506 1566 643 1623 mala
663 1608 680 1639 ,
713 1565 814 1625 nisi
838 1581 955 1634 quae
983 1564 1256 1635 privamur
1284 1564 1475 1630 bonis;
1502 1577 1601 1638 per
1636 1562 1775 1635 maia

169 1667 362 1727 tamen
393 1658 586 1727 factum
615 1667 698 1715 est
721 1667 781 1712 ut
804 1658 942 1717 bona
966 1656 1304 1713 eminerent:
1333 1671 1463 1730 ergo
1488 1655 1777 1733 indigentia

165 1751 331 1821 boni,
362 1750 513 1813 radi:
543 1750 760 1811 malitite
783 1758 865 1808 est
893 1770 913 1805 ι
939 1750 1043 1823 (De
1073 1748 1222 1809 Isaac
1248 1759 1293 1805 et
1316 1751 1518 1816 Anima,
1548 1766 1665 1820 cap.
1695 1749 1775 1822 7).

168 1846 257 1903 Tu
292 1846 433 1905 inter
455 1845 571 1903 iure
599 1843 727 1917 quid
748 1843 922 1901 dicis?
953 1862 971 1897 ι
1004 1844 1205 1899 lterum
1232 1843 1368 1909 ratio
1390 1858 1497 1909 non
1523 1843 1667 1907 sinit,
1697 1842 1778 1897 in-

167 1943 323 2013 quis,
358 1952 413 1998 ut
436 1940 504 1998 de
525 1939 667 2001 bono
694 1939 925 2007 malum,
955 1939 1099 1997 etde
1128 1940 1274 2009 iusto
1313 1939 1551 2009 iniquum
1579 1936 1778 2008 aliquid

166 2033 505 2105 proferatur.
541 2050 563 2086 ι
598 2031 724 2089 Πωο
753 2030 915 2091 verba
947 2043 1032 2086 tua
1053 2045 1153 2102 pro
1184 2029 1493 2087 liauichacis
1519 2028 1778 2109 adversus

166 2123 548 2191 Ambrosium,
570 2137 636 2181 ex
660 2122 752 2185 illo
778 2122 1039 2192 prmciaro
1057 2136 1243 2193 opere,
1269 2121 1320 2189 in
1347 2137 1453 2193 quo
1478 2120 1625 2177 libris
1648 2134 1777 2190 qua-

168 2228 307 2277 tuor
336 2216 425 2285 uni
455 2231 578 2283 meo
606 2215 818 2273 voluisti
859 2214 1188 2286 respondere
1208 2256 1222 2281 ,
1254 2215 1533 2285 posuimus
1562 2212 1780 2284 (Contra

167 2308 295 2369 Jul.
318 2350 335 2378 ,
371 2307 462 2365 lib.
493 2308 559 2375 l,
592 2324 645 2365 η.
677 2307 896 2377 42-46).
928 2305 985 2362 Si
1016 2306 1068 2362 in
1096 2306 1199 2363 hac
1225 2305 1589 2363 controversia
1612 2302 1779 2374 iudex

171 2417 355 2475 esses,
384 2400 626 2475 profecto
646 2410 737 2473 tua
766 2400 1031 2459 sententia
1059 2399 1232 2463 victus
1251 2414 1282 2456 a
1301 2397 1608 2467 blatticbaris
1633 2397 1781 2463 dice-

169 2503 336 2557 retur
370 2493 707 2551 Ambrosius.
737 2492 808 2549 Et
846 2506 952 2561 non
982 2492 1295 2561 erubescis,
1349 2506 1470 2549 cum
1511 2491 1586 2559 sis
1631 2490 1781 2546 calu-

173 2586 421 2643 mniator
440 2599 624 2641 eorum
652 2599 787 2657 quos
815 2584 1153 2656 apertissimo
1177 2583 1500 2655 criminaris,
1527 2582 1776 2647 adulator

175 2692 376 2735 eorum
417 2691 546 2753 quos
582 2692 647 2739 ex
685 2676 903 2748 obliquo
943 2677 1143 2748 pariter
1180 2676 1523 2747 criminaris,
1562 2675 1777 2747 adiutor

174 2784 374 2827 eorum
399 2769 469 2827 de
494 2769 687 2842 quibus
712 2770 847 2835 alios
875 2770 1211 2837 criminaris?

244 2860 372 2919 CX.
400 2861 521 2933 Jun.
556 2860 822 2934 Numquid
864 2862 965 2934 legi
1010 2863 1104 2927 Dei
1140 2870 1236 2925 aut
1266 2862 1419 2934 operi
1446 2862 1544 2927 Dei
1580 2863 1778 2934 scripta

173 2954 574 3028 disputatorum
603 2955 994 3027 pmiudicant?

255 3049 394 3104 Anc.
425 3045 525 3113 ilic
554 3045 667 3119 iam
712 3046 904 3121 incipis
936 3045 1218 3114 confiteri,
1247 3045 1388 3111 hanc
1417 3062 1450 3101 a
1486 3046 1643 3105 nobis
1669 3063 1779 3107 non

172 3154 307 3199 esse
335 3138 618 3199 conﬁctam
652 3139 799 3205 velut
819 3138 1109 3207 Ambrosii,
1134 3140 1234 3203 sed
1259 3154 1391 3196 vere
1408 3155 1529 3197 esse
1556 3147 1778 3199 senten-

174 3233 315 3289 tiain
348 3232 401 3298 ’ς
433 3231 861 3305 quandoquidem
887 3231 969 3290 sic
1004 3241 1059 3291 te
1082 3232 1150 3297 ab
1175 3232 1265 3288 illo
1285 3232 1518 3295 liberare
1542 3233 1776 3301 conaris,

174 3335 240 3380 ut
270 3323 440 3395 dicas,
478 3342 497 3377 ι
525 3322 793 3395 Numquid
815 3324 917 3396 legi
946 3323 1039 3389 ilei
1068 3332 1164 3392 aut
1188 3323 1339 3397 operi
1360 3325 1454 3383 Dei
1483 3324 1782 3396 disputato-

176 3430 307 3475 runt
348 3415 545 3485 scripta
584 3414 974 3488 pra-iudicant?
1008 3434 1029 3468 ι
1060 3413 1173 3481 Sed
1210 3430 1411 3487 perge,
1456 3415 1545 3472 die
1583 3426 1780 3475 caetera

171 3506 383 3575 quilms
404 3506 762 3577 impudentior
783 3506 1029 3577 inimicus
1057 3506 1179 3563 fidei
1199 3507 1476 3569 catholica:
1501 3508 1779 3579 iudiceris.

261 3596 399 3663 CXI.
429 3596 547 3655 .Ιι;ι..
574 3598 698 3657 illini
730 3599 942 3669 interim
976 3599 1190 3665 abunde
1229 3599 1461 3668 sufficit,
1492 3602 1654 3658 etiam
1684 3616 1782 3673 per

182 3687 297 3747 hoc
328 3689 497 3760 imum
527 3690 754 3761 probare
772 3733 789 3759 ,
808 3706 1072 3762 nusqtuun
1103 3701 1154 3757 te
1174 3692 1228 3749 in
1252 3693 1424 3753 sacris
1448 3692 1668 3750 Litteris
1697 3692 1781 3750 le-

180 3797 333 3852 gisse
362 3783 502 3855 ςιιιυιι
532 3783 742 3851 credis,
773 3783 915 3856 quod
946 3794 1000 3839 tu
1030 3785 1084 3839 in
1114 3785 1203 3851 tali
1233 3800 1397 3851 causa
1422 3786 1557 3847 nillil
1583 3796 1782 3856 praeter

181 3889 448 3945 episcopi,
473 3888 608 3947 quas
627 3873 786 3945 dicis,
808 3874 1161 3937 dictiunculas
1190 3876 1459 3947 protulisti
1485 3895 1498 3931 :
1523 3876 1716 3947 quibus
1733 3876 1781 3933 si

176 3968 382 4037 aliquid
408 3969 741 4033 auctoratius
767 3968 1034 4039 potuisses
1058 3968 1357 4038 omtntiere,
1386 3970 1456 4029 ab
1483 3969 1570 4031 his
1595 3968 1781 4041 procul

176 4062 345 4133 duino
367 4072 748 4131 tetnpcrasscs.

255 4154 393 4225 licet.
424 4155 529 4229 Qui
564 4155 784 4225 legunt,
818 4152 1035 4219 videant
1075 4162 1253 4215 utrum
1291 4168 1394 4226 ego
1422 4154 1601 4212 divina
1629 4153 1782 4212 testia

184 4260 366 4319 ntoma
399 4262 505 4307 non
535 4238 881 4319 pretuicritn;
913 4263 982 4307 an
1008 4262 1039 4303 a
1072 4263 1167 4309 me
1206 4248 1415 4320 praelata
1449 4249 1777 4329 depravare,

184 4335 387 4393 [rustra
418 4337 532 4407 ipse
550 4347 777 4399 conatus
804 4338 898 4403 sis.

258 4425 417 4486 CX“.
457 4426 569 4499 lup.
598 4428 703 4499 Sed
731 4429 870 4491 bene
894 4430 1037 4501 quod
1064 4445 1162 4493 nos
1191 4444 1357 4488 onere
1378 4431 1563 4488 talium
1594 4447 1781 4503 perso-

185 4533 378 4575 narum
403 4519 547 4590 prior
568 4520 774 4589 levasti.
801 4519 934 4581 Nam
964 4521 1016 4579 in
1050 4522 1187 4585 libro
1209 4537 1365 4594 quem
1393 4523 1460 4580 ad
1485 4524 1780 4581 Timasium

183 4621 376 4677 contra
404 4611 628 4673 liberum
652 4613 931 4683 arbitrium
961 4615 1198 4682 texuisti,
1213 4629 1354 4673 cum
1383 4625 1600 4683 sanctus
1624 4617 1779 4672 Pela-

172 4706 303 4789 gius
333 4705 712 4776 venerabilium
742 4710 977 4777 virorum
1011 4716 1118 4769 tam
1161 4710 1431 4769 Ambrosii
1473 4726 1633 4781 quam
1670 4711 1779 4785 Cy-

177 4798 354 4877 priani
395 4799 709 4862 recordatus
734 4799 962 4867 fuisset,
1002 4802 1096 4872 qui
1135 4802 1364 4859 liberum
1404 4803 1683 4858 arbitrium
1723 4804 1779 4860 in

176 4891 331 4955 libris
355 4892 468 4949 suis
494 4894 1028 4961 columendaverant,
1059 4893 1386 4967 respondisti
1415 4897 1560 4952 nulla
1589 4906 1640 4953 te
1657 4912 1782 4970 gra-

176 4987 293 5057 vari
322 4987 642 5057 auctoritate
673 4987 859 5071 talium
894 5006 907 5044 :
940 4990 1012 5044 ita
1042 4998 1105 5055 ut
1129 4990 1341 5046 diceres
1361 5032 1377 5056 ,
1404 5005 1498 5046 eos
1527 5006 1781 5061 processu

178 5079 304 5147 vita;
330 5077 570 5149 melioris
591 5120 608 5147 ,
641 5080 687 5149 si
712 5080 841 5151 quid
879 5080 1022 5141 male
1061 5092 1383 5152 senserant,
1404 5080 1649 5156 expiasse
1679 5084 1783 5155 (De

182 5168 391 5227 Natura
412 5178 459 5233 et
489 5168 688 5237 Gratia,
721 5186 775 5227 η.
806 5171 909 5239 71,
937 5172 1102 5246 rqq.).
1132 5175 1245 5233 Tua
1274 5175 1371 5230 tibi
1397 5176 1464 5231 ad
1491 5175 1595 5233 hoc
1617 5175 1783 5233 relata

180 5265 322 5335 sint,
366 5271 424 5318 ut
450 5263 687 5335 escitare
712 5261 783 5331 dp
821 5264 951 5331 solis
978 5267 1292 5325 nominibus
1330 5268 1615 5324 erubescas
1640 5268 1783 5323 invi-

177 5354 344 5409 diam.
370 5352 639 5425 caeterum
667 5354 755 5412 vel
775 5354 1047 5427 Ambrosii
1066 5359 1233 5428 dicta,
1262 5360 1347 5416 vel
1372 5360 1621 5427 aliorum,
1644 5374 1784 5432 quo-

179 5462 302 5502 rum
342 5444 537 5515 famam
578 5454 882 5503 vestrorum
909 5449 1143 5509 nitimiui
1177 5453 1447 5510 metuere
1487 5452 1782 5519 consortio,

172 5543 327 5599 clara
352 5541 688 5613 benignaque
715 5551 940 5611 possunt
960 5545 1176 5606 ratione
1196 5546 1436 5605 defendi.

256 5637 390 5690 Aue.
413 5631 639 5695 Tantam
664 5634 959 5695 eeoitatem
979 5641 1167 5695 cordis
1188 5640 1281 5696 tibi
1303 5638 1543 5711 potuisse
1570 5638 1784 5695 contin-

179 5741 331 5801 gere,
361 5727 482 5798 quis
509 5725 702 5795 erant,
724 5726 831 5793 nisi
846 5727 940 5798 qui
964 5727 1091 5791 haec
1116 5733 1282 5805 legit?
1309 5733 1389 5789 Tu
1416 5732 1548 5789 dicis
1567 5731 1712 5804 quod
1741 5732 1788 5788 si

182 5819 385 5893 aliquid
408 5812 739 5879 auctoratius
766 5817 1078 5895 aﬂe’ndere,
1109 5825 1163 5881 id
1188 5834 1290 5894 est,
1319 5825 1562 5884 invenire
1588 5825 1792 5896 potuis-

182 5928 323 5980 sem,
344 5927 377 5967 a
401 5912 789 5984 disputatorum
814 5914 982 5981 'dictis
1001 5963 1015 5988 ,
1047 5921 1152 5986 vel,
1177 5920 1309 5983 sicut
1341 5930 1396 5975 tu
1424 5919 1678 5990 loqueris,
1707 5919 1791 5976 di-

255 6026 275 6060 ⁸
308 6024 473 6078 codex
491 6033 769 6104 Formm,
784 6034 881 6095 sed
904 6048 1014 6088 vere
1035 6030 1271 6087 Ambrosii
1293 6044 1395 6083 esse
1421 6029 1718 6084 sententiam.

690 6300 826 6343 6....

1536 513 1732 569 manu
1771 476 2116 582 QUARTUS.

3322 530 3462 593 “0C

1881 628 2194 697 ctiunculis,
2224 640 2636 709 temperassem;
2679 649 2728 697 et
2769 643 3023 703 continuo
3054 653 3108 709 tu
3146 646 3260 718 ipse
3297 647 3463 717 dicis,

1880 720 2149 795 Pelagium
2175 766 2191 791 ,
2219 744 2376 799 quem
2405 746 2563 786 vocas
2590 744 2828 797 sanctum
2846 778 2861 802 ,
2892 737 2946 791 in
2977 736 3285 794 defensione
3314 740 3463 796 liberi

1880 813 2085 873 arbitrii
2116 821 2447 877 venerabiles
2484 824 2626 880 viros
2664 826 2987 899 Cyprianum
3028 838 3083 885 et
3123 830 3461 887 Ambrosium

1882 913 2043 973 testes
2080 906 2386 973 adhibuisse
2420 932 2431 967 :
2465 930 2564 973 nec
2600 919 2831 983 attendis
2868 922 3315 993 quemadmodum
3360 923 3461 980 hoc

1879 997 2107 1065 dicendo
2133 1000 2420 1075 redarguas
2446 1007 2758 1081 magistrum
2798 1020 2948 1070 tuum
2986 1012 3261 1084 ipsamque
3294 1013 3460 1069 luere-

1879 1093 1981 1149 sim
2018 1101 2271 1150 vestram.
2301 1094 2605 1157 Secundum
2633 1110 2776 1156 tuam
2802 1104 2998 1177 quippe
3031 1106 3386 1173 sententiam,
3420 1121 3460 1162 st

1880 1187 2079 1260 aliquid
2105 1188 2349 1261 Pelagius
2371 1207 2467 1261 pro
2486 1208 2551 1247 eo
2570 1194 2711 1264 quod
2741 1195 3080 1266 defendebat,
3113 1199 3456 1269 auctoratius,

1881 1279 1935 1335 in
1958 1282 2168 1354 scriptis
2192 1283 2207 1314 ί
2229 1283 2503 1341 canonicis
2523 1285 2830 1352 invenisset,
2854 1304 2885 1359 a
2905 1270 3295 1360 disputatorum
3318 1293 3466 1355 testi—

1881 1373 2075 1445 moniis
2102 1383 2472 1446 temperasset.
2500 1376 2724 1449 Quando
2757 1381 2855 1436 ista
2893 1381 3131 1450 diceres,
3160 1384 3265 1441 nisi
3302 1393 3353 1451 te
3392 1385 3465 1441 ita

1881 1466 2216 1536 perturbaret
2245 1468 2562 1527 Ambrosius
2580 1512 2594 1537 ,
2628 1480 2686 1535 ut
2711 1471 3077 1533 adversarium
3103 1476 3280 1535 subito
3306 1477 3467 1549 Peia.

1880 1559 1998 1632 gius
2034 1561 2333 1632 reperiret?
2368 1581 2387 1621 ι
2423 1562 2528 1631 Sed
2574 1565 2722 1639 prior
2759 1581 2854 1627 vos
2896 1568 3069 1624 levavi
3092 1611 3106 1636 ,
3142 1587 3162 1624 ι
3195 1578 3252 1624 ut
3292 1570 3425 1641 dicis
3448 1612 3466 1638 ,

1887 1670 1907 1704 ι
1944 1667 2108 1709 onere
2151 1654 2335 1726 talium
2379 1670 2768 1727 personarum,
2818 1676 2837 1715 ι
2868 1660 3136 1725 Ambrosii
3182 1661 3466 1731 videlicet,

1880 1743 2103 1816 ejusque
2134 1746 2422 1811 sociorum.
2464 1745 2630 1806 Plane
2659 1749 2761 1821 boc
2785 1764 2950 1819 onere
2985 1752 3056 1825 ita
3085 1755 3339 1823 premeris
3361 1797 3376 1822 ,
3411 1763 3470 1811 ut

1880 1852 1987 1895 non
2009 1839 2180 1897 solum
2202 1841 2541 1913 Opprimaris,
2565 1858 2751 1901 verum
2771 1845 2931 1903 etiam
2955 1846 3272 1914 conteraris,
3296 1855 3350 1902 et
3370 1848 3468 1903 tias

1881 1930 2055 2001 pulvis
2080 1947 2240 2003 quem
2272 1933 2483 2006 proiicit
2506 1943 2697 1997 ventus
2718 1951 2748 1992 a
2776 1935 2912 1994 facie
2937 1946 3095 1994 terra:
3119 1938 3289 2013 (Paul.
3316 1955 3355 2006 ι,
3385 1940 3467 2008 ι’).

1880 2022 2066 2095 Neque
2092 2025 2235 2095 enim
2265 2025 2341 2081 illi
2368 2033 2526 2095 totae
2554 2027 2681 2093 tanti
2704 2036 2759 2083 et
2782 2036 2889 2099 tam
2918 2030 3089 2103 sancti
3114 2030 3351 2102 clarique
3374 2045 3470 2101 ap-

1884 2118 2075 2185 tistites
2105 2119 2222 2191 Dei,
2254 2120 2508 2187 Ecclesia:
2542 2121 2819 2193 catholicae
2842 2122 2941 2179 lilii
2977 2123 3256 2195 discendo,
3289 2132 3469 2199 patres

1882 2210 2144 2278 docendo,
2190 2210 2258 2267 de
2301 2224 2521 2285 peccato
2559 2213 2716 2283 primi
2759 2213 2991 2283 hominis
3038 2216 3194 2289 eique
3237 2217 3469 2291 obnottia

1882 2304 2223 2363 successione
2250 2306 2553 2377 mortalium
2581 2306 2652 2377 ita
2683 2307 2844 2364 locuti
2870 2317 3014 2377 sunt,
3050 2317 3109 2365 ut
3136 2310 3228 2365 alii
3253 2310 3322 2367 ab
3348 2311 3471 2381 aliis

1883 2394 2268 2469 discreparﬁnl.
2298 2407 2389 2459 aut
2407 2414 2594 2471 eorum
2622 2400 2849 2473 quisque
2872 2416 2902 2465 a
2930 2402 3254 2473 semetipso;
3279 2403 3375 2460 sed
3398 2403 3472 2458 ita

1883 2504 2105 2561 prorsus
2123 2531 2139 2558 ,
2165 2499 2222 2557 ut
2245 2505 2430 2561 eorum
2452 2493 2807 2561 consensione
2829 2501 2990 2565 atque
3019 2493 3339 2563 constantia,
3373 2507 3473 2561 nec

1883 2584 2047 2643 aliter.
2066 2597 2189 2651 esse
2217 2584 2285 2645 de
2310 2585 2411 2647 hac
2439 2602 2500 2643 re
2527 2595 2766 2655 sanctam
2804 2588 3137 2658 Scripturam
3167 2587 3473 2658 intelligen-

1882 2672 2029 2742 dam,
2052 2689 2153 2741 nec
2180 2676 2338 2743 aliam
2361 2676 2646 2747 potandam
2672 2677 2988 2747 catholicam
3019 2677 3202 2745 tidem,
3230 2678 3475 2750 quisquis

1883 2780 1979 2823 eos
2015 2780 2121 2823 non
2166 2767 2420 2839 haeretica
2446 2771 2626 2837 animo
2663 2769 2791 2842 legit
2812 2811 2826 2837 ,
2871 2768 3121 2837 dubitare
3145 2783 3252 2825 non
3280 2769 3471 2840 possit.

1883 2859 2119 2929 Quorum
2149 2860 2387 2937 pondere
2425 2863 2532 2931 iam
2574 2861 2692 2934 ipse
2732 2862 2811 2929 sio
2846 2861 3109 2933 frangeris
3132 2905 3148 2932 ,
3190 2871 3249 2918 ut
3287 2877 3475 2923 eorum
3532 2902 3535 2903 ν

1882 2952 2022 3009 dicta
2043 2951 2238 3024 quibus
2266 2954 2618 3023 conti-adicis,
2655 2973 2677 3013 ι
2701 2956 2844 3023 clara
2884 2956 3222 3028 benignaque
3261 2956 3474 3013 ratione

1882 3044 2217 3109 defendenda
2252 3065 2271 3108 η
2303 3048 2627 3118 susceperis.
2659 3048 2954 3113 Audiamus
2982 3063 3110 3119 ergo
3150 3048 3349 3105 claram
3377 3047 3476 3105 be-

1881 3140 2204 3212 nignamque
2229 3142 2488 3206 rationem
2520 3160 2533 3196 :
2565 3157 2668 3213 qua
2696 3151 2781 3203 tua
2811 3142 3020 3201 ratione
3048 3142 3093 3205 si
3119 3140 3479 3199 defenduntur

1880 3249 1946 3291 ea
1967 3234 2131 3301 dicta,
2173 3249 2272 3291 cur
2300 3234 2431 3297 mibi
2470 3248 2539 3293 ex
2576 3234 2657 3289 eis
2686 3234 2999 3304 ingeruntur
3028 3242 3116 3293 tua
3155 3231 3477 3295 maledicta?

1881 3324 2015 3383 Nam
2044 3325 2264 3385 omnino
2287 3367 2301 3390 ,
2330 3341 2451 3397 qua:
2478 3326 2533 3391 in
2566 3340 2654 3387 tne
2691 3324 2976 3385 detestaris
3017 3332 3073 3380 et
3112 3324 3289 3396 arguis
3313 3364 3328 3387 ,
3361 3322 3478 3393 ipsa

1883 3427 2027 3486 sunt,
2050 3436 2170 3490 qua:
2198 3420 2250 3475 in
2278 3419 2491 3479 illorum
2518 3419 2881 3489 disputatione
2909 3416 3171 3473 defendis.
3203 3415 3262 3473 Si
3296 3423 3478 3475 autem

1883 3526 1990 3569 non
2013 3510 2390 3576 defenduntur.
2412 3510 2506 3574 sed
2530 3511 2630 3571 Sub
2653 3509 2868 3573 nomine
2894 3508 3223 3577 defensionis
3249 3508 3481 3565 astutius

1883 3613 2214 3673 arguuntur;
2254 3602 2396 3671 absit
2437 3612 2495 3661 ut
2533 3603 2634 3665 ista
2672 3603 2815 3661 clara
2843 3610 2898 3659 et
2936 3601 3162 3671 benigna
3191 3599 3262 3659 sit
3301 3599 3487 3665 ratio:

1884 3694 1981 3750 sed
2009 3695 2246 3755 irrisoria
2272 3694 2449 3765 potius
2475 3694 2735 3760 adulatio,
2756 3709 2877 3764 quae
2901 3692 3025 3756 ideo
3048 3690 3292 3751 defensio
3318 3706 3477 3751 vocav

1887 3795 1994 3855 tur,
2026 3802 2092 3843 ne
2122 3787 2438 3858 populorum
2469 3786 2876 3853 catholicorum,
2903 3800 2933 3840 a
2961 3785 3156 3856 quibus
3182 3783 3344 3846 iidem
3374 3783 3478 3839 viri

1884 3889 2230 3945 venerantur,
2262 3880 2475 3941 tolerari
2502 3896 2608 3945 non
2640 3880 2809 3949 possit
2834 3876 3082 3943 odensio.

1957 3970 2135 4037 CXlli.
2163 3971 2285 4033 Jun.
2328 3971 2464 4040 Quia
2506 3969 2756 4036 videlicet
2793 3978 2849 4025 et
2883 3967 3175 4039 simplicius
3211 3964 3478 4038 quapiam

1885 4062 2147 4129 dixerint,
2181 4072 2237 4118 et
2263 4062 2631 4132 quodcumque
2658 4060 2801 4117 aliud
2841 4060 3209 4130 speculantes,
3243 4073 3348 4115 non
3378 4057 3480 4131 ba-

1885 4154 2098 4221 buerint
2116 4155 2487 4222 necessitatem
2504 4170 2533 4215 a
2557 4153 2722 4221 latere
2739 4152 3077 4223 surgentibus
3095 4150 3480 4222 (praestionibus

1885 4246 2155 4313 obviandi.
2194 4246 2327 4311 Cnet
2367 4247 2509 4315 enim
2538 4245 2729 4311 crebro
2755 4244 3088 4313 laudaverint
3119 4242 3397 4314 coniugia,
3426 4251 3481 4297 et

1883 4342 2083 4405 nullam
2113 4341 2166 4401 in
2205 4340 2519 4411 corporibus
2559 4338 2897 4403 affectionem
2922 4352 2953 4392 a
2980 4335 3192 4395 diabolo
3221 4335 3479 4400 insertam

1885 4435 2139 4505 putarint,
2173 4447 2273 4488 nec
2296 4447 2463 4503 regno
2488 4431 2683 4497 diaboli
2712 4430 2889 4491 divina
2914 4443 3099 4500 Opera,
3130 4427 3183 4485 id
3207 4436 3292 4484 est
3320 4435 3479 4489 uatu-

1886 4541 1961 4582 rzc
1991 4524 2228 4591 membra
2250 4564 2263 4589 ,
2292 4522 2647 4592 subiecerint,
2680 4520 2775 4587 sed
2813 4530 2866 4576 et
2888 4535 2919 4576 a
2946 4521 3057 4581 Deo
3084 4518 3321 4581 instituta
3345 4532 3481 4577 con-

1882 4619 2028 4690 iugia
2053 4632 2119 4683 ac
2155 4616 2524 4675 benedictione
2562 4615 2753 4673 donata
2774 4655 2789 4679 ,
2822 4614 3156 4685 liberumque
3178 4612 3478 4680 arbitrium,

1887 4720 2047 4782 prout
2071 4709 2439 4779 opportunitas
2466 4707 2638 4771 attulit
2660 4749 2675 4775 ,
2702 4705 3048 4776 explicarint;
3081 4706 3371 4769 humanum
3400 4714 3487 4763 est

1888 4811 1947 4859 ut
1971 4816 2078 4859 non
2116 4808 2261 4855 stare
2288 4800 2344 4867 in
2372 4797 2626 4865 societate
2654 4798 2818 4857 veStri
2846 4798 3065 4857 sceleris
3081 4798 3408 4869 iudicentur.
3437 4800 3484 4855 si

1888 4895 1943 4961 in
1972 4893 2250 4965 scripturis
2293 4892 2505 4953 illorum
2551 4899 2644 4947 aut
2680 4890 2968 4964 ambigue,
3012 4902 3107 4951 ant
3155 4893 3486 4964 negligenter

1890 4989 2152 5061 quaepiam
2203 4987 2371 5042 locata
2414 4986 2835 5057 deprehenditis.
2882 4987 3165 5056 Quomodo
3190 4989 3333 5045 enim
3377 5004 3484 5045 non

1891 5082 2200 5154 praeiudicat
2227 5079 2518 5150 Scriptus-is
2564 5081 2760 5138 sanctis
2782 5122 2797 5147 ,
2829 5081 2974 5151 quod
3019 5096 3207 5138 omnes
3253 5082 3488 5137 haereses

1890 5174 2239 5245 aliquibusse
2268 5187 2452 5235 earnm
2492 5171 2811 5231 tesumoniis
2852 5173 3104 5231 occulunt
3146 5188 3211 5229 ac
3247 5173 3488 5228 nituntur

1892 5268 2029 5325 tueri
2062 5284 2075 5320 :
2108 5268 2180 5322 ita
2203 5268 2364 5323 etiam
2389 5265 2771 5335 catholicorum
2793 5266 3032 5325 virorum
3053 5266 3247 5324 famam
3271 5277 3486 5337 propter

1892 5359 2155 5430 quapiam
2183 5358 2445 5415 incautius
2474 5356 2587 5417 fusa
2607 5400 2623 5426 ,
2658 5374 2764 5415 non
2789 5360 3055 5429 patiemur
3082 5358 3273 5414 addici.
3302 5357 3487 5426 Neque

1892 5453 2037 5523 enim
2077 5434 2380 5513 habuerunt
2419 5451 2767 5515 nitentionem
2812 5451 2911 5519 illi,
2955 5460 3045 5507 aut
3072 5449 3358 5506 damnandi
3386 5464 3488 5504 nn-

1888 5548 2035 5620 ptias
2052 5586 2073 5615 ,
2096 5552 2190 5612 aut
2213 5543 2439 5605 liberum
2466 5543 2744 5602 arbitrium
2769 5543 3085 5615 denegandi,
3115 5542 3198 5599 vel
3228 5541 3488 5598 innocen-

1894 5638 2026 5707 tiam
2063 5636 2335 5703 sauciandi
2365 5654 2382 5691 :
2412 5649 2569 5706 quam
2620 5635 2666 5695 si
2710 5633 3060 5702 habuissent,
3103 5648 3213 5690 non
3252 5641 3488 5693 vestrum

1897 5728 2090 5801 dogma
2115 5727 2447 5795 ﬁrmassent,
2474 5726 2571 5784 sed
2597 5725 2856 5783 honorem
2881 5725 3045 5782 ofﬁcii
3074 5724 3453 5797 perdidissent.

1972 5823 2106 5878 Anc.
2136 5820 2184 5877 0
2206 5821 2353 5878 clara
2376 5833 2431 5876 et
2455 5822 2681 5892 benigna
2706 5821 2843 5879 ratio
2870 5808 3227 5879 defensionis!
3269 5820 3493 5901 Simpli-

1899 5918 2016 5974 cius
2037 5913 2286 5970 videiicet
2308 5914 2442 5970 dixit
2465 5914 2809 5981 Ambrosius,
2838 5934 2902 5975 ex
2930 5917 3312 5973 commixtione
3330 5913 3493 5971 maris

1971 6030 1989 6063 ί
2023 6031 2097 6078 ste
2118 6034 2225 6085 Mss.
2253 6035 2303 6078 in
2322 6029 2484 6091 Vign.,
2509 6025 2789 6090 scripturis.
