4070 6494
597 404 734 464 1407

595 534 648 581 et
669 525 877 580 feminae
898 530 1168 590 expertem
1192 519 1456 574 neminem
1483 531 1602 572 esse
1625 515 1804 570 delicti
1827 514 1917 587 (In
1939 513 2177 584 Isaiam);

593 625 646 672 et
667 616 1038 686 quodcumque
1065 611 1204 666 aliud
1233 608 1572 679 speculando,
1605 621 1703 664 nec
1725 605 1969 662 habendo
1995 619 2182 660 ncces-

595 707 806 760 sitatem
836 720 864 758 a
897 703 1063 758 latere
1106 701 1444 773 surgentibus
1489 699 1871 770 quzcstionibus
1908 697 2178 766 obviandi,

594 795 925 866 negligenter
953 805 1008 850 et
1035 795 1244 849 incaute
1274 793 1484 862 scriptis
1511 799 1566 848 ct
1593 789 2036 860 disputationibus
2068 788 2181 845 suis

589 886 936 941 Manichacum
961 927 976 953 ,
1007 885 1147 956 quod
1171 885 1304 940 dicis
1327 925 1342 950 ,
1373 885 1520 938 virus
1547 882 1756 938 infudit.
1796 881 1965 937 Homo
1991 881 2194 952 loquax

587 979 822 1046 cissime,
853 977 1097 1032 homines
1125 977 1314 1032 timens
1339 975 1542 1030 homini
1564 976 1756 1045 parcis,
1789 988 1894 1028 non
1921 973 2008 1028 illa
2037 971 2178 1028 dicta

590 1067 853 1124 defendis.
879 1067 1011 1122 Nam
1040 1069 1084 1122 si
1106 1084 1230 1123 vera
1257 1067 1463 1122 ratione
1489 1065 1846 1122 defenduntur
1874 1067 1987 1119 haec
2012 1065 2174 1132 dicta,

589 1160 776 1230 procul
805 1159 967 1215 dubio
997 1159 1265 1215 veraciter
1291 1159 1674 1222 defenduntur,
1705 1167 1760 1212 et
1782 1171 1905 1211 vera
1933 1165 2056 1211 sunt
2081 1173 2093 1207 :
2124 1164 2177 1211 et

585 1251 631 1306 si
659 1252 761 1306 hoc
787 1251 857 1306 ita
883 1260 963 1306 est
986 1293 1000 1318 ,
1028 1260 1173 1306 recte
1208 1253 1462 1306 asseritur
1497 1249 1750 1320 originale
1789 1257 2097 1319 peccatum,
2120 1257 2176 1304 et

585 1341 774 1412 dogma
801 1342 1120 1396 interimitur
1148 1350 1402 1396 vestrum.
1433 1340 1487 1395 Si
1516 1349 1691 1394 autem
1714 1339 1840 1394 falsa
1857 1340 2060 1394 ratione
2081 1338 2176 1394 de-

583 1433 872 1490 fenduntur
897 1433 1012 1488 haec
1036 1433 1210 1500 dicta,
1242 1432 1382 1487 clara
1423 1440 1512 1486 tua
1553 1431 1645 1486 illa
1687 1439 1742 1486 et
1785 1431 2010 1500 benigna
2039 1429 2176 1485 ratio

583 1543 691 1583 non
713 1535 796 1582 est
819 1527 977 1590 ratio,
1005 1526 1098 1581 sed
1125 1525 1388 1594 deceptio.
1413 1525 1480 1578 At
1503 1523 1646 1578 enim
1673 1541 1692 1575 ι
1717 1521 1958 1592 conjugia
1983 1521 2173 1577 crebro

583 1618 816 1673 laudavit
839 1637 858 1670 ι
889 1617 1202 1673 Ambrosius
1223 1633 1236 1669 :
1257 1617 1360 1670 hoc
1373 1625 1426 1671 et
1449 1629 1547 1672 nos
1575 1613 1817 1670 facimus.
1850 1629 1869 1665 ι
1898 1613 2125 1679 Nullam,
2147 1632 2166 1666 ι

583 1711 777 1782 inquis,
811 1730 828 1762 ‹
856 1711 908 1765 in
931 1711 1244 1782 corporibus
1269 1709 1602 1766 affectionem
1625 1723 1655 1764 a
1675 1709 1887 1764 diabolo
1909 1709 1996 1763 ille
2021 1717 2172 1812 puta:

578 1803 658 1858 vit
695 1803 946 1858 insertam
981 1822 995 1858 :
1033 1823 1051 1855 ›
1096 1805 1141 1858 si
1189 1801 1520 1858 affectionem
1552 1801 1780 1866 bonam,
1809 1815 1908 1854 nec
1949 1813 2080 1866 nos;
2125 1801 2171 1854 si

579 1877 773 1949 malam
797 1937 812 1961 ,
849 1895 984 1950 sicut
1011 1895 1102 1950 ille
1125 1935 1140 1960 ,
1173 1894 1244 1949 ita
1275 1903 1328 1950 et
1356 1909 1474 1948 nos.
1507 1911 1526 1945 ι
1554 1891 1665 1948 Nec
1687 1906 1872 1962 regno,
1903 1909 1920 1944 ι
1971 1891 2167 1961 inquis,

582 2003 604 2038 ι
631 1983 825 2041 diaboli
855 1987 1030 2041 divina
1061 2001 1252 2056 opera,
1287 1985 1388 2042 hoc
1425 1993 1510 2042 est
1549 1993 1754 2040 natum
1795 1984 2054 2050 membra,
2082 1983 2170 2038 ille

575 2078 802 2148 subjecit
831 2095 846 2131 :
876 2097 896 2130 ›
926 2079 1077 2150 quasi
1105 2079 1466 2134 adulterorum
1497 2079 1737 2134 membra
1767 2092 1876 2132 non
1906 2077 2010 2132 sint
2034 2077 2170 2131 divi-

573 2186 644 2226 na
670 2187 830 2242 Opera
858 2182 910 2228 et
939 2173 1178 2228 membra
1199 2182 1424 2240 natur:e,
1453 2189 1571 2244 qua:
1602 2185 1779 2228 tamen
1807 2173 1958 2238 vitio,
1991 2183 2045 2226 et
2073 2185 2170 2242 per

573 2261 680 2317 hoc
707 2263 922 2318 diabolo
942 2273 1152 2320 constat
1179 2280 1300 2320 esse
1325 2265 1587 2335 subjecta.
1615 2285 1636 2319 ι
1661 2265 1759 2329 illi,
1795 2284 1814 2318 ο
1851 2265 2046 2335 inquis,
2083 2283 2102 2315 ι
2136 2281 2166 2318 a

573 2351 686 2407 Deo
726 2353 964 2410 instituta
1003 2355 1244 2426 conjugia
1272 2371 1336 2411 ac
1371 2355 1743 2412 benedictione
1770 2355 1962 2410 donata
1989 2396 2004 2422 ,
2035 2354 2169 2410 libe-

569 2457 795 2515 rumque
823 2445 1134 2514 arbitrium,
1167 2455 1326 2518 prout
1349 2448 1718 2517 opportunitas
1759 2447 1966 2512 attulit,
1997 2445 2166 2516 expli-

567 2545 796 2590 carunt:
833 2555 854 2589 ι
879 2539 956 2592 sic
980 2547 1034 2592 et
1068 2553 1186 2593 nos.
1221 2557 1240 2590 ‹
1269 2539 1567 2594 Humanum
1597 2547 1713 2606 est,
1745 2557 1766 2592 ι
1819 2539 2022 2608 inquis,
2057 2557 2075 2589 ι
2110 2546 2168 2593 ιιι

567 2641 676 2681 non
699 2637 840 2684 stare
866 2629 918 2682 in
939 2631 1194 2685 societate
1219 2631 1384 2686 vestri
1404 2630 1625 2686 sceleris
1642 2630 1946 2701 judicentur
1970 2649 1984 2686 :
2004 2649 2024 2684 ι
2055 2631 2165 2686 imo

567 2717 813 2774 insanum
845 2731 925 2775 est
956 2729 1014 2776 ut
1041 2737 1146 2776 non
1177 2731 1321 2778 stare
1350 2723 1404 2778 in
1446 2723 1703 2778 societate
1733 2723 1945 2778 illorum
1983 2733 2164 2778 vestro

565 2811 770 2866 scelere
794 2811 1113 2882 judiccmur.
1139 2813 1285 2870 Dicis
1311 2833 1329 2866 ι
1357 2830 1464 2870 non
1498 2815 1846 2886 praejudicare
1871 2815 2162 2886 Scripturis

564 2901 765 2956 sanctis
785 2943 799 2966 ,
833 2904 976 2973 quod
1005 2920 1196 2960 omnes
1230 2905 1468 2962 hatrescs
1497 2907 1763 2978 aliquibus
1789 2921 1974 2962 earum
2008 2907 2160 2962 testi-

565 2994 758 3048 moniis
783 3009 841 3050 se
867 2997 1114 3052 occulunt
1139 3013 1200 3053 ac
1217 2999 1459 3054 nituntur
1479 2999 1613 3054 tueri
1637 3016 1651 3051 :
1679 3017 1701 3050 ι
1732 3005 1788 3053 et
1803 2999 1882 3054 sic
1897 2999 1978 3054 vis
2000 3017 2018 3051 ι
2051 2999 2161 3055 dis-

565 3087 898 3152 putatoribus
933 3103 1036 3142 non
1062 3089 1412 3160 przejudicare
1441 3091 1718 3146 catholicis
1741 3091 2016 3158 nonnulla,
2038 3107 2158 3164 qua:

473 3235 478 3244 ν
559 3173 630 3227 ab
659 3174 756 3240 eis,
785 3193 804 3228 ›
835 3177 972 3230 sicut
1015 3189 1188 3248 putas,
1230 3199 1248 3231 ι
1277 3181 1539 3236 incautius
1588 3182 1702 3238 fusa
1726 3201 1746 3236 ι
1789 3183 1942 3239 vobis
1971 3183 2158 3255 objici-

559 3280 698 3319 mus.
749 3266 886 3334 Quid
936 3277 1020 3323 est
1059 3269 1198 3340 hoc,
1229 3273 1332 3326 nisi
1370 3273 1550 3328 dicere
1579 3275 1738 3330 etiam
1777 3276 1829 3330 itt
1865 3275 2156 3347 Scripturis

557 3356 794 3422 sanctis,
837 3372 898 3412 ea
940 3375 1059 3429 quae
1097 3375 1196 3431 pro
1221 3377 1280 3418 se
1305 3372 1564 3434 usurpant
1589 3365 1858 3434 lueretici,
1891 3367 2154 3424 incautius

555 3446 671 3502 fusa
717 3465 875 3516 esse,
925 3463 980 3507 ct
1022 3453 1142 3510 ideo
1185 3471 1313 3512 vera
1351 3473 1457 3512 non
1499 3459 1658 3516 esse?
1685 3458 1802 3527 Quo
1839 3461 2152 3516 sceleratius

555 3541 684 3610 quid
710 3551 886 3612 potest
911 3543 1059 3600 dici?
1085 3546 1192 3602 Aut
1211 3547 1257 3602 si
1285 3549 1373 3603 illa
1401 3565 1526 3604 vera
1545 3559 1687 3618 sunt,
1717 3551 1812 3606 sed
1841 3551 1909 3606 ab
1935 3551 2149 3608 lucreti-

553 3632 634 3688 cis
671 3651 776 3690 non
821 3636 890 3691 ita
929 3637 1297 3710 intelliguntur
1341 3649 1399 3697 ut
1425 3653 1550 3698 sunt
1579 3661 1594 3698 :
1621 3645 1752 3700 nihil
1777 3645 1951 3701 simile
1989 3645 2150 3702 habet

553 3724 669 3781 haec
712 3731 1071 3800 comparatio;
1112 3736 1365 3804 quoniam
1405 3735 1545 3792 dicta
1587 3738 1672 3793 vel
1715 3739 2019 3806 Ambrosii,
2062 3739 2147 3795 vel

551 3819 823 3892 Cypriani,
852 3824 936 3879 vel
962 3825 1186 3881 aliorum
1217 3829 1599 3886 catholicorum
1621 3873 1634 3896 ,
1667 3847 1786 3902 quae
1823 3843 2010 3888 contra
2050 3847 2146 3888 vos

552 3914 833 3982 ponimus,
874 3916 918 3970 si
969 3932 1091 3973 vera
1142 3936 1262 3976 esse
1307 3925 1670 3992 concesseris,
1715 3937 1990 3995 peccatum
2032 3929 2144 3983 ori-

548 4003 724 4071 ginale
767 4004 1025 4064 firmabis.
1073 4009 1343 4078 Proinde,
1389 4015 1836 4084 quemadmodum
1874 4035 1973 4074 nos
2019 4036 2139 4075 cum

547 4094 654 4173 illis
681 4105 736 4152 et
776 4097 1054 4158 laudamus
1079 4106 1289 4175 nuptias
1309 4147 1322 4171 ,
1355 4116 1410 4162 et
1445 4108 1668 4164 liberum
1705 4111 2022 4168 confitemur
2049 4131 2140 4170 ar-

545 4187 781 4256 bitrium,
810 4201 866 4248 et
901 4194 1236 4252 defendimus
1260 4201 1614 4257 innocentiam
1650 4221 1663 4256 :
1697 4203 1775 4259 sic
1802 4214 1855 4260 tu
1886 4221 2006 4262 cum
2039 4208 2141 4264 illis

547 4278 637 4334 dic
663 4284 910 4351 parvulos
938 4303 1042 4342 non
1083 4303 1204 4344 esse
1229 4301 1477 4361 expertes
1515 4293 1729 4363 delicti;
1771 4297 2005 4370 alioquin
2039 4317 2140 4357 nos

545 4384 732 4427 sumus
756 4389 878 4429 cum
907 4377 1008 4444 eis,
1051 4387 1108 4433 tu
1147 4380 1406 4438 adversus
1439 4400 1554 4440 eos.
1585 4387 1798 4444 Illorum
1828 4393 1970 4447 enim
1997 4393 2136 4451 dicta

547 4478 653 4518 non
695 4463 1052 4535 defendis,‘ut
1097 4473 1439 4541 promiseras,
1489 4477 1582 4534 sed
1623 4480 1994 4551 reprehendis.
2023 4485 2136 4542 Tuo

543 4554 740 4625 quippe
765 4557 1030 4627 dogmate,
1057 4576 1176 4616 cum
1199 4567 1408 4634 cogaris
1435 4567 1524 4622 illa
1545 4571 1761 4642 culpare
1782 4583 1835 4629 et
1855 4573 1988 4631 falsa
2016 4593 2136 4634 esse
2183 4583 2190 4596 ‘

539 4648 863 4704 contendere
880 4691 894 4714 ,
925 4653 1070 4707 nullo
1093 4655 1254 4710 modo
1274 4657 1464 4714 sineris
1479 4665 1880 4722 auctoritatibus
1901 4669 1920 4701 ⁸
1947 4685 2134 4726 eorum

537 4737 906 4796 defensionem
934 4760 1092 4814 quam
1120 4750 1502 4819 spoponderas,
1530 4757 1784 4815 exhibere
1813 4779 1826 4814 :
1855 4762 1974 4832 quia
2005 4771 2060 4818 et
2080 4765 2134 4820 in

538 4831 882 4888 accusatione
905 4836 925 4866 ³
952 4835 1198 4893 adulator
1222 4856 1342 4898 esse
1371 4849 1598 4913 conaris,
1640 4859 1694 4904 et
1735 4851 1785 4905 in
1827 4853 2133 4913 adulatione

539 4922 957 4992 deprehenderis
977 4942 1275 4990 accusator.

609 5012 791 5069 CXIV.
819 5016 938 5073 Jun.
983 5020 1172 5079 Libere
1215 5027 1391 5100 itaque
1427 5033 1670 5102 conjecto
1711 5044 1766 5090 ct
1809 5041 2127 5111 pronuntio,

535 5105 785 5176 quoniam
815 5110 861 5164 si
888 5126 1075 5168 eorum
1103 5117 1293 5187 aliquis
1314 5119 1397 5176 his
1422 5136 1726 5192 superesset
1749 5127 1954 5196 diebus,
1982 5133 2130 5189 vide-

532 5209 723 5271 retque
751 5207 1072 5262 exstinctum
1097 5210 1391 5280 disciplinae
1415 5215 1718 5276 christianae
1745 5223 1926 5291 decus,
1958 5227 2130 5283 otian-

535 5299 643 5347 tem
683 5293 738 5348 in
768 5297 1017 5354 omnibus
1043 5300 1263 5356 liberam
1293 5305 1649 5378 voluntatem,
1681 5323 1838 5386 atque
1874 5319 2128 5376 affectan-

533 5393 641 5439 tem
673 5385 934 5457 imputare
965 5393 1270 5448 necessitati
1297 5397 1552 5469 quidquid
1595 5385 1785 5475 sponte
1818 5413 2124 5484 committit,

527 5476 970 5547 vituperationem
1015 5497 1227 5554 quoque
1261 5501 1480 5557 operum
1518 5493 1645 5564 Dei,
1689 5503 2128 5578 eversionemque

527 5566 660 5641 legis
687 5569 804 5640 ejus
845 5573 945 5630 sub
986 5575 1202 5634 nomine
1249 5579 1536 5641 inefficacis
1577 5591 1763 5659 gratiae
1809 5566 2128 5667 populorum

589 5727 717 5814 1.3.3."
726 5733 1126 5814 ..Ἦὲῗὲίεηη
1168 5741 1218 5790 ετ
1236 5736 1362 5803 βίδα
1383 5755 1488 5796 εδει
1528 5750 1780 5804 ostendere
1818 5754 1952 5810 nullo
1981 5761 2124 5814 modo

523 5785 1050 5866 auctoribus:
1111 5785 1125 5794 ’
1173 5785 1213 5790 ’⁷
1236 5785 1361 5803 ⁷”“”
1384 5785 1486 5796 ww

591 5851 613 5880 ³
645 5853 804 5914 Forte,
825 5855 1150 5910 musam.

1264 401 1510 460 OPEBIS
1551 397 1964 454 lMPERFECTl
2001 391 2274 452 CONTRA
2315 393 2674 468 JULIANUM,
2717 397 2776 455 S.
2817 399 3185 459 AUGUSTINI

3745 407 3898 468 μω

2288 513 2508 570 auribus
2555 515 2820 586 intimari;
2863 529 2974 576 toto
3015 532 3204 578 contra
3227 538 3324 580 vos
3367 523 3491 581 felle
3516 535 3844 583 moveretur
3873 547 3892 584 :

2287 607 2621 677 perpendens
2650 612 2807 666 etiam
2830 625 3103 684 peccatum
3132 619 3373 672 naturale
3395 633 3426 673 a
3453 618 3748 674 Manichzea
3779 637 3892 677 non

2285 713 2442 769 posse
2471 701 2746 773 impietate
2771 705 3022 774 discerni,
3053 707 3208 764 fidem
3234 709 3550 766 catholicam
3574 721 3672 766 aut
3697 727 3888 768 emen-

2283 789 2422 847 datis
2455 803 2546 848 aut
2571 795 2942 854 condemnatis
2982 799 3152 870 vobis,
3194 811 3250 857 et
3297 803 3506 874 planius
3554 813 3806 860 tueretur
3835 815 3890 862 et

2283 883 2510 938 cautius.

2353 975 2487 1032 Auc.
2527 977 2634 1034 Cur
2671 994 2799 1050 ergo
2843 983 3139 1041 emendatis
3187 985 3377 1055 nobis,
3409 997 3598 1044 etnon
3623 989 3796 1046 etiam
3827 1007 3886 1048 se

2281 1066 2446 1137 ipsis?
2467 1068 2569 1126 Ubi
2587 1073 2829 1144 estquod
2859 1085 2912 1131 te
2931 1077 3097 1133 libere
3121 1079 3420 1149 conjectare
3450 1091 3502 1138 et
3529 1085 3884 1153 pronuntiare

2279 1163 2640 1230 promiseras?
2669 1167 2808 1223 Ecce
2833 1183 2934 1224 nec
2959 1169 3124 1226 libera
3150 1181 3234 1228 est
3263 1182 3350 1228 tua
3389 1175 3596 1230 vanitas
3617 1218 3634 1242 ,
3661 1187 3716 1232 et
3747 1177 3882 1232 falsa

2279 1247 2499 1308 libertas
2533 1274 2546 1312 :
2575 1257 2794 1312 timuisti
2822 1260 2964 1339 enim
2991 1261 3191 1328 dicere,
3217 1265 3356 1335 quod
3385 1266 3432 1320 si
3459 1267 3544 1322 ltis
3568 1266 3763 1322 diebus
3793 1285 3882 1322 su-

2279 1357 2521 1416 peresset
2545 1349 2877 1418 Ambrosius,
2909 1355 3060 1411 vobis
3085 1356 3299 1426 auditis,
3329 1359 3558 1429 primum
3585 1377 3648 1417 se
3679 1363 3874 1431 ipsum,

2278 1436 2471 1494 deinde
2497 1456 2593 1496 nos
2619 1444 2961 1514 emendaret;
2985 1449 3079 1503 sed
3107 1451 3257 1520 quasi
3289 1450 3450 1506 homo
3471 1452 3608 1508 liber
3629 1454 3734 1510 hoc
3761 1472 3880 1510 mu-

2277 1531 2377 1586 tire
2393 1531 2704 1604 formidans,
2725 1545 2903 1595 tamen
2929 1541 3148 1614 intelligi
3167 1543 3398 1600 voluisti.
3417 1546 3494 1600 En
3512 1562 3618 1617 quo
3641 1547 3880 1606 devene-

2249 1619 2400 1679 runt
2423 1625 2476 1680 hi
2506 1625 2653 1695 dies,
2683 1638 2741 1684 ut
2768 1631 2819 1684 in
2847 1631 2924 1687 cis
2951 1634 3294 1704 Ambrosius,
3328 1637 3374 1692 si
3401 1639 3489 1693 hic
3512 1640 3720 1696 viveret
3743 1685 3760 1708 ,
3789 1642 3876 1697 di-

2245 1735 2250 1738 ·
2275 1725 2450 1770 sceret
2493 1732 2552 1773 se
2581 1717 2746 1774 fuisse
2787 1720 3137 1780 Manichmum
3155 1769 3170 1792 ,
3201 1737 3255 1783 et
3299 1729 3478 1784 audito
3505 1729 3722 1788 Juliano
3745 1774 3764 1798 ,
3793 1735 3875 1790 vel

2273 1805 2529 1864 leestio
2547 1852 2562 1877 ,
2595 1811 2680 1867 vel
2707 1812 2822 1883 ipso
2849 1815 3062 1889 Pelagio
3083 1861 3096 1883 ,
3125 1835 3244 1875 esse
3269 1821 3489 1878 ulterius
3515 1841 3622 1879 non
3649 1826 3871 1898 debere,

2273 1897 2368 1952 sed
2418 1915 2485 1955 ex
2530 1902 2620 1957 illa
2665 1905 2865 1984 nefaria
2912 1910 3211 1978 pestilentia
3242 1914 3392 1970 vobis
3437 1897 3872 1988 praecipientibus

2272 1991 2685 2064 curantibusque
2721 1999 2924 2053 sanari.
2960 2001 3128 2068 Quale
3173 2007 3534 2074 spectaculum
3567 2012 3752 2068 animo
3777 2029 3870 2069 co-

2271 2079 2486 2149 gitantis
2536 2088 2810 2142 occurrit?
2856 2092 3012 2162 quale
3065 2107 3243 2161 esset,
3292 2098 3474 2155 videre
3523 2101 3870 2162 Ambrosium

2271 2181 2498 2230 stantem
2518 2217 2531 2241 ,
2565 2178 2649 2232 vel
2677 2179 2722 2235 si
2753 2181 2840 2238 ille
2865 2186 3217 2254 permitteret,
3251 2190 3528 2248 sedentem
3555 2207 3684 2257 ante
3713 2199 3868 2255 Pela-

2269 2266 2448 2335 gium,
2503 2279 2663 2341 atque
2719 2273 3014 2333 discentem
3069 2281 3373 2350 paradisum
3426 2301 3626 2344 novum
3679 2295 3864 2349 saeculi

2271 2355 2431 2427 hujus
2469 2361 2859 2422 calamitatibus
2891 2369 3139 2440 plenum,
3175 2390 3309 2444 quas
3337 2375 3582 2434 videmus
3613 2385 3867 2451 parvulos

2267 2453 2496 2520 perpeti,
2541 2454 2628 2509 ubi
2660 2471 2881 2515 necesse
2919 2471 3090 2529 esset,
3121 2466 3332 2522 etiamsi
3361 2485 3520 2524 nemo
3565 2487 3862 2543 peccasset,

2267 2553 2484 2596 carnem
2529 2547 2906 2616 concupiscere
2949 2551 3206 2611 adversus
3251 2558 3532 2628 spiritum;
3579 2571 3637 2618 et
3683 2580 3752 2620 ne
3797 2567 3864 2622 ad

2267 2629 2449 2686 illicita
2479 2649 2542 2689 ac
2569 2635 2828 2709 flagitiosa
2873 2645 3228 2712 pertraheret,
3274 2651 3660 2721 concupiscere
3701 2659 3865 2712 etiam

2265 2723 2512 2794 Spiritum
2575 2727 2832 2787 adversus
2890 2748 3110 2793 carnem
3155 2755 3169 2792 :
3235 2755 3394 2811 quam
3467 2743 3864 2805 dissensionem

2263 2813 2441 2872 dicere
2466 2819 2667 2876 soleret
2690 2823 3027 2896 Ambrosius,
3057 2845 3154 2899 per
3182 2835 3674 2901 przevaricationem
3701 2842 3872 2911 primi

2264 2903 2495 2964 hominis
2545 2910 2597 2964 itt
2644 2911 2918 2971 hominum
2967 2921 3188 2976 vertisse
3237 2933 3480 2982 naturam
3531 2903 3774 3002 (Libri
3813 2935 3870 2989 in

2261 2998 2388 3056 Luc.
2413 3003 2541 3074 xn);
2576 3005 2671 3062 sed
2695 3008 2804 3078 jam
2829 3011 2928 3066 sub
2953 3014 3104 3070 vobis
3123 3019 3390 3090 magistris
3419 2998 3599 3079 dicere
3627 3041 3736 3082 non
3768 3043 3868 3084 au-

2261 3091 2456 3150 deret?
2484 3096 2712 3156 Necesse
2753 3119 2966 3176 quoque
2990 3119 3134 3166 esset
3161 3111 3216 3166 in
3255 3115 3345 3168 tali
3379 3118 3626 3186 paradiso
3657 3121 3870 3191 pallere

2257 3199 2632 3258 prmgnantes,
2663 3193 2892 3252 tolerare
2935 3199 3091 3271 longa
3136 3202 3345 3260 fastidia
3370 3248 3387 3274 ,
3441 3225 3658 3280 gemere
3699 3225 3868 3286 atque

2259 3275 2462 3334 ululare
2488 3283 2786 3352 parientes;
2826 3303 2948 3344 cum
2989 3289 3223 3349 diversis
3252 3297 3394 3353 vitiis
3423 3299 3764 3371 ingeniorum
3811 3316 3864 3362 et

2255 3381 2540 3438 corporum
2561 3371 2807 3432 homines
2829 3382 2996 3448 nasci,
3023 3399 3326 3457 paucosque
3352 3391 3623 3462 cordatos,
3649 3395 3862 3454 minore

2255 3459 2492 3529 quidem,
2520 3479 2619 3520 nec
2645 3475 2824 3524 tamen
2846 3473 2962 3528 sine
2991 3475 3176 3532 labore
3204 3480 3408 3537 litteras
3433 3459 3666 3554 discere,
3698 3500 3862 3546 caste-

2253 3565 2344 3606 ros
2385 3553 2739 3617 tardiusculos
2775 3563 2889 3620 sive
2935 3567 3150 3638 tardos,
3183 3580 3238 3626 et
3284 3581 3430 3630 tanto
3457 3580 3629 3650 magis
3655 3593 3858 3652 quanto

2251 3643 2476 3715 quisque
2495 3657 2638 3704 esset
2663 3652 2880 3720 tardior,
2897 3666 2986 3712 aut
3008 3661 3218 3716 concidi
3235 3662 3418 3721 ferulis
3444 3643 3848 3742 magistrorum,

2249 3744 2342 3790 aut
2383 3737 2626 3798 indoctos
2671 3743 3052 3821 imperitosque
3099 3769 3353 3822 manere;
3385 3737 3560 3816 fatuos
3588 3779 3720 3820 vero
3753 3783 3852 3824 nec

2249 3829 2523 3899 magistris
2552 3833 2689 3904 dari,
2719 3837 2812 3894 sed
2842 3839 3105 3898 dolendus
3134 3845 3455 3907 ridendosve
3495 3857 3724 3924 nutriri;
3775 3859 3856 3914 in-

2247 3915 2440 3988 fantes,
2488 3935 2771 3999 antequam
2817 3933 3104 4006 quidquam
3148 3941 3277 3996 mali
3325 3956 3544 4013 possent
3589 3915 3728 4008 velle
3767 3955 3854 4011 vel

2245 4023 2426 4080 agere,
2457 4015 2646 4085 agitari
2671 4021 2888 4088 morbis,
2915 4030 3145 4098 torqueri
3165 4030 3457 4102 doloribus,
3487 4041 3854 4100 medicamen-

2245 4099 2313 4156 tis
2339 4107 2515 4160 curari
2545 4111 2967 4184 cruciantibus‘,
2996 4133 3026 4172 a
3055 4120 3391 4183 daemonibus
3421 4133 3602 4186 vexari
3624 4175 3641 4200 ,
3669 4140 3850 4208 exspi.

2243 4204 2364 4248 rare
2414 4200 2785 4272 superantibus
2832 4205 3092 4265 cladibus.
3137 4211 3194 4268 Si
3224 4230 3353 4272 vero
3385 4218 3500 4276 lucc
3547 4200 3852 4286 exhorretis

2243 4285 2463 4342 credere
2490 4289 2651 4346 nollet
2681 4293 3016 4367 Ambrosius,
3042 4311 3098 4357 et
3121 4307 3472 4377 responderet
3497 4313 3614 4372 lucc
3641 4333 3846 4388 omnia,

2241 4373 2286 4429 si
2317 4391 2475 4433 nemo
2499 4395 2808 4452 peccasset,
2841 4391 2988 4446 nullo
3017 4395 3178 4451 modo
3203 4373 3380 4455 futura
3405 4401 3571 4462 fuisse
3599 4408 3654 4464 in
3687 4419 3850 4469 tanuc

2241 4466 2584 4529 beatitudinis
2617 4476 2769 4546 loco,
2815 4483 2908 4538 ubi
2953 4501 3054 4542 nec
3097 4499 3219 4560 post
3265 4507 3540 4564 peccatum
3579 4516 3702 4559 esse
3749 4523 3846 4576 po-

2241 4569 2477 4632 tuerunt,
2527 4567 2714 4639 ejectis
2762 4573 2886 4631 inde
2935 4577 3077 4646 illis,
3126 4599 3354 4652 quorum
3402 4567 3848 4659 praevaricatione

2239 4654 2378 4708 mala
2407 4657 2506 4712 ista
2535 4671 2718 4718 secuta
2747 4677 2904 4736 sunt;
2933 4685 2996 4726 ac
3037 4687 3136 4742 per
3161 4675 3266 4732 hoc
3285 4679 3356 4735 de
3399 4683 3614 4740 miseria
3660 4697 3846 4749 venire

2237 4747 2569 4818 mortalium,
2599 4769 2718 4824 quae
2749 4758 2892 4814 nulla
2921 4773 3102 4832 esset,
3139 4766 3242 4823 nisi
3273 4773 3591 4841 gravissimo
3620 4795 3846 4850 peccato

2239 4837 2394 4905 primi
2433 4838 2664 4900 hominis
2713 4857 2900 4905 natura
2945 4853 3177 4913 humana
3205 4837 3389 4919 vitiata
3435 4877 3594 4939 atque
3621 4837 3848 4933 ⁸[ωηειᾷ

2237 4926 2340 4983 hoc
2367 4933 2622 4990 sacculum
2651 4946 2727 4994 tot
2757 4943 3024 5016 tantisque
3050 4950 3441 5013 calamitatibus
3469 4926 3688 5031 plenum
3717 4985 3848 5038 pro-

2235 5035 2434 5091 pagare
2463 5029 2780 5098 meruisset;
2811 5034 2902 5090 ubi
2927 5053 3026 5093 nec
3049 5041 3335 5116 redempti,
3358 5029 3482 5120 jam
3496 5029 3845 5127 sempiternus:

2234 5113 2423 5170 salutis
2452 5118 2676 5190 pignore
2705 5139 2944 5200 accepto,
2973 5133 3129 5188 malis
3157 5113 3460 5209 hujusmodi
3487 5113 3676 5206 carent

2233 5219 2355 5261 cum
2383 5209 2452 5266 de
2493 5211 2595 5269 hoc
2621 5219 2821 5276 saeculo
2849 5223 3114 5296 exierint,
3149 5238 3275 5288 tunc
3299 5237 3558 5296 carebunt
3589 5261 3604 5297 :
3636 5245 3680 5298 si
3707 5261 3844 5318 ergo

2235 5297 2349 5318 .-|!_
2400 5316 2425 5318 μ
2441 5317 2447 5318 κ
2468 5317 2477 5318 κ
2614 5305 2630 5318 ¹
2809 5313 2820 5318 ⁸
2899 5314 2912 5318 “

2235 5297 2355 5352 talia
2399 5305 2751 5386 responderet
2792 5313 3143 5387 Ambrosius,
3189 5327 3466 5394 praeclaris
3505 5297 3840 5406 syllogismis

2232 5393 2425 5449 vestris
2451 5397 2827 5464 prohiberetur
2851 5405 2968 5462 haec
2996 5393 3208 5478 dicere,
3248 5431 3318 5473 ne
3345 5393 3554 5478 scilicet
3575 5393 3842 5499 coacupi;

2231 5484 2433 5539 scentia
2457 5489 2636 5544 carnis
2661 5493 2981 5566 vituperata,
3011 5511 3065 5556 et
3087 5505 3333 5576 originali
3361 5524 3580 5581 peccato
3603 5484 3842 5590 credito,

2230 5575 2427 5644 nuptiae
2463 5577 2880 5656 damnarentur,
2927 5591 3156 5650 liberum
3180 5575 3496 5660 auferretur
3521 5575 3844 5679 arbitrium;

2230 5668 2658 5738 vituperarentur
2686 5693 2847 5750 opera
2873 5683 2968 5741 Dei
2993 5727 3008 5752 ,
3038 5697 3092 5743 et
3115 5690 3216 5747 sub
3243 5695 3460 5751 nomine
3487 5701 3678 5768 gratiae
3703 5668 3846 5776 legis

2227 5759 2442 5818 eversio
2467 5777 2800 5836 sequeretur.
2828 5773 2944 5830 Non
2975 5780 3054 5836 sic
3078 5781 3256 5854 plane,
3281 5799 3386 5842 non
3413 5759 3517 5844 sic:
3539 5759 3846 5853 Erubesci-

2295 5891 2312 5924 ί
2345 5893 2419 5944 sic
2449 5903 2554 5948 Mss.
2574 5899 2690 5952 Editi
2707 5917 2842 5970 vero,
2866 5911 3174 5966 cruciatibus.
3635 5987 3656 6020 ς
