3980 6486
119 395 262 455 1409

119 523 194 580 te,
228 511 306 570 vel
336 511 509 582 potius
551 509 886 579 cxpavescite
915 507 1038 563 talia
1068 507 1320 579 cogitare.
1364 507 1476 562 lmo
1505 521 1630 562 vero
1654 505 1704 560 si

115 610 202 664 vir
229 609 316 663 ille
344 615 684 676 superesset,
727 604 891 658 multo
917 603 1286 659 vehementius
1323 618 1483 674 quam
1526 616 1625 656 nos
1652 609 1706 655 et

114 697 442 754 auctoratius
467 696 619 752 vobis
645 711 740 766 pro
763 695 1021 750 catholica
1069 695 1174 751 fide
1199 705 1252 751 et
1283 711 1380 766 pro
1418 694 1512 750 Dei
1538 692 1704 764 gratia
1739 764 1742 766 Ι

119 792 203 845 vel
247 790 488 860 aequitate
513 787 807 854 resisteret,
835 803 993 858 quam
1024 803 1132 842 non
1169 787 1276 842 sint
1302 784 1702 855 consequentia,

119 899 237 952 qua:
253 880 624 951 consequentia
642 880 856 950 putatis,
877 880 1163 937 ostendens
1181 898 1195 947 ;
1221 881 1338 950 quia
1360 887 1414 934 et
1437 888 1580 934 recte
1598 877 1704 932 vivi

118 982 329 1042 potest,
359 988 464 1027 non
495 972 645 1043 pulsa
689 987 787 1028 nec
817 972 1025 1027 laudata
1075 973 1212 1027 mala
1253 970 1700 1042 concupiscentia,

117 1066 213 1120 sed
241 1065 476 1130 frenata;
520 1080 620 1119 nec
658 1065 902 1136 culpatur
940 1073 1141 1119 naturae
1175 1063 1461 1128 Conditor,
1491 1061 1702 1132 quando

117 1156 186 1211 ab
221 1158 308 1212 illo
346 1156 580 1212 sananda
628 1165 974 1222 monstratur,
1020 1172 1138 1226 qua:
1166 1156 1232 1211 ab
1281 1155 1495 1210 inimico
1526 1155 1701 1210 vitiari

115 1251 310 1321 potuit,
341 1263 442 1304 non
469 1248 674 1314 creari;
708 1263 807 1303 nec
832 1248 1148 1302 damnantur
1172 1248 1387 1318 nuptire,
1419 1263 1536 1318 qua:
1564 1247 1702 1303 bene

118 1350 342 1396 utuntur
369 1339 606 1412 pudenda
639 1339 888 1405 libidine;
915 1355 1012 1394 nec
1035 1339 1258 1396 liberum
1289 1338 1526 1394 aufertur
1553 1338 1700 1393 arbi-

119 1433 303 1499 trium,
325 1431 416 1489 sed
432 1431 581 1500 cujus
599 1430 856 1486 beneficio
880 1431 948 1486 sit
976 1431 1026 1485 in
1051 1431 1192 1486 bono
1218 1431 1442 1486 liberum
1463 1429 1702 1486 ostendi-

114 1530 236 1589 tur;
269 1539 366 1579 nec
405 1523 493 1578 lex
533 1531 819 1579 evacuatur
854 1539 950 1594 per
997 1523 1240 1595 gratiam,
1287 1523 1383 1578 sed
1427 1523 1699 1593 impletur.

113 1613 246 1669 Hcce
267 1615 354 1669 ille
377 1613 569 1670 doctor
591 1615 834 1685 egregius
863 1615 1074 1686 egregie
1099 1614 1410 1684 diSputaret,
1442 1623 1497 1670 et
1521 1614 1576 1669 in
1606 1629 1700 1669 ve-

112 1714 257 1760 stras
285 1704 446 1761 facies
481 1706 815 1776 impudentes
839 1747 852 1771 ,
898 1707 985 1760 illa
1013 1721 1130 1777 quae
1155 1706 1398 1776 superius
1441 1705 1509 1762 de
1545 1721 1703 1776 para-

112 1797 235 1853 diso
264 1805 442 1854 vestro
465 1798 721 1865 diximus,
756 1810 812 1854 et
836 1807 1070 1854 vestrum
1101 1812 1336 1853 errorem
1363 1813 1488 1854 vere
1514 1813 1702 1852 conse-

111 1896 370 1960 quuntur,
401 1889 550 1946 etab
573 1889 819 1945 omnibus
858 1889 1160 1945 hominibus
1211 1898 1458 1960 tanquam
1504 1904 1701 1944 vesana

109 1989 276 2050 atque
326 1979 526 2036 furiosa
583 1980 666 2037 vel
718 1980 989 2048 ridentur,
1041 1979 1127 2036 vel
1172 1980 1546 2048 exhorrentur,
1601 1980 1702 2035 illi-

110 2069 289 2127 deret.
1441 2073 1454 2087 '

107 2184 110 2186 ·
188 2163 345 2220 CXV.
373 2163 494 2220 JUL.
519 2163 702 2236 Neque
728 2163 870 2219 enim
899 2163 954 2218 in
979 2163 1100 2234 jure
1127 2164 1438 2234 cujusquam
1465 2172 1548 2220 est
1573 2162 1704 2220 defi-

111 2257 225 2310 nita
253 2256 522 2326 suscipere
545 2297 561 2324 ,
590 2262 645 2311 et
680 2271 799 2326 quae
827 2263 1224 2325 consequuntur
1266 2254 1568 2310 excludere.
1602 2253 1703 2320 Qui

109 2365 246 2421 ergo
274 2349 400 2404 dicit
430 2358 644 2420 propter
683 2348 786 2404 hoc
820 2348 1066 2419 parvulos
1099 2347 1165 2402 ad
1190 2347 1278 2417 jus
1307 2347 1502 2403 diaboli
1537 2345 1706 2417 perti-

109 2457 271 2508 nere,
322 2441 571 2512 quoniam
615 2441 683 2496 de
733 2456 894 2496 sexus
932 2439 1309 2496 commixtione
1352 2446 1702 2509 generantur;

111 2535 238 2590 sine
265 2533 427 2590 dubio
453 2534 620 2606 ipsam
651 2533 1104 2598 commixtionem,
1133 2531 1186 2586 in
1212 2547 1316 2602 qua
1341 2540 1544 2586 natura:
1573 2544 1706 2602 opus

110 2637 226 2697 est,
255 2645 376 2685 cum
408 2637 609 2683 natura:
639 2628 805 2698 ipsius
833 2627 1161 2682 institutione
1185 2625 1526 2682 condemnat.

191 2725 327 2779 Aac.
375 2722 490 2778 Tibi
537 2721 752 2793 quidem
799 2721 900 2776 hoc
945 2719 1154 2775 videtur
1181 2736 1197 2774 :
1226 2719 1319 2774 sed
1365 2733 1552 2774 verum
1601 2730 1708 2772 non

109 2831 244 2872 esse
279 2815 455 2887 (quod
485 2824 539 2870 tu
569 2830 676 2870 non
717 2811 890 2886 vides)
915 2811 1048 2867 vidit
1076 2811 1388 2866 Ambrosius
1411 2851 1428 2879 ,
1459 2808 1549 2881 qui
1577 2809 1710 2864 dixit

109 2916 366 2978 expertes
394 2923 500 2963 non
531 2922 648 2962 esse
678 2906 859 2962 delicti
899 2921 966 2961 ex
1005 2905 1122 2960 viro
1148 2913 1200 2960 et
1229 2904 1487 2971 muliere,
1517 2903 1570 2958 id
1595 2911 1704 2972 est,

111 3017 216 3072 per
242 3002 385 3057 illam
405 3000 840 3057 commixtionem
861 3013 1144 3069 corporum
1172 3005 1326 3053 natos
1345 2996 1433 3070 (In
1454 2994 1666 3067 Isaiam)
1691 3013 1705 3050 :

113 3109 221 3150 nec
250 3103 426 3150 tamen
472 3094 642 3164 ipsam
678 3092 1111 3150 commixtionem
1157 3105 1278 3146 cum
1314 3090 1480 3160 ipsius
1508 3096 1711 3144 natura:

110 3187 451 3244 institutione
473 3185 810 3242 condemnat.
840 3182 1159 3240 Commixtio
1195 3182 1391 3253 quippe
1427 3181 1710 3251 conjugum

112 3276 438 3350 procreandi
485 3292 688 3342 causa,
741 3276 938 3331 bonum
987 3282 1070 3330 est
1117 3274 1416 3344 nuptiarum
1450 3291 1463 3326 :
1497 3272 1593 3328 sed
1641 3272 1711 3326 ita

114 3369 257 3424 fiunt
295 3369 547 3424 nonnulla
589 3383 750 3444 opera
780 3366 918 3422 bona
947 3382 1054 3422 non
1098 3365 1216 3420 sine
1261 3365 1402 3420 malo
1431 3364 1709 3430 vitiorum,

114 3463 264 3517 sicut
299 3476 460 3532 opera
486 3461 626 3516 mala
657 3476 762 3516 non
793 3462 909 3516 sine
941 3459 1084 3516 bono
1123 3458 1506 3514 membrorum.
1535 3456 1714 3526 Quan-

118 3554 328 3610 tislibet
353 3562 526 3610 autem
566 3553 707 3608 vitiis
724 3560 966 3623 turpetur
1002 3567 1350 3622 quaecumque
1386 3559 1597 3617 natura,
1628 3549 1714 3604 in-

120 3646 334 3700 stitutio
373 3647 488 3716 ejus
535 3661 749 3716 semper
796 3652 878 3700 est
922 3645 1082 3700 bona.
1114 3643 1245 3698 Nam
1287 3643 1425 3698 sicut
1455 3640 1716 3697 institutio

123 3739 374 3808 corporis
427 3737 560 3792 bona
616 3747 736 3804 est,
800 3739 962 3792 etiam
1016 3735 1229 3807 quando
1280 3735 1515 3790 nascitur
1573 3747 1719 3788 mor-

121 3829 317 3896 bidus;
359 3838 413 3886 et
453 3829 712 3884 institutio
750 3829 912 3884 animi
957 3829 1095 3883 bona
1140 3836 1255 3892 est,
1297 3826 1458 3882 etiam
1505 3825 1718 3896 quando

120 3921 368 3976 nascitur
409 3920 633 3976 fatuus:
684 3921 762 3976 sic
802 3919 1064 3975 institutio
1107 3918 1337 3973 hominis
1377 3917 1540 3988 ipsius
1579 3917 1719 3972 bona

118 4022 229 4080 est,
257 4012 472 4083 quando
498 4011 735 4068 nascitur
763 4009 1065 4082 contagioni
1093 4009 1299 4082 peccati
1326 4009 1599 4080 originalis
1624 4008 1720 4066 ob-

122 4104 341 4162 noxius.

201 4194 388 4250 CXVI.
413 4194 535 4250 Jun.
564 4192 716 4261 Quod
742 4200 833 4248 aut
863 4201 1148 4264 utrumque
1173 4191 1328 4246 simul
1359 4201 1602 4262 negatur,
1632 4198 1724 4247 aut

127 4285 296 4341 simul
325 4295 608 4356 utrumque
649 4285 970 4355 suscipitur;
1002 4293 1056 4339 et
1096 4298 1216 4338 cum
1258 4284 1326 4338 sit
1366 4281 1422 4337 in
1463 4291 1724 4353 potestate

132 4377 413 4448 utriusque
442 4368 658 4449 rejéctio
678 4419 694 4446 ,
728 4393 832 4432 non
870 4385 952 4432 est
980 4386 1154 4431 tamen
1183 4377 1236 4430 in
1263 4375 1724 4431 arbitrio-alterius

135 4467 363 4534 electio;
404 4469 504 4523 nisi
532 4467 671 4539 quod
701 4468 905 4523 facilius
943 4476 1114 4537 potest
1142 4467 1321 4522 illicita
1348 4467 1725 4522 commixtione

138 4557 356 4627 gravari
397 4557 525 4612 vitio
553 4558 838 4613 voluntatis
861 4598 876 4623 ,
909 4557 1172 4612 seminum
1216 4565 1390 4611 tamen
1439 4556 1723 4610 fructifica-

138 4649 291 4704 tione
321 4648 560 4717 defensa,
589 4665 741 4722 quam
770 4647 1031 4704 fructibus
1059 4649 1175 4718 ejus
1195 4649 1474 4714 accusatis,
1502 4664 1724 4704 sexuum

137 4742 420 4812 negotium
465 4741 739 4797 vindicari.
785 4741 900 4796 Non
944 4755 1072 4812 ergo
1114 4740 1385 4795 fluctuatio
1415 4748 1524 4807 tua,
1567 4755 1726 4810 quam

138 4835 284 4889 inter
325 4833 659 4888 formidinem
704 4833 1136 4904 impietatemque
1181 4831 1510 4901 perpeteris,
1563 4845 1729 4885 novas

136 4925 448 4995 disputandi
479 4925 690 4996 regulas
710 4925 942 4980 condere
971 4923 1182 4990 valebit,
1207 4932 1262 4978 ut
1286 4922 1352 4977 de
1372 4922 1577 4977 duobus
1601 4937 1731 4979 con-

143 5017 302 5071 nexis
346 5031 508 5071 uuum
538 4999 795 5085 suscipias
814 5057 828 5082 ,
874 5024 927 5071 ct
952 5015 1091 5086 quod
1118 5015 1166 5071 ei
1196 5014 1433 5069 adhaeret
1458 5015 1727 5069 excludas.

143 5109 291 5164 Ante
354 5107 498 5164 leves
555 5117 838 5178 pascentur
907 5107 960 5162 in
1030 5107 1230 5168 :cthere
1295 5106 1437 5160 cervi
1490 5104 1728 5177 (Virgil.

145 5198 348 5271 Ecloga
375 5201 427 5267 1,
451 5215 580 5254 vers.
608 5198 699 5271 59)
720 5242 735 5267 ,
765 5215 922 5269 quam
969 5208 1090 5268 post
1131 5197 1493 5268 przejudicium
1537 5198 1732 5267 sumpti

145 5301 375 5361 negetur
398 5291 625 5346 effectio.
649 5290 878 5346 Exercet
898 5288 998 5345 hoc
1026 5304 1190 5360 genus
1219 5289 1491 5358 apostolus
1517 5290 1731 5358 Paulus,

146 5397 278 5437 cum
305 5381 470 5437 dicit:
499 5381 560 5436 Si
588 5381 776 5435 mortui
805 5397 904 5434 non
933 5389 1221 5450 resurgunt,
1269 5395 1360 5433 nec
1387 5378 1616 5434 Christus
1651 5397 1733 5434 re-

144 5472 395 5526 surreait.
420 5469 481 5526 Si
504 5470 734 5525 Christus
749 5487 849 5524 non
868 5472 1157 5535 resurrexit,
1184 5486 1312 5524 vana
1337 5479 1408 5524 est
1429 5471 1554 5540 ﬁdes
1575 5483 1735 5526 vestra

147 5565 198 5633 (Ι
216 5562 338 5617 Cor.
361 5578 448 5630 xv,
473 5563 587 5633 l6).
616 5562 766 5618 Nunc
796 5571 970 5618 autem
998 5559 1233 5616 Christus
1263 5561 1553 5617 resurrexit
1576 5579 1589 5616 :
1609 5577 1739 5618 con-

145 5665 263 5713 Stat
301 5671 428 5727 ergo
458 5655 792 5710 functorum‘
823 5653 967 5737 diem
1001 5654 1442 5709 resurrectionem
1487 5653 1735 5711 futuram.

149 5751 226 5807 Et
251 5759 313 5804 ut
337 5747 440 5804 hoc
463 5749 636 5819 ipsum
663 5748 909 5804 breviore
947 5756 1162 5816 propter
1199 5746 1460 5817 legentem
1505 5747 1739 5804 inculce-

227 5861 247 5893 ί
285 5858 406 5910 Rditi
428 5872 563 5925 vero,
589 5864 861 5913 sanctorum
873 5870 897 5924 ί
929 5859 1310 5923 repugnantibus
1332 5863 1680 5924 manuscriptis.

1465 381 1662 446 LIBER
1695 382 2036 456 QUARTUS.

3249 387 3384 456 Nlo

1817 517 1933 557 mus
1962 501 2206 572 exemplo
2240 520 2252 557 :
2297 503 2566 562 dubitetur
2592 513 2767 563 utrum
2804 509 3003 579 justum
3042 509 3240 566 bonum
3279 512 3385 580 sit;

1759 597 1766 605 '
1811 601 1935 663 peto
1961 634 1976 658 ,
2005 609 2071 647 an
2101 609 2260 651 omne
2290 596 2488 666 justum
2510 640 2525 665 ,
2553 598 2834 656 honestum
2869 615 2988 657 esse
3014 600 3243 657 fatearis.
3271 601 3390 671 Quo

1810 697 2091 762 concesso,
2121 685 2258 741 addo
2287 688 2448 753 aliud,
2480 698 2656 745 utrum
2684 707 2840 747 omne
2864 693 3163 760 honestum,
3193 693 3390 749 bonum

1810 788 2022 843 quoque
2050 790 2169 831 esse
2199 781 2532 846 pronunties.
2565 781 2676 836 Hoc
2700 798 2908 854 quoque
2926 785 3070 853 dato,
3101 794 3153 840 te
3180 786 3390 841 volente

1809 863 2042 932 nolente,
2073 867 2330 922 concludo
2355 886 2368 921 :
2397 869 2448 924 Si
2477 886 2634 928 omne
2656 873 2854 942 justum
2878 875 3159 931 honestum
3181 918 3196 943 ,
3226 893 3384 933 omne

1810 955 2088 1013 honestum
2135 959 2366 1026 bonum;
2396 978 2554 1018 omne
2595 965 2753 1036 igitur
2795 967 2996 1037 justum
3047 969 3241 1022 bonum
3283 976 3386 1024 est.

1807 1049 1941 1106 Huic
1981 1052 2172 1108 effecto
2215 1055 2532 1126 quicumque
2561 1067 2681 1128 post
2708 1060 2872 1128 prima
2916 1069 3123 1130 sumpta
3165 1059 3391 1115 voluerit

1807 1142 1972 1198 obniti
1997 1185 2009 1208 ,
2055 1159 2160 1198 non
2191 1144 2471 1201 aedificium
2523 1147 2742 1202 rationis
2779 1149 3008 1218 quatit‘,
3039 1151 3132 1205 sed
3176 1151 3287 1221 ipse
3329 1165 3390 1206 se

1807 1235 2025 1304 exponit
2045 1235 2243 1291 irrisui.
2279 1235 2343 1291 Ut
2370 1251 2497 1305 ergo
2520 1237 2588 1292 ad
2615 1253 2828 1294 causam
2855 1241 3178 1310 comparatio
3206 1257 3392 1297 recur-

1814 1335 1918 1390 rat,
1949 1325 2203 1394 quaeritur
2229 1337 2404 1380 utrum
2433 1327 2501 1382 sit
2543 1328 2598 1383 in
2641 1338 2826 1383 natura
2854 1339 3126 1401 peccatum
3161 1349 3173 1384 :
3205 1330 3387 1400 petivi,

1807 1416 2200 1472 concederesne
2227 1418 2428 1472 nullum
2460 1434 2579 1474 esse
2607 1420 2722 1475 sine
2763 1421 3029 1477 voluntate
3069 1431 3341 1492 peccatum
3371 1437 3387 1476 :

1807 1521 2059 1564 assensus
2100 1523 2159 1564 es
2178 1551 2193 1575 ,
2224 1509 2361 1565 sicut
2388 1519 2475 1564 tua
2502 1510 2642 1566 dicta
2682 1520 2960 1568 testantur.
2991 1513 3214 1579 Addidi,
3243 1528 3308 1566 an
3335 1513 3391 1568 in

1807 1598 2029 1668 parvulo
2075 1607 2286 1670 putares
2329 1616 2448 1656 esse
2492 1601 2858 1657 voluntatem:
2891 1602 2993 1659 hoc
3035 1603 3192 1659 etiam
3222 1603 3391 1659 dene-

1806 1688 1963 1760 gasti.
1986 1689 2121 1756 Quid
2148 1690 2386 1770 sequitur
2412 1693 2647 1756 tertium,
2674 1693 2719 1747 si
2746 1709 2850 1748 non
2877 1694 3098 1749 estsine
3119 1694 3392 1750 voluntate

1807 1785 2115 1854 peccatum?
2142 1784 2253 1840 Hoc
2269 1793 2374 1839 tam
2395 1793 2598 1840 certum
2619 1794 2702 1841 est
2725 1783 2821 1858 (a),
2845 1795 2902 1841 ut
2929 1801 3028 1842 nec
3043 1787 3110 1842 ab
3121 1785 3394 1841 Academi-

1808 1874 1885 1928 cis
1902 1873 2085 1930 venire
2110 1875 2275 1944 possit
2300 1878 2351 1929 in
2367 1875 2604 1941 dubium,
2631 1891 2855 1946 quorum
2881 1876 3076 1932 divitize
3101 1883 3226 1932 sunt
3263 1873 3394 1930 nihil

1807 1974 2014 2020 certum
2049 1978 2248 2022 tenere.
2279 1966 2358 2021 Tu
2385 1981 2512 2036 ergo
2536 1983 2656 2021 cum
2688 1978 2806 2038 post
2832 1969 2937 2024 duo
2963 1972 3130 2039 prima
3159 1977 3392 2039 sumpta,

1809 2057 2024 2112 tertium
2064 2073 2224 2128 negas
2245 2100 2260 2125 ,
2303 2058 2356 2112 in
2385 2073 2491 2128 quo
2518 2067 2600 2114 est
2625 2057 2847 2114 effectus
2874 2061 3098 2114 duorum
3119 2101 3135 2127 ,
3167 2075 3271 2114 non
3303 2074 3394 2114 ra-

1810 2149 1968 2229 tionis
1989 2147 2332 2205 fundamenta
2352 2150 2624 2217 convellis,
2651 2150 2744 2205 sed
2767 2160 2911 2205 tuum
2930 2153 3111 2222 prodis
3132 2149 3392 2206 furorem.

1880 2242 2015 2297 Anc.
2057 2240 2203 2296 ltane
2241 2255 2301 2296 es
2330 2240 2618 2310 insipiens,
2662 2251 2721 2296 ut
2762 2250 2914 2312 putes
2958 2243 3010 2296 in
3059 2251 3247 2296 natura
3287 2255 3398 2297 non

1810 2346 1930 2387 esse
1956 2341 2255 2401 peccatum,
2287 2347 2408 2386 cum
2436 2333 2654 2386 omnino
2684 2342 2959 2401 peccatum
2993 2332 3092 2386 nisi
3123 2333 3175 2386 in
3212 2339 3399 2388 natura

1811 2437 1930 2478 esse
1952 2437 2057 2478 non
2077 2423 2276 2492 possit?
2292 2422 2422 2477 Nam
2439 2423 2521 2478 vel
2548 2422 2600 2476 in
2621 2424 2811 2494 angelo
2837 2431 2937 2489 est,
2967 2423 3050 2478 vel
3079 2424 3131 2477 in
3163 2423 3398 2490 homine,

1811 2529 1931 2583 qua:
1959 2514 2075 2568 sine
2101 2513 2434 2569 dubitatione
2466 2522 2668 2568 natura:
2696 2523 2820 2568 sunt
2845 2532 2858 2567 :
2882 2513 2927 2567 si
2969 2528 3096 2583 ergo
3126 2519 3402 2580 peccatum

1811 2605 1866 2660 in
1893 2606 2037 2661 nulla
2060 2607 2279 2662 istarum
2309 2615 2494 2663 natura
2523 2615 2683 2671 esset,
2708 2605 2946 2677 profecto
2965 2621 3222 2676 nusquam
3239 2613 3401 2661 esset.

1813 2699 1890 2754 Ac
1917 2714 2010 2769 per
2034 2698 2135 2754 hoc
2154 2741 2170 2766 ,
2203 2699 2472 2770 proposita
2499 2699 2794 2770 quaestione
2832 2707 3010 2753 utrum
3038 2698 3107 2752 sit
3135 2698 3184 2752 in
3213 2708 3402 2754 natura

1813 2799 2110 2861 peccatum,
2139 2789 2336 2846 docere
2367 2790 2671 2845 intenderas
2701 2791 2754 2844 in
2782 2797 2966 2843 natura
2995 2805 3099 2844 non
3127 2804 3246 2845 esse
3276 2803 3403 2859 pec-

1814 2890 1989 2935 catum
2022 2899 2034 2935 :
2064 2897 2251 2935 vanam
2288 2896 2415 2952 ergo
2453 2881 2618 2936 fuisse
2663 2880 3014 2936 intentionem
3045 2889 3212 2946 tuam,
3261 2889 3314 2936 ct
3351 2880 3406 2935 in

1815 2987 2012 3026 vanum
2057 2979 2109 3027 te
2156 2972 2313 3027 istam
2363 2971 2702 3042 proposuisse
2731 2971 3108 3042 quaestionem,
3140 2971 3186 3026 si
3216 2986 3320 3025 non
3345 2984 3408 3026 es

1815 3063 2038 3118 nimium
2067 3077 2265 3131 vanus,
2298 3062 2571 3132 intelligis.
2600 3063 2738 3117 Ecce
2760 3063 2980 3118 rationis
3009 3071 3131 3126 tuae,
3159 3062 3408 3133 quoniam

1817 3156 1956 3210 ratio
1979 3171 2105 3210 vera
2137 3170 2242 3210 non
2269 3163 2372 3220 est,
2398 3154 2738 3209 fundamenta
2765 3155 3036 3220 convello;
3070 3170 3168 3210 nec
3207 3163 3407 3223 tamen,

1819 3246 1959 3302 sicut
1986 3245 2322 3312 conviciaris,
2357 3243 2527 3314 prodo
2553 3259 2727 3299 meum
2750 3245 3003 3311 furorem,
3027 3244 3122 3300 sed
3151 3253 3296 3299 tuum
3323 3257 3412 3299 er-

1819 3351 2018 3392 rorem.
2043 3335 2326 3391 Coucessis
2363 3337 2502 3390 enim
2535 3335 2740 3391 duobus
2765 3351 2881 3406 quae
2909 3335 3076 3390 sumis
3101 3378 3115 3404 ,
3149 3335 3268 3391 ideo
3293 3343 3406 3393 ter-

1819 3428 1950 3483 tium
1982 3442 2140 3498 nego,
2171 3427 2291 3497 quia
2321 3443 2425 3480 non
2456 3436 2540 3482 est
2568 3427 2618 3481 in
2646 3442 2730 3494 eo,
2760 3428 2898 3481 sicut
2921 3442 3043 3482 esse
3068 3435 3241 3497 putas,
3272 3427 3410 3483 duo-

1820 3535 1940 3574 rum
1967 3518 2185 3574 effectus
2206 3519 2439 3574 illorum.
2469 3517 2593 3574 ldeo
2637 3518 2830 3589 quippe
2871 3519 3107 3574 concedo
3149 3534 3253 3574 non
3289 3534 3412 3576 esse

1823 3613 1940 3668 sine
1965 3612 2234 3667 voluntate
2270 3620 2564 3682 peccatum,
2594 3611 2716 3681 quia
2742 3613 2856 3667 sine
2879 3613 3149 3667 voluntate
3175 3627 3281 3667 non
3311 3627 3411 3684 po-

1822 3712 1928 3761 test
1949 3703 2084 3759 fieri.
2113 3703 2218 3759 Sed
2247 3704 2348 3758 alia
2378 3705 2585 3759 ratione
2627 3719 2810 3758 rursus
2841 3713 2987 3760 recte
3023 3703 3216 3760 dicitur
3235 3747 3251 3773 ,
3292 3720 3412 3762 esse

1825 3801 1941 3856 sine
1966 3799 2238 3854 voluntate
2266 3807 2571 3868 peccatum,
2604 3797 2726 3868 quia
2775 3806 2974 3863 manet,
3009 3798 3262 3868 quamdiu
3302 3812 3413 3855 non

1824 3892 2134 3959 remittitur,
2165 3893 2326 3948 etiam
2352 3891 2643 3947 desistente
2671 3893 2938 3949 voluntate
2958 3909 3061 3964 qua
3089 3893 3282 3949 factum
3307 3900 3409 3950 est.

1829 3984 1963 4042 Item
1993 3984 2232 4041 concedo
2258 3999 2364 4040 non
2390 3999 2509 4039 esse
2532 3985 2646 4040 sine
2674 3985 2943 4041 voluntate
2962 3995 3258 4055 peccatum,
3289 3987 3415 4058 quia

1828 4087 1881 4136 et
1905 4078 2164 4149 originale
2191 4086 2465 4148 peccatum
2507 4077 2622 4132 sine
2663 4078 2931 4134 voluntate
2973 4093 3078 4133 non
3109 4078 3303 4135 factum
3331 4088 3415 4136 est

1829 4170 1964 4241 ejus,
1996 4185 2025 4223 a
2067 4185 2172 4240 quo
2220 4175 2332 4238 ipsa
2378 4169 2526 4238 origo
2573 4169 2799 4238 sumpsit
2842 4170 3138 4224 exordium.
3185 4170 3415 4227 Proinde

1830 4275 1950 4315 cum
1977 4260 2134 4316 etiam
2162 4258 2289 4314 illud
2311 4258 2567 4324 concedo,
2593 4259 2734 4330 quod
2762 4260 3013 4329 peccandi
3039 4261 3415 4318 voluntas‘non

1830 4353 1900 4408 sit
1939 4353 1988 4406 in
2019 4351 2259 4422 parvulo,
2292 4365 2397 4405 non
2425 4366 2492 4405 ex
2521 4350 2604 4404 his
2632 4351 2837 4405 duobus
2866 4351 3148 4406 conficitur
3173 4353 3408 4422 tertium,

1830 4442 1972 4513 quod
2014 4452 2284 4513 peccatum
2314 4458 2418 4496 non
2464 4443 2531 4496 sit
2559 4442 2609 4496 in
2651 4442 2893 4512 parvulo.
2925 4440 3286 4499 Conficeretur
3319 4460 3416 4500 au-

1832 4541 1962 4599 tem,
2015 4533 2060 4589 si
2111 4533 2554 4603 quemadmodum
2581 4533 2817 4588 concedo
2838 4550 2961 4614 _non
2990 4550 3108 4589 esse
3137 4548 3416 4606 peccatum

1834 4625 1950 4680 sine
1997 4625 2306 4691 voluntate,
2339 4625 2410 4678 ita
2453 4625 2799 4680 concederem
2849 4641 2954 4680 non
3007 4642 3125 4682 esse
3159 4629 3419 4699 cujusque

1834 4725 2109 4786 peccatum
2137 4715 2252 4770 sine
2276 4715 2446 4785 ipsius
2472 4717 2684 4785 propria
2713 4716 3001 4772 voluntate.
3032 4718 3262 4774 Proinde
3290 4735 3418 4790 pec-

1834 4807 1937 4862 cati
1970 4807 2184 4877 quidem
2211 4807 2533 4862 voluntatem
2557 4809 2806 4878 parvulus
2829 4824 2934 4864 non
2966 4808 3142 4876 habet,
3171 4811 3264 4867 sed
3298 4827 3421 4882 pec-

1836 4908 2009 4953 catum
2042 4914 2146 4952 non
2178 4897 2418 4962 haberet,
2454 4898 2552 4952 nisi
2581 4899 2669 4954 ille
2692 4940 2705 4964 ,
2733 4899 2801 4954 de
2838 4915 2942 4970 quo
2973 4900 3022 4955 id
3048 4903 3297 4969 attraxit,
3321 4919 3422 4958 vo-

1837 4987 2036 5043 luntate
2058 4996 2346 5058 peccasset.
2375 4987 2505 5042 Nam
2527 4987 2592 5043 de
2617 4989 2728 5058 ipsa
2759 4988 2987 5044 hominis
3003 5007 3210 5063 quoque
3227 4994 3420 5048 nativi-

1839 5087 1946 5134 tate
1985 5079 2086 5134 tale
2111 5078 2308 5149 aliquid
2339 5078 2442 5133 dici
2471 5087 2644 5148 potest
2673 5097 2685 5132 :
2719 5079 2764 5135 si
2794 5081 2934 5134 enim
2965 5081 3171 5138 diceres
3193 5125 3207 5149 ,
3251 5083 3419 5141 Nemo

1839 5169 2072 5224 nascitur
2109 5169 2211 5224 nisi
2237 5185 2301 5224 ex
2329 5169 2624 5235 voluntate;
2673 5185 2779 5225 non
2816 5171 2932 5228 sine
2973 5174 3179 5229 ratione
3220 5191 3416 5232 conce-

1840 5261 2021 5316 dcrem
2043 5280 2054 5315 :
2075 5262 2305 5317 siautem
2322 5261 2546 5328 diceres,
2571 5261 2736 5318 Nemo
2756 5265 2991 5320 nascitur
3006 5267 3104 5320 nisi
3121 5282 3186 5322 ex
3205 5269 3418 5337 propria

1841 5369 1936 5408 sua
1961 5353 2250 5420 voluntate,
2270 5368 2376 5408 non
2388 5353 2756 5410 concederem.
2777 5354 2883 5410 lsto
2903 5357 3079 5428 itaque
3097 5359 3272 5425 modo,
3296 5360 3418 5430 quia

1808 5518 1812 5522 ι
1841 5443 1910 5499 de
1929 5453 2146 5514 peccato
2157 5445 2361 5515 agimus
2373 5445 2596 5516 parvuli,
2621 5447 2690 5500 ita
2713 5447 2967 5518 originale
2990 5459 3261 5519 peccatum
3279 5451 3417 5520 ejus,

1844 5536 1980 5590 sicut
2022 5537 2134 5606 ipse
2175 5548 2323 5591 ortus
2357 5530 2506 5606 ejus,
2542 5537 2660 5594 sine
2705 5538 2978 5594 voluntate
3023 5554 3139 5595 esse
3179 5556 3283 5596 non
3325 5557 3422 5612 po-

1847 5629 1943 5684 tuit
1967 5670 1979 5694 ,
2013 5628 2106 5683 sed
2125 5643 2233 5683 non
2262 5628 2401 5698 ejus.

1909 5742 1928 5805 ξ
1961 5740 2096 5805 editi,
2121 5739 2314 5805 quaerit.
2338 5740 2500 5805 Aptius
2516 5747 2641 5805 Mss,
2659 5740 2825 5805 quatit.

1909 5801 1982 5862 (a)
2013 5807 2149 5850 Forte
2171 5801 2333 5865 deest,
2357 5800 2536 5852 scilicet
2570 5801 2622 5853 in
2659 5800 2832 5853 natura
2868 5801 2970 5866 (vel
2999 5803 3052 5855 in
3086 5803 3309 5869 parvulo)
3330 5817 3424 5859 non

1851 5874 1952 5914 esse
1971 5870 2233 5918 peccatum.

2461 5956 2630 5967 ..ιο-νη-
