3980 6476
713 321 844 380 ΜΗ

782 433 986 492 CXVII.
1015 433 1134 490 JUL.
1165 435 1304 506 Ergo
1331 435 1372 488 si
1403 429 1646 489 audirent
1672 434 1748 488 illi
1777 434 2086 490 sacerdotes
2110 475 2124 498 ,
2155 448 2292 504 quo-

705 539 828 585 "rum
857 542 996 583 nunc
1018 526 1156 582 dicta
1183 525 1450 582 doluimus
1475 569 1488 592 ,
1521 525 1749 582 dubitari
1781 537 1957 582 utrum
1988 526 2296 582 commixtio

713 621 998 692 conjugalis
1022 617 1155 676 bona
1183 611 1346 687 esset,
1365 611 1524 690 atque
1547 619 1614 676 ab
1635 620 1712 676 eis
1739 613 1975 692 peterem
1999 615 2294 692 corp'orane

713 727 742 765 a
771 712 878 766 Deo
907 709 1300 783 inforniatatfa),
1318 707 1625 766 faterentur.
1656 708 1874 783 Hocque
1901 727 2177 780 concesso,
2197 711 2293 767 ad-

706 799 888 856 derem
916 810 1090 856 utrum
1115 801 1357 871 conjugia
1379 817 1409 857 a
1431 795 1544 858 Deo
1565 797 1862 859 annucrent
1887 793 2150 858 ordinata.
2179 802 2295 872 Quo

704 887 948 948 similiter
989 889 1303 949 confirmato
1324 935 1338 957 ,
1399 902 1634 964 peterem
1687 894 1862 950 denuo
1890 937 1905 964 ,
1936 905 2110 950 utrum
2154 903 2297 950 esset

703 984 820 1041 sine
854 983 1233 1040 commixtione
1265 983 1450 1040 fetura.
1503 985 1718 1057 Hocque
1745 985 2027 1058 denegato,
2053 987 2178 1058 quid
2205 1003 2293 1042 se-

702 1075 1000 1146 quebatur?
1022 1069 1298 1144 Videlicet,
1320 1078 1363 1134 si
1384 1079 1596 1133 nonnisi
1621 1067 1715 1150 per
1736 1079 1900 1134 Deum
1929 1095 2142 1154 corpus,
2168 1096 2296 1134 non-

701 1164 806 1222 nisi
841 1182 935 1236 per
973 1165 1166 1239 corpus
1209 1157 1552 1238 commixtio,
1582 1169 1794 1226 nonnisi
1828 1185 1924 1242 per
1951 1171 2294 1226 commixtio-

701 1272 824 1312 nem
854 1249 1011 1325 fetus,
1057 1257 1122 1312 ad
1168 1255 1414 1314 eumdem
1449 1272 1722 1317 auctorem
1755 1251 2020 1332 pertinere
2047 1273 2103 1320 et
2130 1263 2292 1320 fetum

700 1345 754 1403 'el
779 1337 1239 1418 commixtionem,
1271 1337 1338 1405 ad
1363 1343 1519 1419 quem
1547 1346 1770 1422 corpora
1800 1355 2147 1423 pertinerent.

773 1429 912 1498 Anc.
962 1432 1225 1512 Numquid
1275 1441 1389 1497 haec
1436 1441 1574 1498 inter
1621 1460 1718 1500 nos
1766 1433 1990 1521 uertitur
2029 1447 2290 1518 quaestio,

699 1525 876 1589 utrum
909 1530 1047 1590 bona
1079 1529 1149 1588 sit
1191 1523 1868 1613 contmixtio_conjttgalis?
1895 1525 2015 1594 cum
2041 1554 2160 1595 eam
2191 1539 2292 1596 bo-

703 1619 830 1682 nam
867 1625 1078 1706 utrique
1103 1613 1532 1706 dic‘amus.,Quid
1567 1637 1651 1684 est
1687 1645 1816 1702 ergo
1839 1619 1980 1702 Quod
2013 1641 2118 1686 tam
2155 1632 2292 1689 male

703 1715 872 1774 sentis
896 1705 1091 1773 deillis
1117 1705 1500 1788 Sacerdotibus,
1531 1735 1753 1790 quorum
1781 1737 1908 1788 non,
1940 1731 1998 1777 ut
2027 1709 2288 1791 mentiris,

699 1803 874 1893 deluis
921 1805 1084 1873 dicta,
1133 1802 1226 1864 sed
1268 1807 1490 1893 polluis,
1521 1818 1579 1865 ut
1613 1811 1694 1893 eis
1735 1812 1884 1884 quasi
1925 1812 2291 1893 dubitantibus

702 1887 841 1954 i'elis
863 1899 1205 1968 persuadere,
1252 1891 1392 1956 unde
1439 1916 1540 1958 nec
1577 1887 1729 1982 illos,
1777 1919 1876 1959 nec
1915 1891 2013 1961 nos
2051 1903 2292 1982 dubitare

699 1985 1010 2047 'convincis?
1039 1991 1184 2048 Bona
1229 2001 1313 2048 est
1354 1979 1665 2050 commixtio
1712 1994 2032 2066 conjugalis,
2079 2012 2198 2066 qua:
2233 1979 2292 2052 fit

696 2097 858 2140 causa
896 2083 1232 2156 procreandi.
1261 2077 1366 2142 Sed
1391 2077 1708 2142 Ambrosiu‘s
1727 2129 1741 2154 ,
1771 2088 1858 2159 qui
1888 2089 2020 2144 dixit
2045 2104 2113 2145 ex
2143 2105 2291 2146 com-

699 2175 960 2232 mixtione
981 2176 1256 2248 utriusque
1276 2191 1436 2234 sexus
1464 2179 1732 2234 neminem
1760 2194 1877 2236 esse
1901 2189 2170 2251 expertem
2192 2173 2290 2236 ideo

692 2257 842 2333 licti,
871 2255 976 2322 non
1007 2268 1441 2324 commixtionem
1487 2260 1756 2340 redarguit
1782 2258 2148 2343 conjugalem;
2193 2272 2288 2328 sed

697 2358 828 2414 vidit
855 2360 1072 2428 malum,
1103 2360 1254 2431 cujus
1283 2361 1425 2416 bono
1451 2376 1550 2418 usu
1579 2363 1638 2417 ﬁt
1666 2363 1811 2430 illud,
1843 2364 1982 2434 quod
2008 2381 2167 2421 nemo
2195 2381 2287 2421 ea-

693 2441 925 2507 ilioli'cus
970 2445 1178 2508 dubitat
1217 2469 1336 2510 esse
1379 2469 1514 2524 opus
1544 2454 1760 2510 bonum.
1810 2455 1988 2512 lnania
2019 2457 2284 2528 loqueris,

697 2531 980 2616 superﬂuis
1019 2533 1228 2618 tempus
1258 2549 1521 2620 impendis
1554 2569 1567 2605 :
1601 2550 1739 2620 quod
1779 2551 1952 2621 agitur
1979 2550 2200 2634 deseris,
2234 2545 2290 2634 et

695 2638 840 2694 nnde
866 2654 968 2694 non
995 2639 1303 2708 dubitatur,
1353 2641 1602 2712 tanquam
1651 2641 1940 2712 dubitetur,
1990 2644 2076 2699 vel
2127 2626 2286 2700 etiam

693 2716 936 2802 negetur,
965 2731 1160 2788 docere
1203 2719 1430 2788 moliris.
1469 2733 1606 2801 Quid
1635 2749 1762 2806 ergo
1791 2733 1984 2790 mirum
2009 2744 2112 2804 est,
2143 2734 2288 2808 quod

693 2831 803 2878 tam
833 2824 1026 2880 multos
1049 2825 1214 2881 libros
1233 2834 1448 2906 tamque
1477 2842 1642 2882 vanos
1667 2827 1836 2884 facis?

765 2916 997 2974 CXVIII.
1043 2917 1163 2974 Jun.
1212 2918 1348 2976 Huic
1399 2919 1590 2976 etl'ecto
1633 2921 1750 2977 sine
1793 2920 1956 2978 dubio
1997 2921 2288 2994 prudentes

691 3009 794 3064 viri
826 3008 1072 3065 catholici
1100 3011 1400 3066 annuerent
1423 3011 1748 3076 sacerdotes,
1780 3011 2127 3083 videntesque
2151 3011 2286 3071 nihil

693 3101 752 3158 in
778 3102 1024 3157 sensibus
1065 3103 1240 3158 carnis
1259 3145 1274 3175 ,
1317 3103 1449 3158 nihil
1473 3103 1530 3159 in
1557 3103 1750 3159 fetibus
1777 3118 2028 3171 sexuum,
2059 3104 2284 3161 alterum

1380 319 1625 377 OPERIS
1663 319 2076 376 IMPERFECTI
2113 315 2389 376 CONTRA
2426 319 2786 391 JULIANUM,
2828 324 2887 381 S.
2926 325 3292 386 AUGUSTINI

692 3193 996 3267 quempiam
1026 3203 1220 3264 praeter
1247 3195 1416 3250 Deum
1451 3210 1636 3252 verum
1673 3195 1898 3264 fecisse;
1937 3197 2067 3252 nihil
2108 3207 2285 3254 autem
2325 3219 2330 3221 -

692 3283 862 3341 Deum
893 3279 1084 3341 fecisse
1109 3285 1250 3357 quod
1271 3285 1468 3341 malum
1495 3295 1669 3356 esset;
1693 3288 1997 3360 malumque
2017 3289 2146 3344 nihil
2167 3305 2286 3348 csse

694 3374 840 3430 aliud
882 3391 1040 3448 quam
1083 3376 1410 3434 voluntatem
1451 3379 1668 3448 malam,
1715 3379 1832 3436 sine
1883 3381 2058 3453 aliquo
2097 3392 2285 3440 coactu

695 3467 1018 3526 naturalium
1081 3467 1526 3539 delinquentem;
1579 3473 1988 3543 pronuntiarent
2045 3473 2285 3545 profecto

691 3559 1015 3617 Manicltmos
1057 3569 1114 3616 et
1157 3560 1522 3619 Traducianos
1559 3563 1960 3634 splendentibus
2008 3564 2284 3622 catholicae

690 3652 915 3710 rationis
943 3653 1242 3710 dissiluisse
1267 3653 1594 3711 fulminibus.

763 3743 898 3801 Anc.
936 3742 1046 3800 Cur
1071 3759 1200 3817 ergo
1224 3759 1441 3812 eorum,
1475 3763 1608 3818 quos
1644 3747 1935 3818 prudentes
1965 3750 2106 3808 viros
2149 3751 2284 3810 dicis

690 3842 744 3914 et
772 3834 1065 3891 catholicos
1091 3837 1417 3904 sacerdotes,
1449 3846 1500 3892 te
1525 3837 1665 3895 dicta
1689 3839 1976 3896 defendere
2003 3850 2160 3914 atque
2183 3842 2282 3898 de-

687 3907 840 3984 luere
865 3929 980 3983 sine
1008 3927 1117 3984 ullo
1147 3929 1346 4000 pudore
1375 3930 1652 3999 mentiris,
1681 3933 1726 3986 si
1769 3941 1822 3989 et
1861 3933 1975 4003 ipsa
2015 3907 2284 3990 dissiliunt

689 4002 1001 4076 fulminibus
1029 4021 1172 4076 tuis?
1201 4021 1258 4076 Si
1290 4031 1466 4077 autem
1487 4021 1844 4080 defenduntur
1871 4002 2028 4096 atque
2053 4026 2281 4083 deluun-

689 4097 811 4180 tur,
839 4121 893 4168 et
919 4113 988 4170 ob
1017 4113 1120 4168 hoc
1141 4122 1360 4170 manent
1394 4115 1630 4188 integra,
1659 4117 1787 4187 ipsis
1814 4125 1870 4173 tu
1893 4119 2072 4188 potius
2099 4118 2280 4175 fulmi-

687 4204 856 4261 naris.
897 4203 1029 4262 Nam
1079 4204 1222 4277 quod
1270 4207 1346 4262 ait
1398 4208 1748 4276 Ambrosius,
1796 4225 1862 4265 ex
1901 4204 2282 4269 commixtione

687 4311 852 4354 sexus
894 4299 1170 4369 utriusque
1204 4307 1520 4370 conceptum
1567 4310 1836 4371 expertem
1865 4303 2132 4358 neminem
2158 4318 2280 4360 esse

691 4386 902 4456 delicti,
947 4397 1037 4444 aut
1077 4387 1268 4446 falsum
1316 4399 1434 4458 est,
1475 4401 1564 4448 aut
1592 4409 1800 4450 verum.
1836 4393 1895 4451 Si
1925 4394 2116 4452 falsum
2159 4411 2280 4454 esse

686 4480 856 4549 dicis;
887 4496 1161 4554 oppugnas
1199 4497 1328 4554 ergo
1357 4484 1696 4554 prudentium
1740 4487 1975 4542 virorum
2007 4495 2062 4543 et
2089 4488 2278 4544 catho-

690 4570 937 4642 licorum,
965 4572 1106 4628 sicut
1133 4582 1186 4628 tu
1217 4574 1420 4643 fateris,
1449 4576 1781 4633 sacerdotum
1829 4578 1992 4646 dicta,
2039 4595 2146 4634 non
2185 4579 2278 4636 de-

691 4663 864 4720 fendis
883 4680 944 4720 ac
968 4665 1156 4722 deluis.
1184 4667 1238 4722 Si
1264 4676 1441 4722 autem
1462 4677 1518 4723 ut
1536 4670 1728 4726 merito
1751 4670 2101 4729 defendantur
2117 4682 2277 4744 atque

692 4755 996 4820 deluantur,
1028 4756 1132 4813 hoc
1160 4773 1342 4814 verum
1373 4773 1492 4814 esse
1517 4762 1800 4829 concedis;
1831 4771 1887 4818 tu
1915 4765 2095 4836 potius
2123 4763 2278 4820 dictis

689 4848 1070 4905 catholicorum
1121 4849 1416 4906 antistitum
1463 4840 1776 4910 fulminaris.
1827 4855 1964 4924 Quid
2014 4863 2100 4912 est
2150 4871 2276 4928 ergo

689 4939 832 5011 quod
860 4948 912 4996 te
935 4940 1104 5010 iactas
1149 4951 1204 4997 et
1243 4942 1374 4998 dicis
1413 4943 1533 5000 illos
1574 4945 1911 5004 beatissimos
1938 4956 1994 5004 et
2033 4948 2278 5004 doctissi-

687 5049 808 5089 mos
831 5034 978 5090 viros
997 5075 1014 5100 ,
1045 5035 1089 5092 si
1118 5035 1390 5092 audissent
1415 5038 1754 5112 syllogismos
1781 5048 1900 5095 tuos
1919 5081 1934 5107 ,
1965 5043 2276 5111 pronuntia-

689 5135 840 5182 turos
869 5124 1065 5196 fuisse,
1093 5143 1212 5197 nos,
1239 5144 1375 5202 quos
1401 5131 1636 5204 appellas
1670 5149 1690 5184 ι
1717 5130 2038 5190 Maniclueos
2058 5141 2115 5211 et
2139 5133 2275 5190 Tra-

689 5219 974 5288 ducianos,
1003 5219 1403 5292 splendentibus
1435 5221 1711 5278 catholicas
1735 5222 1956 5278 rationis
1981 5223 2276 5282 dissiluisse

686 5309 1042 5368 fulminibus?
1069 5329 1090 5366 ι
1121 5312 1534 5379 Pronuntiarent
1558 5313 1717 5384 igitur
1739 5321 1922 5370 contra
1948 5329 2009 5372 se
2037 5316 2200 5388 ipsos,
2221 5326 2278 5374 et

685 5417 747 5461 se
773 5404 916 5476 ipsos
941 5405 1219 5462 nobiscum
1246 5405 1542 5462 dissiluisse
1581 5417 1634 5464 te
1669 5405 1984 5465 fulminante
2007 5418 2275 5466 monstra-

684 5507 825 5554 rent.
877 5496 989 5554 Cur
1029 5496 1230 5555 directe
1280 5512 1386 5554 non
1431 5497 1838 5566 audes‘dicere,
1880 5501 2020 5570 quod
2060 5502 2275 5575 oblique

681 5588 1022 5647 convinceris
1050 5587 1268 5646 dicere?
1295 5589 1568 5662 Originale
1597 5601 1871 5662 peccatum
1897 5607 2016 5650 cum
2041 5593 2274 5653 Ambro-

669 5678 768 5740 .sio
787 5676 1112 5734 confitemur
1131 5721 1146 5747 ,
1174 5689 1228 5736 et
1253 5689 1308 5736 tu
1338 5689 1478 5737 tanta
1505 5681 1734 5753 potentia
1763 5682 1978 5742 fulmina
1998 5686 2270 5758 jacularis,

748 5793 822 5858 to)
851 5801 1014 5857 γυτιθ,
1041 5794 1265 5858 formata.

3735 355 3806 416 liii

2405 444 2462 489 ut
2492 447 2706 508 propter
2733 439 2846 496 haec
2869 440 3006 497 dicta
3036 443 3191 500 nobis
3219 444 3392 516 illique
3413 457 3681 526 communia,
3699 475 3824 529 neq,

2405 528 2726 612 dissiliamus
2749 577 2762 602 ,
2796 533 2885 590 ille
2913 535 3198 593 deluatur?
3227 535 3398 596 Vanus
3420 557 3472 598 es
3495 561 3509 599 :
3534 561 3618 604 non
3650 567 3730 611 eum
3751 529 3822 618 (ἴδ’

2406 619 2598 718 tinguis
2635 640 2666 681 a
2698 626 2882 708 nobis;
2927 628 2982 684 et
3023 645 3121 684 nos
3150 625 3362 700 prorsus
3402 634 3590 694 accusas
3624 641 3664 697 et
3691 646 3806 718 illam;

2403 709 2504 805 ι)ρρ
2532 717 2706 774 tamen
2729 718 2976 776 fuiminas
2995 732 3080 778 aut
3107 721 3227 791 nos,
3256 734 3344 779 aut
3367 723 3540 798 ipSutn,
3558 733 3593 786 si
3613 709 3804 805 violanda

2400 795 2484 864 {iis
2512 809 2872 867 testimonium
2898 801 3094 884 Pelagii
3119 811 3352 871 doctoris
3374 795 3459 883 tui,
3477 795 3552 890 qui
3572 819 3673 880 dixit
3689 795 3806 891 Ann;

2402 895 2462 958 s'ii
2495 903 2648 960 fidem
2679 917 2733 988 et
2762 897 3098 979 purissimum
3144 911 3195 964 in
3235 907 3505 984 Scriptdris
3529 913 3804 988 Sensumneiq

2400 987 2596 1050 micutn
2623 985 2832 1068 quidem
2858 1015 3042 1056 ausum
3082 1001 3250 1058 fuisse
3273 1005 3620 1076 reprehendere
3641 985 3805 1082 (Delirat;

2401 1085 2608 1157 Christi,
2639 1107 2730 1146 nn.
2761 1087 2852 1158 46,
2885 1089 2999 1166 ὅτ).
3031 1091 3188 1150 Unde
3214 1104 3269 1150 et
3293 1091 3346 1150 tu
3373 1112 3484 1153 cum
3507 1098 3608 1156 ﬁdei
3631 1104 3804 1184 ejusetpt

2397 1179 2612 1278 rissimo
2637 1181 2687 1235 in
2717 1180 3006 1278 Scripturis
3027 1186 3210 1242 sensui
3234 1188 3362 1243 satis
3385 1179 3803 1274 intelligarisiniming

2398 1271 2516 1358 non
2543 1271 2664 1356 eum
2698 1271 2872 1330 tamen
2913 1275 3077 1332 audes
3117 1275 3529 1348 reprehendere;
3563 1284 3636 1340 sed
3657 1271 3803 1359 quidmst

2397 1356 2580 1446 dicat,
2627 1359 2715 1418 ine
2759 1360 3205 1436 reprehendendo
3229 1409 3244 1432 ,
3276 1379 3328 1425 te
3370 1367 3612 1446 arbitraris
3639 1356 3802 1443 ostendam,

2400 1443 2572 1508 [ionio
2585 1447 2852 1526 confosse,
2871 1467 2923 1514 et
2939 1474 3044 1514 non
3065 1457 3331 1527 confesse,
3350 1443 3524 1534 magna
3541 1459 3583 1519 t’i
3598 1469 3737 1538 cogeris
3751 1477 3804 1530 ei

2394 1535 2610 1631 ginosas
2639 1535 2892 1607 anhelare
2911 1550 3148 1608 fallacias
3181 1570 3196 1608 :
3228 1539 3418 1610 frns'tra
3447 1539 3578 1628 fingis
3601 1535 3804 1631 inpensiu-

2393 1625 2676 1718 minantis,
2708 1633 2828 1700 eum
2881 1640 3051 1716 spires
3096 1636 3300 1702 furnum
3347 1635 3510 1718 potius
3543 1633 3802 1718 fulrninatidsu

2397 1713 2522 1788 sunt
2561 1727 2717 1819 certe
2740 1779 2756 1804 ,
2806 1727 2902 1808 per
2953 1754 3073 1810 quae
3127 1739 3324 1797 docere
3367 1727 3560 1798 conatis
3595 1735 3802 1819 Αωὶποεὶω,

2395 1811 2634 1908 aliosque
2653 1819 2900 1884 doctores
2924 1831 3102 1886 socios
3129 1825 3270 1902 ejus,
3299 1848 3403 1888 non
3426 1848 3536 1891 esse
3560 1823 3738 1910 originale
3749 1859 3802 1914 ps:-

2397 1927 2572 1974 catum
2587 1963 2619 1998 ,7
2643 1939 2662 1973 ι
2689 1913 2832 1992 quod
2861 1913 3003 1998 Deus
3029 1922 3340 1980 formaverit
3363 1915 3582 1998 corpora,
3606 1921 3800 1991 ordinarat-

2395 2001 2502 2080 que
2536 1997 2804 2084 cori'ugin,
2843 1996 2987 2084 quod
3028 2030 3138 2070 non
3183 2003 3328 2071 esset
3352 1996 3476 2072 sine
3498 2006 3800 2081 commixtionis

2396 2105 2534 2182 tura.
2550 2119 2585 2185 ἢ)
2610 2101 2988 2185 Conceduntur
3013 2105 3130 2161 haec
3145 2119 3166 2171 ;‘
3183 2106 3533 2164 conceduntur
3547 2111 3672 2167 etiam
3690 2115 3800 2185 illam

2393 2177 2658 2264 adiungis,
2688 2213 2708 2248 ι
2731 2181 2902 2250 fetum
2926 2215 2945 2250 ι
2967 2198 3177 2254 scilicet
3195 2217 3215 2250 ‹
3245 2191 3300 2254 et
3321 2187 3687 2260 commixtionem
3702 2177 3800 2262 adea

2395 2287 2664 2358 pertinere
2686 2297 2984 2358 auctorem,
3017 2277 3084 2346 ad
3110 2307 3270 2362 quem
3297 2285 3548 2363 pertinent
3569 2309 3744 2366 corpora;
3761 2318 3799 2352 li

2394 2385 2570 2434 tamen
2617 2369 3049 2461 commixtionem
3091 2371 3425 2454 coniugalem
3458 2387 3634 2442 voluisti
3673 2389 3800 2461 inleliigi,

2387 2461 2514 2550 eum
2538 2469 2640 2550 hoc
2664 2459 2892 2528 diceres.
2915 2463 3172 2543 Quamvis
3193 2475 3244 2529 id
3269 2491 3362 2546 per
3379 2493 3435 2533 se
3459 2478 3604 2550 ipsum
3621 2459 3799 2539 verumsit

2396 2547 2648 2642 noscatur
2671 2605 2697 2642 ,7
2739 2579 2846 2632 non
2899 2574 2986 2621 tua
3041 2554 3448 2624 ratiocinatione
3477 2547 3551 2625 sit
3584 2585 3800 2642 consequent:

2393 2639 2628 2733 alioquin
2660 2640 2711 2710 te
2739 2643 2972 2724 dicente,
3027 2675 3046 2709 ε
3072 2645 3132 2714 Si
3181 2651 3391 2714 nonnisi
3434 2649 3520 2732 per
3554 2661 3678 2718 Deum
3697 2639 3800 2733 corpus,

2392 2728 2606 2802 nonnisi
2652 2735 2748 2819 per
2791 2737 2988 2822 corpus
3034 2751 3384 2821 commixtio;
3420 2773 3438 2806 ι
3465 2742 3591 2810 ἕιοι
3613 2753 3802 2812 bocrolute

2383 2829 2655 2896 conﬁcere
2673 2883 2688 2910 ,
2726 2859 2745 2893 ι
2773 2841 2841 2898 ad
2880 2857 3002 2900 eum
3029 2831 3305 2902 auctorem
3347 2831 3588 2920 pertinere
3617 2851 3802 2906 committit-

2385 2924 2516 2987 nem
2542 2926 2582 2999 ί,
2611 2931 2679 2987 ad
2707 2947 2868 3004 quem
2897 2927 3126 3012 corpora
3155 2923 3450 3009 pertinent;
3495 2929 3638 3010 potest
3664 2927 3746 2996 alius
3767 2941 3802 2996 li

2383 3011 2516 3080 cere
2534 3065 2550 3093 ,
2662 3015 2874 3082 nonnisi
2903 3043 2998 3100 per
3022 3011 3195 3086 Deum
3224 3019 3436 3103 cn‘rpus,
3481 3017 3650 3091 nonnisi
3673 3049 3734 3105 per
3748 3048 3802 3088 ott-

2388 3107 2490 3188 pus
2542 3103 2899 3186 adulterium,
2955 3112 3022 3174 ad
3065 3109 3192 3176 eunt
3239 3109 3501 3178 auctorem
3541 3103 3800 3195 pertinetadul-

2392 3201 2612 3276 terium,
2633 3202 2702 3265 ad
2733 3215 2888 3282 quem
2915 3199 3153 3284 pertinet
3181 3203 3376 3286 corpus
3406 3233 3418 3270 :
3445 3203 3571 3288 quod
3591 3201 3696 3272 vides
3710 3204 3799 3286 quin

2389 3289 2598 3378 dicatur
2623 3297 2813 3373 injuria
2846 3289 2940 3359 Dei
2963 3346 2979 3372 ,
3021 3315 3076 3360 et
3113 3293 3369 3378 quantum
3395 3295 3510 3364 mali
3543 3297 3708 3363 doceant
3728 3307 3800 3378 qlia

2387 3376 2545 3462 gismi
2575 3393 2670 3450 tui.
2704 3385 2854 3451 Sicut
2889 3411 3018 3468 ergo
3041 3376 3152 3455 non
3183 3389 3454 3474 sequitur,
3479 3391 3532 3457 ut
3555 3393 3647 3457 ideo
3671 3376 3797 3455 lribtnla

2370 3473 2706 3562 adulterium
2733 3490 2868 3564 Deo,
2899 3492 3025 3562 quia
3054 3509 3164 3550 non
3203 3493 3264 3550 fit
3301 3483 3400 3550 nisi
3439 3511 3524 3566 per
3557 3485 3711 3564 corpus,
3734 3493 3798 3560 otja

2387 3567 2574 3636 auctor
2601 3591 2684 3637 est
2713 3573 2857 3638 Deus
2885 3601 2897 3636 :
2923 3583 2998 3640 ita
3028 3573 3140 3659 non
3159 3575 3415 3659 sequitur,
3445 3595 3498 3642 ut
3517 3585 3616 3642 ideo
3633 3579 3797 3641 commixta

2388 3661 2654 3728 tribuatur
2681 3671 2810 3742 Deo,
2836 3676 2956 3755 quia
2981 3693 3088 3755 non
3115 3656 3176 3734 nt
3205 3656 3306 3736 nisi
3331 3669 3425 3751 per
3459 3695 3638 3750 corpus,
3658 3663 3798 3746 caiisa

2387 3772 2506 3818 ctor
2525 3772 2608 3820 est
2634 3759 2777 3821 Deus
2791 3767 2834 3820 ‘.
2853 3753 2958 3822 Sed
2987 3753 3164 3826 ta‘men
3183 3758 3515 3826 concedimus
3531 3766 3796 3826 commixtione:

2387 3845 2643 3912 duntaxat
2670 3849 3004 3930 conjugalem
3028 3903 3044 3929 ,
3075 3851 3200 3932 quae
3231 3847 3292 3918 fit
3315 3877 3466 3918 causa
3495 3855 3798 3934 procreandiﬂtt

2387 3935 2592 4002 auctori
2635 3935 2756 4005 esse
2784 3935 3155 4021 tribuendam;
3186 3969 3298 4022 non
3337 3955 3455 4028 quia
3494 3943 3583 4008 hoc
3614 3943 3798 4017 tuasumpu

2386 4029 2627 4108 seqn'itur
2645 4082 2660 4110 ,
2689 4029 2792 4098 sed
2815 4043 2941 4114 quia
2967 4045 3177 4104 ratione
3203 4047 3304 4102 alia
3333 4032 3695 4110 consideratum,
3711 4052 3796 4127 me

2385 4145 2506 4187 esse
2525 4133 2862 4220 perspicitur.
2880 4134 3033 4204 Quod
3053 4153 3184 4196 vero
3203 4139 3394 4220 exhoc
3406 4135 3793 4220 quaerispllicerw‘

2385 4223 2626 4296 sequitur
2670 4217 2758 4281 illa
2805 4228 3108 4299 superiora,
3139 4247 3242 4288 nec
3266 4217 3444 4289 rerum
3466 4242 3554 4289 est.
3575 4217 3706 4300 Neque
3719 4229 3793 4279 enim

2384 4313 2508 4386 quia
2533 4317 2675 4373 Deus
2707 4316 2834 4374 fecit
2861 4335 3076 4392 corpus,
3109 4312 3254 4380 Deus
3282 4323 3498 4380 instituit
3521 4319 3795 4392 coniugia.“

2385 4394 2500 4460 rum
2522 4410 2907 4484 commixtione
2927 4391 3066 4468 fetus
3086 4417 3307 4484 oriatur,
3334 4405 3466 4472 Deus
3486 4419 3610 4470 creat
3628 4411 3724 4480 ipsos
3737 4405 3793 4458 fele

2383 4487 2753 4570 animantium,
2784 4492 2904 4561 ideo
2932 4522 3118 4583 verum
3145 4518 3228 4566 est
3255 4507 3394 4580 quod
3417 4504 3642 4576 adjungis,
3665 4497 3794 4554 «ninia

2383 4593 2628 4649 sensibus
2672 4595 2868 4672 carnis,
2911 4597 3044 4653 nihil
3093 4599 3146 4653 in
3195 4583 3386 4672 fetibus
3429 4611 3647 4663 sexuum,
3681 4590 3794 4643 31W

2383 4671 2689 4757 quempiam
2730 4697 2928 4759 praeter
2955 4672 3120 4746 Deum
3153 4707 3334 4748 verum
3364 4675 3596 4770 fecisse.»
3635 4683 3704 4741 Ubi
3729 4678 3792 4770 cui!!!

2381 4765 2509 4834 fecit
2532 4776 2794 4860 diabolus,
2823 4781 2964 4852 quod
2990 4784 3117 4838 mali
3141 4783 3268 4840 fecit
3287 4765 3676 4860 cumbontinibus
3693 4769 3792 4844 primi

2383 4869 2486 4926 nisi
2526 4855 2582 4926 et
2611 4871 2664 4926 in
2706 4873 2952 4930 sensibus
2979 4877 3156 4932 carnis
3181 4855 3427 4932 illorum?
3449 4855 3564 4928 Mala
3585 4867 3721 4942 quippe
3742 4873 3793 4914 Sli-

2382 4963 2535 5019 sione
2579 4973 2862 5040 corruptus
2901 4973 2984 5022 est
3027 4983 3233 5038 sensus,
3267 4967 3468 5038 quando
3493 4972 3565 5022 est
3597 4959 3647 5016 ad
3681 4965 3794 5028 Pw”

2381 5054 2508 5110 dum
2535 5053 2705 5111 factus
2728 5070 3000 5113 assensus.
3026 5059 3094 5115 Et
3121 5059 3207 5115 ubi
3234 5042 3382 5126 fecit,
3397 5052 3616 5130 quidquid
3629 5047 3792 5114 malum“

2381 5146 2598 5204 modum
2623 5149 2808 5220 generi
2836 5149 3070 5208 humano
3101 5151 3222 5208 fecit
3245 5194 3261 5220 ,
3288 5152 3387 5208 nisi
3421 5151 3469 5206 in
3493 5147 3648 5205 fetibus
3663 5147 3789 5198 setm-

2380 5238 2432 5294 id
2454 5247 2554 5306 est,
2580 5239 2700 5297 filiis
2725 5241 3043 5300 hominum?
3065 5240 3340 5312 Quomodo
3361 5235 3520 5299 autem
3542 5237 3660 5302 dicis,
3683 5227 3789 5283 illam

2381 5330 2514 5386 nihil
2553 5331 2742 5389 fecisse
2779 5335 2924 5405 quod
2973 5337 3171 5393 malum
3215 5336 3340 5394 est?
3371 5355 3394 5392 ι
3431 5337 3591 5390 Annon
3615 5318 3789 5413 estrmifm
3837 5318 3839 5362 λ

2380 5422 2622 5495 gehenna
2651 5423 2958 5483 damnatis?
2979 5425 3100 5485 Jam
3128 5444 3252 5486 vero
3285 5428 3372 5501 qui
3411 5426 3492 5482 tibi
3513 5416 3665 5478 dicenti
3685 5407 3788 5466 crediti

2424 5558 3007 5681 mmmam
3025 5597 3042 5624 ,
3075 5563 3352 5614 auctoﬁtate
3389 5560 3485 5611 Is.
3511 5539 3602 5606 ait.
3629 5545 3710 5598 αυτ·
3728 5542 3786 5586 ναι

2421 5633 2714 5733 W311.
2753 5681 2866 5740 hoc,
2887 5672 3158 5736 membrum
3192 5675 3450 5748 sententiae,
3478 5665 3660 5739 nam?“
3682 5659 3783 5714 ’ὧδ’

2421 5750 2450 5780 η
2470 5750 2562 5780 mm
2598 5744 2809 5780 unum...
2849 5752 3008 5780 ειαηιιω
3039 5748 3098 5780 m1
3118 5745 3260 5780 mm...
3299 5752 3450 5780 κυρίην
3467 5744 3528 5780 ’Δ
3547 5720 3786 5780 πω.ίώ

2379 5741 2451 5794 ita
2470 5750 2564 5795 mm
2595 5744 2830 5812 sequitur,
2849 5752 3008 5810 usque
3039 5748 3104 5812 ad
3118 5745 3280 5812 verba,
3298 5740 3450 5798 (ωτισί
3467 5744 3528 5795 at
3542 5740 3656 5790 Dm

2383 5818 2494 5857 mus
2510 5820 2572 5858 ex
2596 5811 3026 5873 umnscriptorum
3046 5810 3161 5864 ﬁde.
