3980 6490
152 409 309 470 ’1413

167 520 430 578 rmalum
485 515 616 573 nihil
677 528 796 571 esse
850 510 991 569 aliud
1046 524 1206 583 quam
1265 510 1590 565 voluntatem
1645 522 1761 562 ma-

158 614 299 685 lam,
338 613 455 668 sine
477 610 660 682 aliquo
689 616 877 666 coactu
899 605 1223 662 naturalium
1261 603 1654 674 delinquentem
1685 619 1698 654 :
1740 619 1758 652 ι

158 718 226 762 ιιι
280 702 686 761 innumerabilia
734 700 873 755 mala
922 710 1165 765 taceam,
1194 713 1314 769 quae
1357 697 1479 752 mali
1509 694 1767 765 angeliet

159 800 419 857 homines
447 797 724 869 patiuntur
747 793 928 861 inviti;
952 794 1126 864 ipsum
1155 802 1415 848 aeternum
1446 788 1766 859 supplicium

172 907 287 947 non
310 888 602 953 timebitur,
632 886 773 958 quod
800 894 855 942 et
878 886 1170 941 maximum
1209 883 1409 939 malum
1439 889 1541 944 est,
1575 889 1630 934 et
1658 893 1765 933 non

169 964 260 1040 est
295 982 542 1039 voluntas
580 978 720 1033 mala
742 1019 760 1047 ,
804 976 901 1033 sed
941 992 1100 1049 paena
1144 974 1430 1031 voluntatis
1470 971 1642 1026 malm.
1672 969 1767 1025 Hie

166 1084 303 1133 sunt
326 1072 762 1129 ratiocinationes
806 1078 911 1125 tum
957 1068 1149 1140 quibus
1191 1074 1349 1137 putas
1393 1063 1597 1121 fulmen
1647 1077 1770 1120 esse

165 1165 397 1223 verbum
427 1171 597 1239 tuum,
627 1177 747 1217 cum
770 1161 840 1217 sit
864 1159 999 1216 cinis
1026 1175 1121 1216 cor
1140 1148 1313 1214 tuum.

247 1256 436 1315 CXIX.
461 1255 580 1311 Jun.
606 1254 799 1310 Desine
824 1253 1003 1323 itaque
1041 1251 1185 1306 viros
1210 1248 1325 1306 sani
1373 1247 1561 1318 capitis
1585 1256 1639 1303 et
1664 1246 1770 1303 Ee-

172 1349 459 1407 clcsiarum
505 1346 769 1402 antistites
815 1343 1087 1400 criminari
1118 1361 1132 1398 :
1161 1357 1269 1398 non
1310 1340 1657 1412 subjiciantur
1678 1339 1769 1411 ju-

174 1442 323 1498 dicio
338 1437 720 1517 negligentiora
750 1444 1051 1494 commenta
1076 1452 1090 1490 :
1121 1450 1298 1507 neque
1316 1434 1459 1490 enim
1480 1434 1613 1489 iram
1635 1448 1773 1490 cun-

174 1532 341 1589 ctatio
365 1532 565 1600 brevis,
594 1531 687 1587 sed
716 1530 959 1601 pertinax
983 1537 1221 1585 meretur
1237 1527 1480 1584 intentio.
1500 1525 1775 1583 Imitemur

174 1640 309 1682 sane
364 1639 551 1680 eorum
580 1622 709 1678 illud
755 1622 1027 1689 studium,
1074 1636 1181 1693 quo
1211 1620 1433 1693 populos
1471 1620 1772 1676 ardiiicaveo

176 1728 308 1773 runt
341 1716 709 1785 exhortando,
736 1715 1071 1772 obsecrando
1089 1756 1105 1783 ,
1132 1714 1472 1785 coarguendo
1505 1732 1517 1769 :
1546 1729 1774 1785 quorum

182 1825 312 1865 num
346 1802 633 1880 quidquam
662 1806 943 1875 fecissent,
971 1807 1017 1862 si
1047 1816 1224 1863 vestro
1245 1820 1396 1863 more
1427 1814 1641 1879 peccata
1666 1821 1776 1863 non

180 1900 486 1957 voluntaria
506 1941 522 1969 ,
551 1898 647 1957 sed
675 1900 934 1956 naturalia
959 1899 1350 1956 credidissent?

252 1997 393 2065 Aps.
423 1994 490 2049 Et
514 2007 614 2065 nos
638 2009 736 2064 pro
773 1992 990 2050 modulo
1036 2002 1221 2048 nostro
1263 1988 1490 2066 populos
1542 1991 1778 2049 aediﬁca-

179 2103 336 2155 mus,
374 2086 672 2151 hortando,
699 2084 1061 2151 obsecrando,
1105 2085 1414 2157 arguendo,
1467 2085 1609 2157 quod
1654 2084 1781 2143 fecit

182 2180 543 2247 Ambrosius;
570 2188 626 2235 et
650 2187 825 2234 tamen
850 2178 920 2234 de
947 2178 1190 2249 originali
1238 2185 1456 2249 peccato
1484 2180 1586 2235 hoc
1610 2174 1781 2235 senti-

184 2260 312 2330 inus
334 2281 389 2329 ct
417 2270 646 2328 dicimus
663 2312 680 2340 ,
708 2269 851 2342 quod
880 2272 1051 2327 sensit
1073 2280 1129 2326 et
1151 2269 1285 2326 dixit
1308 2270 1624 2326 Ambrosius
1641 2309 1657 2335 ,
1680 2283 1783 2325 nec

184 2368 369 2436 solus,
409 2365 503 2422 sed
529 2380 671 2435 cum
694 2364 816 2420 aliis
839 2365 1047 2436 magnis
1086 2364 1426 2421 consortibus
1460 2364 1592 2420 suis.
1635 2362 1782 2432 Quos

193 2478 213 2513 ι
252 2459 515 2516 antistites
542 2458 900 2514 Ecclesiarum
936 2476 956 2510 ι
987 2472 1108 2513 cum
1145 2475 1164 2509 ι
1194 2458 1339 2512 viros
1388 2456 1504 2512 sani
1530 2456 1719 2526 capitis
1755 2474 1776 2511 ι

185 2551 372 2619 dicas;
406 2560 462 2606 tu
484 2550 628 2621 quali
654 2550 831 2620 capite
860 2548 959 2604 ista
979 2590 993 2615 ,
1021 2564 1140 2620 quae
1166 2548 1241 2603 illi
1262 2548 1536 2604 notissima
1555 2562 1783 2604 consen-

185 2645 348 2703 sione
370 2642 664 2717 didicerunt
706 2651 866 2713 atque
909 2622 1238 2709 docuerunt,
1268 2639 1615 2711 reprehendis
1640 2646 1785 2695 atro-

185 2737 357 2805 citer,
386 2735 728 2806 defcndisquc
752 2734 1040 2801 fallaciter;
1071 2742 1128 2790 et
1157 2750 1245 2791 me
1268 2735 1448 2805 arguis
1474 2733 1659 2790 dicens
1686 2744 1783 2790 eo-

187 2841 444 2885 rumcsse
472 2827 897 2893 criminatorem,
926 2841 1046 2881 cum
1064 2824 1247 2881 videas
1270 2839 1457 2882 eorum
1481 2832 1667 2880 contra
1698 2834 1786 2881 tua

186 2918 448 2986 crimina,
474 2934 594 2989 qua:
640 2933 704 2973 ex
735 2916 952 2988 obliquo
992 2916 1098 2972 illis
1124 2917 1313 2987 objieis
1335 2958 1348 2982 ,
1402 2914 1785 2972 defensorem?

188 3012 336 3068 ilicis
364 3027 550 3068 eorum
586 3030 605 3064 r
642 3010 1022 3082 negligentiora
1048 3020 1352 3066 commenta
1377 3025 1483 3065 non
1511 3025 1630 3067 esse
1660 3009 1787 3066 sub-

180 3098 420 3178 jicienda
445 3105 649 3179 judicio
684 3123 697 3158 :
740 3123 762 3158 ι
792 3104 991 3160 siccine
1033 3103 1243 3160 illorum
1273 3103 1414 3159 dicta
1454 3101 1700 3159 defendis
1722 3117 1787 3160 ac

189 3199 404 3256 deluis?
433 3199 516 3253 An
548 3196 722 3270 potius
748 3196 965 3253 nomine
990 3196 1323 3267 negligentia:
1350 3194 1608 3267 reprobas
1624 3204 1679 3251 et
1696 3208 1788 3251 ac—

189 3307 387 3358 cusas,
420 3299 475 3347 ct
503 3289 649 3345 nullo
676 3278 950 3345 dubitante
977 3287 1332 3355 condemnas,
1364 3303 1484 3358 quae
1509 3286 1785 3358 negligen-

190 3396 278 3444 ter
306 3386 472 3442 effusa
494 3425 510 3452 ,
540 3394 596 3440 et
621 3384 742 3439 ideo
769 3383 902 3439 falsa
945 3397 1066 3440 esse
1109 3381 1462 3453 pronuntias?
1515 3382 1789 3453 Rogamus

193 3489 283 3541 te,
338 3480 384 3533 si
438 3477 567 3533 falsa
616 3491 737 3533 esse
764 3476 961 3532 asseris
990 3475 1131 3530 dicta
1160 3490 1281 3546 qua:
1328 3472 1605 3540 defendis,
1661 3490 1789 3531 vera

196 3584 320 3627 esse
365 3583 543 3627 assere
583 3584 703 3639 quae
740 3566 1105 3638 reprehendis.
1145 3583 1164 3617 ι
1201 3564 1338 3620 Iram
1369 3579 1475 3620 non
1522 3565 1791 3622 cunctatio

199 3663 412 3729 brevis,
448 3680 467 3714 ι
500 3661 704 3733 inquis,
736 3678 757 3714 ι
794 3660 889 3716 sed
918 3660 1165 3731 pertinax
1192 3666 1428 3714 meretur
1454 3657 1680 3714 intentio
1709 3676 1723 3713 :
1763 3677 1785 3712 ι

199 3756 351 3826 quasi
378 3742 575 3825 aliquid
602 3753 840 3824 proferas
858 3792 874 3818 ,
902 3751 1042 3808 unde
1089 3750 1264 3820 possis
1288 3750 1573 3806 ostendere
1623 3750 1742 3807 illos
1772 3786 1787 3820 ,

198 3865 308 3906 non
331 3848 454 3904 dico
483 3856 603 3918 post
628 3846 846 3903 brevem
879 3846 894 3876 ι
917 3885 931 3912 ,
964 3843 1058 3900 sed
1106 3843 1293 3899 saltem
1321 3850 1442 3913 post
1466 3842 1677 3913 longam
1706 3843 1790 3899 in-

199 3943 496 4000 tentionem
516 3982 533 4010 ,
564 3940 645 3996 vel
676 3940 733 3995 in
781 3939 885 3995 line
911 3938 1033 3994 vitae
1062 3952 1175 3993 sum
1202 3936 1270 3992 de
1296 3943 1515 4006 peccato
1548 3935 1794 4006 originali

197 4045 436 4092 mutasse
466 4032 809 4090 sententiam.
851 4030 993 4085 Vana
1025 4028 1288 4099 loqueris,
1319 4027 1505 4082 insana
1534 4025 1791 4097 loqueris,

198 4144 452 4201 perversa
478 4136 535 4182 ct
587 4135 691 4182 tua;
742 4123 897 4180 saluti
948 4122 1172 4178 adversa
1223 4121 1498 4192 loqueris:
1529 4120 1747 4191 quiesce
1775 4160 1792 4189 ,

202 4223 462 4285 obsecro;
485 4219 612 4291 quid
645 4228 850 4274 tantum
879 4215 1151 4288 loqueris?

280 4313 576 4370 CXXJUL.
606 4313 800 4368 Verum
825 4323 1106 4381 pergamus
1130 4308 1198 4364 ad
1228 4308 1452 4379 reliqua.
1481 4306 1622 4363 Nihil
1650 4314 1800 4378 pror-

209 4424 306 4465 sus
334 4409 473 4464 valet
492 4450 508 4476 ,
535 4406 675 4478 quod
705 4416 754 4461 te
781 4402 863 4462 ais
886 4403 1098 4459 diabolo
1129 4409 1397 4472 reputare,
1423 4414 1528 4456 non
1545 4414 1794 4471 corpora,

212 4500 309 4558 sed
334 4500 566 4555 delicta:
599 4495 852 4553 inliciaris
872 4495 1124 4560 omnino,
1177 4493 1315 4548 sicut
1350 4490 1657 4562 frequenter
1706 4506 1798 4547 os-

217 4592 517 4657 tendimus,
549 4590 689 4645 nullo
715 4589 819 4645 alio
864 4586 1074 4648 studio,
1128 4584 1230 4639 nisi
1260 4592 1318 4638 ut
1362 4582 1636 4639 Manichtei
1662 4583 1801 4640 vites

212 4686 501 4753 invidiam,
551 4683 697 4754 cujus
748 4682 975 4751 inspiras
1013 4692 1300 4733 venenum.
1330 4675 1564 4745 Corpora
1608 4675 1750 4730 enim
1780 4717 1796 4744 ,

212 4794 436 4853 prorsus
463 4793 687 4849 corpora
710 4787 924 4846 reputas
944 4773 1167 4845 principi
1190 4770 1550 4833 tenebrarum,
1573 4783 1801 4841 quorum

212 4873 646 4930 commixtioncm
670 4867 986 4924 diabolicam
1019 4863 1281 4937 proﬁteris
1304 4903 1320 4931 ,
1347 4877 1574 4934 quorum
1592 4862 1801 4933 genita-

215 4967 284 5023 lia
300 5007 317 5033 ,
343 4968 571 5037 quorum
617 4966 794 5017 motus
815 5001 829 5025 ,
853 4973 1079 5030 quorum
1117 4957 1320 5012 fructus
1344 4969 1581 5010 accusas.
1610 4955 1804 5025 Arguis

216 5059 390 5131 palam
419 5073 485 5114 ex
512 5054 687 5127 primo
714 5051 1019 5124 magisterio
1047 5049 1285 5104 membra
1305 5088 1321 5113 ,
1350 5050 1454 5102 no'n
1482 5045 1606 5100 vitia
1632 5063 1645 5098 :
1674 5045 1803 5100 illud

216 5153 362 5208 enim
390 5150 524 5207 dicis
550 5147 895 5210 diabolicnm,
924 5143 1067 5217 quod
1103 5143 1264 5197 etiam
1294 5140 1639 5208 Manichacus,
1669 5139 1807 5196 sicut

217 5245 272 5302 in
304 5242 582 5316 scripturis
608 5240 727 5311 eius
750 5237 942 5305 docui,
972 5237 1024 5291 in
1040 5234 1256 5291 sexibus
1275 5230 1581 5303 indignatur
1605 5232 1803 5303 vigere.

216 5338 287 5397 Et
331 5345 390 5393 ut
432 5334 753 5406 repetitione
799 5329 950 5386 brevi
991 5328 1158 5384 lector
1182 5330 1400 5389 noster,
1430 5322 1573 5394 quod
1622 5331 1808 5379 tenere

217 5430 388 5503 possit
411 5470 427 5497 ,
454 5426 681 5498 accipiat
707 5441 721 5479 :
750 5431 843 5479 aut
892 5419 1115 5478 ostende
1137 5422 1257 5475 esse
1284 5418 1336 5473 in
1364 5416 1596 5488 parvulis
1619 5415 1809 5472 volun-

217 5505 386 5577 tatem
407 5561 424 5589 ,
454 5528 548 5575 aut
584 5517 652 5572 ab
676 5517 755 5572 eis
793 5513 997 5570 crimen
1044 5518 1306 5567 amoveto.
1336 5507 1489 5577 Quod
1528 5516 1650 5565 cum
1700 5520 1808 5563 non

218 5612 355 5671 facis
375 5653 389 5676 ,
421 5609 516 5666 sed
536 5608 736 5664 asseris
762 5620 857 5662 eos
882 5613 1096 5675 propter
1117 5601 1218 5657 hoc
1233 5616 1264 5655 a
1288 5600 1502 5655 diabolo
1523 5599 1806 5671 possideri,

218 5702 348 5777 quia
370 5701 442 5760 de
467 5714 753 5772 corporum
781 5703 908 5753 sunt
934 5676 1311 5750 caminixtioue
1335 5690 1601 5762 generati;
1626 5699 1808 5749 osten-

291 5923 313 5958 ⁸
343 5920 506 5976 codex
528 5924 655 5973 Part.
678 5912 760 5969 hic
780 5910 928 5973 addit,
952 5902 1313 5959 ccmctationcm.

1518 390 1724 449 LIBER
1759 384 2110 458 QUARTUS.

3316 394 3458 462 ωε

1871 505 1956 559 dis
1985 514 2038 560 te
2058 516 2164 561 non
2188 517 2404 577 peccata
2424 549 2440 577 ,
2471 525 2590 582 quae
2613 511 2731 569 sine
2754 513 3027 570 voluntate
3050 512 3157 571 non
3180 514 3324 585 sunt,
3364 517 3462 576 sed

1876 599 1990 668 ipsa
2016 614 2241 670 corpora
2269 602 2590 661 adversariae
2614 607 2865 677 potestati
2891 608 3185 679 .dcputare.
3216 608 3288 666 Ut
3331 622 3462 682 ergo

1873 707 1935 747 ea
1967 692 2158 762 libido,
2185 712 2305 766 qua:
2331 708 2386 754 et
2413 699 2466 754 in
2494 700 2797 757 hominibus
2822 712 2877 757 et
2905 704 2956 757 in
3000 704 3284 773 pecoribus
3310 704 3461 761 inve-

1873 787 2047 853 nitur,
2078 790 2333 845 naturalis
2361 800 2416 847 et
2439 806 2467 845 a
2498 792 2607 847 Deo
2630 794 2871 851 instituta
2886 804 2969 851 est
3000 812 3013 850 :
3046 797 3115 851 ita
3142 798 3243 853 ista
3274 797 3459 866 libido,

1874 893 2031 948 quam
2059 879 2113 934 in
2140 880 2515 949 disputationis
2544 893 2646 940 tua;
2684 887 2940 943 varietate
2992 891 3318 960 perpeteris,
3366 905 3463 962 per

1874 986 2034 1043 quam
2064 974 2204 1029 inter
2229 974 2376 1031 Varia
2403 975 2651 1049 dogmata
2681 983 3052 1053 contrariaque
3077 983 3329 1049 versaris,
3352 995 3460 1037 non

1874 1065 2053 1121 minus
2077 1080 2107 1119 a
2157 1066 2378 1122 stultitia
2408 1082 2569 1139 quam
2598 1087 2628 1126 a
2655 1071 2975 1141 profanitate
3024 1082 3283 1145 concepta
3311 1083 3395 1129 est
3420 1075 3462 1128 ⁸.
3552 1076 3557 1080 ’

1875 1156 2029 1213 Haud
2069 1158 2260 1229 injuria
2291 1174 2419 1229 ergo
2449 1162 2790 1219 Ambrosium
2817 1176 2846 1218 a
2893 1174 3069 1220 vestra
3097 1166 3321 1221 cohorte
3348 1165 3463 1221 dis-

1876 1250 2201 1322 tinguimus;
2229 1266 2331 1309 nec
2356 1251 2504 1308 illum
2531 1296 2544 1319 ,
2578 1254 2715 1311 sicut
2757 1256 2928 1327 petis,
2980 1256 3330 1314 Manichteum
3372 1272 3466 1314 vo-

1876 1358 2081 1399 camus.

1951 1435 2085 1491 Ave.
2121 1434 2354 1491 inaniter
2377 1437 2599 1493 omnino
2649 1434 2901 1495 laborasti
2926 1454 2941 1508 ,'
2967 1448 3028 1495 ut
3056 1440 3122 1496 ad
3151 1442 3306 1497 istam
3335 1454 3469 1499 con-

1878 1526 2174 1582 clusionem
2204 1526 2391 1582 falsam
2419 1538 2581 1598 atque
2600 1526 2899 1598 ridiculam,
2933 1524 3105 1603 longis
3125 1542 3179 1587 et
3195 1535 3469 1601 tortuosis,

1880 1617 2159 1676 fallacibus
2203 1629 2260 1676 et
2310 1620 2586 1692 fugacibus
2615 1623 2943 1680 anfractibus
2999 1626 3339 1696 pervenires,
3382 1626 3472 1681 tibi

1879 1711 2090 1770 diceres
2113 1753 2130 1781 ,
2160 1731 2179 1766 ι
2217 1729 2325 1771 non
2355 1715 2545 1785 injuria
2587 1728 2683 1772 vos
2705 1715 3049 1772 Ambrosium
3094 1724 3124 1772 a
3167 1722 3346 1773 nostra
3376 1730 3472 1774 co-

1876 1802 2037 1862 horte
2082 1804 2443 1879 distinguere,
2490 1822 2591 1865 nec
2645 1816 2765 1865 eum
2796 1810 2975 1866 dicere
3028 1810 3398 1867 maniclueum.
3447 1827 3469 1864 ι

1883 1900 2111 1955 Prorsus
2136 1902 2180 1956 si
2209 1902 2354 1955 illum
2387 1906 2494 1957 non
2523 1901 2656 1958 dicis
2677 1943 2690 1966 ,
2739 1910 2839 1959 nec
2867 1907 2954 1959 me
2978 1904 3141 1960 debes
3168 1905 3349 1960 dicere
3382 1921 3396 1959 :
3427 1904 3476 1959 si

1883 2001 2063 2047 autem
2090 2004 2178 2048 me
2218 1992 2503 2048 dicendtmt
2534 1999 2686 2063 puta's
2706 2035 2721 2060 ,
2750 2002 2803 2050 et
2832 1996 2979 2050 illum
3027 1994 3233 2067 cogeris
3258 1995 3438 2051 dicere
3457 2037 3473 2064 ,

1883 2091 1939 2139 et
1965 2085 2086 2140 itlos
2114 2092 2302 2140 omnes
2351 2092 2573 2155 magnos
2602 2085 2859 2141 Ecclesize
2884 2087 3162 2157 clarosque
3186 2074 3436 2143 doctore's
3459 2128 3475 2153 ,

1884 2176 1974 2247 qui
1997 2176 2066 2231 de
2094 2184 2312 2247 peccato
2335 2178 2598 2248 Originali,
2634 2184 2848 2248 propter
2862 2178 3003 2249 quod
3026 2193 3114 2235 me
3130 2172 3479 2235 Manichaeur‘n

1885 2266 2018 2322 dicis
2037 2310 2051 2333 ,
2078 2280 2142 2323 ea
2161 2268 2341 2323 dicunt
2371 2269 2487 2325 sine
2516 2270 2622 2324 ulla
2649 2270 2974 2327 obscuritate
2999 2271 3083 2327 vel
3109 2272 3477 2343 ambiguitate,

1886 2366 2005 2432 quae
2035 2360 2186 2426 dico,
2207 2363 2340 2416 utin
2365 2362 2536 2432 primo
2555 2366 2608 2418 et
2638 2363 2876 2419 secundo
2903 2379 3001 2420 sex
3039 2362 3299 2421 librorum
3328 2370 3481 2421 meo-

1887 2460 2006 2509 rum
2032 2496 2045 2516 ,
2068 2458 2202 2525 ques
2231 2464 2414 2509 contra
2442 2464 2670 2527 quatuor
2700 2466 2817 2511 tuos
2840 2456 2981 2512 edidi
3000 2496 3016 2522 ,
3052 2456 3183 2512 satis
3208 2457 3484 2513 evidenter

1887 2546 2117 2602 Ostendi.
2143 2546 2248 2603 Sed
2270 2563 2367 2618 per
2386 2550 2528 2603 tuam
2549 2546 2750 2603 scilicet
2766 2547 3096 2604 dialectiCam
3118 2530 3412 2605 terreretur
3431 2549 3479 2618 ⁸,

1888 2639 1935 2694 si
1961 2638 2044 2694 his
2071 2638 2259 2695 diebus
2285 2642 2587 2710 sdperchet
2609 2640 2923 2697 Ambrosius
2943 2683 2957 2707 ,
2989 2647 3046 2697 ut
3067 2654 3133 2697 ex
3153 2642 3486 2712 consequen-

1890 2734 2032 2789 tibt‘is
2059 2733 2205 2789 falsis
2235 2734 2511 2789 inveniens
2540 2732 2733 2789 falsum
2765 2744 2885 2790 esse
2910 2733 3053 2805 quod
3090 2738 3364 2799 senserat,
3398 2733 3483 2789 dia

1888 2838 2013 2883 cere
2040 2840 2145 2881 non
2181 2826 2400 2882 auderet
2430 2827 2654 2883 ulterius
2677 2870 2691 2894 ,
2732 2826 2801 2883 de
2854 2828 3078 2883 semitm
3104 2818 3487 2884 commixtione

1888 2915 2142 2990 parvulos
2163 2920 2316 2974 n'atos
2336 2926 2587 2989 expertes
2611 2920 2719 2975 non
2751 2920 2873 2976 esse
2902 2918 3116 2989 delicti,
3147 2933 3216 2976 ne
3257 2924 3355 2990 per
3381 2912 3484 2975 hoc

1890 3012 1985 3066 eos
2012 3010 2110 3066 sub
2140 3017 2403 3078 potestate
2450 3009 2652 3065 diaboli
2678 3012 3028 3067 Constitueret
3056 3029 3071 3067 :
3110 3016 3238 3067 tunc
3280 3012 3408 3081 ergo
3435 3010 3488 3067 t6

1890 3101 2112 3158 doctore
2135 3100 2458 3158 Manichacus
2487 3116 2606 3159 esse
2635 3102 2938 3158 desisteret.
2968 3100 3016 3158 0
3041 3102 3171 3173 quid
3209 3101 3441 3173 perdidit
3468 3144 3485 3170 ,

1892 3198 1981 3266 qui
2007 3204 2058 3250 te
2085 3192 2269 3250 audire
2306 3202 2412 3249 non
2438 3194 2642 3264 patuit!
2671 3193 2904 3250 Proinde
2927 3194 3049 3265 quia
3076 3198 3297 3264 prepter
3345 3192 3489 3248 hune

1892 3290 2112 3346 Sensum
2157 3286 2504 3343 Maniehreum
2545 3303 2633 3344 me
2684 3301 2805 3343 esse
2829 3285 3273 3357 dieis,profccto
3301 3287 3353 3342 in
3386 3282 3489 3343 hoc

1894 3382 2055 3437 Sensu
2082 3384 2432 3452 perseverans
2457 3422 2471 3445 ,
2494 3378 2845 3446 Maniebzeus,
2872 3384 2923 3435 te
2969 3386 3190 3435 auctore
3207 3421 3222 3447 ,
3256 3378 3479 3435 Ambro-

1894 3472 2007 3528 sius
2056 3472 2156 3527 hac
2190 3471 2423 3528 excessit
2462 3486 2494 3528 e
2521 3474 2650 3526 vita.
2679 3468 2795 3527 Non
2825 3482 2954 3542 ergo
2980 3466 3126 3525 ilium
3154 3464 3441 3527 defendere
3468 3513 3484 3538 ,

1895 3564 2039 3637 quod
2091 3566 2239 3622 nullo
2276 3564 2437 3621 modo
2464 3573 2650 3635 potes,
2673 3564 2766 3620 sed
2793 3562 2976 3621 dolere
3003 3563 3167 3620 debés
3188 3606 3205 3633 ,
3250 3565 3372 3636 quia
3394 3564 3492 3621 do-

1896 3670 2022 3713 cere
2040 3655 2149 3726 jam
2181 3671 2285 3711 non
2327 3664 2481 3726 potes
2510 3673 2523 3711 :
2558 3656 2701 3726 quod
2746 3656 2792 3710 si
2818 3653 2996 3711 facere
3024 3656 3286 3725 potuisses
3310 3698 3326 3723 ,
3372 3660 3489 3710 ma:

1896 3748 2116 3819 gisterio
2146 3754 2236 3801 tuo
2260 3746 2350 3803 ille
2377 3752 2655 3815 correptus
2684 3754 2843 3816 atque
2876 3742 3151 3802 correctus
3182 3734 3493 3817 prohiberet

1899 3839 2080 3909 utique
2107 3837 2160 3893 in
2186 3834 2425 3893 Eccleéia
2455 3848 2613 3908 quant
2642 3836 2889 3909 regebat,
2919 3838 3207 3893 exercitari
3240 3830 3293 3893 et
3307 3836 3493 3894 exsuf-

1904 3931 2023 3986 ﬂari
2049 3929 2396 4000 baptizandos
2443 3929 2724 4000 parvulos;
2776 3932 2843 3985 ire
2871 3929 2925 3984 in
2954 3938 3033 3985 tet
3078 3929 3491 3997 innocenti'btts,

1900 4036 2080 4094 neque
2106 4022 2211 4077 ulla
2241 4023 2451 4078 ratione
2471 4063 2485 4087 ,
2517 4022 2576 4075 ut
2605 4021 2801 4076 aSseris
2824 4062 2839 4088 ,
2874 4020 2975 4077 sub
2998 4028 3266 4092 potestate
3295 4021 3494 4077 diaboli
3562 4084 3565 4089 I

1901 4113 2205 4170 Constitutis
2231 4112 2547 4184 imaginibus
2572 4111 2666 4168 Dei
2691 4154 2706 4177 ,
2737 4112 2837 4183 ipsi
2867 4106 2981 4168 Deo
3007 4112 3161 4168 ﬁeret
3180 4118 3287 4168 tam
3316 4112 3497 4183 gravis

1900 4214 2063 4277 atque
2089 4202 2310 4276 insignis
2340 4204 2529 4276 injuria
2560 4204 2740 4275 :quod
2758 4212 2935 4261 tamen
2962 4200 3010 4260 si
3038 4205 3153 4261 ﬁeri
3181 4205 3493 4276 prohiberet

1902 4299 2217 4354 Ambrosius
2240 4339 2253 4362 ,
2284 4295 2562 4352 vobiscum
2590 4296 2659 4352 de
2704 4296 2941 4353 Ecclesia
2971 4290 3235 4353 catholica
3264 4290 3496 4367 pellere-

1903 4400 2009 4446 tur.
2042 4389 2196 4446 Absit
2225 4389 2369 4444 enim
2396 4396 2453 4445 ut
2482 4388 2599 4444 haec
2622 4391 2885 4444 correctio
2925 4390 3103 4459 potius
3126 4430 3141 4455 ,
3192 4394 3355 4460 quam
3398 4385 3498 4443 de-

1904 4486 2084 4556 ceptio
2128 4483 2453 4539 nominetur.
2499 4483 2652 4538 Absit
2690 4486 2819 4554 ergo
2866 4484 2925 4537 ut
2966 4482 3060 4538 ille
3111 4483 3193 4538 vir
3222 4478 3497 4537 vobiscum

1905 4589 2090 4635 contra
2140 4578 2364 4632 matrem
2396 4573 2721 4632 Catholicam
2775 4574 3092 4631 consisteret
3117 4573 3177 4629 ’τ
3208 4571 3305 4631 sed
3346 4572 3499 4630 venis

1906 4669 2133 4726 invictus
2160 4680 2257 4739 pro
2295 4668 2385 4724 illa
2420 4668 2716 4723 résisteret.
2744 4665 2883 4734 Quid
2909 4672 2993 4721 est
3038 4666 3223 4735 igitur,
3275 4680 3384 4737 quo
3415 4672 3502 4721 me

1907 4763 1977 4819 ab
2002 4762 2096 4818 illo
2124 4762 2175 4817 in
2204 4762 2303 4817 hac
2328 4768 2488 4817 causa
2517 4758 2871 4831 separandum
2892 4756 3086 4830 putas?
3110 4758 3213 4815 Per
3235 4759 3499 4814 commix-

1910 4855 2106 4910 tionem
2132 4850 2415 4924 corporum
2457 4853 2620 4907 maris
2647 4861 2701 4907 et
2730 4849 2941 4906 remum
2963 4892 2978 4916 ,
3006 4834 3184 4906 delicti
3227 4855 3500 4920 expertem

1909 4946 2056 5002 nasci
2081 4944 2206 5000 dico
2248 4942 2520 4999 neminem
2546 4986 2562 5011 ,
2591 4942 2728 4997 sicut
2769 4940 2898 5008 ille;
2943 4952 3042 4997 nec
3068 4942 3249 4997 tamen
3276 4944 3500 5011 corpora

1909 5034 2122 5095 diabolo
2174 5034 2437 5092 conditori
2478 5034 2693 5097 tribuo.
2733 5034 2857 5105 quia
2906 5032 3006 5089 nec
3057 5033 3195 5089 ille:
3236 5033 3496 5105 quemad-

1909 5130 2128 5188 modum
2173 5134 2378 5185 naturae
2416 5128 2600 5184 vitium
2646 5128 2806 5183 ambo
2838 5126 3116 5197 cuipamus
3138 5168 3154 5193 ,
3184 5127 3257 5182 ita
3301 5135 3503 5181 naturae

1911 5232 2183 5282 auctorem
2213 5224 2372 5280 ambo
2403 5224 2738 5280 veneramur.
2767 5221 2821 5280 Si
2847 5223 3098 5294 quoniam
3123 5222 3506 5293 concupiscen-

1914 5318 2040 5373 tiam
2070 5316 2247 5372 carnis
2268 5356 2284 5383 ,
2316 5328 2416 5387 qua
2438 5318 2564 5371 ca'ro
2591 5314 2922 5384 concupistit
2950 5306 3205 5368 adversus
3232 5310 3500 5380 spiritum,

1912 5418 2011 5483 per
2026 5409 2517 5482 pravaricatlonem
2547 5408 2701 5479 primi
2732 5406 2964 5462 hominis
2990 5406 3049 5461 in'
3098 5410 3340 5460 naturam
3385 5412 3506 5458 ver-

1915 5506 2045 5561 tisse
2070 5504 2226 5569 diCO,
2270 5501 2391 5558 ideo
2431 5519 2451 5554 ι
2484 5508 2650 5572 arguo
2692 5499 2964 5562 membra,
2992 5504 3099 5552 neu
3138 5494 3300 5561 vitia;
3338 5512 3358 5549 9
3404 5495 3504 5550 hoc

1916 5598 2041 5655 fecit
2077 5603 2135 5654 et
2178 5596 2315 5653 ille:
2353 5594 2401 5651 si
2451 5606 2581 5651 vero
2628 5591 2844 5649 aliunde
2887 5592 2969 5647 eSt
3022 5582 3174 5662 origo
3214 5589 3503 5657 vitiorum,

1980 5714 1999 5746 ⁸
2033 5710 2324 5775 vlui-terius.
2359 5722 2393 5760 α
2421 5705 2707 5775 anim
2735 5712 2833 5768 es;
2858 5704 3055 5767 omisso,
3080 5706 3336 5768 ωπωριαι
3374 5701 3501 5767 (ιιιοά

1918 5771 2800 5897 “amsié‘ﬁ‘i‘iiu'iﬁéf'gew.

1904 5896 2327 6017 1.“.m

2108 5988 2309 6006 <Nﬁmb.
2341 5990 2414 6003 In"
2450 5972 2477 5993 .
