4070 6528
488 431 628 490 1115

487 538 702 602 aliunde
723 534 1115 598 membrorum;
1143 545 1244 586 nec
1267 545 1367 600 ego
1381 527 1482 600 (a),
1499 542 1598 582 nec
1619 526 1724 586 ille.
1739 525 2080 580 Voluntatem

489 633 760 707 propriam
803 630 978 684 inesse
1003 622 1378 687 nascentibus,
1421 635 1520 674 nec
1565 617 1878 672 Ambrosius
1907 615 2082 684 dicit,

494 706 594 780 nec
615 737 752 793 ego:
782 735 876 791 per
917 717 1078 789 primi
1121 713 1354 770 hominis
1382 721 1558 766 tamen
1601 706 2084 780 praevaricatricem

493 817 818 872 voluntatem
847 810 1046 864 factum
1073 821 1195 864 esse
1213 801 1662 874 concupiscentia}
1683 799 1870 855 vitium
1895 839 1910 864 ,
1941 795 2086 852 unde

495 924 590 978 per
615 903 1046 962 commixtionem
1095 913 1320 956 sexuum
1369 903 1650 952 nascentes
1673 891 1888 948 trahunt
1916 889 2084 960 origi-

495 1001 616 1054 nale
666 1003 974 1067 peccatum,
1015 1003 1070 1048 et
1115 989 1432 1046 Ambrosius
1475 987 1641 1053 dicit,
1671 993 1725 1040 ct
1761 998 1882 1054 ego.
1913 981 2087 1036 Ambo

495 1091 654 1160 igitur
689 1097 840 1156 natos
883 1084 1165 1150 homines,
1213 1091 1498 1152 antequam
1539 1086 1928 1140 renascantur,
1979 1088 2089 1128 non

498 1189 714 1251 propter
753 1193 936 1234 eorum
965 1175 1312 1230 substantiam
1343 1214 1357 1240 ,
1389 1171 1540 1242 cujus
1563 1179 1774 1226 creator
1795 1177 1878 1222 est
1925 1166 2086 1232 Deus,

495 1273 591 1328 sed
615 1279 830 1342 propter
861 1276 1135 1339 peccatum
1184 1263 1325 1336 quod
1378 1279 1476 1336 per
1513 1278 1678 1318 unum
1735 1259 1990 1326 intravit,
2036 1266 2091 1313 et

500 1379 592 1434 per
617 1375 803 1418 omnes
831 1359 1075 1416 homines
1097 1355 1405 1428 pertransiit
1429 1396 1444 1422 ,
1467 1353 1622 1424 cujus
1645 1352 1850 1422 peccati
1902 1359 2090 1405 auctor

499 1465 580 1512 est
605 1453 852 1510 diabolus
875 1494 890 1520 ,
935 1449 1182 1521 potestati
1208 1446 1530 1503 adversaria:
1557 1444 1898 1514 deputamus.
1948 1438 2089 1510 Quid

498 1558 581 1604 est
599 1546 742 1618 quod
764 1555 816 1602 te
836 1541 1294 1614 impudentissima
1321 1537 1498 1594 fronte
1517 1537 1780 1604 mentiris,
1819 1535 2089 1592 Ambrosii

499 1650 556 1697 et
579 1640 808 1700 aliorum
857 1636 1106 1692 similium
1134 1633 1276 1688 dicta
1313 1629 1602 1687 defendere
1645 1637 1804 1699 atque
1827 1625 2090 1683 deluere?

498 1731 630 1802 Quis
659 1731 730 1785 ita
752 1742 924 1785 cacus
950 1735 1033 1782 est
1055 1767 1070 1791 ,
1103 1733 1162 1779 ut
1203 1739 1310 1778 non
1329 1722 1510 1778 videat
1546 1718 1690 1791 quod
1717 1734 1782 1776 ea
1824 1727 1880 1773 tu
1903 1731 2090 1788 repre-

500 1823 704 1880 hendas
729 1864 743 1888 ,
773 1835 872 1891 ego
917 1817 1238 1882 defendam;
1287 1823 1342 1869 tu
1391 1813 1628 1885 polluas,
1689 1825 1788 1881 ego
1827 1807 2090 1866 deluam?

497 1913 770 1972 Ambrosii
795 1912 936 1967 dicta
981 1917 1104 1964 sunt
1132 1906 1202 1962 de
1221 1905 1436 1960 Christo
1467 1902 1736 1972 loquentis
1765 1920 1778 1955 :
1814 1919 1832 1953 ¢
1865 1899 1990 1956 Ideo
2013 1940 2030 1968 ,
2065 1915 2084 1952 ι

499 2005 702 2076 inquit,
741 2021 760 2056 ι
789 2011 842 2057 et
867 2001 1016 2072 quasi
1041 1999 1200 2054 homo
1221 2013 1319 2070 per
1343 1997 1589 2052 universa
1631 2002 1864 2050 tentatus
1885 2001 2006 2058 est,
2037 1999 2093 2047 et

497 2095 552 2150 in
574 2092 922 2150 similitudine
947 2090 1224 2145 hominum
1253 2097 1439 2142 cuncta
1464 2085 1752 2150 sustinuit;
1805 2082 1898 2138 sed
1937 2081 2090 2152 quasi

497 2188 566 2244 de
590 2185 792 2257 Spiritu
835 2192 991 2238 natus
1013 2223 1030 2250 ,
1060 2180 1318 2236 abstinuit
1362 2194 1394 2232 a
1437 2185 1654 2248 peccato
1685 2193 1700 2230 :
1727 2173 1904 2230 omnis
1945 2172 2090 2228 enim

495 2280 659 2336 homo
679 2275 906 2333 mendax
935 2317 947 2340 ,
982 2283 1036 2330 et
1059 2287 1218 2329 nemo
1237 2271 1353 2327 sine
1380 2280 1600 2340 peccato
1622 2267 1722 2322 nisi
1761 2281 1898 2321 unus
1926 2265 2088 2320 Deus.

495 2372 778 2430 Servatum
822 2376 904 2422 est
947 2365 1145 2438 igitur,
1185 2383 1204 2418 ι
1241 2361 1448 2434 inquit,
1485 2379 1504 2412 ι
1535 2369 1592 2414 ut
1619 2375 1685 2414 ex
1717 2358 1834 2412 viro
1880 2365 1934 2411 et
1970 2371 2091 2410 mu-

494 2465 656 2530 liere,
709 2462 762 2518 id
804 2471 917 2526 est,
949 2474 1048 2530 per
1087 2457 1232 2512 illam
1279 2469 1564 2524 corporum
1607 2449 2042 2506 commixtionem
2070 2489 2086 2516 ,

495 2573 654 2616 nemo
683 2555 928 2612 videatur
947 2565 1144 2623 expers
1169 2563 1288 2606 esse
1311 2547 1488 2602 delicti
1523 2563 1537 2599 :
1561 2545 1650 2616 qui
1695 2550 1874 2598 autem
1897 2554 2092 2611 expers

495 2651 712 2718 delicti,
763 2661 956 2718 expers
996 2645 1156 2701 etiam
1206 2637 1516 2712 hujusmodi
1553 2635 1918 2706 conceptionis
1946 2653 1966 2687 ι
2001 2632 2092 2706 (In

495 2743 744 2814 Isaiam).
770 2743 872 2798 Ista
893 2741 1032 2796 dicta
1061 2737 1197 2793 dicis
1226 2749 1346 2791 esse
1373 2731 1677 2797 falsissima,
1709 2730 1896 2800 eisque
1920 2725 2090 2782 Mani-

493 2839 706 2896 chaaum
735 2837 752 2868 ⁸
783 2834 974 2905 dogma
1003 2828 1266 2885 nefarium
1296 2823 1559 2882 contineri
1594 2841 1608 2877 :
1641 2836 1703 2877 ac
1732 2836 1829 2892 per
1849 2819 1952 2875 hoc
1971 2819 2095 2874 Am-

495 2931 660 2988 brosii
688 2929 828 2985 dicta
859 2935 913 2981 tu
933 2921 1284 2994 reprehendis
1303 2927 1358 2976 et
1389 2916 1602 2988 polluis.
1633 2915 1745 2984 Ego
1773 2928 1899 2969 vero
1925 2911 2013 2966 illa
2037 2917 2095 2966 et

495 3022 774 3080 verissima
819 3016 1050 3088 praedico
1073 3057 1088 3082 ,
1139 3021 1194 3070 et
1252 3008 1548 3066 Manichaee
1597 3021 1705 3062 non
1759 3005 1931 3060 solum
1983 3017 2094 3057 non

495 3116 702 3180 amica,
731 3119 916 3167 verum
964 3117 1020 3164 et
1067 3105 1312 3168 inimica,
1341 3102 1480 3157 sicut
1503 3099 1612 3170 jam
1659 3097 1804 3165 feci,
1857 3110 1980 3152 esse
2007 3095 2094 3152 de-

495 3216 737 3268 monstro
769 3225 781 3258 :
803 3219 902 3276 ego
923 3201 1080 3272 igitur
1099 3214 1161 3255 ea
1183 3196 1358 3267 potius
1383 3191 1612 3250 defendo
1637 3233 1652 3258 ,
1693 3199 1748 3246 et
1772 3205 1801 3244 a
1857 3189 1962 3244 tuis
1989 3202 2090 3244 ne-

496 3299 672 3356 fandis
693 3291 1158 3352 criminationibus
1183 3286 1362 3343 deluo.
1395 3284 1587 3341 Utrum
1623 3296 1754 3352 ergo
1781 3281 1871 3336 ille
1909 3289 2096 3336 noster

499 3407 566 3448 an
609 3398 788 3445 vester
843 3385 947 3452 sit,
1001 3391 1055 3438 et
1081 3395 1177 3435 vos
1201 3374 1560 3433 videtis:scd
1598 3373 1718 3442 quia
1765 3372 2014 3428 homines
2061 3385 2094 3428 a

498 3482 693 3556 quibus
733 3477 1004 3550 diligitur,
1057 3469 1388 3535 formidatis;
1440 3468 1680 3539 profecto
1717 3479 1878 3532 eum,
1933 3478 2092 3534 quem

499 3573 755 3632 atrociter
803 3579 1058 3626 accusare
1109 3559 1488 3619 convincimini
1509 3601 1525 3627 ,
1582 3557 1790 3614 fallacia
1837 3569 2093 3612 excusare

500 3665 788 3726 conamini.

569 3755 756 3814 CXXI.
779 3739 898 3810 ius.
919 3750 1072 3822 Quod
1101 3749 1237 3805 dicis
1259 3747 1308 3803 ei
1339 3743 1638 3802 convicium
1659 3757 1689 3796 a
1708 3739 1990 3797 Joviniano
2015 3737 2094 3794 fa-

500 3862 646 3910 ctum
673 3849 773 3920 (De
801 3846 1011 3918 Nuptiis
1031 3853 1078 3899 et
1102 3839 1520 3912 Concupiscentia
1537 3880 1553 3903 ,
1583 3835 1670 3892 lib.
1695 3835 1733 3889 2
1751 3873 1772 3902 ,.
1797 3852 1850 3890 η.
1882 3833 2006 3904 15);
2039 3834 2094 3887 in

501 3959 610 4016 quo
635 3940 848 3998 mentiri
875 3947 928 3995 te
951 3946 1132 3992 tamen
1159 3933 1392 3989 arbitror
1417 3949 1429 3985 :
1454 3927 1550 3986 sed
1574 3940 1870 3982 annuamus
1895 3926 1980 3980 vel
2003 3923 2096 3980 Jo-

503 4035 704 4093 viniani
747 4042 798 4089 te
838 4029 1236 4088 criminatorem
1261 4037 1449 4086 verum
1473 4035 1595 4078 esse
1639 4033 1831 4090 posse,
1861 4017 2092 4073 Ambro-

504 4129 750 4198 siumque
787 4125 855 4179 ab
896 4121 986 4178 illo
1014 4118 1365 4176 Manichaeum
1390 4121 1635 4169 vocatum
1670 4129 1685 4166 :
1716 4119 1771 4166 at
1810 4109 1862 4165 id
1887 4115 2097 4166 constat

505 4223 752 4278 insanum
776 4217 959 4272 fuisse.
977 4212 1095 4268 Non
1119 4211 1262 4267 enim
1286 4223 1415 4264 sane
1437 4211 1645 4278 poterat
1661 4202 1984 4258 Manichacus
2005 4215 2098 4254 vo-

505 4314 636 4382 cari,
665 4311 758 4383 qui
783 4309 977 4365 bonam
1003 4313 1269 4368 naturam,
1299 4299 1388 4372 qui
1417 4304 1635 4368 peccata
1661 4293 1980 4359 voluntaria,
2005 4292 2094 4363 qui

505 4421 539 4462 a
562 4405 674 4460 Deo
696 4401 960 4458 institutas
985 4393 1218 4466 nuptias,
1236 4391 1325 4462 qui
1355 4405 1384 4444 a
1415 4389 1526 4444 Deo
1552 4385 1669 4442 fieri
1697 4385 1944 4456 parvulos
1963 4399 2098 4454 prae-

505 4497 738 4554 dicabat.
777 4491 836 4550 Si
862 4503 991 4562 ergo
1017 4487 1108 4542 ille
1147 4483 1508 4556 praalationem
1537 4477 1856 4548 virginitatis
1885 4478 2098 4548 nuptia-

507 4605 626 4646 rum
653 4584 1046 4644 accusationem
1073 4575 1310 4650 putavit,
1337 4572 1527 4628 nesciit
1553 4570 1772 4626 omnino
1795 4569 1922 4640 quid
1949 4568 2096 4624 dice-

507 4694 612 4744 ret.
630 4680 784 4739 Aliud
807 4687 891 4735 est
915 4676 1060 4734 enim
1083 4668 1434 4730 contrarium,
1451 4663 1594 4720 aliud
1619 4662 1943 4720 ordinatum.
1965 4661 2098 4717 Boni

509 4775 706 4848 quippe
730 4767 966 4827 laudatio
992 4764 1060 4819 ad
1086 4761 1310 4818 meliora
1335 4755 1532 4829 gradus
1558 4765 1640 4812 est
1663 4773 1677 4808 :
1700 4753 1976 4810 infamatio
2001 4769 2098 4808 an-

510 4845 618 4923 tem
635 4871 840 4920 natura:
857 4859 922 4915 ad
945 4854 1292 4913 Manichaeum
1309 4851 1394 4906 via
1416 4859 1516 4906 est.
1541 4847 1673 4904 Cum
1708 4863 1836 4920 ergo
1869 4862 1975 4901 non
2003 4845 2094 4900 da-

513 4964 726 5014 mnaret
743 4949 1058 5008 Ambrosius
1075 4945 1316 5016 nuptias;
1340 4957 1438 4998 nec
1457 4939 1889 4997 commixtionem
1907 4937 2098 5007 conju-

509 5067 634 5124 gum
653 5091 668 5114 ,
697 5046 781 5102 vel
810 5056 944 5114 epus
972 5038 1202 5105 diaboli,
1229 5036 1314 5092 vel
1355 5033 1728 5095 necessitatem
1753 5030 1956 5086 diceret
1979 5043 2100 5086 esse

512 5123 718 5218 peccati
747 5159 762 5194 :
795 5135 1036 5208 improbe
1073 5132 1199 5189 fecit
1222 5129 1536 5190 Jovinianus
1557 5167 1572 5193 ,
1602 5138 1660 5180 ut
1683 5139 1806 5180 eum
1835 5123 2102 5179 conferret

511 5236 824 5300 Manichaao,
855 5238 1169 5302 putaretque
1193 5223 1327 5280 nihil
1353 5223 1612 5278 interesse
1634 5219 1772 5274 inter
1795 5217 2098 5286 nuptiarum

511 5339 876 5390 accusatorem
905 5331 962 5379 et
983 5317 1312 5377 laudatorem
1333 5317 1376 5368 '.
1405 5311 1540 5368 Nam
1563 5311 1608 5366 si
1634 5311 1702 5365 de
1727 5309 1961 5380 legitima
1985 5317 2043 5364 et
2068 5323 2100 5364 a

513 5427 625 5484 Deo
652 5423 891 5481 instituta
909 5428 1195 5486 corporum
1221 5409 1595 5480 conjunctione
1619 5413 1922 5478 generatos,
1955 5411 2101 5475 post-

513 5534 738 5594 eaquam
767 5529 922 5572 usum
959 5513 1240 5578 ceperunt
1264 5503 1463 5559 habere
1488 5500 1741 5567 rationis,
1765 5505 1955 5568 sponte
1979 5512 2102 5568 pro-

513 5591 629 5688 pria
651 5613 938 5687 proborum
959 5604 980 5638 ³
1009 5599 1304 5658 imitatione
1325 5598 1575 5653 mentitos
1595 5593 1724 5650 dixit
1744 5591 2098 5658 Ambrosius;

577 5755 598 5787 ι
629 5751 790 5803 Codex
813 5735 1256 5808 νοτιημαηίεζιωξ.
1286 5796 1316 5808 ,Δ
1352 5794 1383 5808 η

578 5816 601 5846 ³
631 5799 775 5862 {torte
796 5799 1089 5862 addendum,
1123 5799 1425 5862 virginitatis.

580 5876 602 5908 ι
633 5881 790 5930 Forte.
813 5878 1097 5935 pravorum;
1132 5869 1556 5935 νωκρῗοίξφῗτξνζὲε

579 5935 654 5994 (a)
669 5921 909 5994 subaudi,
931 5921 1090 5993 arguo
1103 5921 1336 5986 membra,
1359 5932 1453 5971 non
1474 5921 1593 5972 vitia

1173 417 1418 474 OPERIS
1456 409 1867 472 IMPERFEC’I‘I
1919 401 2198 468 CONTRA
2233 403 2596 480 JULIANUM,
2633 411 2695 470 Β.
2734 411 3104 471 AUGUSTINI

3646 405 3792 474 tuo

2192 538 2299 579 non
2333 533 2512 580 tamen
2541 523 2676 580 hanc
2701 527 3126 597 conjunctionem
3147 567 3164 594 ,
3196 526 3462 584 mendacii
3489 527 3662 584 voluit
3687 519 3790 586 ιιὸο

2191 617 2497 673 cessitatem
2525 617 2728 686 videri,
2773 620 2866 676 sed
2899 619 3256 678 universitatis
3299 621 3555 677 indicium
3581 623 3622 675 '.
3655 623 3789 680 Tale

2191 718 2276 765 est
2299 710 2442 766 enim
2474 710 2616 782 quod
2655 711 2819 775 dixit,
2851 711 2978 766 Nati
3005 729 3068 767 ea:
3107 713 3396 783 parentibus
3433 715 3789 781 mentiuntur;

2190 803 2348 874 quale
2385 805 2430 859 si
2471 805 2726 873 dixisset,
2757 805 2941 862 Omnis
2982 805 3144 861 homo
3164 850 3179 874 ,
3207 807 3466 863 duntaxat
3491 809 3578 864 sui
3611 821 3790 866 rector

2193 895 2434 962 arbitrii,
2463 895 2748 966 aliquando
2777 898 3028 952 mentitus
3069 907 3150 953 est
3183 915 3196 952 :
3232 897 3436 954 sciebat
3463 900 3662 970 quippe
3693 917 3788 954 nc-

2193 989 2392 1044 minem
2415 990 2530 1046 sine
2555 992 2932 1046 commixtione
2958 1001 3256 1062 parentum,
3279 1003 3474 1063 praeter
3491 995 3784 1059 Christum,

2193 1083 2482 1138 exstitisse.
2513 1083 2674 1154 Igitur
2699 1100 2862 1155 opere
2887 1085 3151 1157 conjugali
3175 1101 3280 1140 non
3309 1086 3662 1155 iniquitatem,
3687 1085 3785 1141 sed

2193 1175 2596 1244 generalitatem
2641 1176 2724 1231 vir
2767 1176 2998 1246 prudens
3025 1178 3195 1232 voluit
3239 1176 3478 1232 indicari.
3510 1177 3788 1232 Christum

2193 1281 2324 1322 vero
2341 1268 2873 1338 pronuntiavitomne
2897 1269 3102 1323 cavisse
3127 1268 3486 1334 mendacium,
3506 1284 3664 1337 quem
3691 1269 3793 1323 mi-

2193 1358 2373 1414 raculo
2421 1360 2674 1430 parientis
2701 1359 2936 1416 ostendit
2967 1378 2980 1414 :
3012 1360 3154 1431 quod
3199 1359 3412 1430 quidem
3443 1359 3794 1416 vehementer

2193 1460 2380 1507 contra
2406 1451 2786 1525 Hieronymum
2806 1494 2821 1518 ,
2855 1451 3005 1523 cujus
3027 1461 3080 1506 tu
3105 1452 3307 1508 assecla
3331 1467 3390 1508 es
3409 1493 3424 1520 ,
3455 1452 3670 1516 fremit;
3697 1453 3792 1522 qui

2193 1544 2530 1600 mendacium
2571 1545 2930 1616 signatissime
2961 1542 3177 1598 Christo
3219 1552 3302 1599 est
3334 1552 3558 1599 conatus
3601 1542 3790 1614 allige-

2194 1649 2254 1692 re
2275 1635 2370 1708 (a).
2391 1635 2508 1692 Non
2531 1652 2660 1708 ergo
2676 1637 2798 1707 jure
2818 1645 3039 1692 vocatus
3064 1645 3144 1691 est
3171 1634 3499 1692 Manichazus
3519 1635 3587 1708 (si
3611 1643 3792 1690 tamen

2193 1731 2458 1802 vocatus),
2473 1730 2562 1800 qui
2577 1737 2764 1785 contra
2781 1741 3021 1784 errorem
3039 1735 3277 1784 vestrum
3293 1725 3658 1799 frequentavit
3675 1727 3792 1782 lau-

2195 1824 2462 1880 dationem
2493 1833 2880 1878 creaturarum.

2267 1918 2402 1973 Anc.
2453 1915 2834 1970 Laudationem
2877 1922 3244 1970 creaturarum
3293 1909 3694 1982 frequentamus
3737 1919 3792 1966 ct

2195 2023 2296 2064 nos
2327 2025 2342 2064 :
2374 2007 2500 2079 quid
2523 1985 2608 2062 esi
2630 2019 2757 2078 ergo
2783 2006 2924 2076 quod
2953 2005 3087 2062 dicis
3111 2005 3214 2060 hoc
3243 2002 3420 2058 facere
3445 2002 3790 2060 Ambrosium

2193 2111 2382 2160 contra
2423 2117 2664 2158 errorem
2689 2109 2968 2167 nostrum;
2999 2115 3120 2155 cum
3163 2099 3266 2154 hoc
3305 2098 3465 2152 faciat
3489 2098 3790 2154 secundum

2193 2195 2355 2252 fidem
2385 2195 2662 2251 nostram?
2689 2193 2969 2264 Quomodo
2995 2203 3173 2250 autem
3203 2193 3292 2248 illa
3319 2192 3480 2248 verba
3507 2193 3785 2262 posuerit,

2195 2302 2314 2358 quae
2343 2303 2375 2342 a
2405 2303 2490 2342 me
2521 2285 2616 2342 tibi
2641 2287 2852 2356 objecta
2883 2295 2938 2341 tu
2963 2299 3392 2341 commemorare
3425 2283 3644 2339 timuisti
3669 2327 3685 2352 ,
3717 2299 3791 2340 ne

2195 2379 2431 2444 tenebrae
2457 2387 2559 2432 tua:
2583 2377 2881 2432 clarissima
2911 2377 3032 2432 luce
3055 2376 3270 2431 illorum
3297 2374 3748 2446 redarguerentur
3769 2415 3786 2441 ,

2195 2472 2314 2526 aliis
2340 2472 2498 2526 etiam
2537 2471 2858 2540 scriptorum
2876 2485 3100 2525 suorum
3129 2469 3260 2525 locis
3297 2468 3378 2524 sic
3401 2467 3634 2524 ostendit
3657 2471 3785 2522 Am-

2193 2561 2441 2630 brosius,
2471 2571 2530 2616 ut
2557 2576 2664 2616 non
2705 2562 2754 2616 ei
2783 2561 2921 2617 sicut
2961 2560 3326 2631 negligentiori
3348 2602 3363 2627 ,
3394 2559 3668 2630 quomodo
3707 2559 3784 2614 lo-

2195 2654 2398 2725 queris,
2427 2661 2484 2710 et
2511 2652 2794 2708 incautiori
2824 2652 3090 2708 sententia
3116 2652 3217 2706 ista
3267 2651 3434 2706 semel
3459 2650 3786 2721 subrepsisse

2195 2747 2472 2814 videatur;
2501 2747 2599 2804 sed
2627 2745 2696 2802 de
2721 2755 2940 2816 peccato
2981 2743 3230 2815 originali
3253 2744 3446 2816 dogma
3471 2745 3590 2815 ejus
3609 2785 3626 2810 ,
3653 2759 3782 2815 quo-

2197 2839 2340 2895 niam
2369 2839 2561 2910 dogma
2589 2839 2912 2895 catholicum
2942 2845 3058 2905 est,
3091 2837 3222 2892 satis
3249 2835 3448 2906 liquida
3479 2835 3782 2891 manifesta-

2196 2935 2343 2990 tione
2367 2933 2623 2989 declaret.
2651 2933 2760 2988 Cur
2797 2945 2926 3002 ergo
2956 2941 3011 2987 et
3035 2946 3138 3002 qua
3164 2931 3372 2986 ratione
3397 2929 3631 2997 dixerit,
3663 2930 3785 2986 Ser-

2195 3037 2368 3082 uatum
2393 3038 2466 3082 est
2491 3028 2648 3098 igitur
2668 3067 2682 3092 ,
2713 3035 2770 3079 ut
2809 3041 2874 3079 ea:
2897 3025 3004 3080 viro
3032 3033 3078 3080 et
3103 3026 3314 3080 muliere
3331 3067 3346 3093 ,
3375 3025 3433 3078 id
3460 3037 3536 3080 est
3555 3067 3570 3090 ,
3605 3039 3694 3095 per
3719 3023 3785 3078 il-

2198 3121 2302 3176 lam
2321 3137 2589 3191 corporum
2613 3119 3038 3185 commixtionem,
3061 3135 3208 3172 nemo
3235 3119 3463 3173 videatur
3487 3134 3670 3188 expers
3689 3133 3788 3172 esse

2198 3213 2403 3277 delicti;
2431 3211 2518 3283 qui
2561 3220 2729 3265 autem
2754 3227 2932 3282 expers
2971 3208 3178 3277 delicti,
3209 3225 3388 3280 expers
3417 3208 3568 3262 etiam
3613 3208 3786 3280 lanius-

2197 3305 2336 3359 modi
2353 3304 2720 3376 conceptionis;
2735 3303 2856 3373 quia
2873 3317 2981 3358 non
3001 3301 3090 3356 hic
3111 3309 3326 3373 peccata
3351 3301 3629 3356 hominum
3647 3309 3788 3370 post-

2197 3411 2420 3468 eaquam
2465 3412 2618 3450 usum
2646 3403 2926 3464 coeperunt
2953 3393 3152 3449 habere
3179 3393 3401 3448 rationis
3421 3434 3436 3459 ,
3467 3401 3526 3447 ut
3569 3401 3626 3446 tu
3661 3392 3788 3446 alica

2197 3486 2343 3542 naris
2364 3489 2418 3554 ',
2452 3485 2547 3542 sed
2575 3486 2833 3556 originale
2871 3493 3147 3556 peccatum
3191 3484 3409 3554 intelligi
3439 3483 3638 3548 voluit;
3667 3481 3788 3553 quid

2196 3580 2322 3635 alibi
2365 3580 2508 3636 dicat
2549 3579 2768 3635 attende
2801 3597 2814 3633 :
2845 3577 3126 3644 Iordanis,
3159 3576 3363 3646 inquit,
3397 3591 3668 3630 conversus
3707 3589 3788 3628 re-

2198 3679 2418 3726 trorsum
2435 3713 2451 3740 ,
2494 3670 2796 3742 signiﬁcavit
2832 3669 3070 3724 salutaris
3097 3669 3286 3723 lavacri
3315 3671 3486 3739 futura
3514 3668 3748 3738 mysteria
3769 3707 3784 3734 ,

2199 3782 2288 3836 per
2322 3781 2435 3835 quin
2457 3764 2512 3818 in
2543 3763 2823 3834 primordia
2845 3763 2866 3794 ³
2893 3771 3090 3817 natura:
3114 3776 3220 3816 suae
3237 3801 3252 3827 ,
3287 3762 3374 3830 qui
3411 3761 3652 3830 baptizali
3678 3763 3786 3832 fue-

2197 3857 2334 3924 rint,
2365 3856 2566 3928 parvuli
2593 3873 2624 3910 a
2653 3855 2848 3910 malitia
2889 3858 3232 3926 reformantur
3261 3851 3398 3926 (Lib.
3433 3853 3458 3907 1
3491 3853 3546 3906 in
3573 3849 3700 3906 Luc.
3731 3867 3782 3916 ι,

2198 3947 2314 4020 '56).
2345 3947 2444 4003 Dic
2463 3991 2477 4015 ,
2507 3945 2718 4002 Iuliane
2735 3988 2750 4014 ,
2781 3964 2813 4000 a
2840 3963 2942 4017 qua
2985 3944 3181 3999 malitia
3202 3987 3217 4013 ,
3247 3945 3292 3999 si
3317 3961 3420 3999 non
3449 3945 3656 3998 trahunt
3684 3945 3788 3998 ori-

2197 4041 2368 4113 ginale
2395 4049 2670 4112 peccatum.
2701 4039 2839 4095 Audi
2865 4039 3042 4095 adhuc
3063 4041 3169 4096 alio
3198 4039 3318 4094 loco
3351 4055 3364 4092 :
3401 4036 3522 4092 Non
3555 4038 3685 4092 enim
3713 4039 3789 4091 ei-

2198 4130 2309 4184 rilis
2347 4131 2539 4197 coitus,
2571 4129 2773 4200 inquit,
2804 4128 2965 4183 vultur
2993 4128 3255 4200 virginalis
3281 4131 3472 4182 secreta
3514 4128 3748 4182 reserauit
3767 4169 3784 4195 ,

2199 4223 2288 4278 sed
2330 4210 2708 4277 imntaculatum
2735 4237 2903 4277 semen
2941 4221 3218 4276 inviolabili
3243 4231 3386 4276 utero
3413 4220 3642 4290 Spiritus
3667 4238 3788 4275 san-

2199 4323 2307 4369 ctus
2333 4313 2541 4386 infudit.
2575 4311 2734 4368 Solus
2773 4313 2904 4367 enim
2933 4329 3023 4384 per
3051 4313 3222 4366 omnia
3263 4328 3326 4367 ea;
3354 4313 3486 4366 natis
3513 4312 3577 4366 de
3605 4312 3792 4383 femina

2201 4413 2402 4460 sanctus
2427 4403 2678 4460 Dominus
2701 4403 2735 4459 Ι
2740 4421 2853 4459 esus
2869 4445 2887 4473 ,
2917 4405 3003 4474 qui
3031 4411 3238 4459 terrente
3263 4404 3500 4474 contagia
3523 4413 3790 4473 corrupte-

2201 4497 2266 4553 ιω
2303 4497 2615 4551 immaculati
2643 4496 2858 4551 nouitate
2884 4505 3061 4568 partus
3102 4513 3202 4550 non
3242 4496 3484 4560 senserit,
3517 4504 3561 4549 et
3607 4495 3793 4550 celein

2200 4588 2462 4660 majestate
2503 4586 2752 4658 depulerit
2784 4584 2874 4658 (In
2901 4585 3030 4640 Luc.
3077 4602 3150 4653 ιι,
3179 4585 3294 4655 25).
3341 4583 3630 4654 Responde
3649 4627 3664 4652 ,
3693 4585 3792 4639 Ju-

2201 4679 2362 4746 liane,
2393 4695 2512 4750 quae
2541 4680 2648 4734 sint
2669 4687 2896 4734 terrenae
2921 4677 3162 4748 contagia
3191 4677 3530 4747 corruptelae,
3557 4692 3679 4746 quae
3703 4692 3792 4732 so-

2201 4772 2285 4828 lus
2311 4787 2376 4827 ex
2405 4772 2544 4826 natis
2566 4769 2636 4826 de
2662 4769 2858 4825 femina
2879 4769 3137 4824 Dominus
3155 4753 3316 4824 'Jesus
3345 4769 3670 4823 immaculati
3699 4783 3796 4824 no-

2202 4862 2364 4919 vitate
2387 4871 2574 4934 partus
2599 4875 2706 4917 non
2741 4861 2927 4916 sensit.
2957 4859 3144 4915 Adhuc
3171 4858 3296 4914 audi
3331 4875 3344 4910 :
3377 4858 3656 4930 Antequam
3697 4875 3794 4913 na-

2202 4956 2408 5021 scimur,
2437 4955 2626 5025 inquit,
2649 4953 2964 5008 maculantur
2982 4951 3238 5023 contagio.
3267 4951 3335 5005 Et
3363 4951 3524 5020 paulo
3553 4959 3706 5020 post:
3731 4949 3794 5004 Et

2202 5047 2246 5103 si
2267 5064 2358 5102 nec
2381 5047 2551 5114 unius,
2580 5046 2770 5116 inquit,
2801 5045 2902 5098 diei
2929 5043 3100 5113 infans
3125 5043 3234 5097 sine
3253 5053 3477 5113 peccato,
3509 5043 3668 5096 multo
3688 5059 3796 5096 ma-

2203 5140 2281 5212 gis
2309 5157 2398 5194 nec
2427 5140 2504 5194 illi
2532 5139 2742 5193 materni
2767 5145 3036 5207 conceptus
3063 5137 3168 5192 dies
3195 5135 3302 5192 sine
3327 5145 3530 5208 peccato
3555 5145 3672 5190 sunt
3705 5133 3794 5208 (In

2203 5231 2456 5303 Apologia
2477 5229 2662 5296 Dauid,
2693 5245 2806 5300 cap.
2835 5227 2946 5296 il).
2977 5227 3140 5282 Multa
3166 5227 3324 5297 hujus
3345 5227 3468 5294 viri,
3496 5242 3654 5298 quem
3679 5226 3794 5281 sani

2204 5324 2392 5394 capitis
2421 5322 2587 5378 fuisse
2615 5319 2892 5376 confessus
2933 5334 3028 5386 es,
3059 5319 3186 5374 talia
3213 5331 3640 5374 commemorare
3667 5333 3793 5390 pos-

2201 5429 2322 5471 sum
2348 5433 2360 5468 :
2385 5413 2480 5469 sed
2507 5413 2591 5468 cui
2619 5427 2726 5467 non
2751 5408 3023 5466 sufﬁciunt
3051 5409 3172 5477 ista,
3204 5409 3332 5479 quid
3355 5408 3585 5464 sufficit?
3605 5409 3683 5464 Ex
3711 5407 3794 5465 his

2203 5522 2333 5580 ergo
2363 5504 2594 5575 intelligo
2613 5545 2629 5571 ,
2663 5517 2818 5574 quam
2849 5516 2959 5558 non
2990 5501 3184 5557 sinaris
3210 5501 3370 5558 etiam
3399 5501 3488 5556 illa
3509 5541 3525 5568 ,
3569 5501 3708 5557 sicut
3735 5515 3796 5555 es

2267 5661 2288 5695 ί
2323 5661 2396 5710 sic
2415 5665 2520 5708 Mss.
2552 5662 2606 5706 In
2621 5657 2794 5769 αξξυς,
2813 5653 3076 5719 judicium.
3219 5711 3233 5726 ο

2267 5723 2288 5756 ι
2321 5721 2384 5769 Ad
2437 5732 2572 5769 oram
2713 5731 2798 5769 rcis
2849 5715 2990 5769 clar..
3050 5711 3232 5766 halluci

2267 5709 2990 5806 Laeni-gragfodicis'clarq
3050 5711 3384 5766 hallucinm'is.
3437 5719 3580 5766 Forte
3617 5709 3798 5777 legens

2203 5780 2661 5918 ét’i‘a.
2681 5848 2790 5918 nar.
2815 5839 2957 5918 (λι-πη
2977 5839 3030 5894 in
3045 5837 3328 5906 primordio.

2269 5905 2344 5970 (a)
2375 5905 2492 5958 Vide
2507 5917 2670 5971 supra,
2689 5915 2794 5968 cap.
2817 5905 2900 5957 δε.
3047 5905 3055 5906 “
3559 5921 3606 5952 ί
