3980 6486
172 408 320 464 MU

168 531 400 578 conatus
420 562 434 588 ,
481 522 533 577 in
560 522 722 577 alium
747 533 962 578 sensum
1001 521 1320 593 detorquere
1363 532 1522 595 atque
1545 538 1762 593 perver-

169 620 328 678 tere,
356 628 474 682 qua:
501 611 636 666 dixit
669 612 982 668 Ambrosius
1004 613 1072 668 de
1116 613 1199 668 his
1222 613 1314 684 qui
1352 623 1641 670 nascuntur
1669 628 1766 682 per

167 706 613 760 commixtionem
655 719 938 775 corporum
961 747 976 771 ,
1009 721 1114 760 non
1157 721 1385 776 arguens
1411 705 1506 760 Dei
1549 714 1764 759 creatu-

170 813 314 862 ram,
334 796 427 851 sed
458 795 716 866 originale
744 806 1040 866 peccatum.
1061 797 1197 864 Quid
1223 797 1351 851 mihi
1381 795 1625 851 obtendis
1642 796 1766 850 Hie-

170 905 458 960 ronymum
505 889 657 958 cujus
700 905 786 944 me
821 890 1134 946 conviciaris
1172 891 1463 956 asseclam,
1501 889 1568 944 de
1615 889 1766 959 cujus

170 983 353 1037 verbis
382 982 527 1036 nulla
571 997 716 1035 nunc
746 983 969 1052 qumstio
995 983 1117 1037 est?
1143 997 1262 1053 quae
1292 990 1466 1036 tamen
1513 980 1675 1037 verba
1718 981 1766 1036 si

171 1076 449 1145 posuisses
476 1083 566 1129 aut
588 1090 649 1129 ea
675 1090 782 1130 non
820 1076 1016 1130 habere
1049 1075 1191 1145 quod
1219 1075 1505 1144 displicere
1540 1074 1766 1131 deberet

171 1168 516 1224 ostenderem
541 1209 557 1233 ,
589 1177 680 1222 aut
719 1168 1218 1238 intelligemioribus
1247 1167 1558 1237 exponenda
1602 1167 1766 1222 relin-

173 1275 434 1330 querem;
464 1269 558 1313 aut
576 1259 620 1314 si
652 1267 831 1314 essent
861 1258 1042 1328 procul
1065 1257 1226 1313 dubio
1245 1259 1511 1313 contraria
1533 1259 1762 1327 veritati,

175 1350 423 1406 libertate
439 1365 540 1420 qua
561 1350 779 1420 dignum
810 1358 893 1404 cst
919 1349 1296 1420 improbarem.
1319 1350 1656 1406 Ambrosium
1682 1368 1767 1408 re-

182 1445 355 1514 Spice,
387 1457 545 1512 quem
575 1441 924 1496 hlanicbmum
956 1458 1060 1497 non
1086 1443 1254 1497 audes
1277 1441 1453 1498 dicere
1487 1460 1500 1496 :
1531 1459 1651 1497 cum
1679 1459 1765 1498 me

174 1544 459 1605 propterea
490 1535 636 1590 dicas
655 1575 672 1602 ,
717 1535 839 1605 quia
867 1533 935 1590 de
978 1534 1222 1605 originali
1265 1542 1482 1604 peccato
1511 1550 1574 1590 ea
1603 1534 1724 1590 dico
1745 1577 1761 1601 ,

172 1643 295 1698 qum
332 1627 480 1682 dicit.
505 1627 637 1682 Nam
665 1629 710 1684 si
740 1637 1018 1698 propterea
1055 1643 1165 1682 non
1191 1627 1396 1683 diceres
1425 1629 1763 1683 Ambrosium

173 1720 524 1776 Maniclueum
547 1763 563 1786 ,
594 1721 715 1791 quia
741 1722 936 1777 bonam
962 1731 1207 1776 naturam
1228 1763 1244 1787 ,
1276 1721 1398 1791 quia
1427 1731 1639 1791 peccata
1667 1737 1763 1775 vo-

172 1811 435 1880 Iuntaria,
468 1812 589 1883 quia
635 1813 844 1882 nuptias
874 1828 904 1866 a
936 1813 1045 1867 Deo
1076 1811 1344 1866 institutas
1388 1820 1442 1866 et
1469 1826 1499 1865 a
1528 1811 1638 1866 Deo
1683 1811 1763 1864 fa-

174 1913 294 1957 ctos
320 1902 568 1972 parvulos
597 1902 947 1972 praedicabat;
973 1917 1073 1957 nec
1098 1917 1183 1956 me
1209 1901 1435 1967 diceres,
1465 1902 1554 1970 qui
1578 1901 1762 1956 eadem

175 1994 405 2050 ﬁdeliter
429 1994 680 2064 przedico.
708 1994 764 2050 Si
793 2004 969 2048 autem
998 2008 1083 2046 me
1110 2002 1394 2062 prepterea
1417 1992 1762 2047 Manichaeum

175 2084 458 2141 dicendum
488 2095 640 2154 putas
661 2127 676 2154 ,
705 2085 827 2154 quia
867 2098 985 2138 esse
1011 2081 1270 2138 confiteor
1293 2081 1548 2153 originale
1576 2098 1764 2151 pecca-

176 2183 324 2240 tum;
369 2175 472 2230 hoc
498 2176 656 2230 etiam
701 2175 788 2230 ille
817 2173 1101 2230 confitetur
1135 2190 1148 2227 :
1181 2189 1276 2228 cur
1302 2189 1409 2228 non
1435 2174 1621 2229 ambos
1663 2189 1766 2244 pu-

176 2269 297 2324 tas?
323 2268 425 2324 Sed
455 2284 542 2324 me
569 2268 873 2340 petulanter
897 2268 1050 2333 dicis,
1080 2267 1227 2322 illum
1257 2267 1482 2322 latenter
1504 2267 1762 2336 opinaris,

177 2376 286 2415 non
313 2362 535 2415 veritate
563 2362 810 2416 distincta
831 2402 845 2426 ,
875 2361 969 2415 sed
996 2360 1257 2414 exstincta
1287 2360 1461 2429 potius
1499 2359 1764 2414 libertate.

175 2451 289 2507 Iloc
315 2453 454 2508 enim
480 2453 548 2508 de
588 2453 677 2508 illo
707 2468 812 2508 non
851 2452 1017 2508 audes
1043 2452 1252 2520 dicere,
1285 2452 1427 2522 quod
1457 2452 1620 2508 audes
1643 2468 1766 2510 cre-

176 2543 308 2598 dere
342 2563 354 2596 :
386 2553 474 2598 aut
498 2545 542 2598 si
571 2544 636 2598 de
663 2544 755 2599 illo
795 2545 894 2600 ista
931 2561 1034 2599 non
1065 2543 1274 2610 credis,
1307 2543 1546 2613 profecto
1573 2560 1673 2600 nec
1700 2545 1768 2602 de

179 2653 268 2692 me
293 2636 498 2704 credis;
529 2638 651 2707 quia
679 2648 734 2692 et
761 2637 806 2691 si
833 2653 1014 2692 errare
1042 2651 1141 2692 nos
1169 2636 1443 2691 existimas
1461 2678 1477 2704 ,
1508 2636 1661 2692 facile
1686 2643 1770 2692 est

181 2736 241 2782 ut
269 2728 446 2783 videas
489 2744 592 2782 non
623 2744 742 2784 esse
779 2727 1133 2793 Manichaeos,
1165 2730 1253 2798 qui
1301 2728 1568 2797 peccantis
1592 2729 1608 2760 ⁸
1641 2744 1768 2798 pro-

176 2819 350 2890 priam
376 2819 746 2886 substantiam,
771 2836 928 2890 quam
963 2821 1104 2875 Deus
1135 2834 1238 2874 non
1267 2819 1528 2875 creaverit
1556 2835 1660 2874 non
1683 2835 1770 2876 as-

176 2911 441 2976 serimus;
489 2916 581 2967 sed
614 2913 872 2982 originale
902 2920 1178 2982 peccatum
1218 2910 1284 2966 de
1312 2911 1440 2965 vitio
1467 2910 1770 2965 voluntario

177 3013 402 3072 naturae,
425 3021 582 3074 quam
613 3005 750 3059 Deus
777 3004 968 3059 bonam
995 3002 1252 3068 condidit,
1276 3013 1625 3073 propagatum
1647 3017 1770 3058 esse

179 3099 476 3152 ﬁrmamus.
507 3097 686 3152 Facile
715 3107 796 3152 est
817 3113 944 3168 ergo
975 3105 1031 3151 ut
1060 3096 1162 3151 hoc
1187 3095 1400 3162 videas,
1433 3105 1486 3150 et
1505 3095 1663 3149 simul
1693 3093 1770 3149 vi-

176 3190 307 3246 deas
331 3207 431 3246 nos
459 3207 577 3246 esse
607 3191 903 3247 contrarios
933 3190 1238 3244 Manichazis
1271 3207 1283 3244 :
1318 3189 1412 3245 sed
1451 3204 1635 3244 eorum
1667 3203 1765 3243 no-

176 3299 298 3338 men
330 3283 398 3338 ab
427 3284 709 3340 Ambrosio
739 3283 908 3354 abigis
928 3281 1214 3348 adulando,
1233 3290 1288 3336 et
1314 3281 1443 3336 mihi
1474 3280 1662 3350 objicis
1681 3295 1770 3335 ca-

178 3374 509 3430 Iumniando.

251 3464 456 3521 CXXII.
489 3466 607 3522 IUL.
643 3466 838 3522 Verum
879 3475 935 3521 ut
961 3467 1035 3521 illi
1075 3465 1312 3520 infensus
1337 3464 1648 3520 Jovinianus
1676 3478 1767 3517 ar-

178 3559 379 3630 guitur,
397 3559 466 3612 ita
494 3559 640 3614 vobis
667 3567 1003 3628 comparatus
1031 3557 1344 3613 absolvitur.
1376 3554 1601 3624 Quando
1625 3553 1766 3609 enim

183 3651 281 3715 tibi
313 3660 511 3705 tantum
551 3651 888 3721 prudentimn
920 3665 1144 3705 censura
1187 3647 1439 3713 donabit,
1470 3656 1526 3700 ut
1567 3656 1619 3700 te
1645 3661 1767 3700 cum

181 3731 446 3799 Jbviniani
468 3745 654 3799 merito
679 3744 987 3814 componat?
1004 3742 1097 3798 Ille
1119 3742 1314 3812 quippe
1338 3740 1472 3795 dixit
1497 3739 1623 3794 boni
1650 3753 1770 3793 esse

182 3836 592 3902 necessitatem;
627 3846 678 3891 tu
698 3879 713 3904 ,
745 3837 869 3890 mali
905 3853 918 3888 :
950 3835 1041 3890 ille
1068 3836 1142 3890 ait
1182 3851 1274 3904 per
1304 3833 1554 3905 mysteria
1594 3831 1768 3885 homi-

179 3946 282 3986 nes
308 3930 376 3986 ab
404 3946 587 3986 errore
615 3928 885 3994 cohiberi;
921 3938 974 3983 tu
1003 3941 1131 3983 vero
1149 3967 1163 3992 ,
1199 3942 1295 3982 nec
1323 3941 1418 3994 per
1452 3924 1676 4003 gratiam
1706 3923 1772 3976 11-

179 4025 355 4080 berari
382 4043 396 4079 :
421 4025 510 4080 ille
536 4024 890 4096 virginitatem
923 4022 1102 4076 Maria:
1134 4030 1314 4092 partus
1342 4017 1646 4074 conditione
1662 4016 1772 4071 dis-

179 4116 374 4181 solvit;
407 4125 462 4170 tu
495 4115 660 4185 ipsam
692 4114 909 4169 Mariam
935 4113 1147 4167 diabolo
1185 4109 1438 4166 nascendi
1463 4107 1771 4164 conditione

182 4208 496 4262 transcribis
529 4225 541 4259 :
577 4207 664 4261 ille
708 4206 928 4260 meliora
959 4204 1110 4260 bonis
1146 4210 1354 4271 :equat,
1385 4201 1438 4255 id
1482 4207 1597 4265 est,
1630 4199 1770 4253 intc-

185 4300 434 4370 gritatem
461 4299 758 4364 connubio;
792 4308 848 4352 ιιι
889 4312 1018 4352 vero
1061 4294 1495 4350 commixtionem
1537 4291 1770 4362 eonjugii

191 4391 486 4447 morbidam
512 4407 700 4456 vocas,
735 4401 788 4446 et
827 4391 1122 4445 castitatem
1165 4387 1473 4443 foedissima:
1498 4385 1577 4440 rei
1604 4385 1770 4440 colla-

191 4485 339 4538 tione
364 4483 621 4553 depretias
646 4500 657 4535 :
683 4498 780 4538 nec
807 4481 1028 4553 gradum
1059 4481 1194 4534 inter
1220 4479 1336 4534 haec
1363 4477 1544 4542 addis;
1568 4476 1660 4536 sed
1679 4491 1771 4547 ge-

192 4593 295 4633 nus
322 4594 478 4632 omne
503 4586 793 4631 commutas
813 4617 829 4644 ,
860 4593 965 4630 non
991 4575 1173 4644 utique
1203 4574 1342 4627 bono
1373 4569 1727 4640 virginitatem
1748 4609 1764 4636 ,

189 4670 289 4726 sed
319 4671 459 4724 malo
484 4670 782 4740 prmierens.
804 4669 900 4724 Est
927 4677 1104 4722 autem
1130 4665 1348 4720 vilitatis
1373 4674 1645 4728 extremae,
1669 4661 1770 4716 nisi

185 4741 468 4818 tetiarrimo
497 4770 855 4830 eomparatmn
876 4801 891 4826 ,
922 4760 1129 4828 placere
1157 4771 1262 4811 non
1298 4771 1473 4827 posse.
1499 4755 1616 4810 Jam
1642 4767 1771 4809 vero

185 4854 314 4925 quid
342 4855 429 4909 ille
456 4855 557 4909 tale
581 4854 646 4909 de
675 4854 766 4908 Dei
799 4851 1041 4922 injuriis,
1068 4850 1224 4921 quale
1249 4851 1342 4904 tu?
1371 4847 1461 4904 Ille
1485 4847 1601 4917 ejus
1631 4845 1774 4916 judi-

185 4946 256 5002 cii
300 4947 534 5016 vigorem
565 4962 593 4998 a
624 4944 959 5014 benignitatis
998 4942 1166 4997 voluit
1211 4949 1359 5010 parte
1402 4935 1768 5003 confundere;

187 5046 266 5102 tu,
298 5052 327 5090 a
360 5036 701 5106 malignitatis
731 5054 743 5088 :
779 5034 865 5089 ille
892 5032 1178 5103 dicitapud
1207 5048 1326 5086 eum
1360 5030 1530 5085 bonos
1554 5040 1608 5086 et
1633 5031 1774 5102 opti-

187 5144 308 5183 mos
349 5145 503 5200 {equo
528 5129 733 5183 honore
777 5127 1060 5190 lruituros;
1096 5135 1149 5180 tu
1179 5139 1339 5188 vero,
1382 5125 1551 5180 bonos
1575 5132 1629 5179 et
1669 5124 1772 5178 im-

188 5224 344 5294 pios,
391 5223 442 5278 id
480 5232 565 5279 est
594 5223 904 5277 innocentes
933 5229 988 5274 et
1028 5217 1296 5273 diabolum
1318 5257 1332 5284 ,
1365 5230 1470 5271 uno
1513 5215 1773 5286 supplicio

187 5314 506 5370 cruciandos
537 5331 551 5367 :
585 5314 674 5369 1118
698 5327 825 5382 ergo
855 5312 1021 5366 Deum
1051 5308 1523 5365 clementissimum
1551 5307 1664 5362 vult
1696 5307 1775 5361 vi-

184 5405 340 5472 deri;
373 5418 450 5473 tu,
481 5406 868 5477 iniquissimum
897 5422 908 5457 ε
934 5404 1021 5458 1118
1049 5402 1177 5457 dicit
1197 5404 1216 5433 ⁸
1245 5399 1512 5472 mysteriis
1539 5401 1654 5470 ejus
1674 5398 1777 5453 ἱιῐι⁴

186 5499 349 5554 butos
365 5499 608 5556 homines
625 5515 728 5553 non
747 5511 904 5567 posse
923 5511 1159 5566 peccare;
1177 5505 1232 5550 tu
1248 5509 1376 5550 vero
1395 5494 1568 5564 ipsum
1585 5493 1772 5558 Deum,

185 5600 247 5648 et
273 5592 327 5646 in
372 5591 640 5663 mysteriis
669 5589 1064 5654 imbecillitate,
1094 5596 1148 5642 et
1188 5588 1240 5641 in
1274 5586 1550 5658 praeceptis
1580 5584 1774 5639 immo-

256 5702 274 5734 ¹
309 5702 470 5752 Codex
495 5708 642 5762 Port.,
665 5698 890 5765 peccatis.

253 5765 276 5796 ³
309 5765 428 5812 aditi
451 5763 542 5812 hoc
582 5763 688 5812 loco
725 5761 890 5811 acidum

393 5765 428 5814 ti
451 5763 542 5813 hoc
582 5756 688 5813 loco
725 5761 924 5822 addunt,
969 5756 1100 5822 apud
1142 5770 1268 5822 eum,
1283 5757 1422 5822 quod
1465 5771 1493 5808 a
1532 5764 1613 5807 Ms.
1659 5763 1772 5807 Mar.

185 5827 335 5877 abest
373 5833 426 5876 et
469 5823 785 5884 librariorum
808 5821 955 5884 lapsu
981 5823 1180 5884 ascitum
1220 5821 1408 5870 videtur
1435 5834 1498 5875 ex
1521 5821 1777 5883 superiore

179 5886 272 5946 illa
292 5889 558 5948 sententia,
583 5885 666 5936 ille
688 5883 808 5936 dicit
825 5882 957 5946 apud
979 5894 1089 5932 eum
1108 5882 1266 5943 bonos,
1293 5890 1387 5934 etc.

469 5970 703 6041 Sutor.
745 5969 1028 6042 Accusa.
1058 5967 1144 6033 Χ.

1525 407 1726 466 LIBER
1761 407 2105 477 QUARTUS.

3319 429 3462 490 1418

1873 521 2169 593 deratione,
2186 532 2243 581 et
2261 525 2313 582 in
2331 529 2545 599 judiciis
2566 532 2893 594 immanitate
2909 549 3132 609 peccare
3151 545 3452 601 contendis.

1872 613 2004 669 Cum
2025 615 2203 688 itaque
2225 627 2370 676 tanta
2387 623 2674 694 disparatio
2697 628 2768 684 sit
2791 629 2928 685 inter
2944 641 2996 687 te
3021 643 3074 688 et
3091 633 3452 703 Iovinianum,

1871 715 2066 774 quanta
2089 710 2394 779 conjunctio
2419 713 2558 770 inter
2584 727 2637 773 te
2659 729 2710 774 et
2736 720 3100 792 Manichaeum;
3124 737 3269 782 tanto
3298 740 3348 782 te
3373 741 3458 784 to-

1871 795 2145 852 lerabilior
2163 799 2476 860 Iovinianus
2502 808 2776 878 probatur,
2800 824 2997 882 quanto
3021 815 3299 872 Joviniano
3329 821 3454 874 hor-

1872 887 2038 944 ridior
2065 890 2406 950 Manichacus.

1939 982 2076 1039 Avo.
2107 983 2276 1051 Quam
2302 986 2473 1044 bellus
2499 991 2593 1045 tibi
2635 993 2864 1062 videris,
2897 1013 3016 1052 cum
3044 1014 3129 1052 me
3173 1001 3456 1058 Joviniano

1870 1087 2186 1143 comparans
2208 1118 2222 1139 ,
2256 1081 2492 1148 pejorem
2517 1085 2727 1139 conaris
2755 1089 3058 1145 ostendere.
3090 1089 3284 1146 Verum
3317 1094 3452 1148 hanc

1870 1180 2080 1236 quoque
2104 1171 2479 1224 contumeliam
2520 1175 2980 1233 mendacissimam
3007 1197 3127 1236 cum
3170 1184 3452 1238 Ambrosio

1871 1273 1957 1312 me
1983 1273 2013 1312 a
2045 1268 2097 1312 te
2137 1261 2379 1329 accipere
2403 1263 2608 1332 gaudeo
2641 1285 2654 1320 :
2685 1269 2778 1323 sed
2805 1277 2857 1323 te
2884 1271 2961 1334 sic
2987 1273 3218 1328 insanire
3259 1279 3466 1329 contri-

1870 1355 2001 1402 stor.
2034 1349 2110 1404 Ea
2153 1352 2350 1420 quippe
2374 1369 2534 1409 causa
2576 1372 2662 1411 me
2689 1357 2966 1415 Joviniano
2993 1362 3124 1416 dicis
3151 1381 3267 1418 esse
3307 1367 3453 1434 pejo-

1868 1455 2006 1506 rem,
2025 1457 2127 1511 qua
2159 1458 2244 1497 me
2269 1443 2401 1498 dicis
2420 1447 2578 1501 etiam
2599 1448 2968 1506 Manichaeum.
2989 1453 3057 1507 Et
3083 1455 3204 1522 quid
3231 1467 3310 1508 est
3329 1456 3456 1510 hoc?

1871 1530 2002 1586 Illud
2023 1532 2227 1588 scilicet
2251 1535 2506 1605 originale
2523 1547 2820 1607 peccatum,
2839 1542 2978 1610 quod
3003 1557 3100 1596 vos
3115 1546 3316 1614 negatis
3335 1562 3453 1598 cum

1869 1621 2105 1694 Pelagio,
2127 1639 2224 1678 nos
2251 1641 2379 1681 vero
2403 1642 2526 1681 cum
2549 1629 2836 1685 Ambrosio
2862 1631 3195 1688 conﬁtemur.
3219 1635 3348 1688 Cum
3368 1636 3461 1690 illo

1869 1713 2064 1783 igitur,
2093 1716 2385 1771 secundum
2414 1733 2540 1785 vos,
2583 1735 2769 1775 sumus
2795 1730 2850 1776 et
2877 1722 3152 1778 Manichaei
3171 1765 3186 1789 ,
3217 1736 3270 1779 et
3310 1726 3458 1796 pejo-

1869 1822 1956 1860 res
1997 1806 2279 1863 Joviniano
2299 1850 2312 1873 ,
2343 1819 2396 1864 et
2437 1811 2691 1882 quidquid
2717 1828 2817 1869 nos
2844 1816 2989 1871 aliud
3022 1832 3116 1872 ore
3162 1827 3411 1887 protervo
3436 1861 3458 1887 ,

1869 1911 1970 1952 nec
1993 1913 2123 1952 sane
2147 1899 2402 1966 veridico,
2433 1901 2529 1957 sed
2559 1903 2820 1960 maledico
2842 1906 3109 1972 dixeritis,
3139 1909 3324 1964 docuit
3361 1925 3465 1964 nos

1869 1989 2123 2044 Dominus
2151 1991 2382 2061 gaudere
2406 2001 2458 2047 et
2486 1995 2754 2050 exsultare
2774 2036 2788 2059 ,
2815 1997 3025 2066 quando
3050 2000 3466 2070 qualiacumque

1871 2080 2152 2136 maledicta
2182 2098 2288 2136 non
2315 2099 2379 2137 ex
2408 2084 2628 2140 veritate
2653 2086 2932 2156 audimus,
2966 2090 3058 2144 sed
3089 2091 3209 2160 quia
3244 2107 3339 2160 pro
3367 2107 3462 2147 ve-

1870 2169 2027 2224 ritate
2043 2181 2309 2227 certamus
2335 2171 2544 2243 (Matth.
2569 2191 2623 2241 v,
2649 2175 2755 2247 12).
2778 2177 2915 2232 Ecce
2937 2194 3036 2248 ego
3063 2194 3168 2233 non
3196 2178 3316 2234 dico
3334 2181 3464 2235 mali

1871 2275 1992 2315 esse
2009 2263 2400 2329 necessitatem,
2418 2265 2541 2334 quia
2562 2282 2661 2322 nec
2677 2267 3008 2333 Ambrosius;
3029 2281 3084 2324 et
3104 2281 3282 2326 tamen
3299 2272 3420 2327 dico
3442 2274 3460 2304 ⁸

1874 2354 2124 2422 parvulos
2153 2370 2183 2408 a
2213 2356 2412 2411 malitia
2443 2358 2750 2426 reformari,
2785 2363 2925 2430 quod
2954 2371 3007 2416 et
3035 2363 3347 2419 Ambrosius
3371 2383 3384 2418 :
3407 2374 3468 2421 et

1873 2443 1992 2499 ideo
2017 2445 2141 2499 mali
2172 2446 2315 2500 nulla
2357 2457 2441 2502 est
2469 2449 2793 2517 necessitas;
2824 2453 2945 2521 quia
2976 2461 3030 2507 et
3072 2452 3207 2507 illud
3235 2448 3346 2508 Deo
3372 2468 3464 2508 sa-

1873 2537 2049 2592 nabile
2073 2547 2156 2593 est
2175 2580 2190 2606 ,
2223 2539 2364 2609 quod
2394 2539 2557 2594 trahit
2586 2543 2864 2608 nativitas;
2897 2552 3095 2614 quanto
3126 2545 3295 2615 magis
3319 2546 3464 2616 quod

1872 2629 2021 2684 addit
2046 2631 2328 2685 voluntas?
2356 2631 2470 2686 Non
2498 2633 2618 2688 dico
2637 2675 2652 2700 ,
2685 2649 2785 2690 nec
2814 2649 2907 2703 per
2945 2637 3170 2706 gratiam
3214 2635 3467 2694 homines

1875 2719 2130 2785 liberari;
2177 2722 2320 2790 quod
2363 2723 2502 2778 absit
2530 2734 2588 2778 ut
2623 2723 2764 2780 dicat
2790 2726 3106 2782 Ambrosius
3137 2744 3150 2780 :
3182 2727 3276 2784 sed
3320 2727 3466 2800 quod

1873 2827 1982 2866 non
2006 2813 2085 2867 vis
2123 2813 2385 2881 dicimus,
2418 2815 2628 2870 nonnisi
2669 2831 2763 2886 per
2803 2819 3028 2888 gratiam
3072 2818 3322 2887 liberari,
3355 2835 3463 2876 non

1873 2905 2048 2960 solum
2092 2915 2151 2960 ut
2175 2907 2254 2962 eis
2279 2906 2456 2962 debita
2496 2907 2865 2976 dimittantur,
2897 2925 3081 2965 verum
3112 2911 3273 2967 etiam
3314 2928 3384 2968 ne
3408 2913 3466 2968 in

1875 2999 2220 3054 tentationem
2270 3001 2582 3056 inferantur.
2636 3001 2755 3056 Non
2803 3005 3202 3060 transcribimus
3249 3005 3469 3062 diabolo

1875 3090 2091 3146 Mariam
2120 3091 2425 3147 conditione
2455 3093 2736 3159 nascendi;
2760 3095 2854 3149 sed
2882 3095 3022 3163 ideo,
3053 3097 3173 3166 quia
3204 3098 3317 3166 ipsa
3337 3113 3472 3152 con-

1873 3180 2007 3238 ditio
2050 3183 2272 3238 solvitur
2296 3183 2466 3253 gratia
2503 3183 2838 3240 renascendi.
2867 3185 2982 3240 Non
3027 3195 3277 3257 tanquam
3323 3189 3473 3245 malo

1875 3273 2074 3330 bonum
2093 3316 2108 3339 ,
2139 3275 2234 3329 sed
2275 3283 2524 3344 tauquam
2552 3275 2692 3330 bono
2721 3275 2946 3343 melius,
2975 3277 3331 3347 virginitatem
3358 3295 3473 3334 mt-

1876 3365 2001 3436 ptiis
2026 3365 2416 3435 anteponimus.
2445 3365 2583 3432 Non,
2611 3376 2670 3430 ut
2697 3366 3060 3434 calumniaris,
3090 3369 3260 3425 bonos
3288 3380 3342 3426 et
3366 3371 3472 3426 im.-

1876 3457 1996 3527 pios
2038 3471 2146 3510 uno
2173 3455 2466 3526 supplicio;
2513 3456 2608 3511 sed
2645 3457 2816 3512 bonos
2858 3459 3039 3524 nullo,
3070 3459 3262 3528 impios
3285 3469 3470 3518 autem

1875 3563 1982 3602 non
2013 3563 2139 3612 uno,
2171 3546 2264 3602 sed
2295 3562 2388 3616 pro
2417 3546 2724 3602 diversitate
2752 3548 2920 3617 ipsius
2946 3549 3253 3618 impietatis,
3280 3550 3472 3607 diver-

1877 3637 1952 3692 sis
1981 3637 2252 3707 suppliciis
2296 3636 2520 3692 dicimus
2546 3651 2667 3692 csse
2701 3638 3034 3693 cruciandos.
3077 3637 3196 3694 Non
3238 3639 3470 3698 dicimus

1877 3730 2043 3786 Deum
2071 3731 2123 3784 in
2148 3729 2418 3802 mysteriis
2444 3729 2806 3787 imbecillitate
2825 3771 2841 3798 ,
2869 3734 2924 3786 in
2952 3733 3233 3803 praeceptis
3269 3735 3468 3791 immo-

1877 3819 2184 3885 d'eratione,
2215 3820 2268 3874 in
2311 3819 2522 3890 judiciis
2561 3821 2891 3876 immanitate
2933 3837 3186 3892 peccare,
3233 3825 3385 3895 cujus
3411 3834 3468 3882 et

1876 3913 2044 3985 gratia
2069 3913 2394 3982 regeneratis
2425 3912 2677 3983 mysteria
2701 3921 2824 3968 sunt
2852 3913 3023 3980 utilia,
3051 3924 3108 3970 et
3134 3916 3301 3986 gratia
3327 3915 3466 3972 Iibe-

1875 4005 2006 4061 ratis
2035 4012 2297 4073 prmcepta
2325 4003 2578 4070 salubria,
2602 4012 2656 4058 et
2679 4002 2836 4058 bonis
2858 4005 3118 4076 malisque
3143 4007 3468 4064 convenien-

1878 4105 1959 4151 ter
1982 4095 2259 4151 distributa
2281 4094 2498 4165 judicia.
2530 4093 2670 4149 Ecce
2697 4108 2798 4149 nos
2822 4109 2884 4151 ea
2904 4135 2919 4160 ,
2951 4096 3005 4150 in
3033 4098 3225 4168 quibus
3251 4113 3351 4154 nos
3375 4099 3465 4154 di-

1875 4189 1995 4244 citis
2031 4188 2308 4244 Joviniano
2334 4203 2454 4244 esse
2493 4188 2738 4258 pejores,
2766 4187 3048 4244 amolimur
3075 4206 3105 4244 a
3135 4191 3288 4246 nobis
3320 4209 3334 4245 :
3365 4206 3465 4248 vos

1877 4294 1908 4334 a
1937 4280 2086 4336 vobis
2111 4278 2440 4345 amolimini,
2466 4280 2509 4332 si
2540 4279 2763 4349 potestis
2783 4319 2800 4346 ,
2833 4279 2885 4334 in
2915 4279 3107 4349 quibus
3132 4298 3224 4337 vos
3251 4282 3463 4353 pejores

1875 4371 2064 4427 eodem
2091 4371 2206 4440 ipso
2232 4369 2512 4428 Joviniano
2539 4385 2658 4425 esse
2697 4369 3025 4431 monstrabo,
3058 4371 3152 4427 1118
3176 4372 3309 4428 dixit
3333 4373 3464 4429 boni

1876 4476 1996 4516 esse
2031 4461 2436 4525 necessitatem;
2463 4474 2560 4514 vos
2585 4459 2760 4514 dicitis
2786 4475 2906 4515 esse
2935 4460 3126 4515 bonam
3158 4463 3282 4516 mali
3307 4463 3464 4532 cupi-

1875 4552 2092 4608 ditatem
2127 4569 2140 4604 :
2172 4553 2259 4607 ille
2285 4553 2358 4606 ait
2385 4567 2478 4620 per
2505 4551 2755 4622 mysteria
2785 4550 3031 4606 homines
3053 4552 3121 4608 ab
3149 4567 3332 4608 errore
3367 4568 3464 4609 co-

1875 4641 2080 4710 hiberi;
2113 4657 2237 4708 vos,
2277 4643 2415 4696 viam
2456 4651 2652 4696 rectam
2679 4641 2953 4712 gradiendi
2988 4642 3327 4714 cupiditatem
3351 4659 3462 4702 non

1876 4734 2123 4805 inspirari
2151 4750 2183 4789 a
2211 4734 2321 4788 Deo
2341 4774 2355 4797 ,
2387 4733 2482 4788 sed
2507 4734 2725 4788 arbitrio
2755 4734 2923 4789 libero
2949 4736 3151 4805 acquiri
3184 4754 3198 4790 :
3229 4735 3322 4794 ille
3349 4739 3465 4794 vir-

1874 4826 2147 4898 ginitatem
2176 4824 2353 4879 Mariae
2391 4833 2571 4894 partus
2598 4823 2903 4879 conditione
2929 4825 3204 4894 dissolvit;
3234 4843 3331 4884 vos
3376 4829 3464 4900 ip-

1875 4932 1989 4973 sam
2018 4931 2235 4972 carnem
2275 4922 2512 4970 sanctam
2550 4915 2617 4970 de
2643 4915 2845 4985 virgine
2885 4925 3213 4984 procreatam
3251 4928 3465 4976 caetera

1877 5011 2024 5065 carni
2052 5008 2326 5064 hominum
2355 5007 2675 5077 coaequans,
2705 5005 3106 5061 similitudinem
3135 5009 3311 5064 carnis
3336 5025 3465 5081 pec-

1876 5103 1980 5158 cati
2019 5117 2126 5155 non
2167 5099 2552 5170 distinguentes
2579 5112 2611 5150 a
2638 5111 2799 5152 carne
2841 5099 3043 5167 peccati
3077 5116 3090 5152 :
3123 5100 3213 5154 ille
3239 5101 3464 5156 meliora

1875 5195 2031 5251 bonis
2056 5201 2248 5262 aequat,
2268 5191 2320 5246 id
2347 5199 2448 5258 est,
2472 5189 2827 5259 integritatem
2856 5190 3156 5256 connubio;
3186 5207 3300 5257 vos,
3322 5193 3462 5246 mala

1878 5285 2064 5350 bonis;
2110 5299 2231 5338 nam
2261 5281 2578 5338 discordiam
2615 5280 2792 5335 carnis
2816 5291 2872 5335 et
2899 5281 3116 5350 spiritus
3156 5290 3260 5336 tam
3285 5282 3464 5337 dicitis

1879 5392 1998 5434 esse
2024 5377 2219 5432 bonum
2238 5417 2254 5442 ,
2285 5389 2443 5446 quam
2472 5373 2810 5428 concordiam
2840 5375 3142 5442 nuptiarum
3176 5391 3189 5426 :
3221 5374 3310 5429 ille
3332 5374 3464 5430 dicit

1879 5467 2018 5539 apud
2044 5469 2211 5523 Deum
2253 5465 2508 5535 aequalem
2533 5463 2791 5519 honorem
2819 5463 2989 5519 bonos
3012 5474 3066 5518 et
3089 5465 3318 5533 optimos
3361 5465 3461 5520 ha-

1879 5560 2117 5624 bituros;
2143 5573 2240 5613 vos
2260 5565 2456 5624 autem,
2483 5554 2743 5626 quosdam
2766 5553 2936 5609 bonos
2958 5569 3065 5608 non
3089 5555 3260 5608 solum
3291 5556 3346 5610 in
3375 5571 3463 5611 re-

1879 5667 1985 5725 gno
2012 5651 2108 5706 Dei
2147 5650 2403 5705 honorem
2443 5647 2646 5702 nullum
2672 5645 2994 5716 adepturos,
3035 5645 3129 5700 sed
3156 5661 3259 5702 nec
3286 5647 3462 5717 ipsum

1879 5758 2100 5817 regnum
2129 5756 2246 5798 esse
2269 5741 2476 5796 visuros
2501 5757 2514 5794 :
2538 5739 2627 5796 ille
2653 5737 2779 5794 dicit
2803 5737 2899 5794 Dei
2927 5738 3194 5809 mysteriis
3218 5739 3464 5798 homines

1945 5880 1963 5915 ι
1997 5879 2070 5930 Sic
2095 5882 2202 5929 Mss.
2230 5881 2281 5929 tn
2301 5875 2460 5940 \’ign.,
2484 5870 2626 5926 dicis.

2685 5955 3296 6052 ,(Ωιξιὶτίέηιοέοξηιο)
