3980 6494
601 401 624 460 Ι
633 396 739 466 ω

601 515 958 585 imbutos-non
969 521 1137 580 posse
1151 521 1402 578 peccans;
1415 521 1515 563 N08
1533 505 1712 561 dicitis
1738 503 1942 560 facilus
1963 503 2180 574 quidem

600 621 696 678 per
716 606 812 675 Dei
827 604 1075 676 gratiam,
1091 600 1259 658 sedet
1281 601 1397 657 sine
1415 599 1509 654 illa
1527 614 1628 669 per
1648 599 1878 654 liberrim
1898 598 2184 652 arbitrium

599 711 757 769 posse
786 694 1028 763 homines
1064 707 1170 754 non
1195 706 1452 764 peccare;
1489 691 1708 748 audacia
1729 691 1979 764 gigantes
2017 704 2182 760 repu-

597 795 822 860 Bllantes
843 787 961 850 Deo
977 825 994 853 ,
1023 799 1146 842 cum
1177 784 1255 842 .dc
1282 783 1438 850 buris
1456 783 1722 840 hstibus
1758 783 2074 854 vloqueretur
2093 780 2186 837 di-

595 881 758 946 centi,
786 878 914 936 Sine
935 895 1013 934 me
1041 879 1169 933 nihil
1199 879 1402 948 potestis
1424 879 1590 949 facere
1615 877 1792 949 (lem.
1819 893 1912 944 IV,
1937 877 2023 951 '5‘).
2045 875 2184 934 Cum

597 973 758 1044 igitur
771 972 834 1028 in
861 971 1107 1033 deterius
1125 978 1338 1032 tantum
1357 985 1398 1025 .a
1425 969 1691 1026 dominari
1718 983 1912 1026 errore
1934 969 2143 1024 discetis
2165 1009 2182 1033 .

587 1069 696 1126 tuos
725 1072 902 1126 tamen
923 1063 982 1123 ,αἱ
1009 1062 1270 1132 subjicitis
1287 1101 1304 1129 ,
1331 1071 1386 1118 et
1404 1061 1703 1118 Manichaee
1719 1063 1907 1134 potius
1925 1062 2184 1132 adatque-

593 1155 698 1222 tis;
733 1167 936 1224 magno
965 1153 1180 1217 scilicet
1199 1153 1453 1224 pmsidio
1471 1155 1791 1210 mutuum
1811 1195 1828 1221 ,
1855 1153 2010 1224 quasi
2049 1167 2185 1224 pro-

595 1254 778 1316 pterea
797 1243 1147 1308 condideritis
1167 1244 1185 1276 ¹
1217 1243 1463 1301 ὴεεωείω
1490 1260 1686 1302 mm
1707 1287 1723 1312 ,
1745 1253 1814 1300 ut
1829 1245 2051 1316 quando
2083 1259 2184 1301 vos

593 1337 984 1410 redarguimus,
999 1337 1159 1396 nullis
1171 1337 1744 1411 itast-eticissquuare
1759 1339 2048 1410 possimus.
2072 1339 2184 1411 Ego

595 1433 848 1490 tamenin
875 1431 977 1492 hac
1013 1440 1208 1500 causa,
1225 1431 1290 1487 in
1315 1446 1420 1503 qua
1449 1433 1554 1490 tibi
1589 1433 1665 1490 de
1691 1423 1933 1506 originali
1961 1443 2182 1506 peccato

591 1523 820 1584 multum
853 1521 1044 1592 videor
1058 1521 1415 1579 detestandae
1435 1565 1452 1592 ,
1475 1512 1534 1580 et
1550 1523 1852 1580 νηπίω]ωο
1890 1525 2066 1595 potius
2090 1539 2183 1581 co-

590 1617 918 1689 aequandis,
949 1631 1083 1674 cum
1128 1617 1412 1674 Ambrosio
1435 1631 1558 1672 sum
1579 1661 1594 1685 ,
1636 1619 1776 1674 velis
1805 1619 1976 1685 nolis,
2015 1633 2183 1690 quem

590 1709 904 1780 Iovinianus
944 1709 1300 1766 Manicheam
1343 1709 1592 1776 dicebat,
1635 1720 1696 1765 ut
1733 1718 1794 1766 tu
1827 1729 1843 1766 :
1873 1711 1967 1768 sed
2014 1711 2184 1768 libere

589 1802 704 1871 ille,
719 1810 788 1859 vtu
807 1801 1054 1870 subdole.
1081 1803 1321 1873 Denique
1335 1803 1512 1858 semel
1541 1802 1634 1859 ille
1656 1801 1904 1871 vincitur,
1933 1803 2186 1860 cumula—

589 1893 831 1952 uiclueus
855 1909 968 1950 non
1004 1909 1130 1952 esse
1149 1893 1554 1951 demonstratur
1581 1895 1896 1952 Ambrosius
1927 1913 1944 1953 :
1967 1903 2032 1952 tu
2053 1911 2184 1952 vero

589 1991 712 2060 quia
754 1989 970 2044 subiisti
1005 2003 1102 2044 cor
1141 1988 1336 2058 duplex
1373 1988 1616 2058 habere,
1649 1973 1756 2046 bis.
1781 1989 2033 2046 vinceris.
2077 1991 2182 2046 Ar-

587 2079 704 2152 gnis
731 2079 1070 2144 Ambrosium
1113 2078 1464 2136 Manicheum
1492 2094 1652 2146 esse;
1687 2081 1910 2136 ostendo
1953 2095 2060 2136 non
2095 2095 2184 2137 es-

588 2185 648 2228 se
672 2185 871 2244 :negas
903 2181 955 2229 te
974 2187 1230 2244 arguere,
1263 2173 1564 2229 ostendo'te
1589 2187 1814 2245 arguere
1853 2191 1866 2228 :
1901 2181 2186 2246 utrumque

587 2271 765 2319 autem
793 2263 1017 2319 clarabit
1053 2264 1107 2320 ei
1131 2265 1226 2336 qui
1272 2263 1521 2336 superius
1551 2277 1670 2335 qua:
1697 2261 1944 2320 dixerit’
1963 2264 2182 2338 iegerit.

653 2354 894 2412 sxum.
919 2355 1042 2412 tius.
1070 2355 1267 2412 Verum
1307 2356 1585 2414 videamus
1631 2365 1686 2414 et
1729 2367 1941 2414 caetera.
1979 2358 2060 2415 De
2097 2358 2185 2418 his

587 2463 707 2519 quae
734 2448 939 2518 egimus
963 2447 1097 2504 satis
1119 2449 1656 2520 superque'lectorem
1678 2447 2004 2506 instructum
2025 2460 2178 2522 puto,

587 2553 688 2610 qua
719 2538 913 2596 uirtute
945 2539 1030 2595 vel
1073 2553 1315 2596 meorum
1344 2539 1609 2596 dictorum
1636 2541 1837 2614 aliquid
1874 2549 2180 2614 oppugnet,

586 2629 674 2686 vel
695 2629 1001 2700 opinionem
1033 2637 1244 2686 tueatur
1265 2644 1452 2698 suam;
1475 2640 1530 2686 et
1557 2631 1680 2687 ideo
1694 2611 1806 2686 non
1832 2611 1936 2688 erit
1950 2611 2184 2689 necesse

587 2721 909 2792 scriptorum
943 2721 1004 2776 id
1037 2723 1282 2778 omnium
1325 2723 1644 2794 repetitione
1679 2732 2006 2780 monstrare.
2031 2725 2184 2794 Quo-

589 2811 734 2868 niam
761 2811 850 2868 vix
875 2813 1114 2884 singulos
1135 2826 1464 2886 sparsosque
1485 2813 1780 2872 versiculos
1803 2814 1872 2870 de
1898 2815 2036 2872 libro
2063 2831 2185 2872 meo

587 2917 892 2977 proponens
911 2905 1052 2973 sibi,
1077 2919 1282 2977 eosque
1299 2905 1534 2962 laudans
1565 2905 1900 2978 frequenter,
1933 2923 2184 2964 nonnun-

589 3014 748 3071 quam
772 2999 938 3056 etiam
960 2997 1146 3054 titillat
1171 2999 1544 3070 suggillatione
1561 2999 1883 3056 brevissima
1907 3018 1922 3068 ;
1953 3015 2076 3058 cum
2095 3009 2184 3056 ta-

589 3105 713 3146 men
734 3091 847 3146 'hoc
861 3089 1015 3161 quod
1033 3090 1396 3146 mordendum
1413 3099 1588 3160 putat,
1619 3107 1646 3146 a
1669 3107 1756 3148 me
1777 3107 1885 3147 non
1917 3091 1985 3148 sit
2008 3093 2104 3159 ita,
2125 3101 2188 3150 ut

590 3181 1214 3252 saspioatnr,.prolatum.
1228 3183 1590 3250 Quamobrem
1611 3183 1676 3238 ad
1689 3183 1830 3240 illud
1843 3199 1985 3255 opus
1999 3201 2180 3244 meum

589 3271 847 3328 lectorem
868 3271 1050 3342 dirigo
1079 3291 1095 3328 :
1122 3273 1326 3328 videbit
1349 3275 1703 3331 assertionem
1729 3277 2014 3333 concinere
2036 3279 2186 3334 veri-

589 3363 834 3420 tati.ch
859 3377 1002 3421 sane
1041 3365 1134 3436 qui
1173 3366 1279 3422 sibi
1320 3368 1655 3438 querebatur
1694 3368 1999 3442 objec‘tum,
2045 3371 2188 3443 quod

589 3463 836 3512 naturam
869 3454 1251 3513 criminaretur
1288 3464 1348 3512 et
1387 3459 1599 3513 semina
1620 3501 1636 3523 ,
1678 3461 1986 3516 continuam
2016 3453 2184 3516 simu-

590 3547 737 3604 landi
771 3562 885 3603 .nou
921 3547 1106 3618 potuit
1144 3557 1334 3606 tenere
1375 3549 1688 3620 patientiam
1719 3570 1734 3606 :
1761 3551 1860 3608 sed
1902 3560 2184 3624 postquam

587 3635 876 3714 praestigiis
897 3641 919 3675 ³
947 3642 1156 3713 patroni
1188 3643 1281 3698 sui
1316 3643 1591 3698 serenavit
1631 3643 1870 3700 auditum
1889 3687 1904 3712 ,
1932 3645 2076 3700 velut
2106 3654 2186 3702 te-

591 3733 750 3792 studo
767 3741 937 3806 caput
951 3733 1151 3806 aperit.
1173 3732 1307 3789 Nam
1321 3747 1454 3790 cum
1470 3733 1718 3803 dixisset,
1745 3735 1870 3807 quia
1883 3737 1992 3792 nisi
2013 3737 2184 3794 Adam

589 3833 888 3899 peccasset,
921 3827 995 3882 ita
1016 3825 1554 3898 'horninesgenerare
1582 3828 1919 3897 potuissent,
1953 3837 2012 3885 ut
2039 3829 2182 3886 sole-

593 3935 716 3978 mus
739 3929 833 3976 sunt
855 3919 1108 3976 articulos
1144 3932 1487 3975 commovere
1505 3961 1521 3986 ,
1558 3927 1652 3974 aut
1677 3919 1993 3992 unguiculas
2024 3935 2183 3980 exse-

594 4025 718 4068 care
737 4029 756 4066 :
780 4011 1018 4081 addidit,
1043 4026 1072 4064 ἰ
1097 4009 1212 4068 Sed
1239 4011 1298 4068 si
1325 4023 1509 4066 semen
1530 4011 1708 4084 ipsum
1737 4012 1939 4068 nullum
1964 4013 2186 4070 maledi-

593 4113 738 4162 ctum
778 4105 981 4174 habet,
1022 4103 1150 4176 quid
1191 4113 1276 4161 est
1329 4103 1473 4176 quod
1524 4107 1780 4176 scriptum
1829 4114 1911 4162 est
1957 4107 2010 4162 in
2046 4108 2184 4164 libro

593 4194 900 4266 Sapientia,
923 4193 1047 4250 Non
1069 4194 1312 4269 ignorans
1329 4195 1566 4267 quoniam
1593 4212 1808 4268 nequam
1826 4206 1934 4252 erat
1958 4199 2092 4254 natio
2116 4197 2186 4252 it-

595 4287 780 4356 lorum,
809 4295 855 4342 et
883 4285 1134 4342 naturalis
1148 4285 1350 4342 malitia
1370 4285 1616 4358 ipsorum,
1639 4297 1689 4344 et
1713 4289 1962 4360 quianon
1989 4298 2184 4362 poterat

592 4379 783 4435 mutari
808 4379 1044 4450 cogitatio
1066 4377 1272 4434 illorum
1289 4378 1344 4434 in
1365 4389 1660 4452 perpetuum
1681 4396 1702 4435 :
1727 4393 1896 4434 semen
1921 4381 2053 4435 enim
2077 4391 2184 4436 erat

591 4471 920 4527 maledictum
940 4471 1004 4526 ab
1022 4470 1166 4525 initio
1194 4489 1215 4524 ι
1247 4461 1415 4542 (sap.
1435 4484 1534 4536 xu,
1564 4471 1652 4537 10,
1679 4471 1792 4543 tl).
1817 4472 1989 4543 Atque
2009 4473 2180 4544 ipsum

592 4563 956 4622 testimonium
999 4563 1140 4635 quod
1173 4563 1436 4634 "protulit,
1477 4563 1685 4620 subdita
1729 4567 2184 4637 argumentatione

593 4657 956 4728 prosequitur,
984 4673 1004 4708 ι
1027 4653 1238 4726 Ναπηρο
1267 4655 1332 4711 de
1361 4656 1782 4728 quibuscumque
1809 4659 1908 4714 ista
1929 4659 2090 4733 dicat,
2115 4659 2183 4716 dc

591 4746 918 4812 hominibus,
953 4764 973 4798 ι
994 4745 1193 4816 inquit.
1228 4763 1249 4798 t
1277 4744 1406 4802 dicit
1429 4765 1447 4800 ι
1478 4745 1579 4819 (De
1607 4747 1817 4820 Nuptiis
1844 4759 1892 4806 et
1920 4749 2180 4822 Concupi-

592 4837 817 4906 scentia,
839 4834 937 4890 ‘lib.
969 4831 1045 4905 2,
1086 4851 1138 4892 ι.
1177 4835 1348 4893 “Pl-‘21
1371 4837 1420 4923 ί).
1469 4839 1547 4894 En
1579 4841 1665 4912 qui
1693 4857 1754 4898 se
1782 4842 2128 4914 proﬁtebatur
2150 4859 2182 4900 a

592 4928 1005 4986 Manichaeorum
1043 4924 1234 4984 studiis
1274 4927 1578 5002 destitisse,
1625 4933 1717 5004 qui
1755 4935 1856 4990 sub
1901 4937 2182 4994 Occasione

592 5021 874 5080 sententiae
907 5033 1078 5094 quam
1110 5035 1223 5078 non
1268 5023 1546 5102 intelligit,
1577 5025 1915 5083 maledictum
1959 5043 2141 5085 semen
2161 5072 2178 5102 ,

592 5113 850 5172 malitiam
869 5115 1166 5186 naturalem
1185 5155 1202 5182 ,
1233 5124 1288 5173 et
1312 5117 1772 5176 inconvertibilem
1809 5120 2178 5194 cogitationem

596 5206 913 5279 pronuntiat
938 5207 1262 5281 iniquorum.
1287 5205 1450 5266 Fama
1479 5219 1578 5280 est,
1607 5211 1745 5284 apud
1775 5213 2014 5282 cataclita
2037 5215 2060 5248 ‘
2079 5216 2179 5274 Nili

595 5313 856 5372 aquarum
901 5301 1264 5372 proruendum
1310 5301 1534 5374 strepitu
1581 5305 1680 5358 usu
1720 5305 1927 5360 aurium
1971 5309 2182 5366 accolas

594 5391 901 5450 destitutos.
921 5387 1162 5451 Finxerit
1177 5391 1308 5459 illud
1329 5393 1532 5474 opinio,
1555 5409 1672 5468 quae
1695 5394 1763 5468 de
1789 5397 1994 5466 magnis
2015 5399 2182 5470 majo-

593 5497 655 5542 ra
681 5485 978 5558 dispergit:
1005 5485 1149 5542 valet
1169 5491 1352 5542 tamen
1375 5473 1680 5558 exemplum
1713 5486 1780 5544 ad
1817 5489 2178 5563 castigandam

659 5679 1357 5760 ξξεὶὶιὶξρρίὶέίάρξξςέριῖίυε
1391 5690 1558 5741 autem
1595 5693 1721 5760 ων
1745 5689 2084 5754 Ρθηάίάβνίίίδο

657 5742 1044 5806 9
1065 5742 1300 5798 om.
1701 5745 1705 5766 ε

657 5804 682 5880 ξ
710 5804 1240 5880 χᾳρξιιξηηρᾲεσιίρϋε,
1266 5812 1689 5880 ex_manttsa'iotis
1708 5813 1992 5872 addidimus.

656 5865 683 5901 δ
711 5867 786 5919 sic
805 5872 913 5920 uss.
932 5865 996 5918 tn
1019 5865 1175 5932 rigui,
1199 5865 1441 5936 magia.

1270 381 1516 450 OPERIS
1553 386 1967 448 musarum
1993 385 2280 448 comm
2309 381 2674 458 JULtANUM,
2705 390 2762 450 s.
2795 381 3164 452 AUGUSTINI’
3657 417 3742 482 me

2299 502 2658 572 insipientium
2681 503 2998 560 surditatem
3020 547 3034 570 ,
3055 505 3149 576 qui
3181 503 3387 580 ‘fragore
3406 509 3597 580 terroris
3615 536 3726 586 mutui

2293 593 2432 651 είαη
2449 593 2664 664 πρῆσε
2677 594 2859 651 surdis
2875 609 3064 652 rerum
3085 578 3300 655 vocibus
3317 578 3600 666 obnituntur.

2293 686 2648 758 Augustulus,
2687 687 2924 760 Nequam
2967 696 3052 745 est
3077 689 3344 747 hominum
3385 697 3542 764 natio,
3575 713 3750 772 naturalis

2293 781 2495 836 malitia
2515 823 2530 847 ,
2569 779 2916 838 imrhutabilis
2941 783 3190 854 cogitatio
3215 783 3274 840 in
3304 799 3586 858 perpetuum
3601 838 3614 862 ,
3631 812 3752 863 semen

2291 873 2634 931 maledictum
2664 877 2732 932 ab
2759 876 2930 932 initio.
2947 876 3016 932 Et
3033 877 3374 934 inveniuntur
3391 880 3561 950 adhuc,
3577 891 3644 959 qui
3660 893 3752 954 illum

2293 981 2400 1022 non
2423 983 2808 1054 usquequaque
2827 968 3102 1026 Manichtei
3123 979 3395 1029 autument
3419 974 3670 1038 charactere
3685 1003 3755 1055 per.
3823 968 3825 1044 4

2290 1061 2545 1115 eoseum?
2569 1060 2970 1130 interrogentur
3009 1059 3175 1118 hodie
3218 1063 3516 1141 quicumque
3549 1082 3644 1128 sunt
3671 1076 3755 1147 ipsa-

2291 1164 2411 1205 rum
2434 1150 2674 1207 sordium
2697 1159 2995 1208 sectatores
3017 1152 3215 1224 publici
3241 1171 3254 1210 :
3281 1155 3325 1210 si
3351 1156 3482 1212 aliud
3497 1159 3756 1231 dixerimus
3823 1155 3825 1231 λ

2289 1251 2540 1312 putemur
2561 1241 2724 1298 fuisse
2751 1243 2982 1300 mentiti.
3015 1244 3156 1316 Ergo
3184 1243 3229 1298 si
3255 1253 3336 1300 est
3361 1245 3542 1305 malitia
3564 1257 3756 1327 naturalis,

2291 1337 2558 1404 quomodo
2581 1343 2638 1392 te
2663 1335 2824 1409 fingis
2857 1337 3055 1394 malam
3083 1352 3196 1394 non
3219 1342 3549 1409 pronuntiare
3569 1355 3757 1406 naturam?

2291 1425 2349 1481 Si
2365 1435 2452 1482 est
2475 1439 2659 1484 semen
2685 1427 3024 1484 maledictum
3051 1429 3118 1486 ab
3144 1429 3298 1486 initio
3315 1471 3330 1498 ,
3355 1435 3592 1502 quomodo
3618 1445 3660 1495 te
3678 1439 3756 1502 dicis

2291 1517 2420 1573 vitia
2447 1519 2782 1576 voluntatum
2811 1535 3098 1588 accusare,
3139 1536 3247 1578 non
3277 1525 3556 1582 seminum?
3579 1529 3622 1586 Si
3640 1531 3756 1592 immu-

2291 1612 2467 1668 tabilis
2490 1613 2742 1682 cogitatio
2765 1613 3173 1685 rnaiignuntimn
3203 1623 3320 1683 est,
3350 1620 3588 1688 quomodo
3609 1630 3648 1679 te
3668 1625 3756 1697 pejo-

2289 1719 2379 1760 ras
2419 1707 2643 1762 li'berum
2687 1707 2967 1762 arbitrium
3009 1709 3298 1764 conﬁteri?
3325 1708 3475 1766 'Nisi'
3507 1725 3756 1784 superest,ut

2289 1797 2408 1853 illos
2436 1799 2710 1868 Hebraeos,
2735 1799 2922 1856 Sirach
2943 1801 2988 1868 ',
3022 1801 3107 1858 vel
3125 1799 3428 1867 Philonem,
3452 1805 3532 1876 qui
3551 1805 3645 1862 libri
3659 1809 3757 1880 ipsius

2289 1891 2378 1962 qui
2405 1890 2682 1961 Sapientia
2713 1891 2926 1958 dicitur,
2951 1900 3202 1948 auctores
3243 1893 3436 1950 incerta
3468 1895 3668 1966 opinione
3691 1917 3757 1959 cre-

2289 1983 2504 2050 duntur,
2531 1983 2686 2040 dicas
2704 1976 2875 2041 fuisse
2894 1981 3246 2040 Manichmos.

2359 2079 2494 2136 Anc.
2525 2076 2758 2148 Quilibet
2784 2085 2971 2134 auctor
2993 2076 3164 2134 fuerit
3190 2077 3311 2134 libri
3331 2075 3482 2151 hujus
3501 2122 3516 2148 ,
3539 2077 3756 2156 bene,quia

2287 2172 2656 2228 auctoritatem
2683 2170 2799 2243 ejus
2825 2186 2932 2228 non
2965 2171 3200 2243 respuis.
3242 2171 3460 2229 ldoneus
3483 2183 3555 2230 est
3576 2175 3702 2246 igitur,
3720 2195 3756 2234 ex

2287 2280 2394 2336 quo
2414 2263 2670 2320 adversus
2684 2279 2801 2329 vos,
2830 2277 2952 2335 quae
2973 2277 3264 2334 possumus
3289 2263 3533 2332 invenire,
3557 2267 3756 2323 testimonia

2287 2357 2644 2432 proferamus.
2669 2357 2802 2413 Nam
2826 2365 2883 2414 et
2905 2357 3160 2428 Pelagius
3185 2355 3372 2413 doctor
3391 2357 3412 2388 ³
3438 2369 3589 2414 vester
3620 2359 3658 2414 iu
3679 2359 3756 2416 libro

2287 2466 2448 2524 quem
2471 2449 2919 2508 Testimoniorum
2946 2449 3032 2506 vel
3068 2445 3431 2520 Capituiorum
3467 2449 3630 2516 edidit,
3653 2449 3756 2522 posuit

2288 2561 2354 2602 ex
2391 2544 2496 2599 isto
2539 2543 2676 2598 libro
2718 2556 2838 2614 quae
2867 2541 3154 2597 intentioni
3187 2557 3299 2596 suae
3326 2541 3537 2596 credidit
3569 2543 3757 2598 convenire
3824 2553 3825 2614 ί

2294 2637 2394 2711 (De
2420 2635 2582 2692 Gestis
2609 2635 2828 2708 Pelagii,
2854 2651 2908 2690 η.
2932 2633 3010 2707 6).
3031 2634 3199 2706 Cujus
3216 2633 3342 2692 libri
3363 2642 3530 2697 auctor
3546 2635 3673 2706 magis
3688 2637 3756 2706 quia

2289 2727 2614 2782 Manichacus
2657 2741 2762 2780 non
2811 2725 2948 2790 fuit,
2995 2725 3124 2780 satis
3179 2732 3464 2796 aperteque
3509 2722 3754 2788 demonstrat,

2289 2819 2449 2875 etiam
2479 2817 2546 2872 ab
2574 2819 2652 2871 eis
2679 2817 2771 2888 qui
2798 2812 3076 2872 Manichmi
3107 2831 3217 2871 non
3248 2824 3371 2872 sunt
3391 2857 3407 2885 ,
3447 2825 3497 2872 et
3531 2816 3576 2871 in
3610 2815 3756 2872 Ecclesia

2289 2907 2486 2967 Christi
2504 2909 2613 2980 legi
2642 2909 2916 2979 accipique
2941 2915 3289 2972 meruerunt,
3317 2905 3539 2978 potuisse
3560 2893 3638 2962 dici
3666 2906 3755 2960 mali-

2289 3005 2418 3060 tiam
2449 3003 2741 3058 naturalem
2761 3045 2778 3069 ,
2807 3005 2923 3058 sine
2953 3001 3057 3057 ulla
3084 2997 3757 3073 reprehensioneinstitutionis

2290 3102 2347 3152 et
2371 3093 2693 3150 conditionis
2721 3093 2818 3150 Dei
2838 3135 2854 3161 ,
2883 3101 3197 3149 naturarum
3238 3093 3469 3149 omnium
3492 3092 3756 3162 sapientissimi

2289 3193 2450 3258 atque
2478 3187 2664 3258 optimi
2704 3185 2981 3242 creatoris.
3017 3184 3176 3242 Unde
3219 3194 3274 3243 et
3310 3185 3572 3256 Apostolus
3601 3197 3674 3238 non
3699 3181 3756 3236 alio

2289 3294 2454 3336 sensu
2479 3278 2681 3335 dixisse
2709 3277 3016 3336 intellectus
3039 3287 3121 3335 est
3137 3321 3152 3346 ,
3186 3275 3402 3333 Fuimus
3425 3278 3543 3332 enim
3565 3286 3602 3330 et
3620 3291 3684 3330 nos
3700 3275 3757 3326 ali-

2289 3370 2492 3442 quando
2518 3380 2701 3426 natura
2728 3371 2824 3441 filii
2848 3371 2961 3440 ine,
2982 3371 3112 3426 sicut
3134 3378 3189 3424 et
3213 3370 3378 3425 cwtcri
3403 3370 3419 3441 (
3446 3369 3607 3442 Epiros.
3637 3383 3679 3434 ιι,
3701 3363 3756 3436 3).

2289 3463 2442 3532 Quod
2467 3463 2680 3536 quidam
2706 3479 2811 3519 non
2832 3463 2899 3519 ad
2925 3463 3171 3530 verbum,
3203 3462 3296 3519 sed
3323 3461 3388 3516 ad
3413 3461 3674 3516 sententiam
3688 3465 3758 3511 sunt

2290 3557 2622 3629 interpretati
2655 3557 2894 3614 dicentes
2913 3598 2928 3624 ,
2961 3557 3185 3613 Fuimus
3209 3556 3352 3613 enim
3379 3565 3432 3611 et
3453 3571 3540 3610 nos
3571 3548 3758 3624 aliquando

2289 3647 2604 3717 naturaliter
2629 3647 2722 3702 lilii
2753 3649 2866 3704 irzc.
2893 3647 3046 3716 Quod
3081 3655 3264 3704 autem
3299 3647 3401 3713 ait,
3436 3647 3552 3702 sicut
3579 3653 3616 3699 et
3643 3641 3756 3701 ceteri.

2289 3739 2522 3796 ostendit
2543 3753 2732 3796 omnes
2770 3740 2866 3794 irae
2907 3739 3044 3796 ﬁlios
3072 3751 3199 3796 esse
3239 3749 3453 3806 natura,
3479 3737 3566 3792 nisi
3589 3731 3756 3808 quosdam

2287 3847 2477 3890 eorum
2505 3847 2536 3888 a
2579 3845 2752 3887 massa
2799 3831 3113 3902 perditionis
3149 3833 3322 3902 gratia
3369 3831 3530 3887 divina
3565 3829 3752 3883 discernat

2288 3923 2366 3982 De
2411 3923 2598 3980 alienis
2640 3937 2773 3995 ergo
2819 3923 2886 3979 ab
2936 3923 3039 3980 hac
3081 3927 3252 3996 gratia
3301 3925 3452 3981 etiam
3495 3923 3648 3979 Petrus
3685 3933 3760 3988 apo-

2287 4015 2457 4073 stolus
2495 4015 2756 4087 loquens:
2785 4013 2860 4068 Hi
2891 4031 3037 4082 vero,
3080 4015 3284 4087 inquit,
3305 4017 3438 4071 'velut
3463 3999 3760 4069 muta‘aniut-

2287 4107 2358 4162 lia
2401 4119 2665 4180 procreata
2712 4107 3010 4162 naturaliter
3053 4107 3108 4162 in
3155 4108 3486 4180 captivitatem
3523 4115 3564 4160 et
3593 4101 3758 4158 interitum

2289 4197 2358 4270 (ll
2387 4197 2527 4254 Petr.
2553 4214 2613 4265 ιι,
2639 4199 2754 4270 12).
2779 4197 2895 4254 Νοη
2922 4214 2982 4255 se
3008 4197 3207 4270 quippe
3229 4200 3484 4256 eruebant
3507 4191 3759 4254 veteremho

2287 4288 2506 4344 minem.
2545 4289 2656 4344 Nisi
2701 4298 2878 4344 autem
2918 4299 3074 4346 vetus
3112 4292 3291 4346 omnis
3335 4291 3486 4346 homo
3521 4293 3756 4348 nascerelm‘.

2288 4381 2466 4438 nullus
2495 4380 2744 4452 parvulus
2778 4381 3111 4438 renascendo
3132 4389 3490 4438 renovaretur.
3518 4377 3642 4435 Absit
3657 4387 3756 4444 ergo,

2285 4481 2346 4528 ut
2369 4487 2491 4528 cum
2519 4472 2793 4529 Creatoris
2817 4473 3026 4530 dicatur
3053 4473 3272 4544 injuria,
3303 4473 3587 4530 naturaliter
3601 4464 3758 4524 essebo-

2285 4567 2459 4621 mines
2487 4566 2580 4620 ira:
2612 4563 2749 4620 lliios
2774 4585 2786 4620 :
2810 4565 2948 4622 sicut
2975 4567 3090 4621 sine
3122 4568 3227 4622 ulla
3273 4569 3386 4638 ejus
3421 4565 3590 4635 injuria
3613 4559 3756 4632 quisque

2286 4657 2480 4714 dicitur
2503 4660 2816 4714 naturaliter
2841 4659 3036 4716 surdus
3051 4703 3066 4727 ,
3090 4671 3182 4716 aut
3213 4661 3511 4716 naturaliter
3529 4671 3686 4718 orcus,
3706 4660 3757 4706 aut

2285 4749 2598 4805 naturaliter
2639 4749 2945 4830 morbidus;
2988 4751 3222 4822 itemque
3263 4752 3395 4808 alius
3436 4747 3687 4806 naturaliter
3713 4740 3757 4795 la-

2287 4851 2443 4909 tnus,
2477 4841 2618 4896 alius
2657 4842 2969 4897 naturaliter
3007 4843 3331 4908 obliviosos,
3377 4843 3500 4896 alius
3540 4833 3758 4894 naturaliter

2287 4934 2604 5000 iracundus;
2632 4942 2686 4990 et
2710 4943 2902 4990 caetera
2935 4935 3337 4990 innumerabilia
3363 4935 3499 5000 vitia,
3521 4933 3613 4988 sire
3633 4937 3756 4994 corio-

2285 5044 2426 5096 rum,
2455 5028 2588 5096 sive,
2611 5027 2750 5099 quod
2784 5036 2868 5084 est
2893 5028 3135 5100 gravius,
3177 5031 3466 5084 animorum
3485 5069 3498 5093 ,
3527 5026 3601 5080 Dei
3619 5017 3756 5092 opiﬁcio

2285 5131 2609 5184 creatornm,
2635 5119 2980 5191 ejusdemque
3001 5119 3095 5177 Dei
3120 5122 3350 5187 occulto,
3380 5118 3466 5176 sed
3485 5118 3609 5189 justo
3625 5107 3754 5184 judicio

2286 5213 2611 5268 vitiatorum.
2639 5199 2781 5267 idem
2805 5211 3001 5284 quippe
3031 5213 3144 5284 ipse
3171 5213 3333 5268 totius
3357 5210 3567 5268 hominis
3587 5211 3751 5262 creator:

2285 5315 2340 5362 et
2367 5314 2542 5360 tamen
2570 5304 2813 5376 quamvis
2847 5319 2967 5360 cum
3004 5305 3120 5377 ejus
3142 5305 3300 5370 laude
3333 5312 3504 5360 natura
3535 5300 3591 5376 sit
3623 5296 3751 5351 homo:

2284 5397 2435 5453 nullo
2461 5395 2622 5452 modo
2638 5405 2823 5452 tamen
2863 5411 2985 5452 cum
3011 5397 3127 5468 ejus
3151 5399 3520 5468 vituperatione
3551 5397 3690 5447 natura
3709 5381 3754 5433 ῆι

2286 5489 2454 5546 tiosos
2480 5499 2564 5544 est
2587 5485 2768 5544 homo.
2791 5487 3007 5545 Scimus
3031 5491 3209 5561 itaque
3229 5503 3331 5546 non
3359 5488 3493 5552 vitia,
3513 5481 3592 5540 sed
3609 5484 3751 5535 natur”

2285 5596 2406 5638 esse
2431 5579 2736 5640 tribuendas
2763 5581 3028 5639 conditori
3061 5583 3167 5640 Deo
3196 5599 3209 5638 :
3241 5583 3332 5640 sed
3373 5581 3499 5638 unde
3535 5577 3622 5634 sint
3651 5570 3750 5636 vitiat

2350 5697 2369 5729 ί
2404 5697 2674 5729 νίηηίοώιε
2719 5711 2844 5729 κυσιι·
2893 5705 2942 5729 ιι
2965 5707 3052 5729 Hoc
3115 5699 3208 5729 .ιέρὶ

2350 5697 2369 5729 ί
2443 5697 2452 5707 .
2527 5699 2536 5710 .
3156 5700 3168 5710 .
3196 5699 3208 5710 .

2349 5760 2370 5827 ξ
2401 5697 3350 5827 ιίῧιάῗὶἰέἳῗυῗωωη
3365 5757 3509 5827 ﬁliam
3523 5749 3672 5816 W-

2350 5820 2370 5882 ἓ
2399 5825 2467 5868 Ex
2490 5827 2598 5870 Mss.
2622 5820 2834 5882 additur,
2851 5821 3034 5874 doctor.

2347 5881 2370 5914 δ
2403 5883 2476 5932 sic
2497 5890 2599 5933 Mss.
2623 5889 2680 5937 In
2698 5881 2856 5960 Vigu.,
2873 5893 3087 5941 cruenta.
