3980 6490
238 309 371 368 iiii

232 425 396 480 debet
424 426 621 495 dicere,
653 430 741 500 qui
769 429 879 486 vuit
905 428 1493 491 res‘ister‘e‘Manic‘hmo.
1510 440 1580 494 'Et
1603 440 1669 496 tie
1690 442 1823 496 alia-

231 534 354 575 rum
378 521 594 588 qutdem
616 538 799 577 rerum
818 524 984 592 vitiis,
1007 541 1137 596 quas
1162 542 1192 581 a
1214 530 1322 583 Deo
1338 541 1553 587 creatas
1576 534 1820 599 fatemur,

230 611 328 666 sed
359 612 473 679 ejus
512 613 904 683 sapientissimo
935 617 1268 676 ordinatione
1288 662 1303 689 ,
1346 623 1457 677 sive
1494 625 1677 690 bonis,
1705 627 1820 681 sive

226 705 393 760 etiam
428 707 582 760 malis
610 709 812 778 angelis
852 711 1120 778 subditas,
1151 716 1476 785 respondere
1509 716 1816 774 facillimum

225 808 346 864 est,
370 800 441 855 ab
467 800 546 855 eis
572 801 765 872 quibus
798 804 1080 877 subjacent
1100 849 1114 871 ,
1156 824 1338 864 earum
1377 825 1585 881 quoque
1614 812 1818 868 semina

224 906 389 961 posse
418 892 595 949 vitiari
614 937 629 961 ,
661 907 718 951 ut
749 912 853 953 non
882 901 1054 955 solum
1078 901 1216 957 ‘iiant
1236 944 1252 969 ,
1286 919 1468 958 verum
1497 904 1655 960 etiam
1682 921 1815 961 con-

220 985 491 1054 cipiuntur
519 998 911 1062 nascunturque
932 993 1160 1049 vitiosae.
1186 995 1497 1051 De'homine
1521 997 1711 1067 agitur,
1746 999 1814 1055 de

220 1075 472 1130 rationali
500 1079 770 1136 animante
790 1123 804 1147 ,
836 1081 904 1137 de
924 1083 1162 1154 imagine
1186 1084 1287 1139 'Dei
1312 1085 1504 1156 agitur,
1533 1087 1683 1158 cujus
1710 1104 1827 1143 na--

221 1174 341 1227 tura
372 1169 517 1224 nullo
537 1171 699 1225 modo
723 1172 922 1229 diaboli
949 1174 1238 1230 ludibrium
1260 1177 1410 1234 ﬁeret
1432 1221 1447 1244 ,
1472 1196 1629 1250 quem
1664 1191 1811 1238 recte

219 1258 489 1314 credimus
532 1270 805 1317 auctorem
855 1278 974 1320 esse
1026 1265 1272 1322 vitiorum
1296 1310 1309 1335 ,
1340 1270 1442 1324 nisi
1481 1285 1577 1340 per
1606 1271 1809 1342 justum

220 1345 319 1401 Dei
362 1349 618 1417 judicium
668 1362 886 1423 propter
929 1356 1186 1426 originale
1233 1371 1527 1428 peccatmn.
1574 1362 1812 1434 Denique

216 1450 321 1493 nec
346 1455 438 1493 vos
462 1439 582 1510 ipsi,
604 1452 859 1513 quantum
880 1448 1149 1513 existimo,
1170 1449 1353 1506 dicere
1374 1452 1601 1519 audetis,
1620 1470 1808 1526 quam-

212 1528 297 1584 vis
319 1529 509 1602 dogma
522 1543 767 1590 vestrum
781 1537 905 1592 ‘bace
931 1547 1037 1593 tam
1064 1540 1178 1595 dira
1208 1553 1463 1613 sequatur
1480 1545 1801 1617 absurditas,

210 1617 269 1673 in
290 1622 536 1691 paradiso
547 1627 996 1685 rex-orturafuisse
1023 1640 1098 1685 tot
1121 1647 1185 1687 ac
1209 1641 1351 1689 tanta
1370 1636 1495 1691 vitia
1523 1641 1803 1709 naturalia,

209 1713 257 1767 si
290 1724 545 1785 peccante
573 1720 786 1776 nemine
808 1762 825 1788 ,
858 1721 943 1776 illa
985 1722 1036 1778 in
1075 1740 1178 1795 qua
1217 1734 1300 1780 est
1326 1728 1535 1783 condita
1558 1773 1571 1797 ,
1603 1739 1805 1788 natura:

206 1802 460 1864 humanm
486 1810 504 1841 ί
532 1810 756 1867 felicitas
786 1825 1146 1883 permaneret.
1168 1817 1284 1875 'Vos
1328 1829 1504 1877 autem
1546 1834 1801 1895 negantes

204 1898 470 1969 originale
492 1913 793 1972 peccatum,
826 1906 1065 1977 profecto
1084 1918 1327 1967 naturam
1348 1930 1506 1985 quam
1533 1915 1672 1973 Deus
1695 1934 1799 1975 non

204 1991 448 2059 ereavit,
496 2009 565 2049 ex
603 1997 756 2067 cujus
786 2001 1178 2077 commixtione
1217 2005 1325 2060 sint
1366 2007 1638 2064 hominum
1676 2027 1798 2067 cum

204 2083 402 2154 quibus
432 2099 726 2145 nascuntur
751 2092 876 2148 vitia
898 2136 911 2161 ,
938 2093 1121 2153 facitis
1163 2099 1452 2156 introduci.
1485 2101 1531 2158 Ο
1556 2108 1798 2175 perversi

203 2174 465 2245 haeretici,
505 2180 917 2241 Manichtcorum
949 2187 1221 2258 adjutores
1240 2235 1256 2260 ,
1287 2192 1356 2249 de
1374 2174 1686 2252 ’Manichaeis
1710 2214 1799 2254 ca-

201 2267 595 2341 lumniatores,
651 2286 704 2332 et
752 2273 1151 2337 Cathoﬁcorum
1216 2285 1402 2341 eadem
1461 2290 1799 2347 concorditer

199 2374 386 2421 contra
417 2383 513 2423 vos
535 2384 660 2425 vera
681 2372 703 2403 '
733 2371 1023 2431 dicentium
1067 2376 1293 2434 aliorum
1325 2384 1645 2440 contentiosi
1690 2385 1795 2441 cri-

195 2459 514 2530 minatores,
542 2463 767 2520 aliorum
798 2467 1006 2523 subdoli
1031 2470 1372 2529 adulatores!

274 2549 967 2640 C’X‘Xiv.‘.iut..Exspectet
996 2577 1139 2617 nunc
1167 2562 1385 2620 forsitan
1428 2566 1618 2635 lector,
1662 2584 1794 2640 quo-

200 2642 368 2701 modo
392 2636 509 2702 ‘hoc'
530 2649 890 2707 testimonium
928 2651 1123 2710 debeat
1166 2657 1387 2728 intelligi
1417 2677 1430 2713 :
1459 2660 1600 2730 quod
1644 2636 1791 2719 certe

196 2748 308 2789 non
340 2737 603 2806 pertinere
622 2739 688 2794 ad
711 2742 1230 2815 traducem‘peccati,
1260 2763 1359 2805 nec
1379 2749 1789 2808 adManicha‘o-

191 2841 313 2882 rum
345 2830 684 2899 Opinionem,
713 2833 813 2890 iste
841 2835 956 2905 ipse
996 2839 1086 2908 qui
1120 2838 1299 2896 fuerat
1336 2842 1452 2913 ejus
1481 2854 1782 2916 usurpator,

191 2920 429 2976 ostendit
454 2938 468 2987 ;
496 2923 569 2977 ait
587 2925 752 2993 enim,
788 2944 807 2978 ι
832 2926 920 2983 ~De
940 2930 1375 3003 quibuscumque
1405 2934 1506 2989 hoc
1532 2935 1692 3001 dicat,
1719 2937 1787 2994 de

189 3012 500 3071 hominibus
539 3017 703 3074 dicit:
737 3039 756 3072 ι
782 3035 903 3085 cum
938 3033 1084 3079 certe
1116 3026 1159 3080 si
1195 3026 1262 3080 de
1294 3029 1519 3084 naturali
1559 3040 1785 3099 peccato

185 3096 544 3178 diceret,'non
571 3112 638 3168 de
659 3114 1102 3188 quibuscumque,
1124 3118 1217 3174 sed
1240 3119 1308 3176 de
1329 3122 1573 3179 omnibus
1598 3125 1784 3196 loque-

185 3210 355 3266 retur.
386 3202 578 3276 Opinio
622 3207 816 3280 quippe
832 3209 1257 3268 Manichaeorum
1289 3217 1611 3286 generaliter
1651 3234 1782 3276 cun-

185 3300 396 3351 diorum
443 3299 748 3354 mortalium
784 3299 1012 3359 infamat
1041 3312 1325 3363 naturam:
1358 3310 1621 3366 sententia
1651 3327 1782 3369 vero

183 3385 257 3444 de
285 3404 387 3459 qua
418 3391 726 3461 qumrimus,
756 3394 915 3449 etiam
944 3396 1011 3451 ab
1040 3397 1156 3467 ipso
1186 3398 1477 3471 plagiatore
1508 3419 1607 3462 suo
1635 3407 1778 3461 reci-

183 3478 267 3550 pit
291 3481 687 3548 testimonium,
715 3486 854 3555 quod
886 3501 991 3542 non
1023 3487 1074 3541 in
1106 3503 1324 3555 omnes,
1357 3493 1451 3548 sed
1490 3493 1543 3549 in
1574 3496 1779 3568 aliquos

184 3569 396 3639 prolata
422 3572 507 3627 sit.
534 3573 615 3629 Ex
631 3590 739 3645 quo
762 3586 991 3646 constat,
1016 3581 1220 3639 nullum
1243 3582 1291 3637 ei
1321 3584 1590 3653 negotium
1613 3584 1778 3644 fuisse

183 3676 310 3718 cum
339 3664 572 3733 traduce,
601 3684 716 3738 qua:
747 3685 1080 3743 nequaquam
1111 3675 1384 3731 universos
1409 3720 1423 3744 ,
1449 3678 1543 3734 sed
1569 3680 1776 3751 pleros'

184 3771 293 3828 que
336 3762 590 3830 percellit.
636 3762 799 3836 igitur
843 3774 1058 3822 ostenso
1093 3769 1227 3824 nihil
1253 3769 1319 3826 de
1346 3778 1406 3827 ea
1436 3779 1681 3844 spectare
1706 3775 1775 3835 ad

182 3852 462 3929 profanam
494 3855 836 3925 Opinionem,
873 3859 1039 3928 ipsius
1062 3861 1182 3916 libri
1211 3863 1461 3937 suffragio
1498 3867 1775 3941 scriptoris

179 3924 299 4014 ejus
326 3948 530 4002 sanitas
558 3960 849 4004 asseratur.
879 3950 1140 4022 Loquitur
1172 3955 1238 4030 ad
1280 3955 1442 4011 Deum
1473 3977 1485 4012 :
1515 3959 1774 4017 Misereris

176 4037 428 4104 omnium,
466 4040 706 4111 quoniam
744 4043 915 4097 omnia
961 4054 1133 4113 potes,
1164 4057 1210 4101 et
1246 4048 1538 4106 dissimulas
1566 4064 1772 4124 peccata

178 4128 441 4201 hominum
466 4144 671 4204 propter
697 4136 1038 4206 pmuitentiam
1063 4153 1080 4191 :
1107 4137 1277 4211 diligis
1311 4143 1443 4195 enim
1469 4145 1638 4198 omnia
1657 4163 1774 4218 qua:

178 4200 298 4275 sunt
318 4264 333 4288 ,
377 4231 419 4276 et
441 4200 570 4278 nihil
610 4200 761 4279 odisti
799 4226 977 4283 horum
1002 4245 1115 4299 qua:
1137 4231 1317 4301 fecisti.
1350 4233 1613 4300 Quomodo
1638 4238 1771 4291 enim

181 4323 350 4385 posset
388 4315 581 4385 aliquid
609 4328 923 4388 permanere,
958 4322 1056 4376 nisi
1078 4331 1130 4376 tu
1160 4324 1439 4381 voluisses?
1460 4324 1642 4384 Parcis
1671 4316 1766 4386 au;

182 4414 286 4459 tem
317 4406 561 4475 omnibus,
592 4412 827 4480 quoniam
868 4421 955 4466 tua
998 4424 1143 4481 sunt,
1176 4416 1422 4484 Domine,
1452 4421 1538 4492 qui
1573 4423 1768 4481 animas

180 4494 377 4568 diligis.
405 4498 568 4554 Bonus
593 4503 722 4555 enim
743 4504 951 4575 spiritus
977 4514 1091 4559 tuus
1112 4517 1182 4560 est
1202 4509 1252 4562 in
1272 4511 1500 4567 omnibus
1523 4529 1541 4567 :
1562 4526 1767 4588 prapter

179 4591 324 4663 quod
348 4592 441 4646 hos
459 4594 544 4663 qui
572 4608 754 4663 errant,
787 4598 1015 4669 partibus
1035 4601 1268 4671 corripis,
1298 4612 1341 4656 et
1363 4604 1424 4658 de
1452 4604 1629 4677 quibus
1649 4627 1762 4680 pec-

174 4692 298 4736 cant
324 4683 599 4740 admonens
630 4687 932 4761 alloqueris,
964 4686 1018 4743 ut
1044 4691 1220 4746 relicta
1250 4696 1445 4751 malitia
1476 4700 1682 4756 credant
1710 4704 1763 4758 in

171 4781 242 4840 te,
274 4772 485 4830 Domine
510 4775 660 4849 (Sap.
693 4795 766 4844 xt,
796 4778 987 4846 24-301,
1015 4781 1093 4855 2).

247 4865 383 4922 Avo.
418 4866 697 4935 Quomodo
724 4871 1006 4928 miseretur
1034 4876 1270 4931 omnium
1304 4878 1442 4936 Deus
1463 4926 1475 4947 ,
1507 4898 1628 4940 cum
1658 4888 1759 4943 alia

169 4953 450 5026 Scriptura
478 4958 641 5027 dicat,
677 4960 798 5016 Non
826 4965 1108 5023 miserearis
1132 4971 1355 5025 onmium
1383 4974 1467 5044 qui
1492 4990 1763 5046 aperantur

167 5050 488 5120 iniquitatem
516 5053 698 5127 (Psal.
726 5073 868 5124 Lvut,
893 5062 990 5132 6);
1021 5062 1122 5115 nisi
1162 5065 1283 5134 quia
1315 5075 1368 5121 et
1410 5068 1458 5122 in
1492 5070 1595 5126 illis
1623 5090 1756 5143 quo-

168 5156 290 5196 rum
322 5160 426 5199 non
456 5146 757 5214 miseretur,
779 5165 967 5207 omnes
985 5153 1227 5213 homines
1249 5158 1319 5213 ita
1336 5168 1481 5227 sunt,
1502 5172 1559 5218 ut
1581 5167 1756 5221 omnia

165 5252 366 5305 genera
393 5238 671 5297 hominum
701 5243 1094 5317 intelligantur;
1129 5249 1267 5306 sicut
1294 5251 1492 5310 dictum
1524 5266 1622 5323 est,
1658 5258 1759 5313 De-

164 5330 368 5385 rimatis
406 5348 552 5388 omne
589 5335 702 5389 olus
728 5333 897 5408 (Luc.
925 5355 1011 5408 xx,
1040 5340 1166 5413 42),
1194 5342 1244 5397 id
1272 5354 1351 5405 est
1371 5386 1388 5413 ,
1416 5361 1576 5409 omne
1600 5350 1759 5410 oleris

162 5423 379 5492 genus?
404 5422 540 5494 Quid
570 5436 748 5483 autem
783 5437 837 5485 te
876 5429 1121 5505 adjuvat,
1167 5435 1309 5507 quod
1349 5438 1611 5513 scriptura
1636 5442 1760 5500 libri

165 5512 459 5592 Sapientizn
478 5534 586 5574 non
608 5518 677 5578 de
701 5520 949 5578 omnibus
977 5524 1280 5585 hominibus
1307 5529 1644 5605 loquebatur,
1668 5537 1758 5595 ubi

160 5606 265 5674 ait,
299 5609 440 5679 quod
471 5613 728 5668 naturalis
756 5624 900 5671 esset
920 5618 1114 5674 malitia
1141 5620 1374 5678 illorum.
1404 5625 1587 5699 Neque
1612 5630 1755 5686 enim

142 5722 506 5800 ...ἶ-ξὲἒὲίὲξδ
542 5728 803 5789 “nissum:
826 5727 1081 5799 ’⁸³⁸⁷ωωὶ
1125 5733 1240 5793 licet
1258 5738 1312 5789 in
1332 5740 1555 5797 omnibus
1591 5751 1758 5799 exstet

138 5791 522 5849 Zmanusa'iptis.
1056 5791 1061 5799 '

231 5846 253 5878 ³
287 5847 371 5899 Hic
394 5862 458 5901 ex
482 5858 590 5906 Mss.
614 5856 909 5919 restituitur,
932 5868 1061 5910 uera.

1590 327 1789 384 LIBER
1829 330 2171 400 QUARTUS.

1938 447 2055 515 quia
2087 450 2154 503 de
2183 453 2492 521 quihusdam
2516 506 2528 527 ,
2565 481 2665 519 non
2696 469 2761 525 de
2789 472 3035 531 omnibus
3057 476 3360 540 hominibus
3388 507 3515 559 age-

1938 537 2019 559 L...
2071 542 2080 552 '
2100 541 2141 559 ΑΙ.
2168 557 2178 559 μ
2255 546 2286 559 ,ι
2414 552 2432 559 Α
2494 556 2503 559 -

1934 537 2042 604 hat,
2070 541 2188 596 ideo
2215 546 2375 603 etiam
2410 552 2531 609 fecit
2562 559 2779 627 imeiiigi
2815 565 2988 621 nullos
3019 570 3153 626 alios
3192 590 3311 631 esse
3341 537 3509 643 ῑειίζςς

1930 643 2050 684 eum
2078 634 2365 704 Apostolus
2388 646 2562 715 dicat,
2598 651 2809 709 Fuinms
2836 668 2879 711 et
2904 677 2996 715 nos
3018 664 3300 737 aliquando
3326 682 3513 728 natura

1929 721 2027 791 ﬁlii
2050 725 2157 792 ine,
2188 732 2316 787 sicut
2336 749 2390 790 et
2416 744 2598 796 ueteri.
2634 746 2904 805 israo‘litas
2933 765 3107 811 autent
3130 760 3221 815 illo
3240 772 3506 835 tempora.

1926 829 2031 919 non
2060 819 2276 888 quidem
2302 828 2467 882 etiam
2500 833 2639 901 ipsos
2663 853 2852 896 omnes
2872 887 2885 910 ,
2915 847 3007 901 sed
3038 851 3159 919 pios
3180 894 3192 917 ,
3231 854 3300 909 ab
3331 819 3412 913 his
3438 856 3510 915 de

1925 906 2115 974 quibus
2140 912 2341 969 dictum
2364 930 2482 983 est,
2523 924 2786 987 Naturalis
2810 938 3003 990 ntalitia
3024 906 3198 995 eorum
3215 984 3231 1009 ,
3261 961 3367 1000 nou
3397 950 3508 1003 dis-

1922 1003 2174 1059 cernebat
2210 1017 2415 1075 natura,
2444 1017 2539 1071 sed
2578 1023 2778 1089 gratia;
2806 1037 3026 1096 propter
3050 1034 3188 1101 quod
3219 1037 3380 1092 etiam
3409 1040 3506 1095 Dei

1923 1093 2014 1148 lilii
2040 1109 2161 1153 sunt
2191 1111 2502 1175 nuncupati.
2532 1112 2831 1172 Videndum
2870 1093 2953 1175 est
2988 1093 3147 1179 etiam
3171 1170 3184 1191 ,
3229 1133 3502 1199 quomodo

1917 1183 2115 1242 dictum
2159 1193 2265 1259 sit,
2314 1195 2499 1270 Diligis
2547 1207 2715 1261 omnia
2757 1226 2873 1280 qua:
2915 1183 3342 1289 simnqttouilam
3374 1236 3507 1279 sunt

1916 1280 2075 1335 etiam
2107 1282 2301 1355 iniqui;
2330 1299 2385 1344 et
2408 1292 2535 1348 alibi
2564 1299 2816 1369 scriptum
2844 1315 2925 1359 est
2945 1349 2957 1369 ,
2998 1280 3164 1365 Odisti
3207 1331 3379 1371 omnes
3415 1335 3501 1391 qn.

1914 1382 2185 1441 aperantur
2208 1378 2517 1450 iniquitatem
2535 1385 2711 1461 ~(Psal.
2735 1409 2788 1459 v,
2818 1396 2893 1466 7).
2916 1397 3095 1471 Diligit
3112 1419 3237 1473 ergo
3255 1416 3307 1461 et
3330 1378 3494 1478 ipsos,

1913 1463 1965 1518 in
2010 1465 2265 1536 quantum
2307 1473 2547 1533 homines
2591 1498 2734 1549 sunt,
2776 1488 2890 1543 odit
2934 1490 2985 1545 in
3028 1508 3280 1564 quantum
3333 1502 3499 1572 iniqui

1911 1566 2068 1623 sunt;
2096 1569 2150 1614 et
2177 1562 2395 1622 damnat
2430 1584 2524 1625 eos
2566 1576 2688 1645 quia
2732 1578 2901 1650 iniqui
2933 1562 3090 1652 sunt,
3132 1598 3187 1643 et
3230 1590 3352 1647 facit
3377 1562 3500 1650 esse

1909 1648 2028 1716 quia
2060 1651 2311 1712 homines
2348 1671 2471 1717 sunt
2497 1683 2511 1718 ε
2543 1665 2677 1733 Quia
2706 1648 2865 1738 ηίιιεί,
2898 1648 3101 1746 inquit,
3135 1682 3286 1737 odisti
3313 1686 3499 1743 horum

1906 1755 2019 1810 qua:
2051 1747 2231 1814 fecisti.
2257 1752 2415 1808 Amat
2444 1771 2573 1827 ergo
2605 1760 2742 1818 Deus
2773 1764 3018 1824 homines
3051 1787 3215 1844 usque
3241 1776 3404 1853 adeo,
3437 1789 3498 1836 ut

1906 1834 2086 1904 etiam,
2119 1854 2238 1896 cum
2269 1844 2432 1916 iniqui
2458 1859 2602 1915 sunt,
2625 1864 2769 1911 amet
2792 1864 2851 1912 ut
2872 1858 3120 1919 homines
3144 1877 3284 1933 sunt,
3310 1834 3495 1943 quam-

1905 1927 1984 1981 vis
2011 1930 2183 1987 oderit
2209 1938 2351 2006 quod
2381 1940 2543 2013 iniqui
2571 1945 2695 2001 sint.
2730 1946 2807 2004 Ac
2846 1967 2942 2021 per
2990 1955 3091 2012 hoc
3140 1927 3493 2034 iniqui-quos

1906 2018 2048 2077 Deus
2076 2024 2221 2091 odit,
2274 2040 2327 2084 et
2365 2043 2491 2089 sunt
2536 2035 2816 2108 homines,
2849 2018 3110 2116 quoniam
3156 2018 3300 2107 Deus
3328 2018 3492 2113 suum

1901 2122 2044 2169 amat
2067 2116 2367 2187 opiﬁcium;
2390 2134 2445 2179 et
2473 2128 2654 2185 miseri
2684 2143 2838 2203 sunt,
2883 2139 3134 2208 quoniam
3164 2143 3307 2200 Deus
3343 2158 3491 2207 amat

1893 2204 2172 2276 judicium.
2902 2204 2915 2208 “
2954 2220 2959 2223 ·

1968 2298 2179 2357 CXX'V.
2230 2305 2347 2363 Jun.
2388 2308 2650 2372 Ceruisne
2696 2334 2854 2390 quam
2890 2324 3085 2383 infesm
3135 2331 3204 2386 sit
3246 2335 3487 2404 Opinioni

1896 2401 2087 2449 vestra:
2110 2398 2424 2466 gratificatio
2448 2405 2548 2462 Dei
2570 2408 2858 2469 laudatoris
2874 2416 2902 2470 τ
2934 2417 3069 2475 Dicit
3097 2437 3220 2478 eum
3242 2398 3480 2495 condere

1894 2486 2119 2553 animas,
2144 2501 2197 2547 et
2225 2508 2404 2553 amare
2438 2517 2451 2553 :
2475 2502 2616 2572 quod
2640 2520 2669 2559 a
2695 2507 2847 2562 vobis
2886 2522 3139 2582 negatur,
3171 2519 3258 2587 qui
3286 2492 3481 2590 juratis

1961 2858 2097 2916 Aue.
2126 2861 2264 2934 Ergo
2292 2869 2583 2926 secundum
2628 2883 2683 2929 te
2706 2918 2720 2942 ,
2768 2887 2821 2932 et
2851 2878 3145 2939 fatuitatem
3173 2902 3200 2941 a
3230 2888 3341 2945 Deo
3381 2905 3480 2947 au-

1889 2955 2036 3004 ctore
2087 2954 2381 3012 sortitmtur
2423 2963 2741 3034 quicumque
2790 2966 2918 3023 fatui
2968 2986 3292 3047 nascuntur,
3344 2996 3481 3053 quos

1888 3041 2054 3111 magis
2083 3059 2241 3113 quam
2266 3059 2505 3107 mortuos
2528 3053 2656 3110 dicit
2673 3073 2821 3114 sacm
2840 3060 3112 3134 Scriptura
3137 3085 3257 3126 esse
3287 3041 3476 3145 lugen-

1890 3129 1986 3186 dos
2014 3131 2223 3205 (Ecdi.
2259 3155 2372 3195 ml
2394 3185 2409 3211 ,
2449 3144 2517 3199 15
2545 3143 2586 3216 ).
2616 3147 2723 3203 Sed
2761 3129 2984 3209 istorum
3031 3172 3241 3230 quoque
3269 3129 3475 3221 animas

1885 3225 2173 3281 secundum
2192 3231 2473 3300 quemdam
2491 3237 2731 3308 modum,
2754 3242 2802 3295 id
2822 3253 2921 3311 est,
2953 3254 3008 3300 ut
3035 3225 3170 3316 sint,
3188 3260 3241 3306 ut
3273 3254 3473 3319 vivant,

1885 3325 1941 3371 ut
1969 3320 2218 3387 sentiant,
2243 3333 2301 3379 ut
2342 3329 2585 3396 quamvis
2619 3333 2841 3390 obtunsa
2873 3341 3070 3396 mentis
3117 3345 3263 3412 acie,
3295 3355 3473 3406 tamen

1882 3412 2162 3479 pecoribus
2189 3420 2528 3482 auteceliaut,
2555 3434 2698 3479 amat
2737 3428 2919 3499 utique
2950 3433 3108 3489 Deus.
3145 3437 3257 3492 Alia
3288 3450 3470 3497 autem

1879 3511 1961 3556 est
1987 3503 2076 3558 illa
2099 3505 2333 3575 dilectio,
2357 3510 2423 3567 de
2449 3528 2549 3584 qua
2577 3519 2832 3588 scriptum
2859 3532 2942 3578 est
2973 3544 2985 3579 :
3016 3526 3281 3584 Neminem
3300 3533 3473 3607 diligit

1879 3592 2035 3659 Beas,
2059 3597 2154 3651 nisi
2174 3615 2285 3652 eum
2302 3603 2388 3672 qui
2408 3619 2522 3658 cum
2541 3609 2792 3677 sapientia
2812 3614 3005 3670 habitat
3030 3617 3182 3693 (Sap.
3213 3639 3307 3689 vn,
3329 3592 3467 3699 28v).

1879 3683 1983 3741 Sed
2009 3702 2105 3742 vos
2125 3689 2334 3758 dicite‘,
2359 3695 2498 3751 unde
2527 3699 2647 3768 plus
2668 3713 2806 3758 amet
2824 3705 2968 3763 Deus
2996 3683 3198 3767 animas
3225 3683 3471 3785 parvulo-

1878 3792 2017 3845 rum,
2044 3782 2236 3851 quibus
2265 3787 2506 3854 providet
2530 3791 2798 3850 lavacrum
2828 3782 3268 3873 regenerationis,
3296 3819 3467 3867 uteos

1876 3869 2051 3926 mittat
2071 3872 2123 3927 in
2150 3890 2401 3946 regnum;
2432 3890 2484 3936 et
2513 3883 2654 3939 unde
2670 3885 2786 3941 aliis
2813 3869 2918 3944 non
2940 3903 3153 3960 prmslct
3181 3869 3280 3953 hoc
3306 3900 3464 3958 bene-

1876 3963 2055 4020 licium
2084 3983 2099 4020 :
2131 3982 2251 4024 cum
2274 3986 2366 4027 eos
2389 3988 2492 4028 non
2534 3976 2843 4036 discernant
2871 3985 2974 4040 ulla
3002 3989 3189 4045 merita
3218 3993 3464 4050 volunta—

1877 4064 2007 4123 tum,
2040 4075 2137 4116 nec
2162 4062 2231 4117 sit
2258 4065 2396 4135 apud
2430 4067 2613 4138 Deum,
2634 4087 2792 4142 quam
2820 4077 2971 4132 nobis
2990 4080 3340 4142 insulsissime
3367 4104 3461 4145 so-

1874 4149 1997 4207 letis
2033 4153 2285 4224 objicere,
2317 4162 2555 4230 acceptio
2594 4178 2963 4234 personarum.
3016 4174 3328 4249 Quanquam
3366 4181 3461 4239 ubi

1872 4241 2070 4300 dictum
2100 4256 2201 4315 est,
2252 4249 2407 4305 Amas
2462 4255 2687 4321 animas,
2723 4275 2823 4315 nec
2859 4262 3057 4320 dictum
3108 4278 3228 4338 est,
3258 4269 3459 4332 Omnes

1871 4338 2078 4395 animas
2105 4383 2120 4408 ,
2149 4342 2290 4397 nulla
2319 4345 2388 4399 sit
2412 4350 2654 4418 quaestio.
2693 4352 2946 4413 Fortasse
2983 4361 3177 4433 quippe
3202 4366 3279 4421 sic
3307 4369 3457 4439 posi-

1872 4438 1981 4485 tum
2009 4442 2089 4488 est
2109 4476 2124 4501 ,
2155 4444 2211 4489 ut
2237 4452 2422 4494 omnes
2462 4441 2599 4497 Deus
2630 4445 2837 4502 animas
2864 4451 3089 4519 condat;
3122 4471 3223 4512 nec
3267 4438 3456 4517 omnes

1870 4530 2047 4579 tamen
2076 4525 2277 4597 diligat,
2312 4531 2404 4586 sed
2430 4548 2560 4603 quas
2584 4551 2613 4591 a
2645 4539 2853 4594 caeteris
2882 4557 2987 4598 non
3018 4546 3221 4603 meritis
3243 4565 3453 4621 earum,

1868 4616 1961 4669 sed
2007 4631 2117 4672 sure
2144 4622 2326 4691 gratae
2354 4623 2599 4696 largitate
2634 4628 2906 4699 discernit,
2944 4644 3000 4689 ut
3046 4636 3288 4695 habitent
3328 4616 3453 4701 cum

1866 4709 2124 4777 sapientia
2151 4729 2162 4764 ε
2198 4712 2318 4784 quia
2342 4717 2589 4772 nemiuem
2609 4719 2774 4792 diligit
2789 4721 2949 4792 Deus,
2976 4728 3074 4781 nisi
3098 4746 3212 4784 eum
3233 4735 3320 4802 qui
3335 4752 3452 4789 cum

1864 4801 2109 4870 sapientia
2165 4805 2356 4860 habitat
2413 4823 2431 4861 :
2481 4807 2730 4868 Dominus
2784 4824 2951 4870 autem
3011 4819 3099 4875 dat
3151 4801 3452 4895 sapientiam

1870 4891 2060 4967 (Prov.
2083 4912 2152 4961 ιι,
2184 4896 2277 4970 6).

1934 4988 2168 5044 CXXVI.
2216 4991 2334 5048 Jun.
2383 4993 2753 5054 Pteuitentiam
2803 5018 3051 5075 quoque,
3088 5023 3245 5080 quam
3277 5011 3449 5071 Deum

1864 5080 2093 5138 aftirmat
2127 5083 2275 5151 dare,
2324 5096 2556 5144 vestrum
2603 5092 2793 5163 dogma
2837 5112 2942 5152 non
2970 5100 3180 5172 recipit,
3238 5104 3289 5159 in
3343 5123 3451 5177 quo

1865 5174 2059 5230 malum
2106 5179 2351 5235 naturale
2397 5189 2451 5236 et
2514 5186 2745 5255 nequitia
2795 5191 2989 5246 mutari
3043 5174 3449 5255 nesciatcouti-

1864 5278 2038 5325 "Cilll‘.

1935 5366 2069 5421 Anc.
2102 5364 2213 5421 imo
2234 5382 2331 5423 nos
2353 5370 2528 5439 potius
2558 5382 2744 5430 contra
2780 5391 2876 5432 vos
2903 5378 3161 5451 dicimus,
3185 5391 3237 5439 et
3276 5384 3449 5457 ipsam

1863 5450 2229 5527 poeniteniiam
2256 5459 2426 5517 Deum
2447 5463 2577 5521 dare
2605 5483 2616 5520 :
2644 5468 2765 5539 quia
2783 5469 2905 5525 licet
2930 5450 3200 5531 voluntate
3221 5450 3453 5551 quisque

1859 5557 1983 5620 agat
2024 5550 2422 5622 paenitentiam;
2463 5567 2791 5628 praeparatur
2827 5563 2985 5618 etiam
3015 5565 3258 5623 voluntas
3286 5584 3315 5623 a
3343 5550 3450 5627 Do-

1860 5642 2007 5697 mino
2044 5643 2064 5714 (
2088 5641 2172 5702 Id.
2219 5659 2342 5711 vm,
2392 5664 2491 5702 sec.
2542 5649 2749 5723 LXX),
2793 5661 2840 5707 et
2881 5655 2989 5710 hac
3037 5667 3109 5713 est
3161 5660 3446 5725 immutatio

1860 5732 2078 5788 dextera:
2105 5733 2328 5804 Excelsi,
2367 5752 2525 5807 quam
2563 5754 2712 5799 sacer
2745 5744 2957 5803 insonat
2982 5747 3228 5809 Psalmus
3254 5751 3443 5827 (Paul.

1928 5872 1945 5904 ί
1978 5871 2052 5923 sic
2071 5879 2176 5925 Mss.
2202 5880 2251 5925 tn
2277 5882 2436 5941 \‘tgn.,
2460 5878 2638 5930 dicitis.
