4070 6542
523 401 667 458 1425

523 525 714 579 LXXVI,
747 513 806 568 ll
830 513 878 583 );
910 509 1032 580 quia
1055 518 1118 564 ut
1155 509 1312 564 ﬂeret
1335 510 1526 566 Petrus
1549 551 1564 574 ,
1587 524 1710 564 eum
1737 508 1972 578 respexit
1998 507 2112 560 Do-

521 607 703 662 minus
733 608 898 677 (Luc.
944 621 1084 672 xxu,
1113 605 1175 660 61
1201 645 1216 670 ,
1249 603 1358 676 62)
1388 623 1400 657 :
1430 605 1572 660 unde
1597 605 1674 659 ait
1701 603 1770 659 de
1795 604 2114 752 quibuslam

522 699 864 752 coanostolus
890 699 1026 752 eius.
1075 697 1160 752 Ne
1185 701 1312 752 forte
1349 700 1432 752 det
1467 699 1570 752 illis
1593 697 1732 752 Deus
1773 699 1986 752 unaniten
2013 699 2114 752 iant

522 699 864 769 coapostolus
890 699 1026 766 ejus,
1075 697 1160 752 Ne
1183 701 1312 768 forte
1349 700 1432 752 det
1467 699 1570 754 illis
1593 697 1732 753 Deus
1771 697 2116 768 paenitenliam

525 791 546 862 (
567 791 614 848 Il
635 791 772 844 Tim.
811 807 865 854 ιι,
886 791 956 844 2ὕ
977 791 1016 859 ).
1051 789 1120 844 Et
1141 791 1282 860 quod
1305 792 1651 848 immutabilis
1671 792 1871 846 malitia
1895 791 2110 859 dicitur,

518 879 724 936 homini
756 889 838 936 est
868 880 1231 948 immutabilis,
1253 885 1343 951 qui
1369 897 1490 937 eam
1532 891 1740 938 mutare
1768 898 1876 938 non
1905 891 2110 953 potest;

521 989 628 1028 non
659 973 789 1034 Deo,
819 972 907 1040 qui
928 971 1104 1025 omnia
1131 981 1328 1040 potest.

593 1062 850 1117 CXXVII.
879 1061 1000 1118 Jun.
1029 1061 1180 1128 Quod
1203 1071 1378 1118 autem
1399 1062 1796 1118 commendavit
1817 1063 2112 1118 admonere

519 1155 714 1220 Deum,
746 1165 803 1208 ut
833 1155 1018 1210 relicta
1045 1155 1246 1210 malitia
1281 1165 1591 1224 peccatores
1619 1154 1842 1210 credant
1880 1156 1932 1208 in
1963 1170 2110 1222 eum,

518 1246 714 1302 evertit
757 1246 976 1300 omnino
1009 1246 1318 1315 Opinionem
1358 1247 1616 1301 naturalis
1641 1246 1765 1302 mali
1797 1264 1810 1300 :
1841 1247 1964 1317 quia
1991 1262 2113 1302 cer-

519 1346 628 1390 tum
656 1345 738 1392 est
760 1337 988 1407 relinqui
1010 1353 1114 1392 non
1149 1352 1302 1407 posse
1327 1338 1631 1408 congenita.

592 1431 724 1484 Anc.
755 1429 985 1483 Possunt
1005 1429 1168 1483 etiam
1187 1429 1466 1500 congenita
1493 1429 1760 1500 relinqui;
1787 1429 1883 1486 sed
1899 1429 2111 1502 quando

516 1519 570 1572 id
601 1529 854 1589 operatur
899 1520 952 1573 in
999 1520 1215 1576 homine
1248 1521 1598 1592 Omnipotens
1624 1538 1638 1576 :
1661 1537 1786 1578 nam
1825 1533 1881 1578 et
1918 1537 2110 1578 corru-

517 1612 628 1680 ptio
649 1611 928 1680 congenita
957 1621 1041 1667 est
1063 1613 1296 1683 corpori,
1319 1613 1463 1684 quod
1502 1622 1684 1672 tamen
1718 1615 1820 1671 erit
1859 1615 2109 1674 incorru-

515 1705 718 1774 ptibile.

585 1795 866 1874 QXXVlll.
894 1795 1014 1854 Jun.
1037 1797 1174 1853 Hinc
1201 1799 1462 1868 explicata
1487 1799 1743 1870 patientia
1767 1799 1886 1870 Dei,
1907 1811 1966 1858 et
1992 1801 2106 1858 dis-

514 1888 828 1956 pensatione
869 1889 1150 1945 mitissima
1170 1931 1184 1956 ,
1215 1906 1320 1960 qua
1345 1905 1450 1946 non
1471 1892 1588 1947 vult
1615 1901 1844 1950 mortem
1867 1895 2106 1948 morien-

511 1979 604 2046 tis,
634 1979 734 2036 nisi
771 1990 828 2034 ut
857 1991 1158 2038 revertatur
1184 1992 1240 2038 et
1263 1984 1426 2049 vivat,
1457 1985 1756 2055 approbare
1785 1985 1929 2056 quod
1957 1985 2107 2042 dixe-

510 2081 595 2126 rat
622 2073 784 2128 etiam
811 2088 908 2144 per
927 2075 1174 2144 exempla
1213 2076 1490 2146 persistit,
1517 2076 1750 2148 facitque
1777 2079 2104 2134 mentionem

511 2175 716 2228 eorum,
747 2164 838 2233 qui
867 2163 922 2218 in
949 2173 1090 2221 terra
1110 2165 1415 2222 Chananaea
1441 2167 1685 2224 viventes
1713 2171 1946 2238 pessime
1967 2171 2102 2225 iram

522 2253 920 2326 Omnipotentis
972 2258 1348 2326 accenderant,
1377 2269 1444 2316 ,ιιι
1478 2259 1878 2332 impenderetur
1901 2263 2104 2318 ultione

504 2346 801 2417 justissima
826 2347 1186 2406 lsraelitarum
1213 2350 1497 2423 triumphis
1531 2355 1548 2385 ³
1567 2395 1584 2420 ,
1605 2354 1708 2411 sub
1728 2353 1825 2410 Dei
1849 2354 1962 2425 jam
1985 2356 2103 2426 lege

509 2439 820 2495 viventium.
862 2439 992 2496 Illos
1017 2443 1150 2496 enim
1185 2444 1422 2516 antiquos
1443 2443 1747 2500 habitatores
1773 2457 1964 2502 sancta:
2003 2456 2105 2502 tua:

508 2539 656 2586 terra:
677 2532 874 2600 adiens,
905 2534 1146 2600 quoniam
1173 2535 1384 2590 odibilia
1410 2553 1568 2606 opera
1592 2538 1680 2592 tibi
1700 2539 1984 2609 faciebant,
2013 2557 2103 2612 per

507 2621 846 2677 medicamina
889 2633 938 2678 et
974 2625 1232 2694 sacriﬁcia
1255 2628 1448 2698 injuste
1469 2669 1486 2695 ,
1513 2640 1562 2683 et
1585 2643 1840 2686 necatores
1877 2633 2102 2702 ﬁliorum

505 2714 616 2768 sine
635 2715 1004 2785 misericordia,
1035 2717 1240 2773 voluisti
1268 2721 1477 2789 perdere
1505 2737 1596 2791 per
1619 2737 1801 2776 manus
1831 2735 2098 2793 parentum

505 2815 818 2870 nostrorum,
851 2815 907 2860 ut
940 2807 1150 2881 dignam
1177 2809 1461 2882 percipiant
1486 2814 1944 2884 peregrinationem
1972 2831 2101 2884 pue-

505 2916 681 2954 rorum
709 2899 821 2967 Dei,
851 2917 965 2970 quae
984 2902 1072 2956 tibi
1099 2905 1326 2958 omnium
1345 2905 1550 2960 charior
1571 2915 1644 2960 est
1669 2917 1804 2960 terra
1825 2907 1982 2978 (Sap.
2003 2923 2098 2974 xu,

506 2990 608 3047 5—7
625 2991 668 3061 ).
693 2991 912 3061 Septem
935 3003 1156 3063 gentes,
1185 2995 1383 3065 quibus
1411 3011 1477 3051 ex
1514 2998 1745 3052 maxima
1773 3009 1924 3068 parte
1952 2999 2102 3056 dele-

505 3082 598 3146 tis,
642 3081 896 3136 lsraelitis
947 3093 1087 3138 terra
1118 3087 1551 3155 repromissionis
1577 3089 1699 3142 data
1733 3099 2102 3170 est,‘propter

503 3168 634 3240 quid
659 3170 801 3226 Deus
825 3171 1054 3228 voluerit
1078 3175 1274 3244 perire,
1303 3185 1549 3234 testatur.
1591 3181 1671 3238 Ne
1695 3184 1716 3214 ’
1741 3168 1883 3236 enim
1915 3184 1968 3238 in
1995 3200 2100 3239 una

505 3259 790 3315 hominum
830 3269 1017 3318 natura
1044 3280 1143 3335 per
1189 3267 1422 3337 aliquam
1451 3286 1802 3340 personarum
1828 3276 2098 3345 acceptio-

505 3367 629 3407 nem
680 3351 822 3420 apud
865 3351 1032 3410 Deum
1085 3356 1357 3414 videretur
1403 3375 1522 3417 esse
1565 3361 1846 3430 discretio;
1881 3376 2100 3436 propter

503 3445 632 3516 quid
657 3445 945 3504 Chananaei
969 3451 1268 3506 meruerint
1291 3453 1552 3522 interﬁci,
1575 3459 1932 3514 commendat.
1965 3457 2098 3515 Illos

501 3555 633 3612 ergo
683 3543 918 3612 antiquos
969 3523 1273 3600 habitatores
1323 3557 1512 3604 sancta:
1557 3559 1658 3604 tua:
1681 3561 1846 3618 teme,
1903 3553 2094 3622 inquit,

502 3635 622 3688 odio
650 3635 885 3690 habuisti.
909 3635 1305 3705 Quamobrem?
1331 3639 1488 3697 Certe
1517 3643 1809 3700 secundum
1841 3653 1891 3700 te
1911 3645 2098 3702 debuit

502 3722 756 3792 subdere,
794 3726 916 3796 quia
943 3726 1011 3782 de
1047 3727 1308 3786 diabolica
1335 3741 1489 3787 erant
1519 3735 1900 3792 commixtione
1933 3753 2096 3806 gene-

499 3816 643 3882 rati,
701 3817 822 3887 quia
874 3834 906 3873 a
957 3821 1298 3878 tenebrarum
1359 3826 1600 3895 principe
1652 3829 2090 3899 possidebantur,

499 3907 622 3978 quia
646 3909 933 3965 tabiﬁcavit
959 3912 1128 3969 Adam
1172 3930 1361 3970 omnes
1381 3916 1450 3972 de
1479 3931 1574 3972 sua
1619 3920 1788 3988 stirpe
1815 3930 2090 3977 venturos.

499 3997 697 4054 Verum
715 4001 845 4056 nihil
865 4001 1055 4060 horum
1071 4024 1085 4059 :
1103 4006 1200 4062 sed
1221 4023 1380 4077 quam
1395 4023 1610 4064 causam
1622 4011 2050 4068 redditodiorum
2067 4013 2096 4072 ΐ

497 4089 622 4148 Sola
651 4107 812 4163 opera
836 4099 1121 4153 commissa
1147 4115 1243 4168 per
1259 4100 1586 4156 voluntatem
1605 4103 1848 4158 liberam.
1867 4105 2086 4175 ϐᾶθι-αδ,

497 4182 687 4254 inquit,
715 4201 818 4252 eos,
847 4189 1085 4256 quoniam
1115 4205 1268 4244 exosa
1297 4193 1384 4246 tibi
1417 4209 1574 4262 opera
1593 4195 1864 4264 faciebant.
1895 4198 2091 4258 Verum

495 4287 564 4328 ne
614 4275 966 4344 nesciremus,
1005 4294 1128 4348 quae
1167 4290 1348 4336 essent
1394 4298 1556 4352 opera
1580 4327 1594 4350 ,
1628 4296 1790 4358 tuque
1817 4289 1932 4346 haec
1960 4309 2090 4363 gen-

491 4365 627 4422 tium
655 4367 788 4423 facta
814 4371 1298 4440 concupiscentiam
1341 4376 1628 4445 genitalem
1657 4397 1908 4454 vocares,
1946 4389 2089 4458 ipsas

491 4459 700 4529 Species
749 4462 1076 4530 Operationis
1113 4467 1446 4537 exsequitur.
1475 4469 1577 4524 Per
1609 4473 1976 4546 medicamina,
2010 4483 2090 4535 in-

489 4551 626 4621 quit,
668 4561 715 4607 et
751 4553 1006 4624 sacriﬁcia
1047 4556 1256 4627 injuste,
1301 4567 1347 4612 et
1388 4571 1646 4619 necaturas
1692 4579 1834 4622 erant
1861 4571 2088 4638 ﬁliorum

488 4643 599 4697 sine
608 4644 955 4700 misericordia
974 4662 997 4710 ;
1017 4647 1069 4702 id
1089 4659 1190 4717 est,
1215 4650 1490 4709 maleﬁciis
1518 4663 1572 4710 et
1591 4657 1864 4715 sacriﬁciis
1885 4664 2085 4718 servie-

437 4769 442 4774 -
489 4733 642 4798 bant,
685 4750 804 4804 qua:
847 4736 1048 4806 injusta
1089 4751 1244 4796 erant
1269 4784 1285 4810 ,
1335 4757 1456 4799 cum
1497 4746 1656 4804 idolis
1700 4749 2078 4822 offerebantur,

491 4823 634 4880 cultu
685 4826 954 4884 Creatoris
999 4830 1208 4901 abjecto
1247 4853 1262 4889 :
1306 4837 1498 4907 quibus
1537 4842 1829 4912 sacrilegiis
1873 4845 1894 4875 ³
1939 4849 2084 4916 ipsas

490 4915 913 4974 necessitudines
939 4919 1294 4995 deputabant;
1318 4928 1593 4987 daemonas
1636 4933 1890 4990 videlicet
1919 4915 2079 4994 etiam

487 5009 892 5078 parricidiorum
959 5015 1292 5077 immanitate
1357 5023 1646 5091 placantes.
1714 5026 1844 5082 Vide
1902 5029 2080 5100 itaque

482 5116 644 5172 quam
666 5119 771 5159 non
797 5106 866 5163 de
886 5124 952 5166 eo
977 5110 1226 5184 loquatur
1245 5116 1488 5185 crimine,
1517 5119 1660 5186 quod
1687 5123 1942 5194 conﬁngit
1961 5126 2076 5181 illa-

481 5195 742 5263 nichaeus,
800 5197 855 5254 id
904 5211 1006 5268 est,
1066 5207 1273 5260 cunctis
1321 5221 1420 5276 per
1474 5219 1715 5266 naturam
1768 5215 2076 5276 adhaerente

479 5289 837 5360 mortalibus,
896 5295 986 5364 qui
1041 5293 1167 5350 hinc
1213 5297 1335 5351 illos
1391 5301 1724 5369 potissimum
1784 5307 2076 5367 offendisse

476 5390 887 5446 commemorat,
917 5383 1059 5452 quod
1093 5400 1194 5440 nee
1223 5401 1252 5440 a
1277 5391 1619 5458 parvulorum
1645 5409 1862 5452 suorum
1894 5401 2073 5458 exitiis

476 5473 866 5541 temperabant.
894 5473 1133 5544 Quorum
1160 5489 1306 5537 certe
1335 5499 1483 5542 mors
1525 5501 1630 5544 non
1662 5503 1968 5548 recurreret
2003 5495 2071 5551 ad

535 5665 555 5741 ξ
589 5668 663 5741 _S_lc
685 5669 932 5740 assimiti
957 5683 1093 5734 vero,
1121 5674 1409 5741 triumphus.

533 5726 556 5806 ξ
585 5729 1016 5806 Χὶβιιὶειιίιιεεειεσ.
1041 5726 1098 5786 Αἰ
1117 5726 1445 5806 οοᾴςκῗιῖὅιῖίη
1467 5753 1541 5796 ne.

532 5785 554 5816 ³
584 5785 783 5840 stc'uss.
808 5797 860 5843 In
880 5785 1042 5859 'vigm,
1065 5785 1346 5863 sacriﬁea;

1235 396 1478 456 OPERIS
1512 394 1926 452 IMPERFECTI
1965 391 2243 450 CONTRA
2277 393 2641 462 JULIANUM,
2681 395 2740 452 S.
2781 395 3148 456 AUGUSTINI

3671 403 3808 469 is“

2225 505 2586 564 interfectoris
2613 510 2628 540 ¹
2677 510 2926 567 invidiam
2947 555 2962 580 ,
2993 514 3038 568 si
3067 522 3284 586 propter
3329 531 3491 573 unum
3533 529 3809 590 peccatum

2225 605 2282 654 et
2305 599 2566 667 parricida
2599 601 2708 656 Deo
2733 601 3062 672 displiceret,
3095 615 3150 660 et
3181 607 3343 662 ﬁlius.

2299 689 2432 746 Anc.
2455 690 2544 746 Sic
2569 692 2668 747 ista
2695 693 2950 764 loqueris,
2978 697 3128 766 quasi
3157 709 3375 770 propter
3401 716 3566 756 unum
3593 703 3806 774 aliquod

2225 783 2429 850 peccati
2455 798 2620 853 genus
2651 799 2840 841 omnes
2867 787 3112 842 homines
3140 791 3424 859 puniantur
3450 833 3464 858 ,
3491 802 3586 849 aut
3610 810 3711 851 nos
3736 797 3808 851 di-

2225 885 2409 926 camus
2461 883 2679 943 prOpter
2727 876 2898 932 solum
2943 879 3200 948 originale
3237 891 3514 950 peccatum
3559 901 3683 942 esse
3721 887 3810 944 irae

2224 961 2362 1016 ﬁlios
2405 977 2518 1031 eos,
2552 966 2638 1032 qui
2685 966 2790 1036 jam
2829 969 3060 1038 grandes
3101 981 3288 1028 aetates
3333 984 3516 1045 agunt.
3571 977 3807 1048 Quisquis

2223 1069 2324 1108 non
2344 1056 2502 1110 credit
2527 1057 2580 1110 in
2611 1057 2824 1126 Filium,
2857 1062 2996 1116 sicut
3017 1063 3094 1116 ait
3119 1063 3232 1133 ipse
3251 1065 3420 1121 Filius
3445 1109 3460 1134 ,
3487 1085 3590 1123 non
3617 1071 3811 1126 habebit

2222 1146 2394 1212 vitam,
2423 1149 2511 1202 sed
2547 1151 2626 1203 ira
2651 1149 2747 1204 Dei
2777 1165 2943 1208 manet
2981 1171 3133 1224 super
3161 1173 3272 1210 eum
3295 1156 3489 1228 (Joan.
3519 1176 3614 1228 ιιι,
3657 1163 3759 1233 56)
3793 1183 3808 1218 τ

2221 1237 2314 1290 sed
2343 1251 2463 1292 sunt
2489 1241 2605 1296 aliis
2647 1241 2736 1296 alii
2767 1244 2999 1314 pejores,
3033 1261 3194 1316 super
3234 1263 3368 1318 quos
3405 1250 3499 1306 Dei
3528 1253 3712 1323 utique
3737 1255 3808 1310 ira

2221 1329 2393 1398 major
2423 1341 2632 1398 manet;
2667 1349 2765 1390 nec
2795 1343 2968 1391 tamen
2989 1351 3180 1394 omnes
3201 1340 3279 1394 sic
3303 1352 3622 1398 evertuntur
3651 1357 3806 1415 atque

2219 1419 2483 1490 delentur,
2529 1433 2588 1478 ut
2630 1425 2716 1480 isti
2759 1426 2828 1482 de
2848 1429 3041 1498 quibus
3067 1430 3274 1501 agitur,
3300 1433 3393 1502 qui
3421 1442 3622 1490 terram
3647 1479 3664 1504 ,
3695 1453 3808 1507 quae

2219 1511 2476 1569 lsraelitis
2501 1515 2623 1571 data
2661 1527 2781 1583 est,
2815 1521 3178 1588 possidebant.
3219 1523 3358 1591 Quid
3387 1535 3472 1581 est
3499 1542 3630 1598 ergo
3671 1531 3808 1598 quod

2217 1602 2375 1672 dicis,
2413 1624 2431 1656 ι
2469 1607 2600 1662 Vide
2629 1608 2808 1679 itaque
2851 1627 3012 1682 quam
3053 1629 3159 1668 non
3209 1614 3277 1670 de
3305 1631 3371 1670 eo
3409 1617 3663 1688 loquatur
3703 1622 3806 1676 cri-

2219 1695 2384 1762 mine,
2415 1699 2558 1766 quod
2607 1699 2862 1771 conﬁngit
2888 1701 3249 1760 Manichzeus?
3280 1725 3298 1758 ›
3341 1707 3430 1762 ubi
3457 1709 3541 1764 vis
3589 1711 3806 1782 intelligi

2217 1789 2478 1860 originale
2517 1803 2828 1862 peccatum,-
2857 1795 3000 1866 quod
3039 1812 3148 1852 non
3177 1799 3433 1870 conﬁngit
3463 1801 3803 1870 Manichacus,

2215 1881 2331 1949 sed,
2365 1891 2424 1938 nt
2445 1887 2624 1940 czeteri
2648 1886 2932 1955 Catholici,
2961 1897 3018 1944 et
3043 1899 3230 1944 contra
3261 1906 3378 1960 vos,
3405 1903 3462 1948 et
3479 1909 3670 1950 contra
3700 1896 3806 1951 bla-

2213 1973 2480 2030 nichaeum
2507 1976 2788 2032 conﬁtetur
2831 1979 3150 2035 Ambrosius
3179 1998 3193 2034 :
3219 1981 3342 2052 quia
3370 1999 3476 2038 non
3506 1994 3590 2040 est
3618 1985 3802 2042 alienae

2212 2074 2418 2122 naturae
2463 2069 2792 2136 commixtio,
2841 2086 3000 2140 quam
3053 2071 3380 2129 Manichacus
3418 2075 3662 2142 inducit;
3715 2079 3806 2136 sed

2213 2163 2412 2212 nostra:
2441 2157 2751 2228 depravatio
2779 2159 2846 2215 de
2875 2171 3098 2231 peccato
3121 2203 3138 2228 ,
3169 2163 3312 2234 quod
3341 2165 3392 2218 in
3425 2167 3686 2222 mundum
3715 2186 3804 2238 per

2211 2266 2376 2306 unum
2397 2251 2670 2309 hominem
2695 2254 2949 2324 intravit,
2979 2264 3035 2310 et
3070 2271 3166 2326 per
3189 2273 3376 2314 omnes
3415 2258 3664 2316 homines
3687 2278 3806 2332 per-

2213 2343 2441 2406 transiit,
2471 2345 2613 2414 qnod
2642 2354 2826 2400 contra
2877 2347 3035 2402 ﬁdem
3065 2349 3380 2404 catholicam
3433 2367 3530 2408 vos
3575 2355 3800 2422 negatis.

2211 2433 2392 2506 Usque
2417 2435 2624 2492 adeone
2651 2453 2825 2494 caecus
2852 2454 2932 2506 es,
2961 2449 3020 2494 ut
3045 2455 3154 2495 non
3197 2441 3380 2498 videas
3399 2485 3415 2510 ,
3447 2445 3571 2514 quia
3605 2446 3652 2500 si
3681 2461 3802 2516 pro-

2211 2536 2395 2596 pterea
2428 2537 2706 2598 peccatum
2739 2531 2998 2602 originale
3025 2548 3133 2588 non
3161 2542 3263 2601 est,
3301 2535 3422 2604 quia
3459 2535 3549 2591 hic
3573 2552 3804 2594 comme-

2209 2629 2476 2674 moratum
2493 2635 2600 2676 non
2627 2631 2730 2688 est,
2754 2636 2854 2676 nec
2873 2623 2974 2678 alia
3003 2633 3219 2694 peccata
3243 2635 3459 2696 peccata
3485 2639 3662 2693 erunt,
3689 2646 3806 2700 quae

2210 2710 2297 2766 hic
2337 2722 2754 2768 commemorata
2795 2731 2904 2769 non
2943 2725 3087 2782 sunt,
3133 2717 3246 2772 sive
3291 2719 3406 2774 istis
3433 2720 3661 2788 minora,
3695 2723 3804 2779 sive

2209 2802 2449 2872 majora?
2488 2803 2756 2876 Numquid
2783 2806 2902 2862 ideo
2951 2807 3244 2864 Sodomitm
3291 2809 3454 2866 deleti
3493 2829 3600 2868 non
3655 2823 3800 2882 sunt,

2209 2895 2332 2966 quia
2359 2911 2470 2952 non
2489 2897 2556 2952 de
2577 2898 2681 2952 illis
2711 2898 2910 2954 dictum
2937 2909 3020 2955 est
3046 2901 3190 2970 quod
3241 2901 3504 2958 maleﬁcia
3531 2912 3590 2960 et
3631 2905 3802 2976 parri-

2209 2986 2398 3041 cidalia
2454 2987 2712 3043 sacriﬁcia
2741 2989 3040 3045 iaciebant?
3081 2999 3175 3046 aut
3209 2991 3330 3048 ideo
3382 2993 3468 3049 isti
3521 2995 3806 3054 Chanaumi

2209 3077 2378 3134 deleti
2399 3095 2504 3134 non
2533 3089 2676 3146 sunt,
2710 3081 2832 3150 quia
2859 3097 2964 3136 non
2996 3081 3062 3137 de
3084 3083 3185 3138 illis
3210 3083 3409 3140 dictum
3431 3101 3513 3142 εει
3533 3087 3802 3157 quodma-

2207 3173 2341 3230 sculi
2376 3174 2429 3228 in
2458 3175 2726 3230 masculos
2748 3175 3128 3245 turpitudinem
3151 3178 3542 3248 operabantur?
3581 3179 3807 3238 Verum-

2210 3275 2388 3322 tamen
2430 3267 2648 3320 tacitum
2699 3281 2806 3322 non
2847 3277 2949 3336 est,
3002 3267 3144 3338 quod
3199 3279 3316 3326 erat
3367 3287 3552 3327 eorum
3601 3275 3806 3332 malitia

2207 3349 2498 3418 naturalis;
2553 3367 2672 3420 quae
2711 3351 2926 3422 quidem
2972 3355 3208 3408 omnium
3257 3355 3568 3424 hominum,
3607 3359 3706 3414 sed
3751 3361 3804 3418 in

2205 3442 2324 3496 aliis
2345 3443 2540 3509 minor,
2570 3443 2624 3498 in
2679 3443 2801 3499 aliis
2828 3445 3001 3516 major
3045 3456 3127 3503 est
3153 3466 3166 3502 :
3199 3448 3338 3505 sicut
3363 3465 3592 3522 corpora
3618 3468 3806 3510 eorm-

2205 3535 2412 3604 ptibilia
2454 3545 2579 3590 sunt
2615 3537 2856 3592 omnium
2875 3581 2892 3606 ,
2920 3539 3014 3594 sed
3044 3539 3174 3596 alias
3206 3543 3413 3599 animas
3437 3547 3636 3614 minus,
3665 3549 3800 3606 alias

2205 3627 2325 3696 plus
2346 3637 2605 3698 gravant,
2651 3645 2751 3700 pro
2795 3631 3102 3689 diversitate
3121 3634 3444 3704 judiciorum
3479 3639 3596 3704 Dei,
3625 3643 3804 3698 occul-

2207 3730 2380 3776 torum
2411 3723 2624 3793 quidem
2649 3766 2665 3791 ,
2699 3724 2794 3780 sed
2839 3725 2952 3780 sine
2992 3726 3096 3780 ulla
3135 3727 3468 3787 dubitatione
3507 3733 3800 3803 justorum.

2206 3811 2342 3879 Quid
2369 3829 2496 3884 ergo
2521 3815 2739 3882 mirum,
2781 3816 2826 3870 si
2855 3831 2974 3870 cum
3007 3833 3166 3874 causa
3195 3831 3574 3892 exponeretur,
3618 3841 3718 3880 cur
3747 3827 3800 3883 in

2203 3917 2298 3958 eos
2317 3905 2444 3960 talis
2488 3905 2720 3960 vindicta
2761 3909 3103 3978 processerit,
3139 3926 3242 3965 non
3265 3912 3564 3970 voluntaria
3593 3925 3800 3973 tantum

2202 4007 2388 4050 eorum
2417 3995 2616 4050 malitia
2645 4008 3062 4052 commemorata
3099 4009 3202 4065 est,
3230 4017 3414 4056 verum
3449 4005 3610 4060 etiam
3639 4017 3800 4062 natu-

2201 4087 2350 4154 ralis,
2405 4086 2491 4141 eui
2535 4095 2731 4157 praeter
2775 4089 2990 4158 generis
3014 4089 3232 4146 humani
3277 4107 3562 4152 commune
3606 4109 3798 4154 conta-

2199 4180 2380 4250 gium,
2425 4191 2727 4235 accesserat
2774 4181 2974 4251 aliquid
3032 4185 3261 4255 amplius
3307 4203 3373 4242 ex
3416 4190 3800 4249 maledictione

2197 4271 2508 4342 prophetica
2538 4271 2786 4342 (sanctus
2831 4275 2974 4329 enim
3010 4274 3126 4332 Noe
3179 4293 3330 4334 suum
3377 4295 3626 4352 nepotem
3656 4285 3800 4341 Cha-

2199 4380 2336 4419 naan
2375 4367 2769 4435 progenitorem
2809 4369 3083 4425 maledixit
3105 4373 3340 4446 illorum)
3375 4375 3528 4448 (Gen.
3553 4395 3628 4445 ix,
3659 4379 3796 4452 25);

2195 4473 2302 4514 non
2348 4460 2530 4530 utique
2559 4460 2774 4530 injuste,
2806 4463 2892 4517 cui
2923 4467 3144 4518 tamen’
3173 4479 3316 4522 esset
3354 4469 3618 4538 obnoxia,
3655 4474 3800 4528 obli-

2193 4551 2406 4621 gatione
2427 4554 2800 4620 successionis,
2832 4555 2889 4608 in
2917 4556 3103 4624 prole?
3129 4557 3281 4626 Quod
3306 4574 3532 4631 apparet
3555 4565 3792 4620 etiamin

2193 4642 2431 4711 parvulis
2457 4657 2642 4698 eorum
2667 4685 2682 4710 ,
2713 4643 2804 4712 qui
2834 4659 2953 4698 cum
2989 4645 3100 4701 suis
3129 4649 3460 4719 parentibus,
3492 4661 3546 4708 et
3575 4653 3680 4709 hoc
3707 4655 3800 4726 ju-

2193 4730 2359 4786 bentc
2387 4731 2517 4796 Deo,
2563 4733 2680 4788 sine
2705 4733 2866 4789 ullius
2893 4736 3062 4789 aetatis
3102 4739 3418 4808 exceptione
3457 4741 3620 4799 deleti
3667 4754 3798 4800 sunt

2194 4820 2381 4890 (Deut.
2415 4839 2474 4890 ιι,
2503 4823 2611 4892 54)
2648 4843 2660 4878 :
2690 4840 2810 4879 cum
2839 4825 3071 4894 majores
3094 4839 3374 4899 propterea
3417 4836 3652 4890 maxime
3683 4837 3796 4892 Deo

2189 4911 2588 4982 diSplicuerint,
2659 4916 2800 4984 quod
2854 4916 3186 4974 daemonibus
3247 4922 3472 4979 fundere
3551 4927 3800 4984 solerent

2188 5021 2408 5061 suorum
2458 5008 2768 5078 sanguinem
2815 5012 3174 5080 parvulorum.
3229 5013 3339 5070 Nec
3393 5017 3536 5073 Dens
3583 5019 3796 5089 praece-

2187 5099 2266 5170 pit
2318 5101 2519 5156 eisdem
2561 5102 2792 5171 parvulis
2841 5105 2984 5173 parci
3046 5125 3059 5160 :
3115 5106 3224 5161 imo
3263 5111 3520 5180 praecepit
3567 5115 3796 5170 omnino

2185 5203 2292 5244 non
2343 5192 2511 5260 parci.
2569 5191 2703 5247 Hinc
2759 5193 2993 5265 intcllige
3037 5213 3205 5250 semen
3255 5199 3316 5252 ab
3371 5201 3514 5254 initio
3566 5205 3792 5259 inaledi-

2183 5289 2319 5335 clum
2351 5297 2370 5334 :
2398 5297 2571 5353 neque
2617 5283 2759 5338 enim
2801 5301 2924 5339 cum
2967 5289 3060 5356 qui
3107 5288 3211 5344 hoc
3257 5293 3548 5364 praecepit,
3603 5295 3792 5352 dicere

2184 5369 2404 5426 audebis
2433 5373 2707 5444 injustam.
2760 5375 2912 5443 Quod
2942 5379 2986 5432 si
3018 5379 3110 5432 tibi
3146 5381 3382 5436 venisset
3420 5385 3475 5438 in
3516 5395 3786 5458 mentem,

2182 5477 2288 5518 non
2317 5463 2437 5520 ideo
2485 5466 2794 5537 sejungeres
2822 5482 2851 5521 a
2879 5469 3186 5538 parentibus
3207 5473 3384 5544 impiis
3417 5475 3790 5536 innocentiam

2182 5553 2430 5622 ﬁliorum,
2477 5557 2620 5628 quod
2647 5577 2665 5610 t
2699 5559 2824 5616 inde
2853 5560 3198 5631 potissimum
3225 5563 3556 5625 oﬁ‘enderint
3585 5585 3792 5642 paren-

2241 5764 2260 5832 ξ
2295 5765 2453 5832 vign.,
2476 5763 2850 5832 interfectorum.
2875 5771 3005 5826 Mss,
3037 5765 3372 5832 interfectoris.

2241 5825 2262 5856 ³
2296 5825 2370 5875 Siti
2387 5831 2494 5877 uss.
2529 5834 2579 5878 In
2603 5825 2774 5891 editis,
2803 5825 3004 5881 tantum.
