3980 6486
226 409 378 468 1425

229 530 317 576 tes
355 520 542 580 Deum,
591 515 714 586 quia
765 527 864 571 nec
897 527 929 569 a
981 511 1320 584 parvulorum
1373 521 1590 564 suorum
1647 503 1822 559 exitiis

233 610 628 680 temperabant.
670 607 906 674 Quorum
933 615 1079 661 certe
1106 619 1273 670 mors,
1311 623 1331 656 ι
1357 601 1532 672 inquis
1554 641 1570 665 ,
1601 614 1706 654 non
1733 611 1824 651 re-

232 710 478 758 curreret
511 700 578 754 ad
621 699 975 754 interfectoris
1015 697 1266 752 invidiam
1290 739 1306 763 ,
1338 696 1384 750 si
1415 701 1631 766 propter
1656 704 1822 745 unum

233 803 512 864 peceatum
563 800 616 847 et
670 791 931 861 parricida
978 791 1090 846 Deo
1126 788 1450 860 displiceret,
1495 792 1551 839 et
1601 782 1758 836 ﬁlius.
1798 798 1818 832 ι

232 887 348 941 Nec
377 885 526 939 vides
556 883 626 937 ita
667 883 1008 953 displicuisse
1042 883 1151 936 Deo
1180 889 1458 936 necatores
1486 876 1736 938 ﬁliorum,
1767 882 1826 927 ut

239 991 418 1034 tamen
461 977 678 1032 eosdem
707 992 917 1046 quoque
947 976 1085 1029 ﬁlios
1124 989 1245 1028 cum
1281 971 1364 1025 bis
1386 970 1596 1040 juberet
1627 964 1821 1022 occidi.

233 1072 420 1141 Neque
446 1068 610 1134 enim,
641 1068 766 1138 quia
801 1068 876 1121 illi
920 1065 1233 1136 impiissime
1256 1063 1416 1117 etiam
1457 1060 1592 1114 ﬁlios
1618 1059 1822 1113 daemo-

236 1163 342 1216 niis
378 1159 759 1224 immolabant,
811 1157 932 1212 ideo
976 1171 1081 1210 non
1121 1154 1422 1210 debuerunt
1459 1151 1618 1207 etiam
1660 1149 1822 1204 iidem

240 1254 361 1319 ﬁlii,
393 1269 495 1306 non
525 1250 760 1305 humano
791 1250 1014 1312 scelere,
1056 1247 1151 1303 sed
1176 1246 1377 1317 judicio
1406 1245 1607 1310 divino,
1640 1245 1824 1312 utique

233 1347 398 1416 justo,
425 1344 666 1414 quamvis
694 1343 905 1397 occulto
924 1384 938 1406 ,
974 1351 1222 1410 tanquam
1245 1353 1428 1394 semen
1459 1335 1818 1401 maledictum,

238 1440 377 1492 sicut
403 1436 594 1490 factum
621 1443 723 1499 est,
769 1434 967 1504 pariter
994 1433 1232 1487 interire.
1263 1430 1391 1485 Haec
1421 1444 1524 1484 nou
1569 1426 1818 1492 attendis,

235 1529 366 1584 dum
405 1526 708 1597 eloquentia
753 1526 870 1580 siue
908 1523 1169 1593 sapientia
1216 1521 1422 1592 raperis
1446 1561 1462 1586 ,
1500 1529 1554 1576 et
1603 1517 1824 1574 flumine

235 1619 486 1674 vanitatis
543 1617 622 1673 vis
670 1631 792 1672 esse
839 1616 1090 1680 disertus,
1131 1613 1376 1669 desertus
1415 1610 1616 1666 lumine
1679 1609 1822 1664 veri-

237 1712 382 1766 tatis.

310 1803 544 1860 CXXIX.
584 1804 704 1860 ιω..
753 1802 937 1857 Verum
968 1810 1017 1857 et
1043 1802 1142 1867 his,
1171 1800 1360 1871 inquit,
1391 1809 1631 1870 tanquam
1655 1797 1824 1852 homi-

235 1897 382 1951 nibus
397 1897 681 1968 pepercisti,
699 1905 746 1949 et
769 1896 947 1949 misisti
967 1893 1302 1965 praecedentes
1322 1893 1594 1946 exercitum
1613 1906 1824 1960 vespas;

234 2005 337 2042 non
364 1989 480 2058 quia
506 1990 754 2058 impotens
770 2003 883 2041 eras
904 1987 955 2040 iu
980 2002 1153 2056 pugna
1175 1985 1358 2054 impios
1377 1985 1531 2054 justis
1557 1982 1821 2053 subjicere,

232 2082 326 2136 sed
356 2081 584 2150 partibus
595 2079 842 2150 judicans
862 2079 1018 2134 dabas
1039 2079 1204 2132 locum
1230 2076 1551 2148 paenitentiae.
1587 2073 1821 2141 Aculeis,

241 2176 413 2246 inquit
437 2217 450 2240 ,
482 2189 784 2229 muscarum
818 2174 978 2228 etiam
1004 2173 1124 2227 illos
1148 2171 1294 2242 ipsos
1319 2169 1604 2240 sacrilegos
1632 2168 1824 2223 stimu-

234 2268 412 2330 labas,
456 2275 516 2322 ut
558 2267 848 2336 potentiam
875 2264 1192 2319 vindicantis
1221 2264 1287 2319 de
1314 2263 1518 2318 ludicro
1544 2275 1655 2315 sua:
1683 2258 1823 2314 afﬂi-

233 2359 429 2415 ctionis
458 2357 817 2412 adverterent.
846 2355 952 2411 Sed
976 2365 1257 2426 postquam
1283 2370 1353 2410 ex
1373 2353 1596 2409 consilio
1628 2351 1744 2417 Dei,
1771 2359 1826 2406 et

234 2452 452 2508 ultionis
480 2465 674 2522 genere
699 2448 999 2504 voluntaria
1024 2457 1238 2518 peccata
1261 2433 1570 2517 patuerunt,
1597 2457 1824 2515 quorum

236 2544 458 2613 rejectio
482 2541 890 2612 exspectabatur
916 2550 971 2596 et
997 2539 1278 2610 petebatur
1295 2540 1345 2603 1;
1379 2548 1504 2593 tunc
1529 2537 1742 2592 demum
1768 2535 1824 2589 in

239 2637 498 2706 obstipam
527 2635 829 2705 punitorum
861 2634 1229 2704 profanitatem
1280 2633 1554 2703 scriptoris
1595 2632 1826 2702 assurgit

237 2728 490 2792 invectio,
517 2727 751 2798 dicitque
789 2727 908 2782 illos
941 2735 1140 2782 tantam
1172 2727 1334 2782 inisse
1362 2741 1482 2780 cum
1511 2723 1824 2781 criminibus

235 2818 674 2884 familiaritatem,
707 2827 768 2873 ut
813 2819 992 2874 innata
1034 2819 1266 2890 quodam
1307 2818 1469 2874 modo
1496 2818 1821 2873 viderentur.

237 2909 362 2964 Non
384 2911 628 2980 ignorans
646 2952 662 2975 ,
694 2910 885 2980 inquit,
911 2911 1151 2980 quoniam
1179 2910 1480 2981 nequissima
1507 2910 1659 2978 fuerit
1685 2909 1823 2962 natio

234 3001 461 3067 illorum,
491 3009 538 3054 et
576 3001 824 3054 naturalis
859 3001 1057 3055 malitia
1085 3001 1331 3070 ipsorum,
1363 3010 1410 3054 et
1447 3001 1683 3071 quoniam
1723 3008 1847 3052 non‘

235 3102 433 3164 poterat
452 3094 753 3147 commutari
777 3093 1010 3164 cogitatio
1025 3109 1200 3148 eorum
1228 3094 1283 3147 in
1305 3101 1600 3163 perpetuum
1618 3107 1638 3155 ;
1655 3106 1826 3146 semen

233 3186 367 3239 enim
391 3193 499 3238 erat
521 3185 842 3238 maledictum
863 3184 925 3237 ab
943 3184 1087 3238 initio
1118 3201 1138 3237 :
1161 3200 1253 3238 nec
1278 3185 1456 3238 timens
1475 3183 1712 3251 aliquem,
1744 3197 1827 3234 ve-

232 3277 374 3330 niam
401 3276 562 3331 dabas
579 3276 796 3348 peccatis
824 3275 1031 3330 illorum
1051 3275 1206 3347 (Sap.
1228 3291 1320 3341 xu,
1345 3274 1532 3345 8-H).
1560 3274 1716 3338 Cum,
1739 3275 1824 3329 in-

235 3369 383 3438 quit,
416 3377 472 3423 tu
498 3375 606 3422 tam
631 3368 860 3439 benigne
886 3377 1098 3438 tamque
1127 3368 1391 3438 patienter
1419 3375 1476 3422 et
1500 3366 1826 3436 paenitentia:

235 3470 446 3530 tempus
473 3460 777 3526 indulseris,
809 3469 864 3515 et
891 3460 1197 3530 speculam’
1224 3459 1600 3514 admonitionis
1628 3458 1822 3514 inﬁxe-

238 3553 338 3618 ris,
370 3562 427 3606 ut
458 3553 714 3623 justitiam
754 3567 817 3608 ac
856 3552 1280 3608 misericordiam
1310 3551 1377 3605 ab
1402 3551 1547 3605 omni
1578 3549 1823 3615 infamia,

219 3642 313 3708 ab
341 3644 483 3697 omni
513 3643 814 3713 suspicione
839 3643 1170 3698 crudelitatis
1196 3656 1466 3697 assereres
1498 3660 1512 3696 :
1543 3650 1716 3698 tamen
1749 3640 1827 3695 illi

240 3745 556 3807 spreverunt
569 3737 1010 3792 commonitiones
1028 3745 1161 3802 tuas,
1176 3735 1264 3805 qui
1281 3734 1536 3790 beneﬁcia
1553 3733 1828 3803 praemissa

238 3827 612 3898 despexerunt,
646 3829 790 3884 velut
828 3830 917 3899 qui
945 3829 1110 3884 velint
1149 3828 1376 3898 probare
1417 3828 1486 3882 de
1528 3827 1668 3883 illius
1710 3841 1829 3882 esse

236 3925 445 3976 semine
481 3921 669 3987 Cham,
700 3921 753 3975 in
797 3937 955 3992 quem
996 3921 1110 3976 Noe
1153 3921 1342 3975 beatus
1367 3919 1606 3974 nuditate
1629 3919 1828 3984 derisa,

233 4027 465 4068 censura
502 4012 669 4082 patria
709 4013 880 4067 fuerat
908 4011 1190 4066 maledicta
1222 4011 1507 4080 jaculatus.
1542 4010 1678 4078 Quid
1703 4024 1830 4080 ergo

233 4107 454 4169 mirum,
487 4106 532 4160 si
557 4106 772 4176 majoris
797 4119 981 4161 eorum
1013 4105 1034 4136 ³
1064 4105 1340 4175 proterviae
1369 4104 1582 4170 merito,
1614 4111 1827 4158 senten-

240 4197 332 4250 tia:
359 4204 474 4250 erat
493 4198 802 4252 austeritate
829 4197 1124 4267 perculsus,
1152 4195 1462 4252 recordatus
1487 4205 1570 4250 est
1598 4195 1829 4263 scriptor

244 4291 302 4341 in
332 4289 588 4343 maculam
625 4296 957 4358 posterorum
987 4303 1094 4342 non
1125 4287 1493 4343 desistentium
1520 4287 1588 4341 ab
1608 4286 1828 4341 aemula-

247 4379 414 4443 tione,
442 4394 559 4433 eum
602 4381 905 4450 frequenter
949 4381 1002 4435 iu
1047 4380 1164 4452 lege
1208 4380 1452 4447 imitatio,
1497 4387 1827 4449 posterorum

247 4470 648 4526 necessitudinis
675 4487 884 4542 quoque
910 4472 1181 4527 vocabulis
1207 4472 1495 4542 arguatur?
1524 4469 1614 4526 Sic
1636 4472 1832 4541 quippe

250 4563 507 4618 Dominus
554 4565 603 4618 iu
651 4566 938 4635 Evangelio
982 4565 1048 4619 ad
1092 4565 1348 4620 .ludzeos:
1389 4563 1508 4626 Vos,
1547 4564 1734 4634 inquit,
1771 4581 1833 4618 ea;

247 4662 394 4722 patre
420 4655 616 4708 diabolo
642 4658 756 4710 estis
793 4656 970 4728 (Joan.
1003 4673 1110 4718 vm,
1135 4656 1250 4726 44).
1307 4656 1371 4710 Et
1415 4656 1600 4711 Daniel
1644 4664 1830 4711 contra

243 4761 471 4815 spurcos
495 4748 854 4818 presbyteros,
871 4749 938 4803 de
964 4747 1127 4802 Israel
1151 4757 1325 4802 tamen
1351 4748 1515 4817 stirpe
1533 4747 1829 4814 venientes,

240 4837 435 4892 eodem
472 4853 666 4908 genere
706 4839 897 4909 legitur
931 4841 1168 4894 invectus
1199 4859 1212 4893 :
1245 4839 1448 4900 Semen,
1483 4839 1668 4908 inquit,
1701 4839 1834 4892 Cha-

241 4948 400 4996 naan,
430 4941 476 4984 et
506 4948 606 4984 non
633 4930 777 4985 Jrula
821 4930 995 5004 (Dan.
1021 4948 1133 4997 xm,
1163 4931 1231 4987 56
1249 4930 1290 5004 ).
1338 4931 1586 4987 Ezechiel
1623 4945 1836 5001 quoque

243 5024 498 5095 pmpheta
540 5024 826 5094 exprobrat
864 5025 1003 5094 plebi
1049 5023 1346 5079 Jerusalem
1376 5042 1388 5078 :
1418 5024 1586 5078 Mater
1611 5033 1718 5091 tua,
1750 5025 1833 5078 in-

243 5117 379 5184 quit,
411 5115 654 5180 Cettlzaia,
678 5126 724 5170 et
747 5125 889 5184 pater
909 5125 1024 5170 tuus
1051 5116 1373 5169 Amorrhaaus
1403 5114 1611 5186 (Ezech.
1646 5131 1754 5182 va,
1777 5115 1831 5182 5,

245 5211 362 5280 45).
395 5210 488 5266 Est
511 5225 635 5280 ergo
663 5210 752 5264 hic
778 5224 904 5264 usus
933 5220 988 5264 ut
1015 5209 1081 5264 ad
1105 5209 1392 5264 voluntatis
1419 5208 1667 5263 invidiam
1696 5205 1834 5261 infa-

245 5305 415 5359 matio
464 5305 645 5375 stirpis
688 5304 925 5371 accedat,
968 5305 1298 5374 nimiumque
1343 5302 1552 5358 crimini
1593 5301 1835 5357 videatur

314 5479 330 5508 ¹
367 5478 526 5542 codex
554 5485 704 5538 Port.,
728 5478 924 5542 reiectio
940 5477 1326 5542 exspectabatur,
1347 5475 1420 5527 vel
1443 5474 1838 5542 expetebatur._—

243 5539 394 5603 Morel
410 5552 592 5603 neque,
625 5547 672 5590 et
690 5537 972 5603 petebatur,
997 5537 1181 5602 neque,
1205 5537 1277 5589 vel
1308 5537 1639 5603 expetebatur,
1672 5537 1843 5603 admit-

247 5603 325 5659 tit,
360 5599 526 5663 sicque
552 5601 676 5664 legit
695 5599 999 5663 simpliciter
1024 5616 1036 5664 ς
1065 5599 1266 5664 quorum
1296 5599 1493 5662 refectio
1533 5599 1843 5664 exspectaba-

245 5669 367 5774 ἓξὲξ
411 5661 522 5771 tam
569 5661 934 5724 démum,‘etc.
957 5661 1527 5723 vide'ElementJn'iticq
1559 5661 1705 5729 pagg.
1730 5661 1841 5724 564,

316 5789 338 5818 ³
369 5792 528 5845 Forte,
548 5785 806 5848 spiculum.

316 5847 342 5880 ³
371 5851 510 5898 Forte
531 5846 611 5899 hic
628 5849 789 5907 deest.
811 5846 912 5904 qui.

1581 388 1788 448 LIBER
1822 387 2168 457 QUARTUS.

3374 401 3517 459 M26

1932 507 2228 574 adhaerere,
2262 523 2358 579 per
2379 511 2530 582 cujus
2557 513 2802 569 meritum
2831 513 3128 570 convicium
3155 513 3426 585 patiuntur
3453 522 3514 572 et

1932 598 2153 652 semina.
2185 599 2438 656 Servatur
2461 613 2640 659 autem
2673 605 2758 661 hic
2786 605 2924 662 idem
2945 621 3062 661 mos
3086 607 3242 662 etiam
3271 607 3324 662 in
3346 607 3516 662 bono-

1933 706 2048 744 rum
2079 703 2228 760 parte
2247 736 2259 759 ,
2295 705 2350 749 ut
2389 711 2509 752 cum
2538 697 2747 752 videtur
2773 699 2934 754 homo
2958 713 3056 769 per
3077 699 3252 754 omnia
3289 698 3511 769 probus,

1931 787 2226 856 congenitis
2266 788 2472 842 dicatur
2510 789 2702 846 ﬂorere
2729 792 3026 848 virtutibus.
3064 792 3212 850 Unde
3239 801 3292 848 et
3318 791 3511 848 beatus

1930 878 2032 934 Job
2051 879 2430 935 misericordiae
2453 881 2696 938 aﬁ‘ectum
2725 900 2830 955 quo
2854 885 3197 941 subveniebat
3222 884 3514 955 indigenti-

1933 971 2051 1039 bus,
2082 971 2150 1028 de
2175 972 2428 1028 uberibus
2447 990 2507 1030 se
2527 977 2771 1041 traxisse,
2804 977 2910 1032 imo
2934 978 3002 1033 de
3025 986 3178 1032 utero
3197 977 3381 1031 matris
3400 990 3514 1030 suae

1932 1077 2110 1118 secum
2140 1061 2424 1119 conﬁrmat
2446 1080 2717 1135 egressum
2745 1065 2862 1134 (Job
2888 1083 3042 1133 XXXI,
3067 1068 3181 1136 18).
3213 1066 3352 1120 Nihil
3382 1081 3512 1136 ergo

1931 1157 2091 1212 rebus
2119 1157 2431 1226 perSpicuis,
2456 1168 2547 1213 aut
2571 1158 2881 1227 similitudo,
2913 1168 3004 1214 aut
3027 1160 3386 1231 exaggeratio,
3420 1167 3514 1213 aut

1931 1250 2247 1322 ambiguitas
2273 1251 2615 1320 praejudicare
2641 1261 2815 1322 potest
2839 1271 2851 1308 :
2880 1253 3130 1322 quoniam
3158 1267 3279 1307 cum
3305 1260 3511 1307 certun.

1931 1343 2000 1398 sit
2019 1359 2287 1415 nunquam
2306 1345 2621 1400 naturalium
2643 1360 2820 1400 rerum
2842 1346 3225 1400 correctionem
3253 1359 3285 1399 a
3309 1351 3515 1399 morta-
3544 1361 3545 1364 η

1931 1436 2070 1491 libus
2094 1438 2322 1507 reposci,
2355 1438 2627 1508 praecipiat
2654 1447 2829 1492 autem
2865 1437 3008 1494 Deus
3037 1445 3097 1492 ut
3132 1437 3389 1492 desistant
3418 1435 3516 1491 ho-

1931 1527 2102 1582 mines
2139 1542 2170 1582 a
2210 1528 2382 1593 malo;
2429 1528 2574 1583 omni
2603 1543 2734 1583 vero
2757 1527 2938 1583 verius
2974 1527 3330 1598 approbatur,
3359 1533 3515 1581 natu-

1931 1620 2043 1674 rale
2061 1621 2078 1652 ¹
2105 1628 2376 1690 peccatum
2407 1635 2512 1674 non
2542 1636 2662 1676 esse
2686 1634 2860 1690 posse.

2001 1713 2135 1769 Anc.
2180 1713 2386 1769 Putasti
2420 1713 2636 1784 quidem
2661 1723 2713 1768 te
2741 1712 3053 1783 exposuisse
3080 1711 3246 1768 verba
3268 1709 3390 1766 libn'
3417 1709 3517 1766 Sa-

1931 1807 2144 1876 pientiae
2172 1804 2305 1860 :sed
2332 1820 2436 1859 non
2467 1820 2530 1860 ea
2558 1805 2751 1860 sineris
2788 1804 3004 1860 eludere
3041 1804 3219 1860 verbis
3257 1803 3517 1872 insipien-

1932 1898 2040 1953 tiaa.
2078 1897 2218 1953 Satis
2244 1897 2386 1953 enim
2411 1906 2652 1968 apparet,
2680 1907 2733 1977 e_t
2762 1898 2966 1952 clarum
3002 1905 3103 1962 est,
3133 1896 3401 1968 quomodo
3427 1894 3517 1949 illa

1932 1991 2078 2046 natio
2107 1989 2433 2060 nequissima
2457 1989 2597 2045 dicta
2625 1991 2713 2055 sit,
2743 1990 2963 2060 eiusque
2991 1990 3192 2044 malitia
3220 1988 3516 2054 naturalis;

1929 2089 2198 2157 quomodo
2245 2089 2404 2143 etiam
2443 2089 2515 2145 sit
2555 2089 2839 2160 appellata,
2868 2103 3052 2144 semen
3079 2088 3418 2143 maledictum
3449 2086 3518 2141 ab

1932 2182 2099 2236 initio.
2129 2182 2186 2238 Si
2211 2184 2376 2247 enim,
2401 2191 2460 2238 ut
2481 2192 2534 2238 tu
2562 2190 2739 2253 putas,
2772 2191 2991 2253 propter
3013 2181 3428 2243 aemulationem,
3461 2178 3516 2233 id

1931 2283 2013 2328 est
2038 2275 2408 2342 imitationem,
2431 2276 2630 2332 dictum
2658 2277 2867 2344 fuisset,
2896 2292 2997 2346 qua
3028 2276 3214 2331 imitati
3240 2284 3364 2330 sunt
3393 2287 3515 2327 ma-

1925 2368 2096 2439 jorem
2118 2384 2272 2423 suum
2300 2369 2487 2437 Cham,
2513 2386 2673 2440 quem
2702 2371 2782 2426 sui
2805 2370 3006 2441 peccati
3027 2370 3218 2425 merito
3244 2367 3521 2424 maledixit

1932 2475 2082 2534 pater
2105 2467 2220 2537 ejus
2245 2467 2360 2523 Noe
2391 2487 2404 2522 :
2433 2467 2672 2537 profecto
2707 2468 2849 2522 Deus
2892 2465 3101 2536 quando
3140 2465 3191 2519 in
3228 2464 3382 2518 istam
3419 2477 3520 2516 na-

1931 2559 2127 2614 tionem
2158 2559 2444 2615 vindictam
2479 2560 2829 2631 justissimam
2871 2557 3128 2628 protulit,
3160 2556 3370 2626 juberet
3406 2553 3522 2624 ejus

1931 2653 2164 2721 parvulis
2187 2653 2348 2722 parci,
2367 2667 2505 2723 quos
2524 2653 2701 2707 dicere
2721 2667 2826 2705 non
2846 2659 3000 2722 potes
3017 2663 3234 2704 suorum
3255 2647 3518 2717 majorum

1933 2743 2224 2798 imitatione
2267 2745 2528 2799 meruisse
2566 2743 2901 2813 supplicium.
2943 2739 3074 2796 Cum
3118 2754 3245 2810 ergo
3289 2737 3368 2793 eis
3411 2750 3521 2792 non

1931 2835 2100 2888 solum
2128 2851 2233 2890 non
2250 2836 2408 2906 jussit
2431 2835 2656 2906 praeberi
2679 2832 3119 2897 misericordiam,
3139 2831 3231 2885 sed
3253 2839 3310 2884 ut
3336 2841 3521 2898 parem

1931 2926 2216 2981 vindictam
2269 2942 2389 2981 cum
2442 2925 2752 2997 parentibus
2804 2932 3098 2985 sumerent,
3143 2923 3259 2992 ipse
3306 2921 3523 2990 insuper

1926 3018 2104 3088 jussit,
2135 3019 2225 3088 qui
2254 3019 2438 3087 utique
2467 3017 2663 3088 aliquid
2694 3017 2948 3088 injustum
2971 3016 3158 3085 jubere
3179 3028 3284 3067 non
3313 3012 3517 3081 potuit;

1931 3112 2061 3166 satis
2089 3111 2369 3167 evidenter
2396 3112 2566 3177 lucet,
2596 3111 2736 3181 quod
2767 3127 2873 3165 non
2904 3119 3122 3180 propter
3153 3107 3520 3177 exaggeratio-

1931 3217 2074 3266 nem,
2104 3218 2278 3272 nequc
2308 3211 2526 3272 propter
2554 3203 2920 3266 imitationem,
2945 3198 3040 3255 sed
3061 3207 3277 3269 propter
3300 3211 3523 3267 genera-

1934 3295 2132 3349 tionem
2163 3293 2303 3349 dicta
2333 3301 2415 3348 est
2439 3308 2622 3348 eorum
2654 3293 2855 3346 malitia
2884 3289 3140 3345 naturalis
3161 3331 3173 3353 ,
3205 3297 3260 3344 et
3291 3287 3391 3357 ipsi
3431 3300 3520 3342 se-

1931 3401 2055 3441 men
2085 3385 2424 3440 maledictum
2448 3385 2516 3438 ab
2541 3384 2709 3438 initio.
2759 3383 2891 3438 Nam
2933 3390 3117 3436 contra
3157 3394 3397 3435 errorem
3425 3392 3521 3432 ve-

1933 3486 2124 3542 strum,
2158 3477 2212 3532 in
2239 3476 2343 3530 hoc
2371 3477 2488 3546 ipso
2507 3476 2730 3539 semine,
2763 3475 2830 3528 de
2856 3488 2962 3542 quo
2985 3473 3179 3543 agitur,
3209 3469 3522 3541 prephetica

1932 3569 2170 3640 vigilavit
2187 3567 2495 3632 auctoritas,
2529 3574 2586 3620 ut
2605 3566 2719 3620 Noe
2740 3565 2914 3634 justus
2936 3571 3247 3633 peccantem
3267 3561 3433 3617 Cham
3459 3559 3525 3614 ﬁ-

1934 3662 2063 3716 lium
2101 3661 2154 3714 in
2190 3660 2309 3730 ejus
2350 3658 2692 3714 malediceret
2738 3657 2869 3721 ﬁlio,
2905 3655 2957 3709 id
2999 3663 3099 3718 est,
3134 3653 3416 3717 Chanaan;
3462 3658 3526 3707 ut

1935 3754 2059 3809 hinc
2083 3753 2520 3822 iutelligeremus,
2538 3751 2746 3805 vinctos
2764 3765 2884 3805 esse
2906 3748 3041 3802 ﬁlios
3059 3747 3266 3802 meritis
3285 3754 3521 3816 patrum,

1935 3847 2038 3901 nisi
2068 3847 2170 3900 hoc
2194 3845 2463 3899 vinculum
2489 3843 2834 3913 generatione
2854 3849 3102 3902 tractum,
3119 3837 3525 3908 regeneratione

1936 3938 2191 3991 solvatur.
2223 3937 2298 3991 De
2319 3936 2420 3990 isto
2441 3949 2566 4004 ergo
2592 3932 2843 3988 Chanaan
2872 3932 3073 3986 (lucnnt
3101 3929 3358 3999 originem
3381 3926 3524 3982 Cha-

1935 4029 2126 4094 nanaei,
2157 4029 2244 4099 qui
2284 4028 2410 4081 dicti
2453 4037 2579 4082 sunt
2615 4041 2798 4082 semen
2827 4023 3181 4080 maledictum
3218 4023 3287 4076 ab
3325 4021 3476 4075 initio
3503 4037 3521 4074 :

1935 4135 2159 4190 quorum
2208 4120 2368 4174 etiam
2409 4118 2632 4188 parvuli,
2674 4119 2796 4187 quia
2836 4126 2891 4171 et
2931 4115 3031 4184 ipsi
3069 4114 3172 4168 hoc
3208 4121 3382 4178 erant,
3413 4126 3524 4167 non

1937 4212 2250 4276 imitatione,
2283 4209 2376 4266 sed
2406 4209 2574 4278 stirpe
2598 4207 2823 4262 interﬁci
2849 4221 2971 4262 cum
2997 4203 3308 4275 parentibus
3327 4201 3526 4256 divini-

1939 4313 2022 4358 tus
2047 4304 2179 4373 jussi
2207 4312 2350 4356 sunt.
2395 4302 2488 4356 llis
2513 4300 2830 4356 Chananacis
2866 4299 3029 4354 fuisse
3065 4296 3271 4351 similes
3296 4292 3528 4364 impudi-

1937 4397 2030 4450 cos
2054 4396 2314 4458 seniores,
2347 4393 2532 4449 Daniel
2564 4394 2822 4463 propheta
2853 4390 3072 4460 intelligi
3100 4388 3288 4452 voluit,
3311 4385 3526 4458 quando

1936 4487 2015 4541 eis
2036 4486 2187 4547 dixit,
2221 4485 2404 4539 Semen
2431 4485 2694 4548 Chanaan,
2719 4492 2766 4536 et
2786 4499 2885 4536 non
2907 4481 3067 4543 Iuda,
3099 4489 3346 4548 tanquam
3375 4477 3526 4533 dice-

1938 4587 2048 4641 ret,
2091 4577 2300 4632 Similes
2349 4577 2470 4630 ﬁliis
2511 4575 2784 4640 Chanaan,
2812 4583 2865 4629 et
2892 4589 2994 4628 non
3027 4573 3147 4627 ﬁliis
3174 4571 3307 4626 Juda
3342 4589 3355 4624 :
3387 4570 3528 4625 sicut

1939 4671 2138 4730 dictum
2168 4681 2270 4735 est,
2305 4669 2572 4724 Generatio
2601 4670 2884 4738 viperarum
2913 4665 3138 4738 (Matth.
3166 4681 3245 4730 ιιι,
3274 4665 3305 4718 ’7
3323 4663 3368 4735 ),
3398 4677 3526 4733 pro-

1940 4775 2058 4836 pter
2081 4763 2364 4835 quamdam
2396 4761 2796 4816 similitudincm
2820 4759 3035 4815 malitiae
3056 4759 3077 4791 ’
3107 4756 3381 4828 viperinus.
3422 4755 3531 4812 Ubi

1940 4869 2116 4912 autem
2155 4857 2409 4910 Dominus
2449 4856 2539 4915 ait,
2583 4853 2683 4908 Vos
2708 4871 2739 4907 a
2759 4862 2904 4923 patre
2930 4852 3132 4906 diabolo
3161 4851 3308 4914 estis;
3341 4864 3528 4906 revera

1943 4950 2289 5003 imitationem
2314 4947 2500 5015 voluit,
2533 4963 2640 5000 non
2669 4961 2850 5001 semen
2873 4945 3095 5014 intelligi
3129 4962 3142 4998 :
3173 4943 3266 4999 sed
3289 4958 3387 4998 nec
3414 4944 3532 5014 ipse

1941 5041 2096 5107 dixit,
2127 5039 2236 5095 Vos
2260 5055 2442 5094 semen
2469 5038 2664 5091 diaboli
2693 5038 2844 5092 estis.
2883 5030 2949 5091 Et
2992 5036 3080 5090 ubi
3122 5036 3378 5105 scriptum
3423 5041 3530 5098 est,

1943 5134 2101 5188 Pater
2143 5144 2256 5187 tuus
2298 5131 2650 5193 Amorrlueus,
2677 5139 2721 5184 et
2748 5139 2907 5183 mater
2933 5138 3020 5182 tua
3045 5128 3286 5192 Cetthcea,
3311 5134 3533 5196 apparet

1943 5225 2064 5281 ideo
2094 5224 2290 5279 dictum
2313 5265 2328 5289 ,
2356 5222 2498 5293 quod
2523 5237 2616 5278 eos
2640 5221 2856 5277 fuerant
2881 5219 3072 5275 imitati
3095 5219 3286 5290 quibus
3315 5217 3418 5272 hoc
3444 5215 3531 5271 di-

1943 5317 2200 5370 cebatur:
2232 5314 2461 5384 denique
2504 5328 2604 5369 nec
2623 5313 2692 5368 ibi
2723 5313 2923 5367 dictum
2964 5319 3077 5375 est,
3105 5309 3304 5366 Semen
3341 5308 3535 5363 Amor-
3595 5371 3599 5376 ,

1946 5411 2242 5474 rhteorum,
2275 5409 2359 5464 vel
2387 5408 2765 5462 Cetthmorum.
2800 5406 2915 5460 Non
2939 5419 3064 5475 ergo
3094 5411 3151 5457 ut
3175 5401 3374 5467 dixisti,
3408 5416 3531 5472 pro-

1947 5510 2056 5575 pter
2088 5504 2321 5556 meritum
2356 5501 2624 5554 voluntatis
2653 5499 2866 5552 nimium
2886 5496 3179 5550 criminibus
3205 5493 3530 5558 adhterentt's,
3602 5480 3610 5488 ’

2013 5725 2030 5754 ι
2067 5728 2226 5786 vign.,
2250 5721 2557 5786 approbatur,
2581 5723 2829 5784 peccatum
2869 5730 2966 5786 non
2993 5730 3105 5786 esse
3146 5730 3316 5785 posse;
3337 5719 3536 5780 omiso,

1949 5781 2195 5843 naturale,
2217 5781 2344 5846 quod
2362 5781 2605 5846 reperitur
2628 5785 2677 5832 iu
2699 5781 3049 5844 manuscriptis.

2015 5850 2034 5878 ²
2068 5847 2149 5896 Hic
2163 5881 2179 5908 ,
2201 5843 2629 5900 nials'tthadditur
2653 5857 2718 5895 ex
2738 5852 2847 5893 Mss.
