3980 6486
210 414 371 475 1429

210 531 547 601 sanctiﬁcavi
574 539 621 585 te
656 527 869 601 (Jerem.
897 540 946 591 ι,
977 522 1075 597 5)?
1101 519 1382 592 Quomodo
1410 518 1572 575 etiam
1615 516 1817 572 dictum

210 639 314 683 est
345 628 413 682 de
436 622 641 681 Joanne
667 621 901 692 Baptista
926 662 940 686 ,
975 618 1174 689 Spiritu
1211 623 1385 671 sancto
1423 611 1690 684 replebitur
1709 609 1823 681 jam

216 720 356 774 inde
380 718 441 772 ab
469 728 608 771 utero
632 704 807 769 matris
835 712 977 768 suae?
998 709 1141 782 quod
1166 705 1447 763 cisultatio
1472 704 1589 774 ejus
1612 712 1823 772 quoque

222 798 505 875 ostendit,
535 807 745 879 quando
772 802 1047 860 Elizabetli
1091 809 1448 872 praegnantem
1488 788 1823 879 conjugat‘um

226 917 521 974 prrcgnans
546 876 695 970 virgo
722 892 884 953 Maria
915 894 1159 952 salutavit
1189 891 1351 963 (Luc.
1383 906 1421 955 ι,
1454 887 1540 949 l5,
1569 884 1658 950 Η,
1692 876 1821 953 Μ).

228 999 321 1051 An
353 1003 406 1049 ct
431 988 545 1048 lucc
569 992 707 1046 dicta
731 1004 835 1045 non
863 980 1196 1057 proprietatis
1219 991 1343 1038 sunt
1366 980 1501 1034 dicta
1531 975 1821 1047 praaconio,

231 1091 339 1146 sed
378 1085 697 1143 laudationis
740 1081 957 1138 ofﬁcio?
982 1078 1069 1136 Sic
1098 1077 1235 1148 agite
1254 1116 1269 1142 ,
1298 1074 1374 1129 sic
1399 1071 1698 1135 vanescitc;
1725 1068 1829 1124 hoc

233 1182 301 1236 ut
334 1180 557 1243 dicatis,
588 1186 778 1230 vostra:
822 1181 988 1229 restat
1032 1169 1271 1224 insaniae.
1311 1160 1449 1234 Quid
1492 1160 1635 1220 enim
1675 1162 1828 1218 Iere-

236 1276 427 1335 miam,
460 1270 584 1341 quid
614 1269 871 1324 Joannem
898 1264 1091 1321 tumori
1115 1264 1132 1296 ¹
1162 1270 1353 1316 vestra:
1383 1257 1575 1314 frontis
1609 1254 1830 1326 apponi-

245 1378 405 1430 mus;
426 1361 637 1435 quando
662 1362 834 1431 ipsum
857 1357 1125 1413 Christum
1148 1367 1256 1408 non
1285 1348 1589 1407 discerniti‘s
1615 1363 1646 1402 a
1666 1360 1831 1403 carne

240 1442 488 1528 peccati,
524 1454 825 1522 nullamque
849 1462 1063 1504 carnem
1093 1448 1330 1502 dicentes
1355 1441 1685 1513 originaliter
1713 1448 1832 1494 esSe

240 1547 450 1619 peccati
470 1588 485 1614 ,
517 1546 593 1600 sic
617 1545 766 1599 illum
794 1542 1003 1598 caeteris
1027 1539 1344 1609 comquatis,
1376 1544 1435 1591 ut
1461 1534 1619 1590 etiam
1660 1532 1833 1602 ipsum

236 1639 501 1695 habuisse
543 1637 825 1708 genuinam
870 1648 1065 1704 negare
1110 1629 1372 1701 cogainini
1396 1630 1416 1659 ²
1461 1626 1793 1683 sanctitatem
1817 1663 1834 1689 ,

235 1733 341 1803 qui
390 1739 545 1786 natus
587 1738 669 1785 est
715 1728 783 1783 de
827 1727 1028 1797 Spiritu
1077 1732 1262 1783 sancto
1305 1730 1361 1776 et
1396 1720 1603 1793 virgine
1635 1718 1834 1803 Maria,

237 1798 446 1892 expers
472 1819 690 1876 omnino
718 1817 927 1882 delicti,
958 1816 1079 1887 quia
1105 1811 1458 1883 esperSillius
1476 1798 1841 1878 dmiceptionis

239 1933 376 1986 quas
416 1913 793 1969 commixtione
835 1910 893 1965 lit
939 1906 1201 1965 sexuum?
1226 1905 1359 1974 Quia
1402 1912 1457 1959 et
1497 1900 1757 1958 Jerentias
1785 1906 1842 1954 et

242 2008 509 2073 Joannes,
539 2004 777 2075 quamvis
807 2000 1119 2057 sanetiiicati
1149 1999 1203 2053 in
1233 1997 1400 2051 uteris
1428 2004 1656 2049 maiorum
1679 2033 1695 2059 ,
1726 2000 1841 2046 tra-

250 2104 450 2155 xerunt
479 2107 655 2152 tamen
680 2095 936 2165 originale
963 2092 1256 2163 peccatum.
1284 2088 1414 2143 Nam
1455 2103 1560 2158 quo
1590 2082 1692 2139 alio
1723 2098 1840 2139 ine-

252 2193 362 2247 rito
392 2190 670 2245 interirent
696 2198 881 2243 eorum
929 2187 1119 2241 animat
1148 2184 1214 2239 de
1243 2182 1436 2252 populo
1464 2192 1597 2245 suo,
1626 2176 1857 2232 nisi'die'

248 2293 448 2337 octavo
474 2279 1013 2344 circumcidercntur;
1044 2275 1098 2333 id
1124 2284 1206 2331 est
1226 2274 1246 2305 ³
1274 2274 1375 2328 nisi
1405 2271 1481 2327 ad
1500 2266 1695 2326 Christi
1722 2268 1845 2338 gra-

258 2374 392 2429 tiam
422 2373 762 2442 pervenirent
787 2369 839 2436 ‘,
872 2383 1029 2439 quem
1055 2366 1142 2422 die
1170 2374 1380 2429 octavo,
1406 2363 1458 2417 id
1487 2370 1587 2428 cst,
1619 2370 1739 2445 post
1762 2375 1847 2445 se-

260 2440 486 2534 ptimum
531 2463 768 2527 sabbati,
798 2469 1224 2517 resurrecturum
1256 2470 1472 2528 propter
1508 2440 1847 2526 justiﬁcatio-

262 2571 389 2611 iiem
418 2565 672 2621 nostram,
696 2553 873 2608 carnis
894 2552 978 2606 illa
1000 2548 1333 2606 circumcisio
1354 2544 1615 2617 figurabat
1630 2542 1667 2600 ?~
1684 2542 1851 2599 Erunt

267 2662 405 2717 ergo
424 2646 501 2701 illi
519 2655 573 2701 et
601 2648 786 2699 natura
813 2643 904 2697 lilii
930 2644 1022 2698 ira:
1047 2641 1298 2696 abuteris
1326 2640 1574 2703 matrum,
1607 2649 1659 2691 et
1678 2634 1850 2706 gratia

264 2739 363 2794 lilii
386 2738 761 2794 misericordiae
787 2736 854 2792 al)
881 2736 1046 2791 uteris
1074 2744 1337 2798 matrum;
1366 2731 1485 2801 quia
1516 2744 1615 2786 nec
1658 2728 1745 2784 illa
1772 2728 1851 2784 cis

262 2830 440 2885 adhuc
483 2829 654 2884 inerat
681 2827 967 2893 sanctitas,
996 2840 1114 2897 qua:
1141 2824 1408 2879 vinculum
1458 2822 1692 2877 solveret
1733 2830 1854 2876 suc-

264 2922 523 2978 ceSsionis
546 2920 789 2978 obnoxiae
818 2919 962 2991 quod
991 2933 1088 2973 suo
1122 2922 1359 2986 tempore
1389 2914 1521 2971 solvi
1550 2913 1849 2984 oportebat,

262 3014 325 3071 et’
375 3014 551 3070 inerat
575 3022 746 3068 tamen
776 3022 895 3082 quae
934 3024 1235 3082 przcconem
1257 3010 1279 3042 ⁵
1307 3007 1503 3064 Christi
1543 3014 1573 3060 a'
1601 3005 1855 3061 matemis

262 3107 558 3164 visceribus
583 3105 912 3176 designabat.
944 3104 1049 3160 Sed
1086 3117 1257 3158 novus
1287 3100 1569 3156 hmreticus
1588 3141 1602 3165 ,
1634 3092 1853 3168 religio-

265 3213 358 3255 sus
378 3198 400 3231 ⁸
431 3198 681 3272 physicus
707 3196 793 3252 vis
816 3196 1023 3267 putari,
1052 3194 1174 3251 cu'm
1202 3194 1362 3260 dicis,
1397 3190 1679 3246 naturalem
1704 3188 1855 3242 ntali-

265 3294 389 3347 tiam
419 3292 473 3346 et
496 3306 662 3345 semen
687 3288 1010 3344 maledictum
1038 3288 1147 3342 sine
1172 3285 1467 3357 prmjudieio’
1489 3284 1683 3337 natura:
1707 3278 1810 3334 dici
1835 3321 1853 3350 ,

266 3386 414 3456 cujus
432 3426 446 3451 ,
477 3383 652 3452 inquis
674 3425 688 3449 ,
721 3378 1148 3450 imperturbabilis
1184 3376 1318 3431 ratio
1346 3372 1595 3448 quidquid
1619 3368 1796 3441 habet',
1823 3389 1858 3426 a

266 3474 378 3530 Deo
421 3490 513 3529 suo
543 3485 748 3528 auctore
788 3472 1015 3527 sortitur.
1044 3466 1233 3525 Nonne
1264 3470 1329 3523 te
1356 3464 1645 3522 admonent
1670 3474 1724 3519 ut
1765 3478 1859 3519 cor

276 3567 476 3621 habeas
497 3607 512 3631 ,
544 3564 733 3620 saltem
759 3563 848 3634 qui
885 3560 1016 3616 ῆιιυὶ
1045 3559 1370 3615 nascuntur?
1394 3554 1506 3613 Nec
1553 3564 1729 3611 tamen
1773 3555 1859 3610 vel

274 3657 376 3727 ipsi
403 3656 530 3711 fatui
551 3655 715 3710 Deum
740 3653 921 3709 dicere
947 3651 1143 3706 audent
1163 3648 1419 3705 l'at'uitatis
1435 3650 1727 3703 auctorem.
1750 3644 1861 3701 Nec

273 3752 476 3822 utique,
506 3758 565 3805 ut
586 3744 911 3803 Manichmu's
935 3744 1132 3815 desipit
1170 3742 1263 3799 vel
1284 3742 1511 3808 insanit,
1543 3741 1730 3795 aliena:
1760 3755 1857 3794 na-

274 3848 409 3899 turic
438 3840 777 3907 coininixtio,
822 3837 921 3893 sed
958 3840 1156 3892 nostrae
1193 3833 1502 3905 depravatio
1530 3833 1729 3888 invexit
1756 3833 1860 3887 hoc

269 3935 478 3990 vitium.
511 3932 679 4001 Hujus
708 3945 834 4002 ergo
864 3929 976 3984 vitii
1009 3927 1280 3993 meritum,
1304 3935 1359 3981 et
1385 3924 1609 3981 aliorum
1641 3932 1859 3979 natura-

273 4026 405 4082 lium
439 4024 773 4095 quo'rumqne
811 4020 1061 4075 vitiorum
1102 4033 1209 4074 non
1250 4016 1561 4083 inveniunt,
1606 4017 1697 4087 qui
1746 4016 1861 4071 sani

271 4123 399 4172 sunt
425 4117 479 4171 in
507 4115 633 4182 ildc,
661 4112 764 4168 nisi
788 4108 1044 4182 origiiﬂe
1072 4110 1370 4181 peccatum.

349 4206 608 4264 CXXXV.
638 4206 755 4262 ιω..
785 4204 933 4260 Sicut
959 4212 1135 4259 autem
1163 4202 1250 4257 hic
1278 4216 1460 4257 semen
1491 4200 1853 4270 maledictum,

281 4304 360 4357 sic
384 4302 504 4357 alibi
533 4299 778 4372 equidem
799 4342 814 4367 ,
844 4298 935 4353 ubi
967 4296 1136 4367 major
1161 4306 1244 4352 est
1281 4295 1531 4351 lectionis”
1552 4292 1861 4362 auctoritas,

282 4408 465 4449 semen
494 4393 685 4449 dicitur
703 4390 1059 4465 benedictuin’.
1088 4389 1335 4461 Loquens
1355 4387 1496 4443 enim
1520 4387 1589 4441 de
1611 4386 1865 4442 Israelitis

285 4484 451 4543 Isaias
477 4482 727 4556 propheta
746 4526 761 4551 ,
798 4478 1189 4552 zEdiﬁcabtUit‘,
1220 4480 1422 4550 inquit,
1456 4477 1632 4532 domus
1653 4519 1666 4543 ε
1695 4486 1739 4531 et
1769 4478 1865 4549 ipsi

287 4576 675 4643 inhabitabant;
692 4568 1016 4648 pastinab'unt
1058 4574 1227 4628 vineas
1247 4613 1262 4640 ,
1294 4583 1337 4628 et
1366 4572 1465 4644 ipsi
1492 4571 1866 4626 manducabunt

288 4674 489 4742 fructus
526 4674 695 4726 earum
717 4685 737 4723 :
760 4686 860 4724 non
884 4666 1204 4736 wdi/icabunt
1226 4708 1239 4732 ,
1269 4673 1316 4719 et
1349 4665 1437 4718 alii
1467 4662 1756 4718 habitabant
1774 4681 1793 4730 ;
1820 4676 1865 4719 et

286 4779 387 4816 non
415 4761 751 4831 pastinabunl,
783 4771 829 4815 et
854 4758 945 4814 alii
982 4757 1378 4811 nmnducabunl.
1411 4750 1705 4811 Secundum
1735 4758 1868 4810 enim

198 4915 202 4918 ,
285 4853 393 4907 dies
419 4848 710 4924 ligni‘vitaé,
743 4852 888 4905 erunt
930 4850 1035 4904 dies
1079 4848 1253 4919 pepuli
1281 4847 1416 4901 mei:
1441 4862 1593 4916 opera
1619 4846 1868 4900 [abieram

283 4950 455 4999 eorum
485 4941 873 5014 perseverum";
910 4940 1050 4996 electi
1078 4938 1178 4993 mei
1211 4955 1311 4993 non
1350 4938 1646 4992 laborabunt
1692 4938 1741 4991 in
1772 4955 1864 4992 va-

286 5055 455 5103 cuum,
488 5054 576 5091 nec
611 5036 746 5105 ﬁlias
777 5034 1107 5105 procreabunl
1134 5032 1186 5086 in
1226 5031 1492 5085 maledicto
1512 5072 1526 5097 ,
1558 5031 1675 5102 quia
1700 5047 1868 5086 semen

286 5129 599 5183 benedictum
623 5144 655 5180 a
680 5126 786 5181 Deo
815 5126 888 5181 etii
916 5123 1068 5198 (Isai.
1099 5138 1227 5190 va,
1257 5118 1474 5193 2i-23).

361 5226 491 5279 AUG.
532 5220 682 5277 lianc
726 5220 873 5275 Isaiae
915 5217 1250 5289 prophetiam
1278 5217 1322 5272 si
1368 5216 1695 5287 intelligercs
1720 5259 1733 5284 ,
1761 5233 1867 5274 non

288 5329 402 5370 eam
432 5315 586 5370 nobis
612 5323 669 5368 ut
691 5311 1000 5381 elabereris,
1024 5310 1119 5368 sed
1145 5309 1238 5365 tibi
1256 5306 1429 5380 potius
1457 5317 1515 5365 ut
1528 5310 1869 5382 corrigereris

354 5495 373 5563 ἶ
406 5493 543 5563 ΕΦΨ
565 5503 679 5542 σπη’
699 5490 1139 5563 ονρηεωθιιόειιιιιιι·
1173 5502 1237 5541 ex
1271 5496 1375 5541 Mss.

354 5557 373 5585 '
406 5554 1133 5617 Fditi,conamini:corrupte.

357 5617 378 5648 ³
411 5622 458 5666 tn
478 5612 621 5666 editis
640 5615 843 5675 deerat,
876 5612 932 5678 id
953 5612 1047 5664 est:
1066 5615 1340 5665 nestituitur
1367 5627 1432 5667 ex
1454 5614 1809 5678 manuscriptis.

356 5678 377 5710 ⁵
410 5686 589 5727 omnes
606 5683 736 5737 uss,
760 5676 1069 5739 pertinerent.

354 5740 378 5801 ἒ
409 5740 569 5801 Codex
584 5738 732 5798 ωλι,
755 5738 1018 5801 priscum.

359 5800 379 5863 ξ
410 5800 567 5863 coch
595 5796 741 5860 Port.',
758 5796 1026 5863 religionis.

351 5860 379 5898 τ
410 5860 668 5924 meum,
691 5858 1068 5926 perseverum.

1561 384 1763 458 LiBER
1797 393 2142 468 casurus.

3365 390 3506 454 ﬁt!)

1931 525 2253 582 opponeres.
2279 511 2439 568 Aliud
2463 511 2609 569 enim
2636 526 2742 569 non
2767 509 3016 582 mortale,
3042 508 3149 569 sed!
3165 511 3503 581 immortale;

1930 616 2031 657 nec
2057 602 2271 658 carnale
2288 644 2304 669 ,
2330 602 2427 660 sed
2454 603 2739 674 spirituale-
2762 616 2948 661 semen
2981 603 3228 660 viderisan
3253 604 3409 675 Quod-
3423 605 3507 661 vi-

1931 696 2090 753 debat
2130 695 2363 753 Joannes
2408 697 2730 770 evangelista
2755 739 2770 765 ,
2801 698 3015 768 quando
3053 696 3293 767 dicebat,
3330 692 3510 754 Omnis

1919 779 2018 858 qui
2062 797 2210 842 natus
2234 798 2311 843 est
2340 806 2403 843 ex
2427 788 2534 843 Deo
2552 829 2568 855 ,
2598 802 2705 844 non
2723 792 2941 860 peccat;
2966 791 3085 860 quia
3127 790 3305 845 semen'
3322 790 3433 861 ejus
3455 791 3511 844 in

1931 882 2043 953 ipso
2070 892 2234 935 manet
2260 880 2309 951 (τ
2323 876 2476 935 J’oan.
2506 884 2584 946 in,
2611 880 2689 954 9).
2713 882 3018 939 Secundum
3044 882 3147 939 hoc
3161 882 3347 939 semen
3364 882 3510 953 quis-

1936 990 2038 1045 que
2080 989 2186 1030 non
2232 983 2415 1044 peccat
2444 974 2604 1045 {quia
2639 982 2692 1030 et
2729 975 2784 1029 si‘
2801 982 2984 1045 peccat
3024 981 3081 1029 ut
3122 974 3320 1042 homo,
3350 972 3513 1029 habet

1937 1078 2115 1124 tamen
2157 1067 2383 1122 alterum
2410 1083 2625 1134 semen,
2665 1068 2955 1124 secundum
2998 1066 3149 1138 quod‘
3178 1068 3361 1124 semen
3404 1080 3515 1122 non

1936 1160 2122 1231 potest'
2136 1172 2376 1230 peccare,
2408 1159 2623 1230 quia:ex
2649 1159 2758 1214 Deo
2779 1160 2931 1215 natus
2951 1166 3053 1215 est.
3080 1158 3381 1216 Secundum
3410 1157 3515 1213 hoc

1939 1264 2125 1308 semen
2154 1250 2248 1306 lilii
2289 1267 2394 1306 non
2425 1254 2785 1331 procreantur
2810 1251 2863 1307 in
2906 1251 3207 1308 maledicto.
3240 1250 3300 1307 in
3324 1248 3517 1322 quibus

1939 1341 2218 1413 Prophetas
2246 1342 2425 1398 verbis
2442 1343 2692 1414 evigilare
2710 1342 2970 1408 dbbdisﬁ‘,
3000 1350 3056 1398 et
3076 1339 3517 1413 advert‘ere‘quod

1941 1450 2062 1491 now
2073 1448 2395 1505 pwmagno<
2407 1449 2631 1489 munere
2649 1434 3171 1505 hocpromitteretur
3186 1434 3379 1505 populi)
3399 1432 3518 1495 Dei.

1942 1528 2044 1583 nisi
2073 1528 2194 1598 quia
2222 1535 2567 1596 procreantur
2592 1526 2689 1581 ﬁlii
2713 1527 2768 1581 in
2794 1526 3078 1583 maledicto
3119 1514 3518 1583 secunditma‘lL

1944 1627 2117 1674 terum
2159 1632 2342 1675 semen
2363 1659 2378 1683 ,
2406 1616 2663 1687 quodeSt
2703 1632 2775 1673 ex
2799 1617 3005 1683 Adam;
3038 1632 3155 1673 non
3186 1626 3375 1673 autem
3393 1631 3521 1687 pro-

1944 1718 2193 1766 creantur
2222 1710 2278 1765 in
2305 1709 2588 1765 maledicto
2615 1708 2908 1765 secundum
2938 1708 3205 1765 Christum
3231 1749 3245 1774 ,
3270 1707 3413 1779 quod
3439 1715 3526 1762 est

1946 1806 2130 1859 semen
2160 1802 2493 1858 benedide
2520 1801 2588 1857 ab
2608 1801 2782 1857 initio.
2815 1800 2933 1872 lpse
2956 1810 3040 1856 est
3068 1800 3208 1856 enim
3231 1809 3283 1856 et
3307 1798 3529 1870 Sapien-

1948 1895 2022 1950 tia
2048 1894 2176 1960 Dei,
2208 1894 2275 1949 de
2302 1909 2406 1965 qua
2429 1893 2628 1976 dictum
2657 1903 2740 1949 est
2757 1933 2772 1959 ,
2800 1892 3019 1971 Liguum
3048 1893 3161 1949 vitta
3200 1902 3272 1948 est
3298 1892 3530 1949 cautibus

1949 1989 2361 2059 mnplectentibus
2384 2005 2495 2042 eam
2525 1987 2707 2062 (Prov.
2738 2005 2818 2055 nt,
2850 1990 2943 2061 i8)
2966 2008 2979 2043 :
3006 1990 3149 2046 unde
3172 1999 3228 2046 et
3256 1988 3357 2046 iste
3392 1991 3529 2046 Pro-

1950 2081 2132 2151 pheta,
2160 2081 2245 2137 vel
2267 2081 2405 2136 Deus
2428 2082 2600 2152 potius
2620 2094 2716 2154 per
2736 2082 3079 2153 Prophetam,
3109 2081 3402 2139 Secundum
3424 2082 3531 2139 dies

1954 2174 2080 2246 ligni
2108 2175 2253 2239 vita,
2282 2175 2487 2245 inquit,
2517 2185 2663 2230 erunt
2688 2175 2807 2231 dies
2824 2177 2923 2229 mei
2949 2177 3142 2247 pepulit
3172 2176 3305 2233 Vita:
3334 2184 3534 2231 interna

1954 2275 2010 2323 et
2035 2264 2351 2322 immortalis
2376 2267 2780 2337 promittebatur
2812 2262 2898 2323 liis
2927 2252 3118 2334 verbis,
3154 2280 3259 2325 non
3302 2266 3533 2323 carnali-

1952 2357 2074 2426 bus,
2107 2358 2200 2413 sed
2230 2358 2590 2427 spiritualibus
2619 2358 2890 2415 lsraelitis.
2924 2359 3000 2415 lbi
3042 2360 3209 2415 vinea:
3235 2360 3537 2431 spirituales

1956 2460 2012 2505 et
2039 2448 2232 2505 domus
2270 2464 2375 2505 non
2402 2450 2723 2521 quandoque
2749 2450 3103 2507 morientibus
3130 2451 3540 2521 pastinatoribus

1957 2552 2017 2599 et
2038 2542 2459 2599 :ediilcatOribus
2489 2544 2611 2598 suis
2628 2542 3045 2614 posSideb'tiiitur
3069 2545 3137 2599 ab
3166 2544 3283 2599 aliis
3302 2586 3318 2612 ,
3351 2544 3448 2600 sed
3472 2545 3541 2601 ab

1958 2634 2089 2704 ipsis
2118 2633 2234 2690 sine
2260 2633 2711 2690 line-viventibus;
2756 2635 2906 2705 Ergo
2932 2646 3163 2706 agnosce
3202 2633 3309 2692 duo
3342 2651 3539 2707 genera

1958 2724 2221 2779 seminum
2242 2765 2257 2791 ,
2304 2732 2464 2779 unum
2501 2716 2895 2794 generationis,
2922 2734 2978 2779 et
3004 2726 3229 2781 alterum
3258 2738 3543 2797 regenera-

1960 2813 2158 2870 tionis:
2189 2823 2241 2868 et
2268 2815 2387 2869 noli
2404 2826 2531 2871 esse
2544 2815 2869 2884 incredulus,
2897 2816 2991 2873 sed
3019 2817 3211 2873 ﬁdelis.

2030 2904 2315 2962 CXXXVI.
2346 2906 2464 2962 Jun.
2493 2908 2769 2963 Patiamur
2791 2920 2919 2981 ergo
2949 2909 3253 2980 pnemli‘de
3279 2911 3394 2967 istis
3423 2928 3544 2966 ver-

1961 2995 2153 3052 borum
2181 2997 2644 3055 contraﬁetatibus
2668 2990 3038 3069 quaestiunem,
3068 3009 3128 3057 ut
3151 3003 3344 3057 nullius
3372 3003 3543 3071 majo-

1960 3089 2147 3144 risrei
2176 3096 2351 3158 quam
2377 3102 2629 3145 sonorum
2664 3104 2888 3160 eapaces
2924 3104 3022 3162 pro
3049 3093 3405 3150 alludentibus
3444 3094 3546 3150 sibi

1962 3180 2175 3250 poculis:
2193 3180 2213 3211 ι
2241 3181 2549 3250 praelientur
2571 3198 2585 3234 :
2609 3180 2877 3237 cauiolica
2899 3197 3029 3239 vero
3057 3182 3189 3239 ﬁdes
3228 3196 3399 3255 neque
3433 3184 3547 3255 jur-

1961 3284 2090 3340 gare
2112 3269 2396 3327 adversum
2424 3286 2483 3327 se
2508 3272 2679 3344 legem
2704 3272 2994 3330 Dei’credit
3012 3314 3028 3341 ,
3059 3282 3233 3346 neque
3261 3276 3421 3331 ullam
3445 3290 3544 3333 au-
3588 3318 3593 3323 μ

1963 3360 2264 3417 etoritatom
2295 3361 2349 3416 in
2388 3362 2608 3418 exitium
2635 3365 2857 3420 rationis
2879 3364 3142 3432 admittit;
3175 3367 3546 3439 nec'cuiquam

1964 3450 2199 3521 opinioni
2227 3460 2383 3522 atque
2410 3451 2698 3509 adulationi
2723 3455 3067 3510 in’maeuiam
3104 3455 3299 3513 divinat
3322 3460 3544 3528 aequita-

1965 3544 2037 3599 tis
2061 3544 2364 3599 auscultat:
2387 3546 2495 3601 sed
2512 3554 2572 3601 ut
2596 3547 2896 3604 Deum'non
2928 3550 3099 3604 solum
3127 3550 3334 3618 credit,
3360 3567 3547 3608 verum

1965 3635 2127 3690 etiam
2179 3637 2333 3691 novle
2367 3637 2606 3694 omnium
2627 3648 2945 3696 naturarum
2963 3642 3307 3722 creatorem;
3347 3643 3419 3699 ibi
3469 3644 3545 3718 (a)

1967 3737 2245 3798 peccatum
2258 3727 2391 3782 nulli
2409 3728 2509 3784 alii!
2518 3744 2675 3800 quam
2692 3730 2873 3786 liberae
2884 3732 3108 3802 imputat
3125 3733 3384 3791 voluntati
3409 3754 3424 3791 :
3448 3752 3547 3807 per

1966 3834 2085 3890 quas
2111 3821 2288 3877 omnia
2313 3821 2582 3878 traducem
2608 3823 2806 3894 peccati
2836 3824 3024 3880 falsam
3051 3840 3174 3882 esse
3195 3843 3301 3882 non
3322 3827 3547 3885 dubitat.

2039 3918 2174 3973 Atto.
2200 3916 2473 3974 Catholica
2495 3919 2671 3988 potius
2692 3917 2823 3975 ﬁdes
2848 3928 3124 3990 peccatum
3149 3936 3269 3977 esse
3294 3921 3551 3993 originale

1968 4022 2078 4064 non
2119 4007 2360 4063 dubitat:
2383 4022 2539 4079 quam
2587 4008 2758 4065 ﬁdem!
2782 4014 2892 4066 non
2934 4011 3175 4082 pueruli,
3215 4012 3311 4068 sed
3351 4027 3544 4084 graves

1968 4102 2130 4170 atque
2151 4107 2469 4156 constantes
2493 4101 2629 4168 viri‘,
2658 4099 2899 4157 docti'iit"
2913 4102 3153 4159 Ecclesia
3176 4145 3190 4169 ,
3218 4112 3277 4159 et
3296 4104 3551 4161 docentes

1968 4191 2285 4259 Ecclesium,
2309 4206 2479 4264 usque
2495 4194 2564 4250 ad
2587 4193 2728 4250 diem
2750 4193 2831 4250 sui
2851 4195 3029 4251 obitus
3046 4195 3415 4252 defenderunt.
3444 4196 3552 4254 Vos

1970 4293 2147 4340 autem
2191 4286 2361 4355 legem
2408 4285 2513 4341 Dei
2539 4284 2821 4341 adversum
2858 4301 2945 4354 se,
2972 4286 3111 4344 sicut
3146 4285 3312 4353 dicis,
3335 4287 3552 4359 jurgare

1972 4391 2080 4430 non
2106 4376 2341 4444 creditis,
2371 4384 2426 4432 et
2453 4377 2563 4458 ipsi
2584 4377 2841 4434 adversus
2863 4384 2980 4433 eam
3005 4392 3148 4434 caeca
3174 4377 3444 4449 impietate
3469 4380 3554 4435 vel

1971 4469 2399 4539 impia‘caccitate
2432 4466 2673 4541 jurgatis‘.
2708 4470 2831 4526 idco
2856 4471 2999 4527 enim
3025 4469 3407 4528 auctoritatem
3435 4472 3555 4529 nul-

1973 4561 2079 4616 lam
2102 4562 2155 4616 in
2182 4557 2651 4617 exitiuiitratidtiiS‘
2665 4561 2777 4617 vus"
2793 4560 3013 4634 jadati's
3034 4562 3350 4631 adniittcre;
3388 4571 3446 4619 ut
3467 4578 3556 4620 ra-

1974 4653 2215 4708 tionibus
2233 4655 2459 4718 vestris,
2489 4654 2738 4724 quai‘iion
2780 4655 3037 4720 rationes“,
3079 4653 3173 4710 sed
3211 4653 3554 4724 deceptiones

1973 4751 2113 4810 sunt,
2146 4744 2838 4816 etiamadivinadeponatur1
2855 4742 3046 4815 potius,
3075 4750 3233 4816 quam
3259 4756 3557 4815 exponetur

1974 4836 2295 4891 aucturitas:
2338 4836 2590 4902 Quamvis
2636 4838 2794 4892 nemo
2851 4836 2921 4891 ita
2968 4850 3087 4892 esse
3145 4834 3351 4892 debeat
3378 4836 3557 4907 gravis

1974 4927 2164 4995 corde,
2209 4936 2267 4982 ut
2311 4928 2606 4998 accipiatur
2660 4929 2865 4982 ratione
2914 4927 3145 4999 Pelagii,
3200 4942 3357 4998 quam
3414 4928 3560 4984 velut

1975 5018 2253 5090 exponens
2273 5019 2589 5090 Aposwlmn
2614 5016 2852 5088 protulit,
2880 5018 3067 5073 et'ait':
3091 5016 3286 5090 Corpus
3301 5016 3557 5073 mortuum

1976 5123 2190 5186 propter
2210 5122 2500 5185 peccamina
2545 5111 2660 5165 ideo
2702 5111 2921 5179 dictum,
2959 5111 3081 5183 quia
3113 5112 3297 5183 corpus
3343 5110 3558 5166 maritur

1975 5206 2211 5277 peccatis,
2238 5204 2447 5275 quando
2469 5196 2710 5259 avertitur
2736 5203 3028 5274 a'pelcca'tis.
3055 5202 3257 5259 Contra
3270 5204 3438 5272 quam
3464 5216 3556 5256 va-

1975 5297 2209 5353 nitatem
2233 5296 2341 5351 n'on
2379 5294 2797 5366 disputandum'
2819 5335 2833 5361 ,
2861 5293 2955 5350 sed
2986 5293 3274 5364 Apostolus
3320 5291 3435 5362 ipse
3473 5290 3555 5346 le-

1976 5389 2182 5462 gendus
2206 5397 2308 5456 est,
2334 5388 2523 5444 dicens
2537 5406 2563 5444 εΔ
2578 5388 2639 5444 Si
2665 5392 2830 5443 autem
2854 5387 3086 5442 Christus
3108 5386 3164 5440 in
3186 5384 3341 5452 vobis,
3373 5398 3559 5457 corpus

1976 5482 2176 5554 quidem
2205 5487 2552 5536 mortuum'est
2574 5484 2783 5552 propin
2806 5486 3082 5551 peccatum,
3112 5477 3321 5549 spiritus
3339 5474 3361 5507 ³
3388 5484 3556 5530 autem

2044 5615 2062 5647 ³
2095 5613 2232 5679 Ψίιί,
2258 5612 2462 5679 populis.
2490 5615 2681 5679 aptius,
2722 5619 2784 5679 ut_
2808 5611 3019 5679 videtur,
3052 5617 3196 5679 vetus
3230 5610 3387 5679 codex
3408 5615 3560 5679 Post,

1979 5669 2241 5740 poculis;
2259 5669 2438 5735 'Morel,
2458 5669 2691 5726 dement.
2714 5675 2891 5732 Critic.,
2916 5669 3027 5736 pag.
3050 5673 3164 5732 175,
3188 5669 3385 5725 vocalis.
3447 5678 3505 5723 ιι.

2044 5740 2063 5770 ³
2097 5738 2179 5787 ilic
2198 5739 2483 5789 auctoritate
2496 5744 2603 5791 Mss.
2918 5732 3284 5794 dispalatam

2045 5800 2067 5869 ἦ
2098 5798 2488 5869 summarium.
2822 5796 2891 5851 ait
2906 5796 3141 5853 nam

2050 5862 2121 5923 (a)
2154 5867 2311 5920 Forte.
2334 5862 2418 5913 ita.
