  <div class='ocr_page' id='page_1' title='image "/cluster/home/n/w/nwhite01/storage/ocr_20150623/44-45/uva.x000217727/721.png"; bbox 0 0 3980 6482; ppageno 0'>
   <div class='ocr_carea' id='block_1_1' title="bbox 591 355 738 414">
    <p class='ocr_par' dir='ltr' id='par_1_1' title="bbox 591 355 738 414">
     <span class='ocr_line' id='line_1_1' title="bbox 591 355 738 414; baseline -0.014 0"><span class='ocrx_word' id='word_1_1' title='bbox 591 355 738 414; x_wconf 59' lang='lat' dir='ltr'><strong><em>“ﬁt</em></strong></span> 
     </span>
    </p>
   </div>
   <div class='ocr_carea' id='block_1_2' title="bbox 591 465 2185 539">
    <p class='ocr_par' dir='ltr' id='par_1_2' title="bbox 591 465 2185 539">
     <span class='ocr_line' id='line_1_2' title="bbox 591 465 2185 539; baseline -0.003 -16"><span class='ocrx_word' id='word_1_2' title='bbox 591 467 702 523; x_wconf 65' lang='lat' dir='ltr'><strong><em>vita</em></strong></span> <span class='ocrx_word' id='word_1_3' title='bbox 737 475 810 524; x_wconf 80' lang='lat' dir='ltr'><strong><em>est</em></strong></span> <span class='ocrx_word' id='word_1_4' title='bbox 838 474 1042 539; x_wconf 77' lang='lat' dir='ltr'><strong><em>propter</em></strong></span> <span class='ocrx_word' id='word_1_5' title='bbox 1073 465 1364 536; x_wconf 86' lang='lat' dir='ltr'><strong><em>justitiam.</em></strong></span> <span class='ocrx_word' id='word_1_6' title='bbox 1389 467 1434 519; x_wconf 89' lang='lat' dir='ltr'><strong><em>si</em></strong></span> <span class='ocrx_word' id='word_1_7' title='bbox 1459 474 1626 518; x_wconf 83' lang='lat' dir='ltr'><strong><em>autent</em></strong></span> <span class='ocrx_word' id='word_1_8' title='bbox 1674 466 1884 534; x_wconf 78' lang='lat' dir='ltr'><strong><em>spiritus</em></strong></span> <span class='ocrx_word' id='word_1_9' title='bbox 1927 466 2034 537; x_wconf 81' lang='lat' dir='ltr'><strong><em>ejus</em></strong></span> <span class='ocrx_word' id='word_1_10' title='bbox 2056 507 2068 531; x_wconf 93' lang='lat'><strong><em>,</em></strong></span> <span class='ocrx_word' id='word_1_11' title='bbox 2099 465 2185 534; x_wconf 86' lang='lat' dir='ltr'><strong><em>qui</em></strong></span> 
     </span>
    </p>
   </div>
   <div class='ocr_carea' id='block_1_3' title="bbox 585 557 2182 626">
    <p class='ocr_par' dir='ltr' id='par_1_3' title="bbox 585 557 2182 626">
     <span class='ocr_line' id='line_1_3' title="bbox 585 557 2182 626; baseline -0.003 -11"><span class='ocrx_word' id='word_1_12' title='bbox 585 561 858 616; x_wconf 65' lang='lat' dir='ltr'><strong><em>suscitauit</em></strong></span> <span class='ocrx_word' id='word_1_13' title='bbox 881 561 1059 615; x_wconf 73' lang='lat' dir='ltr'><strong><em>Iesum</em></strong></span> <span class='ocrx_word' id='word_1_14' title='bbox 1084 575 1116 611; x_wconf 83' lang='grc' dir='ltr'><em>α</em></span> <span class='ocrx_word' id='word_1_15' title='bbox 1145 560 1377 624; x_wconf 75' lang='lat' dir='ltr'><strong><em>mortuis,</em></strong></span> <span class='ocrx_word' id='word_1_16' title='bbox 1409 557 1600 612; x_wconf 78' lang='lat' dir='ltr'><strong><em>habitat</em></strong></span> <span class='ocrx_word' id='word_1_17' title='bbox 1624 559 1676 611; x_wconf 90' lang='lat' dir='ltr'><strong><em>in</em></strong></span> <span class='ocrx_word' id='word_1_18' title='bbox 1703 557 1838 612; x_wconf 81' lang='lat' dir='ltr'><strong><em>vobis</em></strong></span> <span class='ocrx_word' id='word_1_19' title='bbox 1862 559 1876 588; x_wconf 87' lang='grc'>¹</span> <span class='ocrx_word' id='word_1_20' title='bbox 1901 599 1914 622; x_wconf 91' lang='grc'>,</span> <span class='ocrx_word' id='word_1_21' title='bbox 1956 560 2182 626; x_wconf 79' lang='lat' dir='ltr'><strong><em>vivi/ica-</em></strong></span> 
     </span>
    </p>
   </div>
   <div class='ocr_carea' id='block_1_4' title="bbox 589 649 2180 720">
    <p class='ocr_par' dir='ltr' id='par_1_4' title="bbox 589 649 2180 720">
     <span class='ocr_line' id='line_1_4' title="bbox 589 649 2180 720; baseline -0.001 -16"><span class='ocrx_word' id='word_1_22' title='bbox 589 652 668 704; x_wconf 82' lang='lat' dir='ltr'><strong><em>bit</em></strong></span> <span class='ocrx_word' id='word_1_23' title='bbox 698 661 743 706; x_wconf 90' lang='lat' dir='ltr'><strong><em>et</em></strong></span> <span class='ocrx_word' id='word_1_24' title='bbox 770 651 1005 705; x_wconf 90' lang='lat' dir='ltr'><strong><em>mortalia</em></strong></span> <span class='ocrx_word' id='word_1_25' title='bbox 1031 666 1246 714; x_wconf 86' lang='lat' dir='ltr'><strong><em>corpora</em></strong></span> <span class='ocrx_word' id='word_1_26' title='bbox 1275 659 1438 703; x_wconf 86' lang='lat' dir='ltr'><strong><em>vestra</em></strong></span> <span class='ocrx_word' id='word_1_27' title='bbox 1482 665 1569 720; x_wconf 81' lang='lat' dir='ltr'><strong><em>per</em></strong></span> <span class='ocrx_word' id='word_1_28' title='bbox 1593 651 1613 680; x_wconf 86' lang='grc'><strong><em>²</em></strong></span> <span class='ocrx_word' id='word_1_29' title='bbox 1639 649 2000 702; x_wconf 80' lang='lat' dir='ltr'><strong><em>inltabitantem</em></strong></span> <span class='ocrx_word' id='word_1_30' title='bbox 2026 650 2180 718; x_wconf 85' lang='lat' dir='ltr'><strong><em>spiri-</em></strong></span> 
     </span>
    </p>
   </div>
   <div class='ocr_carea' id='block_1_5' title="bbox 585 739 2184 813">
    <p class='ocr_par' dir='ltr' id='par_1_5' title="bbox 585 739 2184 813">
     <span class='ocr_line' id='line_1_5' title="bbox 585 739 2184 813; baseline 0.001 -17"><span class='ocrx_word' id='word_1_31' title='bbox 585 753 699 796; x_wconf 73' lang='lat' dir='ltr'><strong><em>tum</em></strong></span> <span class='ocrx_word' id='word_1_32' title='bbox 725 743 835 811; x_wconf 79' lang='lat' dir='ltr'><strong><em>ejus</em></strong></span> <span class='ocrx_word' id='word_1_33' title='bbox 861 742 912 794; x_wconf 88' lang='lat' dir='ltr'><strong><em>in</em></strong></span> <span class='ocrx_word' id='word_1_34' title='bbox 939 743 1074 796; x_wconf 79' lang='lat' dir='ltr'><strong><em>vobis</em></strong></span> <span class='ocrx_word' id='word_1_35' title='bbox 1107 741 1281 812; x_wconf 85' lang='lat' dir='ltr'><strong><em>(Rom.</em></strong></span> <span class='ocrx_word' id='word_1_36' title='bbox 1316 757 1433 810; x_wconf 78' lang='lat' dir='ltr'><strong><em>vui,</em></strong></span> <span class='ocrx_word' id='word_1_37' title='bbox 1463 742 1550 806; x_wconf 76' lang='grc'><strong><em>10,</em></strong></span> <span class='ocrx_word' id='word_1_38' title='bbox 1584 739 1672 813; x_wconf 80' lang='lat' dir='ltr'><strong><em>ll)</em></strong></span> <span class='ocrx_word' id='word_1_39' title='bbox 1695 742 1717 794; x_wconf 90' lang='lat'><strong><em>?</em></strong></span> <span class='ocrx_word' id='word_1_40' title='bbox 1743 742 1880 810; x_wconf 87' lang='lat' dir='ltr'><strong><em>Quid</em></strong></span> <span class='ocrx_word' id='word_1_41' title='bbox 1901 743 2184 812; x_wconf 81' lang='lat' dir='ltr'><strong><em>apertius?</em></strong></span> 
     </span>
    </p>
   </div>
   <div class='ocr_carea' id='block_1_6' title="bbox 583 834 2183 905">
    <p class='ocr_par' dir='ltr' id='par_1_6' title="bbox 583 834 2183 905">
     <span class='ocr_line' id='line_1_6' title="bbox 583 834 2183 905; baseline 0 -13"><span class='ocrx_word' id='word_1_42' title='bbox 583 834 719 904; x_wconf 59' lang='lat' dir='ltr'><strong><em>quid</em></strong></span> <span class='ocrx_word' id='word_1_43' title='bbox 761 834 1030 890; x_wconf 76' lang='lat' dir='ltr'><strong><em>lucidius?</em></strong></span> <span class='ocrx_word' id='word_1_44' title='bbox 1055 834 1214 902; x_wconf 86' lang='lat' dir='ltr'><strong><em>Quis,</em></strong></span> <span class='ocrx_word' id='word_1_45' title='bbox 1247 849 1410 905; x_wconf 89' lang='lat' dir='ltr'><strong><em>rogo,</em></strong></span> <span class='ocrx_word' id='word_1_46' title='bbox 1440 843 1626 890; x_wconf 90' lang='lat' dir='ltr'><strong><em>contra</em></strong></span> <span class='ocrx_word' id='word_1_47' title='bbox 1673 837 1828 891; x_wconf 89' lang='lat' dir='ltr'><strong><em>istam</em></strong></span> <span class='ocrx_word' id='word_1_48' title='bbox 1875 837 2183 892; x_wconf 88' lang='lat' dir='ltr'><strong><em>manifesta-</em></strong></span> 
     </span>
    </p>
   </div>
   <div class='ocr_carea' id='block_1_7' title="bbox 586 926 2149 1000">
    <p class='ocr_par' dir='ltr' id='par_1_7' title="bbox 586 926 2149 1000">
     <span class='ocr_line' id='line_1_7' title="bbox 586 926 2149 1000; baseline 0.003 -20"><span class='ocrx_word' id='word_1_49' title='bbox 586 927 814 992; x_wconf 65' lang='lat' dir='ltr'><strong><em>tionem,</em></strong></span> <span class='ocrx_word' id='word_1_50' title='bbox 845 926 946 981; x_wconf 88' lang='lat' dir='ltr'><strong><em>nisi</em></strong></span> <span class='ocrx_word' id='word_1_51' title='bbox 971 927 1222 981; x_wconf 81' lang='lat' dir='ltr'><strong><em>haeretica</em></strong></span> <span class='ocrx_word' id='word_1_52' title='bbox 1259 927 1495 991; x_wconf 92' lang='lat' dir='ltr'><strong><em>insania,</em></strong></span> <span class='ocrx_word' id='word_1_53' title='bbox 1527 938 1745 997; x_wconf 91' lang='lat' dir='ltr'><strong><em>negaret</em></strong></span> <span class='ocrx_word' id='word_1_54' title='bbox 1771 930 2028 999; x_wconf 89' lang='lat' dir='ltr'><strong><em>originale</em></strong></span> <span class='ocrx_word' id='word_1_55' title='bbox 2051 945 2149 1000; x_wconf 90' lang='lat' dir='ltr'><strong><em>pec</em></strong></span> 
     </span>
    </p>
   </div>
   <div class='ocr_carea' id='block_1_8' title="bbox 585 1017 2181 1090">
    <p class='ocr_par' dir='ltr' id='par_1_8' title="bbox 585 1017 2181 1090">
     <span class='ocr_line' id='line_1_8' title="bbox 585 1017 2181 1090; baseline 0.003 -18"><span class='ocrx_word' id='word_1_56' title='bbox 585 1017 812 1072; x_wconf 83' lang='lat' dir='ltr'><strong><em>catum?</em></strong></span> <span class='ocrx_word' id='word_1_57' title='bbox 839 1017 1066 1088; x_wconf 77' lang='lat' dir='ltr'><strong><em>Propter</em></strong></span> <span class='ocrx_word' id='word_1_58' title='bbox 1112 1019 1254 1090; x_wconf 88' lang='lat' dir='ltr'><strong><em>quod</em></strong></span> <span class='ocrx_word' id='word_1_59' title='bbox 1283 1029 1556 1088; x_wconf 89' lang='lat' dir='ltr'><strong><em>peccatum</em></strong></span> <span class='ocrx_word' id='word_1_60' title='bbox 1605 1020 1766 1072; x_wconf 86' lang='lat' dir='ltr'><strong><em>etiam</em></strong></span> <span class='ocrx_word' id='word_1_61' title='bbox 1812 1035 1953 1074; x_wconf 92' lang='lat' dir='ltr'><strong><em>nunc</em></strong></span> <span class='ocrx_word' id='word_1_62' title='bbox 1995 1021 2181 1089; x_wconf 86' lang='lat' dir='ltr'><strong><em>utique</em></strong></span> 
     </span>
    </p>
   </div>
   <div class='ocr_carea' id='block_1_9' title="bbox 590 1108 2175 1182">
    <p class='ocr_par' dir='ltr' id='par_1_9' title="bbox 590 1108 2175 1182">
     <span class='ocr_line' id='line_1_9' title="bbox 590 1108 2175 1182; baseline 0.004 -22"><span class='ocrx_word' id='word_1_63' title='bbox 590 1108 773 1164; x_wconf 84' lang='lat' dir='ltr'><strong><em>adhuc</em></strong></span> <span class='ocrx_word' id='word_1_64' title='bbox 819 1124 1013 1179; x_wconf 91' lang='lat' dir='ltr'><strong><em>corpus</em></strong></span> <span class='ocrx_word' id='word_1_65' title='bbox 1062 1119 1144 1164; x_wconf 88' lang='lat' dir='ltr'><strong><em>est</em></strong></span> <span class='ocrx_word' id='word_1_66' title='bbox 1187 1120 1496 1177; x_wconf 89' lang='lat' dir='ltr'><strong><em>mortuum;</em></strong></span> <span class='ocrx_word' id='word_1_67' title='bbox 1525 1112 1768 1182; x_wconf 81' lang='lat' dir='ltr'><strong><em>quamvis</em></strong></span> <span class='ocrx_word' id='word_1_68' title='bbox 1809 1111 1919 1175; x_wconf 90' lang='lat' dir='ltr'><strong><em>jam</em></strong></span> <span class='ocrx_word' id='word_1_69' title='bbox 1961 1121 2175 1182; x_wconf 81' lang='lat' dir='ltr'><strong><em>propter</em></strong></span> 
     </span>
    </p>
   </div>
   <div class='ocr_carea' id='block_1_10' title="bbox 578 1200 2174 1273">
    <p class='ocr_par' dir='ltr' id='par_1_10' title="bbox 578 1200 2174 1273">
     <span class='ocr_line' id='line_1_10' title="bbox 578 1200 2174 1273; baseline 0.002 -17"><span class='ocrx_word' id='word_1_70' title='bbox 578 1200 850 1272; x_wconf 85' lang='lat' dir='ltr'><strong><em>justitiam</em></strong></span> <span class='ocrx_word' id='word_1_71' title='bbox 872 1203 979 1258; x_wconf 90' lang='lat' dir='ltr'><strong><em>vita</em></strong></span> <span class='ocrx_word' id='word_1_72' title='bbox 1005 1203 1074 1256; x_wconf 90' lang='lat' dir='ltr'><strong><em>sit</em></strong></span> <span class='ocrx_word' id='word_1_73' title='bbox 1099 1202 1336 1272; x_wconf 85' lang='lat' dir='ltr'><strong><em>spiritus.</em></strong></span> <span class='ocrx_word' id='word_1_74' title='bbox 1362 1204 1468 1259; x_wconf 86' lang='lat' dir='ltr'><strong><em>Sed</em></strong></span> <span class='ocrx_word' id='word_1_75' title='bbox 1493 1205 1782 1272; x_wconf 81' lang='lat' dir='ltr'><strong><em>viviﬁcabit,</em></strong></span> <span class='ocrx_word' id='word_1_76' title='bbox 1813 1203 2005 1273; x_wconf 86' lang='lat' dir='ltr'><strong><em>inquit,</em></strong></span> <span class='ocrx_word' id='word_1_77' title='bbox 2031 1204 2174 1259; x_wconf 85' lang='lat' dir='ltr'><strong><em>Deus</em></strong></span> 
     </span>
    </p>
   </div>
   <div class='ocr_carea' id='block_1_11' title="bbox 579 1295 2174 1366">
    <p class='ocr_par' dir='ltr' id='par_1_11' title="bbox 579 1295 2174 1366">
     <span class='ocr_line' id='line_1_11' title="bbox 579 1295 2174 1366; baseline 0.001 -16"><span class='ocrx_word' id='word_1_78' title='bbox 579 1303 638 1350; x_wconf 71' lang='lat' dir='ltr'><strong><em>et</em></strong></span> <span class='ocrx_word' id='word_1_79' title='bbox 661 1296 900 1350; x_wconf 80' lang='lat' dir='ltr'><strong><em>mortalia</em></strong></span> <span class='ocrx_word' id='word_1_80' title='bbox 939 1312 1156 1366; x_wconf 87' lang='lat' dir='ltr'><strong><em>corpora</em></strong></span> <span class='ocrx_word' id='word_1_81' title='bbox 1179 1305 1364 1352; x_wconf 80' lang='lat' dir='ltr'><strong><em>vestra.</em></strong></span> <span class='ocrx_word' id='word_1_82' title='bbox 1393 1296 1522 1364; x_wconf 85' lang='lat' dir='ltr'><strong><em>Quis</em></strong></span> <span class='ocrx_word' id='word_1_83' title='bbox 1547 1296 1837 1352; x_wconf 88' lang='lat' dir='ltr'><strong><em>oblatraret</em></strong></span> <span class='ocrx_word' id='word_1_84' title='bbox 1871 1295 1994 1352; x_wconf 87' lang='lat' dir='ltr'><strong><em>huic</em></strong></span> <span class='ocrx_word' id='word_1_85' title='bbox 2032 1297 2174 1352; x_wconf 89' lang='lat' dir='ltr'><strong><em>veri-</em></strong></span> 
     </span>
    </p>
   </div>
   <div class='ocr_carea' id='block_1_12' title="bbox 651 1405 2176 1470">
    <p class='ocr_par' dir='ltr' id='par_1_12' title="bbox 651 1405 2176 1470">
     <span class='ocr_line' id='line_1_12' title="bbox 651 1405 2176 1470; baseline 0.003 -14"><span class='ocrx_word' id='word_1_86' title='bbox 651 1405 670 1436; x_wconf 80' lang='grc'>¹</span> <span class='ocrx_word' id='word_1_87' title='bbox 705 1407 792 1470; x_wconf 78' lang='lat' dir='ltr'><strong><em>Hic</em></strong></span> <span class='ocrx_word' id='word_1_88' title='bbox 835 1406 992 1458; x_wconf 85' lang='lat' dir='ltr'><strong><em>codex</em></strong></span> <span class='ocrx_word' id='word_1_89' title='bbox 1042 1413 1166 1458; x_wconf 81' lang='lat' dir='ltr'><strong><em>Port.</em></strong></span> <span class='ocrx_word' id='word_1_90' title='bbox 1213 1408 1415 1470; x_wconf 78' lang='lat' dir='ltr'><strong><em>repetit,</em></strong></span> <span class='ocrx_word' id='word_1_91' title='bbox 1455 1406 1540 1470; x_wconf 84' lang='lat' dir='ltr'><strong><em>qui</em></strong></span> <span class='ocrx_word' id='word_1_92' title='bbox 1579 1407 1823 1459; x_wconf 81' lang='lat' dir='ltr'><strong><em>suscitavit</em></strong></span> <span class='ocrx_word' id='word_1_93' title='bbox 1859 1405 2102 1459; x_wconf 82' lang='lat' dir='ltr'><strong><em>Christum</em></strong></span> <span class='ocrx_word' id='word_1_94' title='bbox 2143 1422 2176 1460; x_wconf 95' lang='lat' dir='ltr'><strong><em>a</em></strong></span> 
     </span>
    </p>
   </div>
   <div class='ocr_carea' id='block_1_13' title="bbox 582 1471 1088 1595">
    <p class='ocr_par' dir='ltr' id='par_1_13' title="bbox 582 1471 1088 1595">
     <span class='ocr_line' id='line_1_13' title="bbox 582 1471 1088 1595; baseline 0.002 -16"><span class='ocrx_word' id='word_1_95' title='bbox 582 1471 827 1580; x_wconf 45' lang='grc' dir='ltr'><strong><em>ωτιὲῗίἷῦ</em></strong></span> <span class='ocrx_word' id='word_1_96' title='bbox 840 1564 857 1590; x_wconf 87' lang='grc'><em>,</em></span> <span class='ocrx_word' id='word_1_97' title='bbox 874 1537 1088 1595; x_wconf 85' lang='lat' dir='ltr'><strong><em>propter.</em></strong></span> 
     </span>
    </p>
   </div>
   <div class='ocr_carea' id='block_1_14' title="bbox 3513 281 3544 291">
    <p class='ocr_par' dir='ltr' id='par_1_14' title="bbox 3513 281 3544 291">
     <span class='ocr_line' id='line_1_14' title="bbox 3513 281 3544 291; baseline 0 0"><span class='ocrx_word' id='word_1_98' title='bbox 3513 281 3544 291; x_wconf 67' lang='lat'><strong><em>&#39;-</em></strong></span> 
     </span>
    </p>
   </div>
   <div class='ocr_carea' id='block_1_15' title="bbox 1281 343 3746 434">
    <p class='ocr_par' dir='ltr' id='par_1_15' title="bbox 1281 343 3746 434">
     <span class='ocr_line' id='line_1_15' title="bbox 1281 343 3746 434; baseline -0 -24"><span class='ocrx_word' id='word_1_99' title='bbox 1281 351 1527 410; x_wconf 75' lang='lat' dir='ltr'><strong><em>OPEBIS</em></strong></span> <span class='ocrx_word' id='word_1_100' title='bbox 1567 352 1980 409; x_wconf 81' lang='lat' dir='ltr'><strong><em>IMPERFECTI</em></strong></span> <span class='ocrx_word' id='word_1_101' title='bbox 2017 349 2296 408; x_wconf 74' lang='lat' dir='ltr'><strong><em>CONTRA</em></strong></span> <span class='ocrx_word' id='word_1_102' title='bbox 2326 348 2688 418; x_wconf 82' lang='lat' dir='ltr'><strong><em>JULIANUM,</em></strong></span> <span class='ocrx_word' id='word_1_103' title='bbox 2729 350 2786 408; x_wconf 89' lang='lat' dir='ltr'><strong><em>S.</em></strong></span> <span class='ocrx_word' id='word_1_104' title='bbox 2827 343 3194 408; x_wconf 72' lang='lat' dir='ltr'><strong><em>AUGUSTIM</em></strong></span> <span class='ocrx_word' id='word_1_105' title='bbox 3652 371 3746 434; x_wconf 59' lang='grc' dir='ltr'><strong><em>ηδε</em></strong></span> 
     </span>
    </p>
   </div>
   <div class='ocr_carea' id='block_1_16' title="bbox 2294 465 3742 550">
    <p class='ocr_par' dir='ltr' id='par_1_16' title="bbox 2294 465 3742 550">
     <span class='ocr_line' id='line_1_16' title="bbox 2294 465 3742 550; baseline 0.015 -32"><span class='ocrx_word' id='word_1_106' title='bbox 2294 465 2420 532; x_wconf 89' lang='lat' dir='ltr'><strong><em>tati,</em></strong></span> <span class='ocrx_word' id='word_1_107' title='bbox 2453 465 2560 520; x_wconf 90' lang='lat' dir='ltr'><strong><em>nisi</em></strong></span> <span class='ocrx_word' id='word_1_108' title='bbox 2587 465 2763 522; x_wconf 84' lang='lat' dir='ltr'><strong><em>rabies</em></strong></span> <span class='ocrx_word' id='word_1_109' title='bbox 2787 465 3051 530; x_wconf 80' lang='lat' dir='ltr'><strong><em>vanitatis,</em></strong></span> <span class='ocrx_word' id='word_1_110' title='bbox 3079 481 3198 538; x_wconf 75' lang='lat' dir='ltr'><strong><em>quae</em></strong></span> <span class='ocrx_word' id='word_1_111' title='bbox 3221 481 3280 524; x_wconf 89' lang='lat' dir='ltr'><strong><em>se</em></strong></span> <span class='ocrx_word' id='word_1_112' title='bbox 3297 467 3452 539; x_wconf 85' lang='lat' dir='ltr'><strong><em>jactat</em></strong></span> <span class='ocrx_word' id='word_1_113' title='bbox 3469 475 3574 532; x_wconf 80' lang='lat' dir='ltr'><strong><em>nulli</em></strong></span> <span class='ocrx_word' id='word_1_114' title='bbox 3591 487 3742 550; x_wconf 73' lang='lat' dir='ltr'><strong><em>opinioni</em></strong></span> 
     </span>
    </p>
   </div>
   <div class='ocr_carea' id='block_1_17' title="bbox 2291 557 3742 636">
    <p class='ocr_par' dir='ltr' id='par_1_17' title="bbox 2291 557 3742 636">
     <span class='ocr_line' id='line_1_17' title="bbox 2291 557 3742 636; baseline 0.014 -26"><span class='ocrx_word' id='word_1_115' title='bbox 2291 566 2441 626; x_wconf 86' lang='lat' dir='ltr'><strong><em>atque</em></strong></span> <span class='ocrx_word' id='word_1_116' title='bbox 2467 557 2750 611; x_wconf 83' lang='lat' dir='ltr'><strong><em>adulationi</em></strong></span> <span class='ocrx_word' id='word_1_117' title='bbox 2778 558 3063 612; x_wconf 81' lang='lat' dir='ltr'><strong><em>auscultare</em></strong></span> <span class='ocrx_word' id='word_1_118' title='bbox 3105 560 3156 614; x_wconf 86' lang='lat' dir='ltr'><strong><em>in</em></strong></span> <span class='ocrx_word' id='word_1_119' title='bbox 3184 563 3425 616; x_wconf 88' lang='lat' dir='ltr'><strong><em>maculam</em></strong></span> <span class='ocrx_word' id='word_1_120' title='bbox 3448 571 3645 636; x_wconf 73' lang='lat' dir='ltr'><strong><em>aequitatis</em></strong></span> <span class='ocrx_word' id='word_1_121' title='bbox 3664 579 3742 634; x_wconf 67' lang='lat' dir='ltr'><strong><em>tisi.</em></strong></span> 
     </span>
    </p>
   </div>
   <div class='ocr_carea' id='block_1_18' title="bbox 2290 650 3744 739">
    <p class='ocr_par' dir='ltr' id='par_1_18' title="bbox 2290 650 3744 739">
     <span class='ocr_line' id='line_1_18' title="bbox 2290 650 3744 739; baseline 0.02 -41"><span class='ocrx_word' id='word_1_122' title='bbox 2290 664 2410 714; x_wconf 76' lang='lat' dir='ltr'><strong><em>nw;</em></strong></span> <span class='ocrx_word' id='word_1_123' title='bbox 2452 665 2574 704; x_wconf 91' lang='lat' dir='ltr'><strong><em>cum</em></strong></span> <span class='ocrx_word' id='word_1_124' title='bbox 2618 650 2794 719; x_wconf 85' lang='lat' dir='ltr'><strong><em>potius</em></strong></span> <span class='ocrx_word' id='word_1_125' title='bbox 2817 651 3118 721; x_wconf 83' lang='lat' dir='ltr'><strong><em>aequitatem</em></strong></span> <span class='ocrx_word' id='word_1_126' title='bbox 3145 652 3370 708; x_wconf 83' lang='lat' dir='ltr'><strong><em>divinam</em></strong></span> <span class='ocrx_word' id='word_1_127' title='bbox 3397 673 3566 728; x_wconf 83' lang='lat' dir='ltr'><strong><em>negare</em></strong></span> <span class='ocrx_word' id='word_1_128' title='bbox 3584 681 3744 739; x_wconf 79' lang='lat' dir='ltr'><strong><em>cogatur.</em></strong></span> 
     </span>
    </p>
   </div>
   <div class='ocr_carea' id='block_1_19' title="bbox 2289 741 3746 822">
    <p class='ocr_par' dir='ltr' id='par_1_19' title="bbox 2289 741 3746 822">
     <span class='ocr_line' id='line_1_19' title="bbox 2289 741 3746 822; baseline 0.016 -29"><span class='ocrx_word' id='word_1_129' title='bbox 2289 741 2528 812; x_wconf 89' lang='lat' dir='ltr'><strong><em>quisquis</em></strong></span> <span class='ocrx_word' id='word_1_130' title='bbox 2555 741 2808 812; x_wconf 89' lang='lat' dir='ltr'><strong><em>deceptus</em></strong></span> <span class='ocrx_word' id='word_1_131' title='bbox 2853 743 3010 798; x_wconf 90' lang='lat' dir='ltr'><strong><em>fuerit</em></strong></span> <span class='ocrx_word' id='word_1_132' title='bbox 3037 759 3070 798; x_wconf 89' lang='lat' dir='ltr'><strong><em>a</em></strong></span> <span class='ocrx_word' id='word_1_133' title='bbox 3104 745 3293 800; x_wconf 84' lang='lat' dir='ltr'><strong><em>vobis?</em></strong></span> <span class='ocrx_word' id='word_1_134' title='bbox 3319 745 3552 816; x_wconf 84' lang='lat' dir='ltr'><strong><em>Quoniam</em></strong></span> <span class='ocrx_word' id='word_1_135' title='bbox 3586 765 3646 812; x_wconf 88' lang='lat' dir='ltr'><strong><em>tot</em></strong></span> <span class='ocrx_word' id='word_1_136' title='bbox 3671 765 3746 822; x_wconf 70' lang='lat' dir='ltr'><strong><em>vitia</em></strong></span> 
     </span>
    </p>
   </div>
   <div class='ocr_carea' id='block_1_20' title="bbox 2287 836 3748 914">
    <p class='ocr_par' dir='ltr' id='par_1_20' title="bbox 2287 836 3748 914">
     <span class='ocr_line' id='line_1_20' title="bbox 2287 836 3748 914; baseline 0.01 -24"><span class='ocrx_word' id='word_1_137' title='bbox 2287 836 2374 891; x_wconf 88' lang='lat' dir='ltr'><strong><em>vel</em></strong></span> <span class='ocrx_word' id='word_1_138' title='bbox 2400 851 2706 906; x_wconf 82' lang='lat' dir='ltr'><strong><em>corporum,</em></strong></span> <span class='ocrx_word' id='word_1_139' title='bbox 2731 839 2816 893; x_wconf 86' lang='lat' dir='ltr'><strong><em>vel</em></strong></span> <span class='ocrx_word' id='word_1_140' title='bbox 2841 839 3194 910; x_wconf 79' lang='lat' dir='ltr'><strong><em>ingeniorum,</em></strong></span> <span class='ocrx_word' id='word_1_141' title='bbox 3223 857 3342 896; x_wconf 90' lang='lat' dir='ltr'><strong><em>cum</em></strong></span> <span class='ocrx_word' id='word_1_142' title='bbox 3361 845 3534 914; x_wconf 89' lang='lat' dir='ltr'><strong><em>quibus</em></strong></span> <span class='ocrx_word' id='word_1_143' title='bbox 3553 865 3748 914; x_wconf 68' lang='lat' dir='ltr'><strong><em>nascuntur</em></strong></span> 
     </span>
    </p>
   </div>
   <div class='ocr_carea' id='block_1_21' title="bbox 2287 928 3747 1014">
    <p class='ocr_par' dir='ltr' id='par_1_21' title="bbox 2287 928 3747 1014">
     <span class='ocr_line' id='line_1_21' title="bbox 2287 928 3747 1014; baseline 0.014 -32"><span class='ocrx_word' id='word_1_144' title='bbox 2287 928 2554 994; x_wconf 91' lang='lat' dir='ltr'><strong><em>homines,</em></strong></span> <span class='ocrx_word' id='word_1_145' title='bbox 2583 931 2628 984; x_wconf 91' lang='lat' dir='ltr'><strong><em>si</em></strong></span> <span class='ocrx_word' id='word_1_146' title='bbox 2649 931 2846 986; x_wconf 91' lang='lat' dir='ltr'><strong><em>nullius</em></strong></span> <span class='ocrx_word' id='word_1_147' title='bbox 2867 933 3066 1002; x_wconf 84' lang='lat' dir='ltr'><strong><em>peccati</em></strong></span> <span class='ocrx_word' id='word_1_148' title='bbox 3093 933 3340 989; x_wconf 90' lang='lat' dir='ltr'><strong><em>dicuntur</em></strong></span> <span class='ocrx_word' id='word_1_149' title='bbox 3361 937 3548 996; x_wconf 81' lang='lat' dir='ltr'><strong><em>trahere</em></strong></span> <span class='ocrx_word' id='word_1_150' title='bbox 3563 945 3747 1014; x_wconf 82' lang='lat' dir='ltr'><strong><em>meritum,</em></strong></span> 
     </span>
    </p>
   </div>
   <div class='ocr_carea' id='block_1_22' title="bbox 2287 1021 3750 1099">
    <p class='ocr_par' dir='ltr' id='par_1_22' title="bbox 2287 1021 3750 1099">
     <span class='ocr_line' id='line_1_22' title="bbox 2287 1021 3750 1099; baseline 0.006 -25"><span class='ocrx_word' id='word_1_151' title='bbox 2287 1021 2476 1090; x_wconf 89' lang='lat' dir='ltr'><strong><em>procul</em></strong></span> <span class='ocrx_word' id='word_1_152' title='bbox 2499 1021 2661 1076; x_wconf 93' lang='lat' dir='ltr'><strong><em>dubio</em></strong></span> <span class='ocrx_word' id='word_1_153' title='bbox 2692 1023 2785 1078; x_wconf 86' lang='lat' dir='ltr'><strong><em>Dei</em></strong></span> <span class='ocrx_word' id='word_1_154' title='bbox 2823 1033 3047 1094; x_wconf 85' lang='lat' dir='ltr'><strong><em>negatur</em></strong></span> <span class='ocrx_word' id='word_1_155' title='bbox 3061 1025 3264 1094; x_wconf 89' lang='lat' dir='ltr'><strong><em>justum</em></strong></span> <span class='ocrx_word' id='word_1_156' title='bbox 3303 1042 3418 1084; x_wconf 89' lang='lat' dir='ltr'><strong><em>esse</em></strong></span> <span class='ocrx_word' id='word_1_157' title='bbox 3439 1030 3663 1099; x_wconf 83' lang='lat' dir='ltr'><strong><em>judicium.</em></strong></span> <span class='ocrx_word' id='word_1_158' title='bbox 3689 1040 3750 1096; x_wconf 64' lang='lat' dir='ltr'><strong><em>lu.</em></strong></span> 
     </span>
    </p>
   </div>
   <div class='ocr_carea' id='block_1_23' title="bbox 2286 1117 3748 1192">
    <p class='ocr_par' dir='ltr' id='par_1_23' title="bbox 2286 1117 3748 1192">
     <span class='ocr_line' id='line_1_23' title="bbox 2286 1117 3748 1192; baseline 0.012 -22"><span class='ocrx_word' id='word_1_159' title='bbox 2286 1129 2408 1185; x_wconf 90' lang='lat' dir='ltr'><strong><em>que,</em></strong></span> <span class='ocrx_word' id='word_1_160' title='bbox 2437 1130 2559 1170; x_wconf 88' lang='lat' dir='ltr'><strong><em>cum</em></strong></span> <span class='ocrx_word' id='word_1_161' title='bbox 2585 1117 2842 1172; x_wconf 83' lang='lat' dir='ltr'><strong><em>voluntati</em></strong></span> <span class='ocrx_word' id='word_1_162' title='bbox 2871 1128 3084 1188; x_wconf 89' lang='lat' dir='ltr'><strong><em>peccata</em></strong></span> <span class='ocrx_word' id='word_1_163' title='bbox 3113 1119 3192 1174; x_wconf 88' lang='lat' dir='ltr'><strong><em>sic</em></strong></span> <span class='ocrx_word' id='word_1_164' title='bbox 3211 1119 3488 1192; x_wconf 88' lang='lat' dir='ltr'><strong><em>imputatis,</em></strong></span> <span class='ocrx_word' id='word_1_165' title='bbox 3514 1133 3562 1180; x_wconf 90' lang='lat' dir='ltr'><strong><em>ut</em></strong></span> <span class='ocrx_word' id='word_1_166' title='bbox 3577 1129 3748 1189; x_wconf 74' lang='lat' dir='ltr'><strong><em>voluntati</em></strong></span> 
     </span>
    </p>
   </div>
   <div class='ocr_carea' id='block_1_24' title="bbox 2285 1206 3746 1289">
    <p class='ocr_par' dir='ltr' id='par_1_24' title="bbox 2285 1206 3746 1289">
     <span class='ocr_line' id='line_1_24' title="bbox 2285 1206 3746 1289; baseline 0.011 -30"><span class='ocrx_word' id='word_1_167' title='bbox 2285 1206 2442 1276; x_wconf 89' lang='lat' dir='ltr'><strong><em>primi</em></strong></span> <span class='ocrx_word' id='word_1_168' title='bbox 2473 1207 2706 1262; x_wconf 92' lang='lat' dir='ltr'><strong><em>hominis</em></strong></span> <span class='ocrx_word' id='word_1_169' title='bbox 2745 1208 3003 1278; x_wconf 82' lang='lat' dir='ltr'><strong><em>originale</em></strong></span> <span class='ocrx_word' id='word_1_170' title='bbox 3031 1219 3308 1278; x_wconf 88' lang='lat' dir='ltr'><strong><em>peccatum</em></strong></span> <span class='ocrx_word' id='word_1_171' title='bbox 3351 1212 3581 1282; x_wconf 87' lang='lat' dir='ltr'><strong><em>imputare</em></strong></span> <span class='ocrx_word' id='word_1_172' title='bbox 3611 1219 3746 1289; x_wconf 80' lang='lat' dir='ltr'><strong><em>nolitis,</em></strong></span> 
     </span>
    </p>
   </div>
   <div class='ocr_carea' id='block_1_25' title="bbox 2289 1301 3748 1378">
    <p class='ocr_par' dir='ltr' id='par_1_25' title="bbox 2289 1301 3748 1378">
     <span class='ocr_line' id='line_1_25' title="bbox 2289 1301 3748 1378; baseline 0.008 -23"><span class='ocrx_word' id='word_1_173' title='bbox 2289 1301 2468 1355; x_wconf 86' lang='lat' dir='ltr'><strong><em>omnia</em></strong></span> <span class='ocrx_word' id='word_1_174' title='bbox 2499 1301 2635 1354; x_wconf 86' lang='lat' dir='ltr'><strong><em>mala</em></strong></span> <span class='ocrx_word' id='word_1_175' title='bbox 2661 1317 2779 1371; x_wconf 82' lang='lat' dir='ltr'><strong><em>quae</em></strong></span> <span class='ocrx_word' id='word_1_176' title='bbox 2803 1301 3020 1356; x_wconf 90' lang='lat' dir='ltr'><strong><em>trahunt</em></strong></span> <span class='ocrx_word' id='word_1_177' title='bbox 3057 1302 3142 1357; x_wconf 89' lang='lat' dir='ltr'><strong><em>vel</em></strong></span> <span class='ocrx_word' id='word_1_178' title='bbox 3169 1302 3437 1373; x_wconf 86' lang='lat' dir='ltr'><strong><em>patiuntur</em></strong></span> <span class='ocrx_word' id='word_1_179' title='bbox 3461 1305 3748 1378; x_wconf 64' lang='lat' dir='ltr'><strong><em>infantes,“-</em></strong></span> 
     </span>
    </p>
   </div>
   <div class='ocr_carea' id='block_1_26' title="bbox 2284 1391 3748 1470">
    <p class='ocr_par' dir='ltr' id='par_1_26' title="bbox 2284 1391 3748 1470">
     <span class='ocr_line' id='line_1_26' title="bbox 2284 1391 3748 1470; baseline 0.008 -25"><span class='ocrx_word' id='word_1_180' title='bbox 2284 1405 2387 1464; x_wconf 90' lang='lat' dir='ltr'><strong><em>quo</em></strong></span> <span class='ocrx_word' id='word_1_181' title='bbox 2431 1391 2524 1446; x_wconf 88' lang='lat' dir='ltr'><strong><em>Dei</em></strong></span> <span class='ocrx_word' id='word_1_182' title='bbox 2563 1391 2764 1462; x_wconf 91' lang='lat' dir='ltr'><strong><em>judicio</em></strong></span> <span class='ocrx_word' id='word_1_183' title='bbox 2788 1433 2802 1457; x_wconf 90' lang='lat'><strong><em>,</em></strong></span> <span class='ocrx_word' id='word_1_184' title='bbox 2835 1407 2928 1448; x_wconf 91' lang='lat' dir='ltr'><strong><em>eos</em></strong></span> <span class='ocrx_word' id='word_1_185' title='bbox 2969 1393 3058 1464; x_wconf 90' lang='lat' dir='ltr'><strong><em>qui</em></strong></span> <span class='ocrx_word' id='word_1_186' title='bbox 3103 1392 3258 1448; x_wconf 86' lang='lat' dir='ltr'><strong><em>vobis</em></strong></span> <span class='ocrx_word' id='word_1_187' title='bbox 3303 1395 3541 1464; x_wconf 83' lang='lat' dir='ltr'><strong><em>credunt,</em></strong></span> <span class='ocrx_word' id='word_1_188' title='bbox 3576 1397 3748 1470; x_wconf 75' lang='lat' dir='ltr'><strong><em>imputare</em></strong></span> 
     </span>
    </p>
   </div>
   <div class='ocr_carea' id='block_1_27' title="bbox 2279 1482 2621 1552">
    <p class='ocr_par' dir='ltr' id='par_1_27' title="bbox 2279 1482 2621 1552">
     <span class='ocr_line' id='line_1_27' title="bbox 2279 1482 2621 1552; baseline 0 -16"><span class='ocrx_word' id='word_1_189' title='bbox 2279 1482 2621 1552; x_wconf 88' lang='lat' dir='ltr'><strong><em>compellitis.</em></strong></span> 
     </span>
    </p>
   </div>
   <div class='ocr_carea' id='block_1_28' title="bbox 579 1631 3740 1670">
    <p class='ocr_par' dir='ltr' id='par_1_28' title="bbox 579 1631 3740 1670">
     <span class='ocr_line' id='line_1_28' title="bbox 579 1631 3740 1670; baseline 0.008 -26"><span class='ocrx_word' id='word_1_190' title='bbox 579 1631 3740 1670; x_wconf 47' lang='lat' dir='ltr'><strong><em>mw</em></strong></span> 
     </span>
    </p>
   </div>
   <div class='ocr_carea' id='block_1_29' title="bbox 1675 1713 2962 1841">
    <p class='ocr_par' dir='ltr' id='par_1_29' title="bbox 1675 1713 2962 1841">
     <span class='ocr_line' id='line_1_29' title="bbox 1675 1713 2962 1841; baseline 0.004 -21"><span class='ocrx_word' id='word_1_191' title='bbox 1675 1713 2150 1820; x_wconf 85' lang='lat' dir='ltr'><strong><em>LIBER</em></strong></span> <span class='ocrx_word' id='word_1_192' title='bbox 2235 1715 2334 1841; x_wconf 83' lang='lat' dir='ltr'><strong><em>Q</em></strong></span> <span class='ocrx_word' id='word_1_193' title='bbox 2360 1713 2962 1825; x_wconf 83' lang='lat' dir='ltr'><strong><em>UINTU&#39;S.</em></strong></span> 
     </span>
    </p>
   </div>
   <div class='ocr_carea' id='block_1_30' title="bbox 561 1891 2128 1966">
    <p class='ocr_par' dir='ltr' id='par_1_30' title="bbox 561 1891 2128 1966">
     <span class='ocr_line' id='line_1_30' title="bbox 561 1891 2128 1966; baseline 0 -14"><span class='ocrx_word' id='word_1_194' title='bbox 561 1891 566 1896; x_wconf 72' lang='grc'><em>’</em></span> <span class='ocrx_word' id='word_1_195' title='bbox 598 1965 609 1966; x_wconf 18' lang='lat'><em>7</em></span> <span class='ocrx_word' id='word_1_196' title='bbox 645 1903 897 1952; x_wconf 76' lang='lat' dir='ltr'><strong><em>Conﬁrmat</em></strong></span> <span class='ocrx_word' id='word_1_197' title='bbox 917 1903 1226 1966; x_wconf 82' lang='lat' dir='ltr'><strong><em>Augustinus,</em></strong></span> <span class='ocrx_word' id='word_1_198' title='bbox 1253 1909 1306 1952; x_wconf 88' lang='lat' dir='ltr'><strong><em>et</em></strong></span> <span class='ocrx_word' id='word_1_199' title='bbox 1325 1915 1354 1952; x_wconf 90' lang='lat' dir='ltr'><strong><em>a</em></strong></span> <span class='ocrx_word' id='word_1_200' title='bbox 1369 1901 1542 1966; x_wconf 78' lang='lat' dir='ltr'><strong><em>Juliani</em></strong></span> <span class='ocrx_word' id='word_1_201' title='bbox 1564 1900 1816 1966; x_wconf 85' lang='lat' dir='ltr'><strong><em>calumniis</em></strong></span> <span class='ocrx_word' id='word_1_202' title='bbox 1837 1902 2046 1966; x_wconf 84' lang='lat' dir='ltr'><strong><em>vindicat</em></strong></span> <span class='ocrx_word' id='word_1_203' title='bbox 2070 1915 2128 1966; x_wconf 82' lang='lat' dir='ltr'><strong><em>ea</em></strong></span> 
     </span>
    </p>
   </div>
   <div class='ocr_carea' id='block_1_31' title="bbox 579 1915 2180 2028">
    <p class='ocr_par' dir='ltr' id='par_1_31' title="bbox 579 1915 2180 2028">
     <span class='ocr_line' id='line_1_31' title="bbox 645 1915 2180 2009; baseline -0.002 -57"><span class='ocrx_word' id='word_1_204' title='bbox 645 1915 897 1952; x_wconf 77' lang='lat' dir='ltr'><strong><em>conllrmat</em></strong></span> <span class='ocrx_word' id='word_1_205' title='bbox 917 1915 1226 1966; x_wconf 68' lang='lat' dir='ltr'><strong><em>augusunus,</em></strong></span> <span class='ocrx_word' id='word_1_206' title='bbox 1253 1915 1306 1952; x_wconf 85' lang='lat' dir='ltr'><strong><em>et</em></strong></span> <span class='ocrx_word' id='word_1_207' title='bbox 1325 1915 1354 1952; x_wconf 85' lang='lat' dir='ltr'><strong><em>a</em></strong></span> <span class='ocrx_word' id='word_1_208' title='bbox 1369 1915 1542 1952; x_wconf 70' lang='lat' dir='ltr'><strong><em>Julian!</em></strong></span> <span class='ocrx_word' id='word_1_209' title='bbox 1564 1915 1816 1952; x_wconf 81' lang='lat' dir='ltr'><strong><em>calumniis</em></strong></span> <span class='ocrx_word' id='word_1_210' title='bbox 1837 1915 2046 1974; x_wconf 77' lang='lat' dir='ltr'><strong><em>vindicat</em></strong></span> <span class='ocrx_word' id='word_1_211' title='bbox 2070 1915 2128 1973; x_wconf 75' lang='lat' dir='ltr'><strong><em>ea</em></strong></span> <span class='ocrx_word' id='word_1_212' title='bbox 2151 1915 2180 2009; x_wconf 51' lang='grc' dir='ltr'><strong><em>(ἰ</em></strong></span> 
     </span>
     <span class='ocr_line' id='line_1_32' title="bbox 579 1964 2158 2028; baseline -0.002 -15"><span class='ocrx_word' id='word_1_213' title='bbox 579 1965 774 2028; x_wconf 85' lang='lat' dir='ltr'><strong><em>decimo</em></strong></span> <span class='ocrx_word' id='word_1_214' title='bbox 797 1973 848 2014; x_wconf 86' lang='lat' dir='ltr'><strong><em>et</em></strong></span> <span class='ocrx_word' id='word_1_215' title='bbox 866 1966 1152 2028; x_wconf 77' lang='lat' dir='ltr'><strong><em>quibusdam</em></strong></span> <span class='ocrx_word' id='word_1_216' title='bbox 1174 1965 1494 2026; x_wconf 84' lang='lat' dir='ltr'><strong><em>sequentibus</em></strong></span> <span class='ocrx_word' id='word_1_217' title='bbox 1529 1965 1737 2026; x_wconf 87' lang='lat' dir='ltr'><strong><em>scripsit,</em></strong></span> <span class='ocrx_word' id='word_1_218' title='bbox 1765 1967 1815 2028; x_wconf 82' lang='lat' dir='ltr'><strong><em>in</em></strong></span> <span class='ocrx_word' id='word_1_219' title='bbox 1849 1966 2014 2028; x_wconf 78' lang='lat' dir='ltr'><strong><em>primis</em></strong></span> <span class='ocrx_word' id='word_1_220' title='bbox 2047 1964 2158 2012; x_wconf 74' lang='lat' dir='ltr'><strong><em>Vide</em></strong></span> 
     </span>
    </p>
   </div>
   <div class='ocr_carea' id='block_1_32' title="bbox 2185 1899 3749 1973">
    <p class='ocr_par' dir='ltr' id='par_1_32' title="bbox 2185 1899 3749 1973">
     <span class='ocr_line' id='line_1_33' title="bbox 2185 1899 3749 1973; baseline 0.008 -23"><span class='ocrx_word' id='word_1_221' title='bbox 2185 1914 2269 1973; x_wconf 77' lang='lat' dir='ltr'><strong><em>uae</em></strong></span> <span class='ocrx_word' id='word_1_222' title='bbox 2283 1901 2332 1949; x_wconf 92' lang='lat' dir='ltr'><strong><em>in</em></strong></span> <span class='ocrx_word' id='word_1_223' title='bbox 2353 1899 2478 1973; x_wconf 78' lang='lat' dir='ltr'><strong><em>libro</em></strong></span> <span class='ocrx_word' id='word_1_224' title='bbox 2499 1901 2715 1951; x_wconf 88' lang='lat' dir='ltr'><strong><em>secundo</em></strong></span> <span class='ocrx_word' id='word_1_225' title='bbox 2732 1902 2796 1973; x_wconf 82' lang='lat' dir='ltr'><strong><em>de</em></strong></span> <span class='ocrx_word' id='word_1_226' title='bbox 2830 1903 3013 1973; x_wconf 55' lang='lat' dir='ltr'><strong><em>Nuptiis</em></strong></span> <span class='ocrx_word' id='word_1_227' title='bbox 3043 1911 3095 1973; x_wconf 74' lang='lat' dir='ltr'><strong><em>et</em></strong></span> <span class='ocrx_word' id='word_1_228' title='bbox 3131 1907 3526 1973; x_wconf 80' lang='lat' dir='ltr'><strong><em>concupiscentia,</em></strong></span> <span class='ocrx_word' id='word_1_229' title='bbox 3545 1913 3749 1973; x_wconf 75' lang='lat' dir='ltr'><strong><em>apitedao-</em></strong></span> 
     </span>
    </p>
   </div>
   <div class='ocr_carea' id='block_1_33' title="bbox 2183 1963 3749 2034">
    <p class='ocr_par' dir='ltr' id='par_1_33' title="bbox 2183 1963 3749 2034">
     <span class='ocr_line' id='line_1_34' title="bbox 2183 1963 3749 2034; baseline 0.006 -24"><span class='ocrx_word' id='word_1_230' title='bbox 2183 1965 2278 2034; x_wconf 79' lang='lat' dir='ltr'><strong><em>icet</em></strong></span> <span class='ocrx_word' id='word_1_231' title='bbox 2292 1963 2429 2034; x_wconf 79' lang='lat' dir='ltr'><strong><em>quod</em></strong></span> <span class='ocrx_word' id='word_1_232' title='bbox 2468 1975 2576 2012; x_wconf 82' lang='lat' dir='ltr'><strong><em>eam</em></strong></span> <span class='ocrx_word' id='word_1_233' title='bbox 2599 1963 3004 2034; x_wconf 60' lang='lat' dir='ltr'><strong><em>commixtione&quot;;</em></strong></span> <span class='ocrx_word' id='word_1_234' title='bbox 3029 1968 3146 2034; x_wconf 77' lang='lat' dir='ltr'><strong><em>_sive</em></strong></span> <span class='ocrx_word' id='word_1_235' title='bbox 3185 1963 3537 2034; x_wconf 74' lang='lat' dir='ltr'><strong><em>commotionem</em></strong></span> <span class='ocrx_word' id='word_1_236' title='bbox 3569 1963 3749 2034; x_wconf 59' lang='lat' dir='ltr'><strong><em>pinam</em></strong></span> 
     </span>
    </p>
   </div>
   <div class='ocr_carea' id='block_1_34' title="bbox 576 2025 3748 2095">
    <p class='ocr_par' dir='ltr' id='par_1_34' title="bbox 576 2025 3748 2095">
     <span class='ocr_line' id='line_1_35' title="bbox 576 2025 3748 2095; baseline 0.004 -21"><span class='ocrx_word' id='word_1_237' title='bbox 576 2025 910 2095; x_wconf 70' lang='lat' dir='ltr'><strong><em>membrorum</em></strong></span> <span class='ocrx_word' id='word_1_238' title='bbox 933 2041 1028 2095; x_wconf 69' lang='lat' dir='ltr'><strong><em>non</em></strong></span> <span class='ocrx_word' id='word_1_239' title='bbox 1051 2025 1262 2095; x_wconf 72' lang='lat' dir='ltr'><strong><em>haberet</em></strong></span> <span class='ocrx_word' id='word_1_240' title='bbox 1287 2033 1456 2095; x_wconf 67' lang='lat' dir='ltr'><strong><em>natura</em></strong></span> <span class='ocrx_word' id='word_1_241' title='bbox 1480 2039 1614 2095; x_wconf 58' lang='lat' dir='ltr'><strong><em>sana,</em></strong></span> <span class='ocrx_word' id='word_1_242' title='bbox 1631 2025 2148 2095; x_wconf 48' lang='lat' dir='ltr'><strong><em>quamhahcthnatura</em></strong></span> <span class='ocrx_word' id='word_1_243' title='bbox 2171 2025 2344 2095; x_wconf 42' lang='lat' dir='ltr'><strong><em>vitiata.</em></strong></span> <span class='ocrx_word' id='word_1_244' title='bbox 2363 2039 2388 2095; x_wconf 86' lang='lat'><strong><em>:_</em></strong></span> <span class='ocrx_word' id='word_1_245' title='bbox 2411 2037 2469 2095; x_wconf 83' lang='lat' dir='ltr'><strong><em>ac_</em></strong></span> <span class='ocrx_word' id='word_1_246' title='bbox 2489 2039 2577 2095; x_wconf 75' lang='lat' dir='ltr'><strong><em>per</em></strong></span> <span class='ocrx_word' id='word_1_247' title='bbox 2599 2025 2692 2075; x_wconf 92' lang='lat' dir='ltr'><strong><em>hoc</em></strong></span> <span class='ocrx_word' id='word_1_248' title='bbox 2711 2025 2840 2095; x_wconf 80' lang='lat' dir='ltr'><strong><em>quod</em></strong></span> <span class='ocrx_word' id='word_1_249' title='bbox 2865 2027 3006 2095; x_wconf 89' lang='lat' dir='ltr'><strong><em>i_s_qui</em></strong></span> <span class='ocrx_word' id='word_1_250' title='bbox 3027 2028 3142 2078; x_wconf 90' lang='lat' dir='ltr'><strong><em>inde</em></strong></span> <span class='ocrx_word' id='word_1_251' title='bbox 3167 2030 3402 2095; x_wconf 57' lang='lat' dir='ltr'><strong><em>nascitur1</em></strong></span> <span class='ocrx_word' id='word_1_252' title='bbox 3411 2025 3602 2095; x_wconf 71' lang='lat' dir='ltr'><strong><em>indigeat</em></strong></span> <span class='ocrx_word' id='word_1_253' title='bbox 3619 2025 3748 2088; x_wconf 61' lang='lat' dir='ltr'><strong><em>renasai.</em></strong></span> 
     </span>
    </p>
   </div>
   <div class='ocr_carea' id='block_1_35' title="bbox 573 2085 3748 2168">
    <p class='ocr_par' dir='ltr' id='par_1_35' title="bbox 573 2085 3748 2168">
     <span class='ocr_line' id='line_1_36' title="bbox 573 2085 3748 2168; baseline 0.003 -32"><span class='ocrx_word' id='word_1_254' title='bbox 573 2087 764 2136; x_wconf 74' lang='lat' dir='ltr'><strong><em>“Deinde</em></strong></span> <span class='ocrx_word' id='word_1_255' title='bbox 782 2088 912 2160; x_wconf 76' lang='lat' dir='ltr'><strong><em>quod</em></strong></span> <span class='ocrx_word' id='word_1_256' title='bbox 937 2088 1002 2135; x_wconf 92' lang='lat' dir='ltr'><strong><em>ibi</em></strong></span> <span class='ocrx_word' id='word_1_257' title='bbox 1026 2089 1262 2168; x_wconf 64' lang='lat' dir='ltr'><strong><em>capitibus</em></strong></span> <span class='ocrx_word' id='word_1_258' title='bbox 1286 2087 1464 2168; x_wconf 58' lang='grc' dir='ltr'><strong><em>ιιῳο,</em></strong></span> <span class='ocrx_word' id='word_1_259' title='bbox 1488 2087 1569 2168; x_wconf 57' lang='grc' dir='ltr'><strong><em>26ζ</em></strong></span> <span class='ocrx_word' id='word_1_260' title='bbox 1580 2085 1856 2168; x_wconf 50' lang='lat' dir='ltr'><strong><em>contendit,</em></strong></span> <span class='ocrx_word' id='word_1_261' title='bbox 1875 2086 2121 2168; x_wconf 50' lang='lat' dir='ltr'><strong><em>gglianum</em></strong></span> <span class='ocrx_word' id='word_1_262' title='bbox 2144 2085 2957 2168; x_wconf 40' lang='lat' dir='ltr'><strong><em>ajiostoli_cis_(lttobustemyoniis,</em></strong></span> <span class='ocrx_word' id='word_1_263' title='bbox 2978 2091 3350 2168; x_wconf 36' lang='grc' dir='ltr'><strong><em>ἔχῃ-ἰῇ,</em></strong></span> <span class='ocrx_word' id='word_1_264' title='bbox 3373 2085 3449 2168; x_wconf 73' lang='lat'><strong><em>38,</em></strong></span> <span class='ocrx_word' id='word_1_265' title='bbox 3466 2085 3636 2168; x_wconf 57' lang='lat' dir='ltr'><strong><em>et&quot;</em></strong></span> <span class='ocrx_word' id='word_1_266' title='bbox 3653 2085 3748 2168; x_wconf 29' lang='lat' dir='ltr'><strong><em>inii,</em></strong></span> 
     </span>
    </p>
   </div>
   <div class='ocr_carea' id='block_1_36' title="bbox 569 2148 3748 2216">
    <p class='ocr_par' dir='ltr' id='par_1_36' title="bbox 569 2148 3748 2216">
     <span class='ocr_line' id='line_1_37' title="bbox 569 2148 3748 2216; baseline 0.004 -20"><span class='ocrx_word' id='word_1_267' title='bbox 569 2148 924 2216; x_wconf 67' lang='lat' dir='ltr'><strong><em>sententiaque</em></strong></span> <span class='ocrx_word' id='word_1_268' title='bbox 949 2149 1414 2216; x_wconf 62' lang='lat' dir='ltr'><strong><em>evangelicaptatth.</em></strong></span> <span class='ocrx_word' id='word_1_269' title='bbox 1437 2165 1517 2208; x_wconf 81' lang='lat' dir='ltr'><strong><em>vn,</em></strong></span> <span class='ocrx_word' id='word_1_270' title='bbox 1552 2151 1627 2208; x_wconf 86' lang='lat' dir='ltr'><strong><em>t7,</em></strong></span> <span class='ocrx_word' id='word_1_271' title='bbox 1653 2163 1744 2216; x_wconf 82' lang='lat' dir='ltr'><strong><em>seu</em></strong></span> <span class='ocrx_word' id='word_1_272' title='bbox 1769 2164 1850 2210; x_wconf 86' lang='lat' dir='ltr'><strong><em>xu,</em></strong></span> <span class='ocrx_word' id='word_1_273' title='bbox 1875 2150 1954 2216; x_wconf 67' lang='lat'><strong><em>55,</em></strong></span> <span class='ocrx_word' id='word_1_274' title='bbox 1973 2161 2239 2216; x_wconf 78' lang='lat' dir='ltr'><strong><em>perperam</em></strong></span> <span class='ocrx_word' id='word_1_275' title='bbox 2260 2148 2464 2216; x_wconf 80' lang='lat' dir='ltr'><strong><em>abusum</em></strong></span> <span class='ocrx_word' id='word_1_276' title='bbox 2489 2160 2619 2198; x_wconf 88' lang='lat' dir='ltr'><strong><em>esse.</em></strong></span> <span class='ocrx_word' id='word_1_277' title='bbox 2644 2150 2774 2207; x_wconf 88' lang='lat' dir='ltr'><strong><em>Quod</em></strong></span> <span class='ocrx_word' id='word_1_278' title='bbox 2797 2148 2955 2216; x_wconf 80' lang='lat' dir='ltr'><strong><em>capite</em></strong></span> <span class='ocrx_word' id='word_1_279' title='bbox 2978 2153 3220 2216; x_wconf 81' lang='lat' dir='ltr'><strong><em>vigesimo</em></strong></span> <span class='ocrx_word' id='word_1_280' title='bbox 3236 2148 3406 2216; x_wconf 75' lang='lat' dir='ltr'><strong><em>octavo</em></strong></span> <span class='ocrx_word' id='word_1_281' title='bbox 3433 2148 3624 2216; x_wconf 76' lang='lat' dir='ltr'><strong><em>asseruit,</em></strong></span> <span class='ocrx_word' id='word_1_282' title='bbox 3641 2148 3748 2208; x_wconf 62' lang='lat' dir='ltr'><strong><em>uel</em></strong></span> 
     </span>
    </p>
   </div>
   <div class='ocr_carea' id='block_1_37' title="bbox 576 2210 3528 2274">
    <p class='ocr_par' dir='ltr' id='par_1_37' title="bbox 576 2210 3528 2274">
     <span class='ocr_line' id='line_1_38' title="bbox 576 2210 3528 2274; baseline 0.003 -16"><span class='ocrx_word' id='word_1_283' title='bbox 576 2221 668 2258; x_wconf 79' lang='lat' dir='ltr'><strong><em>seu</em></strong></span> <span class='ocrx_word' id='word_1_284' title='bbox 693 2210 992 2260; x_wconf 70' lang='lat' dir='ltr'><strong><em>voluntatem</em></strong></span> <span class='ocrx_word' id='word_1_285' title='bbox 1016 2210 1197 2274; x_wconf 81' lang='lat' dir='ltr'><strong><em>malam</em></strong></span> <span class='ocrx_word' id='word_1_286' title='bbox 1211 2211 1325 2260; x_wconf 91' lang='lat' dir='ltr'><strong><em>ideo</em></strong></span> <span class='ocrx_word' id='word_1_287' title='bbox 1349 2224 1589 2274; x_wconf 76' lang='lat' dir='ltr'><strong><em>ex_opcre</em></strong></span> <span class='ocrx_word' id='word_1_288' title='bbox 1613 2212 1698 2260; x_wconf 91' lang='lat' dir='ltr'><strong><em>Dei</em></strong></span> <span class='ocrx_word' id='word_1_289' title='bbox 1721 2213 1849 2260; x_wconf 88' lang='lat' dir='ltr'><strong><em>bono</em></strong></span> <span class='ocrx_word' id='word_1_290' title='bbox 1859 2212 1984 2274; x_wconf 80' lang='lat' dir='ltr'><strong><em>oriri</em></strong></span> <span class='ocrx_word' id='word_1_291' title='bbox 2009 2211 2243 2274; x_wconf 85' lang='lat' dir='ltr'><strong><em>potuisse,</em></strong></span> <span class='ocrx_word' id='word_1_292' title='bbox 2267 2210 2380 2272; x_wconf 89' lang='lat' dir='ltr'><strong><em>quia</em></strong></span> <span class='ocrx_word' id='word_1_293' title='bbox 2401 2210 2556 2270; x_wconf 71' lang='lat' dir='ltr'><strong><em>ipsum</em></strong></span> <span class='ocrx_word' id='word_1_294' title='bbox 2575 2210 2866 2274; x_wconf 75' lang='lat' dir='ltr'><strong><em>quanquam</em></strong></span> <span class='ocrx_word' id='word_1_295' title='bbox 2888 2210 3084 2274; x_wconf 74' lang='lat' dir='ltr'><strong><em>bonum,</em></strong></span> <span class='ocrx_word' id='word_1_296' title='bbox 3108 2213 3177 2263; x_wconf 88' lang='lat' dir='ltr'><strong><em>de</em></strong></span> <span class='ocrx_word' id='word_1_297' title='bbox 3199 2213 3348 2264; x_wconf 90' lang='lat' dir='ltr'><strong><em>nihilo</em></strong></span> <span class='ocrx_word' id='word_1_298' title='bbox 3369 2214 3528 2266; x_wconf 81' lang='lat' dir='ltr'><strong><em>factum</em></strong></span> 
     </span>
    </p>
   </div>
   <div class='ocr_carea' id='block_1_38' title="bbox 570 2270 3526 2337">
    <p class='ocr_par' dir='ltr' id='par_1_38' title="bbox 570 2270 3526 2337">
     <span class='ocr_line' id='line_1_39' title="bbox 570 2270 3526 2337; baseline 0.003 -18"><span class='ocrx_word' id='word_1_299' title='bbox 570 2275 692 2320; x_wconf 79' lang='lat' dir='ltr'><strong><em>Deo.</em></strong></span> <span class='ocrx_word' id='word_1_300' title='bbox 715 2279 784 2322; x_wconf 68' lang='lat' dir='ltr'><strong><em>Ac</em></strong></span> <span class='ocrx_word' id='word_1_301' title='bbox 805 2280 1051 2335; x_wconf 88' lang='lat' dir='ltr'><strong><em>postremo</em></strong></span> <span class='ocrx_word' id='word_1_302' title='bbox 1072 2273 1201 2335; x_wconf 89' lang='lat' dir='ltr'><strong><em>quod</em></strong></span> <span class='ocrx_word' id='word_1_303' title='bbox 1224 2274 1382 2336; x_wconf 88' lang='lat' dir='ltr'><strong><em>capite</em></strong></span> <span class='ocrx_word' id='word_1_304' title='bbox 1403 2270 1593 2323; x_wconf 78' lang='lat' dir='ltr'><strong><em>decimo</em></strong></span> <span class='ocrx_word' id='word_1_305' title='bbox 1613 2275 1821 2335; x_wconf 89' lang='lat' dir='ltr'><strong><em>septimo</em></strong></span> <span class='ocrx_word' id='word_1_306' title='bbox 1842 2270 2022 2330; x_wconf 73' lang='lat' dir='ltr'><strong><em>docuit,</em></strong></span> <span class='ocrx_word' id='word_1_307' title='bbox 2044 2273 2114 2320; x_wconf 90' lang='lat' dir='ltr'><strong><em>sic</em></strong></span> <span class='ocrx_word' id='word_1_308' title='bbox 2135 2270 2298 2321; x_wconf 44' lang='lat' dir='ltr'><strong><em>Deum’</em></strong></span> <span class='ocrx_word' id='word_1_309' title='bbox 2307 2283 2480 2321; x_wconf 87' lang='lat' dir='ltr'><strong><em>creare</em></strong></span> <span class='ocrx_word' id='word_1_310' title='bbox 2497 2270 2668 2334; x_wconf 78' lang='lat' dir='ltr'><strong><em>malos,</em></strong></span> <span class='ocrx_word' id='word_1_311' title='bbox 2693 2270 2935 2336; x_wconf 77' lang='lat' dir='ltr'><strong><em>quomodo</em></strong></span> <span class='ocrx_word' id='word_1_312' title='bbox 2958 2270 3110 2337; x_wconf 67' lang='lat' dir='ltr'><strong><em>[nscit</em></strong></span> <span class='ocrx_word' id='word_1_313' title='bbox 3127 2281 3182 2326; x_wconf 91' lang='lat' dir='ltr'><strong><em>et</em></strong></span> <span class='ocrx_word' id='word_1_314' title='bbox 3203 2277 3356 2328; x_wconf 88' lang='lat' dir='ltr'><strong><em>nutrit</em></strong></span> <span class='ocrx_word' id='word_1_315' title='bbox 3373 2275 3526 2328; x_wconf 85' lang='lat' dir='ltr'><strong><em>malos.</em></strong></span> 
     </span>
    </p>
   </div>
   <div class='ocr_carea' id='block_1_39' title="bbox 1937 2374 2503 2455">
    <p class='ocr_par' dir='ltr' id='par_1_39' title="bbox 1937 2374 2503 2455">
     <span class='ocr_line' id='line_1_40' title="bbox 1937 2374 2503 2455; baseline 0.009 -33"><span class='ocrx_word' id='word_1_316' title='bbox 1937 2374 2503 2455; x_wconf 53' lang='lat' dir='ltr'><em>W</em></span> 
     </span>
    </p>
   </div>
   <div class='ocr_carea' id='block_1_40' title="bbox 553 2497 2167 2572">
    <p class='ocr_par' dir='ltr' id='par_1_40' title="bbox 553 2497 2167 2572">
     <span class='ocr_line' id='line_1_41' title="bbox 553 2497 2167 2572; baseline -0.002 -18"><span class='ocrx_word' id='word_1_317' title='bbox 553 2565 558 2570; x_wconf 22' lang='lat' dir='ltr'><strong>I</strong></span> <span class='ocrx_word' id='word_1_318' title='bbox 648 2500 691 2554; x_wconf 89' lang='lat' dir='ltr'><strong><em>l.</em></strong></span> <span class='ocrx_word' id='word_1_319' title='bbox 721 2499 991 2556; x_wconf 79' lang='lat' dir='ltr'><strong><em>Jumuvus.</em></strong></span> <span class='ocrx_word' id='word_1_320' title='bbox 1038 2499 1382 2572; x_wconf 87' lang='lat' dir='ltr'><strong><em>Compertum</em></strong></span> <span class='ocrx_word' id='word_1_321' title='bbox 1427 2508 1512 2556; x_wconf 91' lang='lat' dir='ltr'><strong><em>est</em></strong></span> <span class='ocrx_word' id='word_1_322' title='bbox 1552 2499 1728 2556; x_wconf 90' lang='lat' dir='ltr'><strong><em>omnis</em></strong></span> <span class='ocrx_word' id='word_1_323' title='bbox 1765 2499 1864 2554; x_wconf 78' lang='lat' dir='ltr'><strong><em>aevi</em></strong></span> <span class='ocrx_word' id='word_1_324' title='bbox 1914 2497 2167 2569; x_wconf 87' lang='lat' dir='ltr'><strong><em>periculis</em></strong></span> 
     </span>
    </p>
   </div>
   <div class='ocr_carea' id='block_1_41' title="bbox 567 2588 2167 2663">
    <p class='ocr_par' dir='ltr' id='par_1_41' title="bbox 567 2588 2167 2663">
     <span class='ocr_line' id='line_1_42' title="bbox 567 2588 2167 2663; baseline -0.001 -19"><span class='ocrx_word' id='word_1_325' title='bbox 567 2591 714 2660; x_wconf 78' lang='lat' dir='ltr'><strong><em>apud</em></strong></span> <span class='ocrx_word' id='word_1_326' title='bbox 746 2606 942 2660; x_wconf 91' lang='lat' dir='ltr'><strong><em>paucos</em></strong></span> <span class='ocrx_word' id='word_1_327' title='bbox 961 2593 1253 2663; x_wconf 91' lang='lat' dir='ltr'><strong><em>incorrupti</em></strong></span> <span class='ocrx_word' id='word_1_328' title='bbox 1269 2593 1621 2648; x_wconf 82' lang='lat' dir='ltr'><strong><em>reverentiam</em></strong></span> <span class='ocrx_word' id='word_1_329' title='bbox 1644 2592 1822 2660; x_wconf 80' lang='lat' dir='ltr'><strong><em>vigere</em></strong></span> <span class='ocrx_word' id='word_1_330' title='bbox 1843 2589 2048 2660; x_wconf 88' lang='lat' dir='ltr'><strong><em>judicii,</em></strong></span> <span class='ocrx_word' id='word_1_331' title='bbox 2075 2588 2167 2659; x_wconf 90' lang='lat' dir='ltr'><strong><em>qui</em></strong></span> 
     </span>
    </p>
   </div>
   <div class='ocr_carea' id='block_1_42' title="bbox 569 2681 2164 2754">
    <p class='ocr_par' dir='ltr' id='par_1_42' title="bbox 569 2681 2164 2754">
     <span class='ocr_line' id='line_1_43' title="bbox 569 2681 2164 2754; baseline -0.001 -16"><span class='ocrx_word' id='word_1_332' title='bbox 569 2694 630 2738; x_wconf 80' lang='lat' dir='ltr'><strong><em>et</em></strong></span> <span class='ocrx_word' id='word_1_333' title='bbox 651 2686 887 2740; x_wconf 84' lang='lat' dir='ltr'><strong><em>scientiae</em></strong></span> <span class='ocrx_word' id='word_1_334' title='bbox 915 2685 1105 2740; x_wconf 90' lang='lat' dir='ltr'><strong><em>studiis</em></strong></span> <span class='ocrx_word' id='word_1_335' title='bbox 1133 2683 1322 2752; x_wconf 87' lang='lat' dir='ltr'><strong><em>dediti,</em></strong></span> <span class='ocrx_word' id='word_1_336' title='bbox 1353 2693 1406 2739; x_wconf 89' lang='lat' dir='ltr'><strong><em>et</em></strong></span> <span class='ocrx_word' id='word_1_337' title='bbox 1432 2685 1688 2739; x_wconf 90' lang='lat' dir='ltr'><strong><em>virtutum</em></strong></span> <span class='ocrx_word' id='word_1_338' title='bbox 1718 2693 2054 2754; x_wconf 88' lang='lat' dir='ltr'><strong><em>appetentes,</em></strong></span> <span class='ocrx_word' id='word_1_339' title='bbox 2082 2681 2164 2736; x_wconf 89' lang='lat' dir='ltr'><strong><em>vel</em></strong></span> 
     </span>
    </p>
   </div>
   <div class='ocr_carea' id='block_1_43' title="bbox 571 2776 2161 2846">
    <p class='ocr_par' dir='ltr' id='par_1_43' title="bbox 571 2776 2161 2846">
     <span class='ocr_line' id='line_1_44' title="bbox 571 2776 2161 2846; baseline 0.001 -18"><span class='ocrx_word' id='word_1_340' title='bbox 571 2786 800 2844; x_wconf 79' lang='lat' dir='ltr'><strong><em>possunt</em></strong></span> <span class='ocrx_word' id='word_1_341' title='bbox 825 2777 1076 2846; x_wconf 88' lang='lat' dir='ltr'><strong><em>indagare</em></strong></span> <span class='ocrx_word' id='word_1_342' title='bbox 1102 2792 1310 2843; x_wconf 88' lang='lat' dir='ltr'><strong><em>verum,</em></strong></span> <span class='ocrx_word' id='word_1_343' title='bbox 1343 2777 1428 2833; x_wconf 90' lang='lat' dir='ltr'><strong><em>vel</em></strong></span> <span class='ocrx_word' id='word_1_344' title='bbox 1455 2788 1726 2846; x_wconf 87' lang='lat' dir='ltr'><strong><em>repertum</em></strong></span> <span class='ocrx_word' id='word_1_345' title='bbox 1770 2776 1968 2832; x_wconf 88' lang='lat' dir='ltr'><strong><em>audent</em></strong></span> <span class='ocrx_word' id='word_1_346' title='bbox 1996 2776 2161 2841; x_wconf 90' lang='lat' dir='ltr'><strong><em>tueri;</em></strong></span> 
     </span>
    </p>
   </div>
   <div class='ocr_carea' id='block_1_44' title="bbox 566 2867 2164 2939">
    <p class='ocr_par' dir='ltr' id='par_1_44' title="bbox 566 2867 2164 2939">
     <span class='ocr_line' id='line_1_45' title="bbox 566 2867 2164 2939; baseline -0.001 -19"><span class='ocrx_word' id='word_1_347' title='bbox 566 2877 684 2934; x_wconf 73' lang='lat' dir='ltr'><strong><em>aut,</em></strong></span> <span class='ocrx_word' id='word_1_348' title='bbox 715 2869 853 2923; x_wconf 88' lang='lat' dir='ltr'><strong><em>sicut</em></strong></span> <span class='ocrx_word' id='word_1_349' title='bbox 897 2869 971 2922; x_wconf 87' lang='lat' dir='ltr'><strong><em>ait</em></strong></span> <span class='ocrx_word' id='word_1_350' title='bbox 997 2869 1304 2939; x_wconf 85' lang='lat' dir='ltr'><strong><em>Apostolus,</em></strong></span> <span class='ocrx_word' id='word_1_351' title='bbox 1331 2871 1626 2924; x_wconf 73' lang='lat' dir='ltr'><strong><em>exercitatos</em></strong></span> <span class='ocrx_word' id='word_1_352' title='bbox 1665 2869 1846 2921; x_wconf 78' lang='lat' dir='ltr'><strong><em>habent</em></strong></span> <span class='ocrx_word' id='word_1_353' title='bbox 1870 2884 2065 2934; x_wconf 85' lang='lat' dir='ltr'><strong><em>sensus,</em></strong></span> <span class='ocrx_word' id='word_1_354' title='bbox 2097 2867 2164 2919; x_wconf 85' lang='lat' dir='ltr'><strong><em>ad</em></strong></span> 
     </span>
    </p>
   </div>
   <div class='ocr_carea' id='block_1_45' title="bbox 567 2959 2163 3031">
    <p class='ocr_par' dir='ltr' id='par_1_45' title="bbox 567 2959 2163 3031">
     <span class='ocr_line' id='line_1_46' title="bbox 567 2959 2163 3031; baseline 0.002 -21"><span class='ocrx_word' id='word_1_355' title='bbox 567 2960 926 3014; x_wconf 72' lang='lat' dir='ltr'><strong><em>discretionem</em></strong></span> <span class='ocrx_word' id='word_1_356' title='bbox 951 2960 1068 3012; x_wconf 84' lang='lat' dir='ltr'><strong><em>boni</em></strong></span> <span class='ocrx_word' id='word_1_357' title='bbox 1092 2961 1314 3031; x_wconf 86' lang='lat' dir='ltr'><strong><em>malique</em></strong></span> <span class='ocrx_word' id='word_1_358' title='bbox 1339 2959 1522 3030; x_wconf 82' lang='lat' dir='ltr'><strong><em>(Hebr.</em></strong></span> <span class='ocrx_word' id='word_1_359' title='bbox 1555 2977 1607 3025; x_wconf 91' lang='lat' dir='ltr'><strong><em>v,</em></strong></span> <span class='ocrx_word' id='word_1_360' title='bbox 1633 2959 1758 3030; x_wconf 78' lang='lat' dir='ltr'><strong><em>M);</em></strong></span> <span class='ocrx_word' id='word_1_361' title='bbox 1789 2973 1889 3014; x_wconf 87' lang='lat' dir='ltr'><strong><em>nec</em></strong></span> <span class='ocrx_word' id='word_1_362' title='bbox 1909 2959 2029 3013; x_wconf 91' lang='lat' dir='ltr'><strong><em>ullis</em></strong></span> <span class='ocrx_word' id='word_1_363' title='bbox 2065 2959 2163 3013; x_wconf 83' lang='lat' dir='ltr'><strong><em>ad-</em></strong></span> 
     </span>
    </p>
   </div>
   <div class='ocr_carea' id='block_1_46' title="bbox 567 3051 2164 3123">
    <p class='ocr_par' dir='ltr' id='par_1_46' title="bbox 567 3051 2164 3123">
     <span class='ocr_line' id='line_1_47' title="bbox 567 3051 2164 3123; baseline 0.001 -19"><span class='ocrx_word' id='word_1_364' title='bbox 567 3063 848 3106; x_wconf 67' lang='lat' dir='ltr'><strong><em>versorum</em></strong></span> <span class='ocrx_word' id='word_1_365' title='bbox 881 3051 1198 3122; x_wconf 88' lang='lat' dir='ltr'><strong><em>franguntur</em></strong></span> <span class='ocrx_word' id='word_1_366' title='bbox 1223 3054 1491 3122; x_wconf 79' lang='lat' dir='ltr'><strong><em>procellis,</em></strong></span> <span class='ocrx_word' id='word_1_367' title='bbox 1521 3054 1612 3123; x_wconf 90' lang='lat' dir='ltr'><strong><em>qui</em></strong></span> <span class='ocrx_word' id='word_1_368' title='bbox 1633 3053 1698 3107; x_wconf 90' lang='lat' dir='ltr'><strong><em>de</em></strong></span> <span class='ocrx_word' id='word_1_369' title='bbox 1726 3053 1915 3108; x_wconf 91' lang='lat' dir='ltr'><strong><em>eodem</em></strong></span> <span class='ocrx_word' id='word_1_370' title='bbox 1942 3051 2164 3106; x_wconf 89' lang='lat' dir='ltr'><strong><em>audiunt</em></strong></span> 
     </span>
    </p>
   </div>
   <div class='ocr_carea' id='block_1_47' title="bbox 569 3144 2162 3214">
    <p class='ocr_par' dir='ltr' id='par_1_47' title="bbox 569 3144 2162 3214">
     <span class='ocr_line' id='line_1_48' title="bbox 569 3144 2162 3214; baseline 0.002 -18"><span class='ocrx_word' id='word_1_371' title='bbox 569 3153 920 3214; x_wconf 67' lang='lat' dir='ltr'><strong><em>praeceptore,</em></strong></span> <span class='ocrx_word' id='word_1_372' title='bbox 964 3159 1132 3213; x_wconf 91' lang='lat' dir='ltr'><strong><em>usque</em></strong></span> <span class='ocrx_word' id='word_1_373' title='bbox 1179 3145 1246 3199; x_wconf 89' lang='lat' dir='ltr'><strong><em>ad</em></strong></span> <span class='ocrx_word' id='word_1_374' title='bbox 1284 3146 1592 3214; x_wconf 88' lang='lat' dir='ltr'><strong><em>sanguinem</em></strong></span> <span class='ocrx_word' id='word_1_375' title='bbox 1645 3144 1998 3200; x_wconf 85' lang='lat' dir='ltr'><strong><em>resistendum</em></strong></span> <span class='ocrx_word' id='word_1_376' title='bbox 2044 3159 2162 3199; x_wconf 88' lang='lat' dir='ltr'><strong><em>esse</em></strong></span> 
     </span>
    </p>
   </div>
   <div class='ocr_carea' id='block_1_48' title="bbox 567 3234 2158 3308">
    <p class='ocr_par' dir='ltr' id='par_1_48' title="bbox 567 3234 2158 3308">
     <span class='ocr_line' id='line_1_49' title="bbox 567 3234 2158 3308; baseline 0.001 -20"><span class='ocrx_word' id='word_1_377' title='bbox 567 3236 806 3304; x_wconf 78' lang='lat' dir='ltr'><strong><em>peccatis</em></strong></span> <span class='ocrx_word' id='word_1_378' title='bbox 841 3234 950 3307; x_wconf 87' lang='lat' dir='ltr'><strong><em>(Id.</em></strong></span> <span class='ocrx_word' id='word_1_379' title='bbox 982 3251 1074 3302; x_wconf 84' lang='lat' dir='ltr'><strong><em>xu,</em></strong></span> <span class='ocrx_word' id='word_1_380' title='bbox 1099 3237 1210 3306; x_wconf 76' lang='lat' dir='ltr'><strong><em>M).</em></strong></span> <span class='ocrx_word' id='word_1_381' title='bbox 1239 3237 1306 3292; x_wconf 80' lang='lat' dir='ltr'><strong><em>Hi</em></strong></span> <span class='ocrx_word' id='word_1_382' title='bbox 1331 3252 1458 3306; x_wconf 86' lang='lat' dir='ltr'><strong><em>ergo</em></strong></span> <span class='ocrx_word' id='word_1_383' title='bbox 1489 3238 1795 3306; x_wconf 82' lang='lat' dir='ltr'><strong><em>prudentes,</em></strong></span> <span class='ocrx_word' id='word_1_384' title='bbox 1827 3253 1962 3308; x_wconf 90' lang='lat' dir='ltr'><strong><em>quos</em></strong></span> <span class='ocrx_word' id='word_1_385' title='bbox 2008 3238 2158 3292; x_wconf 82' lang='lat' dir='ltr'><strong><em>stoli-</em></strong></span> 
     </span>
    </p>
   </div>
   <div class='ocr_carea' id='block_1_49' title="bbox 563 3325 2162 3399">
    <p class='ocr_par' dir='ltr' id='par_1_49' title="bbox 563 3325 2162 3399">
     <span class='ocr_line' id='line_1_50' title="bbox 563 3325 2162 3399; baseline 0.003 -19"><span class='ocrx_word' id='word_1_386' title='bbox 563 3325 764 3380; x_wconf 82' lang='lat' dir='ltr'><strong><em>dorum</em></strong></span> <span class='ocrx_word' id='word_1_387' title='bbox 791 3328 971 3397; x_wconf 90' lang='lat' dir='ltr'><strong><em>populi</em></strong></span> <span class='ocrx_word' id='word_1_388' title='bbox 1003 3327 1200 3382; x_wconf 89' lang='lat' dir='ltr'><strong><em>faciunt</em></strong></span> <span class='ocrx_word' id='word_1_389' title='bbox 1227 3343 1424 3399; x_wconf 90' lang='lat' dir='ltr'><strong><em>paucos</em></strong></span> <span class='ocrx_word' id='word_1_390' title='bbox 1460 3330 1650 3394; x_wconf 91' lang='lat' dir='ltr'><strong><em>videri,</em></strong></span> <span class='ocrx_word' id='word_1_391' title='bbox 1675 3331 1910 3384; x_wconf 80' lang='lat' dir='ltr'><strong><em>scientiae</em></strong></span> <span class='ocrx_word' id='word_1_392' title='bbox 1939 3338 1992 3384; x_wconf 91' lang='lat' dir='ltr'><strong><em>et</em></strong></span> <span class='ocrx_word' id='word_1_393' title='bbox 2014 3329 2162 3384; x_wconf 87' lang='lat' dir='ltr'><strong><em>forti-</em></strong></span> 
     </span>
    </p>
   </div>
   <div class='ocr_carea' id='block_1_50' title="bbox 565 3415 2162 3491">
    <p class='ocr_par' dir='ltr' id='par_1_50' title="bbox 565 3415 2162 3491">
     <span class='ocr_line' id='line_1_51' title="bbox 565 3415 2162 3491; baseline 0.005 -23"><span class='ocrx_word' id='word_1_394' title='bbox 565 3415 740 3470; x_wconf 79' lang='lat' dir='ltr'><strong><em>tudini</em></strong></span> <span class='ocrx_word' id='word_1_395' title='bbox 788 3416 944 3486; x_wconf 79' lang='lat' dir='ltr'><strong><em>juxta</em></strong></span> <span class='ocrx_word' id='word_1_396' title='bbox 993 3433 1214 3488; x_wconf 89' lang='lat' dir='ltr'><strong><em>prorsus</em></strong></span> <span class='ocrx_word' id='word_1_397' title='bbox 1259 3419 1492 3475; x_wconf 87' lang='lat' dir='ltr'><strong><em>student.</em></strong></span> <span class='ocrx_word' id='word_1_398' title='bbox 1539 3420 1736 3475; x_wconf 86' lang='lat' dir='ltr'><strong><em>Neutra</em></strong></span> <span class='ocrx_word' id='word_1_399' title='bbox 1775 3421 1916 3475; x_wconf 87' lang='lat' dir='ltr'><strong><em>enim</em></strong></span> <span class='ocrx_word' id='word_1_400' title='bbox 1962 3420 2162 3491; x_wconf 88' lang='lat' dir='ltr'><strong><em>absque</em></strong></span> 
     </span>
    </p>
   </div>
   <div class='ocr_carea' id='block_1_51' title="bbox 561 3509 2161 3585">
    <p class='ocr_par' dir='ltr' id='par_1_51' title="bbox 561 3509 2161 3585">
     <span class='ocr_line' id='line_1_52' title="bbox 561 3509 2161 3585; baseline 0.005 -23"><span class='ocrx_word' id='word_1_401' title='bbox 561 3510 734 3563; x_wconf 85' lang='lat' dir='ltr'><strong><em>altera</em></strong></span> <span class='ocrx_word' id='word_1_402' title='bbox 780 3519 869 3564; x_wconf 89' lang='lat' dir='ltr'><strong><em>aut</em></strong></span> <span class='ocrx_word' id='word_1_403' title='bbox 913 3509 1140 3566; x_wconf 85' lang='lat' dir='ltr'><strong><em>fructum</em></strong></span> <span class='ocrx_word' id='word_1_404' title='bbox 1186 3513 1508 3584; x_wconf 89' lang='lat' dir='ltr'><strong><em>assequitur,</em></strong></span> <span class='ocrx_word' id='word_1_405' title='bbox 1559 3523 1650 3568; x_wconf 91' lang='lat' dir='ltr'><strong><em>aut</em></strong></span> <span class='ocrx_word' id='word_1_406' title='bbox 1681 3513 1940 3570; x_wconf 88' lang='lat' dir='ltr'><strong><em>honorem</em></strong></span> <span class='ocrx_word' id='word_1_407' title='bbox 1983 3528 2161 3585; x_wconf 89' lang='lat' dir='ltr'><strong><em>:quo-</em></strong></span> 
     </span>
    </p>
   </div>
   <div class='ocr_carea' id='block_1_52' title="bbox 565 3602 2157 3676">
    <p class='ocr_par' dir='ltr' id='par_1_52' title="bbox 565 3602 2157 3676">
     <span class='ocr_line' id='line_1_53' title="bbox 565 3602 2157 3676; baseline 0.003 -21"><span class='ocrx_word' id='word_1_408' title='bbox 565 3602 713 3656; x_wconf 83' lang='lat' dir='ltr'><strong><em>niam</em></strong></span> <span class='ocrx_word' id='word_1_409' title='bbox 743 3611 798 3657; x_wconf 88' lang='lat' dir='ltr'><strong><em>et</em></strong></span> <span class='ocrx_word' id='word_1_410' title='bbox 835 3602 1092 3659; x_wconf 82' lang='lat' dir='ltr'><strong><em>fortitudo</em></strong></span> <span class='ocrx_word' id='word_1_411' title='bbox 1121 3605 1222 3660; x_wconf 91' lang='lat' dir='ltr'><strong><em>nisi</em></strong></span> <span class='ocrx_word' id='word_1_412' title='bbox 1253 3606 1468 3676; x_wconf 87' lang='lat' dir='ltr'><strong><em>optimis</em></strong></span> <span class='ocrx_word' id='word_1_413' title='bbox 1512 3621 1608 3675; x_wconf 90' lang='lat' dir='ltr'><strong><em>per</em></strong></span> <span class='ocrx_word' id='word_1_414' title='bbox 1641 3607 1917 3660; x_wconf 89' lang='lat' dir='ltr'><strong><em>scientiam</em></strong></span> <span class='ocrx_word' id='word_1_415' title='bbox 1943 3606 2157 3662; x_wconf 89' lang='lat' dir='ltr'><strong><em>admota</em></strong></span> 
     </span>
    </p>
   </div>
   <div class='ocr_carea' id='block_1_53' title="bbox 561 3694 2159 3768">
    <p class='ocr_par' dir='ltr' id='par_1_53' title="bbox 561 3694 2159 3768">
     <span class='ocr_line' id='line_1_54' title="bbox 561 3694 2159 3768; baseline 0.005 -22"><span class='ocrx_word' id='word_1_416' title='bbox 561 3694 730 3748; x_wconf 75' lang='lat' dir='ltr'><strong><em>rebus</em></strong></span> <span class='ocrx_word' id='word_1_417' title='bbox 759 3703 860 3756; x_wconf 87' lang='lat' dir='ltr'><strong><em>est,</em></strong></span> <span class='ocrx_word' id='word_1_418' title='bbox 913 3696 964 3748; x_wconf 92' lang='lat' dir='ltr'><strong><em>in</em></strong></span> <span class='ocrx_word' id='word_1_419' title='bbox 1021 3696 1400 3766; x_wconf 89' lang='lat' dir='ltr'><strong><em>despicabilem</em></strong></span> <span class='ocrx_word' id='word_1_420' title='bbox 1443 3699 1676 3768; x_wconf 89' lang='lat' dir='ltr'><strong><em>erumpit</em></strong></span> <span class='ocrx_word' id='word_1_421' title='bbox 1704 3699 1998 3764; x_wconf 81' lang='lat' dir='ltr'><strong><em>insaniam;</em></strong></span> <span class='ocrx_word' id='word_1_422' title='bbox 2047 3709 2159 3754; x_wconf 89' lang='lat' dir='ltr'><strong><em>ete</em></strong></span> 
     </span>
    </p>
   </div>
   <div class='ocr_carea' id='block_1_54' title="bbox 567 3786 2160 3861">
    <p class='ocr_par' dir='ltr' id='par_1_54' title="bbox 567 3786 2160 3861">
     <span class='ocr_line' id='line_1_55' title="bbox 567 3786 2160 3861; baseline 0.004 -23"><span class='ocrx_word' id='word_1_423' title='bbox 567 3786 788 3854; x_wconf 88' lang='lat' dir='ltr'><strong><em>regione</em></strong></span> <span class='ocrx_word' id='word_1_424' title='bbox 807 3789 1123 3842; x_wconf 80' lang='lat' dir='ltr'><strong><em>examinatae</em></strong></span> <span class='ocrx_word' id='word_1_425' title='bbox 1146 3789 1367 3858; x_wconf 85' lang='lat' dir='ltr'><strong><em>justitiae</em></strong></span> <span class='ocrx_word' id='word_1_426' title='bbox 1399 3791 1414 3821; x_wconf 84' lang='grc'>¹</span> <span class='ocrx_word' id='word_1_427' title='bbox 1445 3789 1610 3861; x_wconf 84' lang='lat' dir='ltr'><strong><em>leges,</em></strong></span> <span class='ocrx_word' id='word_1_428' title='bbox 1633 3790 1733 3844; x_wconf 85' lang='lat' dir='ltr'><strong><em>nisi</em></strong></span> <span class='ocrx_word' id='word_1_429' title='bbox 1751 3789 2160 3860; x_wconf 88' lang='lat' dir='ltr'><strong><em>magnanimita-</em></strong></span> 
     </span>
    </p>
   </div>
   <div class='ocr_carea' id='block_1_55' title="bbox 564 3877 2160 3950">
    <p class='ocr_par' dir='ltr' id='par_1_55' title="bbox 564 3877 2160 3950">
     <span class='ocr_line' id='line_1_56' title="bbox 564 3877 2160 3950; baseline 0.004 -22"><span class='ocrx_word' id='word_1_430' title='bbox 564 3877 635 3928; x_wconf 89' lang='lat' dir='ltr'><strong><em>tis</em></strong></span> <span class='ocrx_word' id='word_1_431' title='bbox 665 3892 848 3930; x_wconf 90' lang='lat' dir='ltr'><strong><em>murus</em></strong></span> <span class='ocrx_word' id='word_1_432' title='bbox 879 3878 1174 3944; x_wconf 84' lang='lat' dir='ltr'><strong><em>incluserit,</em></strong></span> <span class='ocrx_word' id='word_1_433' title='bbox 1205 3879 1400 3948; x_wconf 80' lang='lat' dir='ltr'><strong><em>praedae</em></strong></span> <span class='ocrx_word' id='word_1_434' title='bbox 1447 3879 1728 3934; x_wconf 79' lang='lat' dir='ltr'><strong><em>confestim</em></strong></span> <span class='ocrx_word' id='word_1_435' title='bbox 1771 3881 2045 3950; x_wconf 87' lang='lat' dir='ltr'><strong><em>patebunt,</em></strong></span> <span class='ocrx_word' id='word_1_436' title='bbox 2096 3895 2160 3935; x_wconf 88' lang='lat' dir='ltr'><strong><em>ac</em></strong></span> 
     </span>
    </p>
   </div>
   <div class='ocr_carea' id='block_1_56' title="bbox 563 3967 2159 4042">
    <p class='ocr_par' dir='ltr' id='par_1_56' title="bbox 563 3967 2159 4042">
     <span class='ocr_line' id='line_1_57' title="bbox 563 3967 2159 4042; baseline 0.004 -22"><span class='ocrx_word' id='word_1_437' title='bbox 563 3967 824 4022; x_wconf 87' lang='lat' dir='ltr'><strong><em>servitum</em></strong></span> <span class='ocrx_word' id='word_1_438' title='bbox 854 3969 1166 4024; x_wconf 85' lang='lat' dir='ltr'><strong><em>criminibus</em></strong></span> <span class='ocrx_word' id='word_1_439' title='bbox 1187 3970 1536 4026; x_wconf 89' lang='lat' dir='ltr'><strong><em>abducentur.</em></strong></span> <span class='ocrx_word' id='word_1_440' title='bbox 1570 3971 1676 4026; x_wconf 84' lang='lat' dir='ltr'><strong><em>Has</em></strong></span> <span class='ocrx_word' id='word_1_441' title='bbox 1705 3987 1832 4042; x_wconf 88' lang='lat' dir='ltr'><strong><em>ergo</em></strong></span> <span class='ocrx_word' id='word_1_442' title='bbox 1852 3972 2022 4042; x_wconf 88' lang='lat' dir='ltr'><strong><em>bigas,</em></strong></span> <span class='ocrx_word' id='word_1_443' title='bbox 2041 3971 2159 4026; x_wconf 92' lang='lat' dir='ltr'><strong><em>sine</em></strong></span> 
     </span>
    </p>
   </div>
   <div class='ocr_carea' id='block_1_57' title="bbox 565 4058 2157 4135">
    <p class='ocr_par' dir='ltr' id='par_1_57' title="bbox 565 4058 2157 4135">
     <span class='ocr_line' id='line_1_58' title="bbox 565 4058 2157 4135; baseline 0.006 -25"><span class='ocrx_word' id='word_1_444' title='bbox 565 4058 761 4128; x_wconf 90' lang='lat' dir='ltr'><strong><em>quibus</em></strong></span> <span class='ocrx_word' id='word_1_445' title='bbox 787 4059 1104 4130; x_wconf 87' lang='lat' dir='ltr'><strong><em>triumphari</em></strong></span> <span class='ocrx_word' id='word_1_446' title='bbox 1151 4061 1219 4117; x_wconf 92' lang='lat' dir='ltr'><strong><em>de</em></strong></span> <span class='ocrx_word' id='word_1_447' title='bbox 1247 4063 1430 4118; x_wconf 91' lang='lat' dir='ltr'><strong><em>mundi</em></strong></span> <span class='ocrx_word' id='word_1_448' title='bbox 1459 4064 1731 4120; x_wconf 88' lang='lat' dir='ltr'><strong><em>erroribus</em></strong></span> <span class='ocrx_word' id='word_1_449' title='bbox 1759 4065 2029 4135; x_wconf 88' lang='lat' dir='ltr'><strong><em>nequitur,</em></strong></span> <span class='ocrx_word' id='word_1_450' title='bbox 2072 4064 2157 4120; x_wconf 88' lang='lat' dir='ltr'><strong><em>di-</em></strong></span> 
     </span>
    </p>
   </div>
   <div class='ocr_carea' id='block_1_58' title="bbox 565 4149 2159 4228">
    <p class='ocr_par' dir='ltr' id='par_1_58' title="bbox 565 4149 2159 4228">
     <span class='ocr_line' id='line_1_59' title="bbox 565 4149 2159 4228; baseline 0.008 -28"><span class='ocrx_word' id='word_1_451' title='bbox 565 4149 736 4203; x_wconf 77' lang='lat' dir='ltr'><strong><em>versis</em></strong></span> <span class='ocrx_word' id='word_1_452' title='bbox 758 4151 1000 4204; x_wconf 81' lang='lat' dir='ltr'><strong><em>aetatibus</em></strong></span> <span class='ocrx_word' id='word_1_453' title='bbox 1031 4153 1289 4208; x_wconf 88' lang='lat' dir='ltr'><strong><em>rarissimi</em></strong></span> <span class='ocrx_word' id='word_1_454' title='bbox 1309 4155 1524 4224; x_wconf 84' lang='lat' dir='ltr'><strong><em>quique,</em></strong></span> <span class='ocrx_word' id='word_1_455' title='bbox 1551 4155 1640 4224; x_wconf 88' lang='lat' dir='ltr'><strong><em>qui</em></strong></span> <span class='ocrx_word' id='word_1_456' title='bbox 1661 4156 1904 4212; x_wconf 89' lang='lat' dir='ltr'><strong><em>colerent</em></strong></span> <span class='ocrx_word' id='word_1_457' title='bbox 1933 4167 1986 4212; x_wconf 87' lang='lat' dir='ltr'><strong><em>et</em></strong></span> <span class='ocrx_word' id='word_1_458' title='bbox 2007 4159 2159 4228; x_wconf 83' lang='lat' dir='ltr'><strong><em>juga-</em></strong></span> 
     </span>
    </p>
   </div>
   <div class='ocr_carea' id='block_1_59' title="bbox 563 4245 2158 4317">
    <p class='ocr_par' dir='ltr' id='par_1_59' title="bbox 563 4245 2158 4317">
     <span class='ocr_line' id='line_1_60' title="bbox 563 4245 2158 4317; baseline 0.008 -26"><span class='ocrx_word' id='word_1_459' title='bbox 563 4247 688 4292; x_wconf 87' lang='lat' dir='ltr'><strong><em>rent</em></strong></span> <span class='ocrx_word' id='word_1_460' title='bbox 715 4248 872 4308; x_wconf 90' lang='lat' dir='ltr'><strong><em>atque</em></strong></span> <span class='ocrx_word' id='word_1_461' title='bbox 903 4252 1153 4311; x_wconf 86' lang='lat' dir='ltr'><strong><em>regerent</em></strong></span> <span class='ocrx_word' id='word_1_462' title='bbox 1176 4284 1192 4308; x_wconf 95' lang='lat'><strong><em>,</em></strong></span> <span class='ocrx_word' id='word_1_463' title='bbox 1225 4245 1547 4300; x_wconf 83' lang='lat' dir='ltr'><strong><em>exstiterunt</em></strong></span> <span class='ocrx_word' id='word_1_464' title='bbox 1573 4263 1586 4300; x_wconf 90' lang='lat'><strong><em>:</em></strong></span> <span class='ocrx_word' id='word_1_465' title='bbox 1615 4247 1864 4317; x_wconf 85' lang='lat' dir='ltr'><strong><em>quoniam</em></strong></span> <span class='ocrx_word' id='word_1_466' title='bbox 1897 4257 1952 4302; x_wconf 88' lang='lat' dir='ltr'><strong><em>et</em></strong></span> <span class='ocrx_word' id='word_1_467' title='bbox 1993 4251 2158 4304; x_wconf 79' lang='lat' dir='ltr'><strong><em>scicn-</em></strong></span> 
     </span>
    </p>
   </div>
   <div class='ocr_carea' id='block_1_60' title="bbox 563 4329 2156 4406">
    <p class='ocr_par' dir='ltr' id='par_1_60' title="bbox 563 4329 2156 4406">
     <span class='ocr_line' id='line_1_61' title="bbox 563 4329 2156 4406; baseline 0.008 -24"><span class='ocrx_word' id='word_1_468' title='bbox 563 4329 653 4382; x_wconf 74' lang='lat' dir='ltr'><strong><em>tiae</em></strong></span> <span class='ocrx_word' id='word_1_469' title='bbox 698 4329 929 4384; x_wconf 84' lang='lat' dir='ltr'><strong><em>studium</em></strong></span> <span class='ocrx_word' id='word_1_470' title='bbox 983 4339 1088 4384; x_wconf 86' lang='lat' dir='ltr'><strong><em>tam</em></strong></span> <span class='ocrx_word' id='word_1_471' title='bbox 1156 4331 1278 4402; x_wconf 88' lang='lat' dir='ltr'><strong><em>fuga</em></strong></span> <span class='ocrx_word' id='word_1_472' title='bbox 1347 4334 1545 4390; x_wconf 89' lang='lat' dir='ltr'><strong><em>laboris</em></strong></span> <span class='ocrx_word' id='word_1_473' title='bbox 1613 4351 1772 4406; x_wconf 89' lang='lat' dir='ltr'><strong><em>quam</em></strong></span> <span class='ocrx_word' id='word_1_474' title='bbox 1822 4339 2156 4395; x_wconf 67' lang='lat' dir='ltr'><strong><em>saecularium</em></strong></span> 
     </span>
    </p>
   </div>
   <div class='ocr_carea' id='block_1_61' title="bbox 563 4421 2154 4494">
    <p class='ocr_par' dir='ltr' id='par_1_61' title="bbox 563 4421 2154 4494">
     <span class='ocr_line' id='line_1_62' title="bbox 563 4421 2154 4494; baseline 0.007 -18"><span class='ocrx_word' id='word_1_475' title='bbox 563 4435 816 4476; x_wconf 68' lang='lat' dir='ltr'><strong><em>(aurarum</em></strong></span> <span class='ocrx_word' id='word_1_476' title='bbox 846 4421 1130 4479; x_wconf 88' lang='lat' dir='ltr'><strong><em>diversitas</em></strong></span> <span class='ocrx_word' id='word_1_477' title='bbox 1149 4424 1392 4494; x_wconf 91' lang='lat' dir='ltr'><strong><em>impedit,</em></strong></span> <span class='ocrx_word' id='word_1_478' title='bbox 1427 4435 1481 4482; x_wconf 92' lang='lat' dir='ltr'><strong><em>et</em></strong></span> <span class='ocrx_word' id='word_1_479' title='bbox 1503 4430 1858 4484; x_wconf 86' lang='lat' dir='ltr'><strong><em>constantiam</em></strong></span> <span class='ocrx_word' id='word_1_480' title='bbox 1885 4445 2154 4486; x_wconf 85' lang='lat' dir='ltr'><strong><em>aerumna-</em></strong></span> 
     </span>
    </p>
   </div>
   <div class='ocr_carea' id='block_1_62' title="bbox 563 4514 2150 4594">
    <p class='ocr_par' dir='ltr' id='par_1_62' title="bbox 563 4514 2150 4594">
     <span class='ocr_line' id='line_1_63' title="bbox 563 4514 2150 4594; baseline 0.01 -30"><span class='ocrx_word' id='word_1_481' title='bbox 563 4528 706 4580; x_wconf 85' lang='lat' dir='ltr'><strong><em>rum,</em></strong></span> <span class='ocrx_word' id='word_1_482' title='bbox 733 4528 853 4583; x_wconf 78' lang='lat' dir='ltr'><strong><em>quae</em></strong></span> <span class='ocrx_word' id='word_1_483' title='bbox 877 4514 945 4568; x_wconf 89' lang='lat' dir='ltr'><strong><em>ab</em></strong></span> <span class='ocrx_word' id='word_1_484' title='bbox 975 4515 1231 4584; x_wconf 89' lang='lat' dir='ltr'><strong><em>improbis</em></strong></span> <span class='ocrx_word' id='word_1_485' title='bbox 1258 4518 1578 4586; x_wconf 77' lang='lat' dir='ltr'><strong><em>excitantur,</em></strong></span> <span class='ocrx_word' id='word_1_486' title='bbox 1611 4519 1841 4577; x_wconf 87' lang='lat' dir='ltr'><strong><em>formido</em></strong></span> <span class='ocrx_word' id='word_1_487' title='bbox 1885 4525 2150 4594; x_wconf 87' lang='lat' dir='ltr'><strong><em>percellit.</em></strong></span> 
     </span>
    </p>
   </div>
   <div class='ocr_carea' id='block_1_63' title="bbox 563 4603 2153 4684">
    <p class='ocr_par' dir='ltr' id='par_1_63' title="bbox 563 4603 2153 4684">
     <span class='ocr_line' id='line_1_64' title="bbox 563 4603 2153 4684; baseline 0.011 -29"><span class='ocrx_word' id='word_1_488' title='bbox 563 4603 698 4670; x_wconf 82' lang='lat' dir='ltr'><strong><em>Quae</em></strong></span> <span class='ocrx_word' id='word_1_489' title='bbox 737 4607 1192 4674; x_wconf 86' lang='lat' dir='ltr'><strong><em>oppugnationum</em></strong></span> <span class='ocrx_word' id='word_1_490' title='bbox 1219 4623 1414 4678; x_wconf 88' lang='lat' dir='ltr'><strong><em>genera</em></strong></span> <span class='ocrx_word' id='word_1_491' title='bbox 1461 4611 1683 4666; x_wconf 90' lang='lat' dir='ltr'><strong><em>vincunt</em></strong></span> <span class='ocrx_word' id='word_1_492' title='bbox 1707 4614 1924 4684; x_wconf 90' lang='lat' dir='ltr'><strong><em>quidem</em></strong></span> <span class='ocrx_word' id='word_1_493' title='bbox 1967 4617 2153 4674; x_wconf 87' lang='lat' dir='ltr'><strong><em>fideles</em></strong></span> 
     </span>
    </p>
   </div>
   <div class='ocr_carea' id='block_1_64' title="bbox 557 4693 2153 4772">
    <p class='ocr_par' dir='ltr' id='par_1_64' title="bbox 557 4693 2153 4772">
     <span class='ocr_line' id='line_1_65' title="bbox 557 4693 2153 4772; baseline 0.013 -27"><span class='ocrx_word' id='word_1_494' title='bbox 557 4693 726 4748; x_wconf 86' lang='lat' dir='ltr'><strong><em>animi</em></strong></span> <span class='ocrx_word' id='word_1_495' title='bbox 753 4705 807 4749; x_wconf 90' lang='lat' dir='ltr'><strong><em>et</em></strong></span> <span class='ocrx_word' id='word_1_496' title='bbox 831 4698 1100 4766; x_wconf 88' lang='lat' dir='ltr'><strong><em>sapientes</em></strong></span> <span class='ocrx_word' id='word_1_497' title='bbox 1132 4714 1146 4751; x_wconf 89' lang='lat'><strong>:</strong></span> <span class='ocrx_word' id='word_1_498' title='bbox 1178 4714 1364 4756; x_wconf 88' lang='lat' dir='ltr'><strong><em>verum</em></strong></span> <span class='ocrx_word' id='word_1_499' title='bbox 1394 4709 1500 4756; x_wconf 91' lang='lat' dir='ltr'><strong><em>tam</em></strong></span> <span class='ocrx_word' id='word_1_500' title='bbox 1525 4703 1632 4758; x_wconf 86' lang='lat' dir='ltr'><strong><em>rari</em></strong></span> <span class='ocrx_word' id='word_1_501' title='bbox 1660 4715 1804 4772; x_wconf 90' lang='lat' dir='ltr'><strong><em>sunt,</em></strong></span> <span class='ocrx_word' id='word_1_502' title='bbox 1828 4715 1888 4762; x_wconf 92' lang='lat' dir='ltr'><strong><em>ut</em></strong></span> <span class='ocrx_word' id='word_1_503' title='bbox 1905 4708 2046 4764; x_wconf 87' lang='lat' dir='ltr'><strong><em>inter</em></strong></span> <span class='ocrx_word' id='word_1_504' title='bbox 2073 4709 2153 4764; x_wconf 90' lang='lat' dir='ltr'><strong><em>in-</em></strong></span> 
     </span>
    </p>
   </div>
   <div class='ocr_carea' id='block_1_65' title="bbox 568 4783 2152 4868">
    <p class='ocr_par' dir='ltr' id='par_1_65' title="bbox 568 4783 2152 4868">
     <span class='ocr_line' id='line_1_66' title="bbox 568 4783 2152 4868; baseline 0.013 -30"><span class='ocrx_word' id='word_1_505' title='bbox 568 4801 823 4840; x_wconf 88' lang='lat' dir='ltr'><strong><em>sanorum</em></strong></span> <span class='ocrx_word' id='word_1_506' title='bbox 883 4791 1140 4858; x_wconf 90' lang='lat' dir='ltr'><strong><em>populos,</em></strong></span> <span class='ocrx_word' id='word_1_507' title='bbox 1189 4793 1311 4862; x_wconf 90' lang='lat' dir='ltr'><strong><em>quia</em></strong></span> <span class='ocrx_word' id='word_1_508' title='bbox 1362 4809 1469 4850; x_wconf 93' lang='lat' dir='ltr'><strong><em>non</em></strong></span> <span class='ocrx_word' id='word_1_509' title='bbox 1509 4783 1744 4868; x_wconf 83' lang='lat' dir='ltr'><strong><em>furiunt,</em></strong></span> <span class='ocrx_word' id='word_1_510' title='bbox 1787 4799 2022 4858; x_wconf 89' lang='lat' dir='ltr'><strong><em>insanire</em></strong></span> <span class='ocrx_word' id='word_1_511' title='bbox 2071 4803 2152 4858; x_wconf 91' lang='lat' dir='ltr'><strong><em>vi-</em></strong></span> 
     </span>
    </p>
   </div>
   <div class='ocr_carea' id='block_1_66' title="bbox 561 4877 808 4934">
    <p class='ocr_par' dir='ltr' id='par_1_66' title="bbox 561 4877 808 4934">
     <span class='ocr_line' id='line_1_67' title="bbox 561 4877 808 4934; baseline 0.02 -5"><span class='ocrx_word' id='word_1_512' title='bbox 561 4877 808 4934; x_wconf 52' lang='lat' dir='ltr'><strong><em>lleantur.</em></strong></span> 
     </span>
    </p>
   </div>
   <div class='ocr_carea' id='block_1_67' title="bbox 637 4971 2144 5070">
    <p class='ocr_par' dir='ltr' id='par_1_67' title="bbox 637 4971 2144 5070">
     <span class='ocr_line' id='line_1_68' title="bbox 637 4971 2144 5070; baseline 0.016 -48"><span class='ocrx_word' id='word_1_513' title='bbox 637 4971 988 5026; x_wconf 74' lang='lat' dir='ltr'><strong><em>Aucus&#39;rmus.</em></strong></span> <span class='ocrx_word' id='word_1_514' title='bbox 1022 4973 1208 5032; x_wconf 89' lang='lat' dir='ltr'><strong><em>Nonne</em></strong></span> <span class='ocrx_word' id='word_1_515' title='bbox 1237 4985 1290 5034; x_wconf 88' lang='lat' dir='ltr'><strong><em>te</em></strong></span> <span class='ocrx_word' id='word_1_516' title='bbox 1317 4980 1569 5070; x_wconf 70' lang='lat' dir='ltr'><strong><em>admonet</em></strong></span> <span class='ocrx_word' id='word_1_517' title='bbox 1599 4986 1790 5042; x_wconf 89' lang='lat' dir='ltr'><strong><em>raritas</em></strong></span> <span class='ocrx_word' id='word_1_518' title='bbox 1819 4986 1921 5043; x_wconf 87' lang='lat' dir='ltr'><strong><em>ista</em></strong></span> <span class='ocrx_word' id='word_1_519' title='bbox 1967 4989 2144 5046; x_wconf 87' lang='lat' dir='ltr'><strong><em>homi-</em></strong></span> 
     </span>
    </p>
   </div>
   <div class='ocr_carea' id='block_1_68' title="bbox 561 5068 2146 5148">
    <p class='ocr_par' dir='ltr' id='par_1_68' title="bbox 561 5068 2146 5148">
     <span class='ocr_line' id='line_1_69' title="bbox 561 5068 2146 5148; baseline 0.014 -30"><span class='ocrx_word' id='word_1_520' title='bbox 561 5078 712 5128; x_wconf 87' lang='lat' dir='ltr'><strong><em>num,</em></strong></span> <span class='ocrx_word' id='word_1_521' title='bbox 743 5078 900 5134; x_wconf 89' lang='lat' dir='ltr'><strong><em>quam</em></strong></span> <span class='ocrx_word' id='word_1_522' title='bbox 926 5074 978 5120; x_wconf 89' lang='lat' dir='ltr'><strong><em>tu</em></strong></span> <span class='ocrx_word' id='word_1_523' title='bbox 1009 5068 1122 5138; x_wconf 90' lang='lat' dir='ltr'><strong><em>ipse</em></strong></span> <span class='ocrx_word' id='word_1_524' title='bbox 1145 5068 1558 5140; x_wconf 83' lang='lat' dir='ltr'><strong><em>commemoras,</em></strong></span> <span class='ocrx_word' id='word_1_525' title='bbox 1588 5076 1640 5131; x_wconf 94' lang='lat' dir='ltr'><strong><em>in</em></strong></span> <span class='ocrx_word' id='word_1_526' title='bbox 1665 5079 1857 5148; x_wconf 90' lang='lat' dir='ltr'><strong><em>quibus</em></strong></span> <span class='ocrx_word' id='word_1_527' title='bbox 1885 5089 1941 5135; x_wconf 91' lang='lat' dir='ltr'><strong><em>et</em></strong></span> <span class='ocrx_word' id='word_1_528' title='bbox 1969 5083 2146 5139; x_wconf 90' lang='lat' dir='ltr'><strong><em>scien-</em></strong></span> 
     </span>
    </p>
   </div>
   <div class='ocr_carea' id='block_1_69' title="bbox 563 5155 2147 5241">
    <p class='ocr_par' dir='ltr' id='par_1_69' title="bbox 563 5155 2147 5241">
     <span class='ocr_line' id='line_1_70' title="bbox 563 5155 2147 5241; baseline 0.015 -32"><span class='ocrx_word' id='word_1_529' title='bbox 563 5155 638 5210; x_wconf 88' lang='lat' dir='ltr'><strong><em>tia</em></strong></span> <span class='ocrx_word' id='word_1_530' title='bbox 665 5165 720 5212; x_wconf 90' lang='lat' dir='ltr'><strong><em>et</em></strong></span> <span class='ocrx_word' id='word_1_531' title='bbox 755 5157 1004 5214; x_wconf 83' lang='lat' dir='ltr'><strong><em>fortitudo</em></strong></span> <span class='ocrx_word' id='word_1_532' title='bbox 1029 5170 1112 5216; x_wconf 89' lang='lat' dir='ltr'><strong><em>est</em></strong></span> <span class='ocrx_word' id='word_1_533' title='bbox 1139 5164 1182 5230; x_wconf 80' lang='lat'><strong><em>&#39;,</em></strong></span> <span class='ocrx_word' id='word_1_534' title='bbox 1209 5164 1336 5234; x_wconf 87' lang='lat' dir='ltr'><strong><em>quid</em></strong></span> <span class='ocrx_word' id='word_1_535' title='bbox 1357 5165 1424 5220; x_wconf 90' lang='lat' dir='ltr'><strong><em>de</em></strong></span> <span class='ocrx_word' id='word_1_536' title='bbox 1453 5167 1686 5226; x_wconf 90' lang='lat' dir='ltr'><strong><em>humano</em></strong></span> <span class='ocrx_word' id='word_1_537' title='bbox 1715 5186 1911 5241; x_wconf 86' lang='lat' dir='ltr'><strong><em>genere</em></strong></span> <span class='ocrx_word' id='word_1_538' title='bbox 1947 5177 2147 5234; x_wconf 88' lang='lat' dir='ltr'><strong><em>sentire</em></strong></span> 
     </span>
    </p>
   </div>
   <div class='ocr_carea' id='block_1_70' title="bbox 558 5247 2149 5326">
    <p class='ocr_par' dir='ltr' id='par_1_70' title="bbox 558 5247 2149 5326">
     <span class='ocr_line' id='line_1_71' title="bbox 558 5247 2149 5326; baseline 0.014 -23"><span class='ocrx_word' id='word_1_539' title='bbox 558 5247 781 5314; x_wconf 88' lang='lat' dir='ltr'><strong><em>debeas,</em></strong></span> <span class='ocrx_word' id='word_1_540' title='bbox 816 5259 868 5306; x_wconf 90' lang='lat' dir='ltr'><strong><em>et</em></strong></span> <span class='ocrx_word' id='word_1_541' title='bbox 897 5251 963 5306; x_wconf 85' lang='lat' dir='ltr'><strong><em>de</em></strong></span> <span class='ocrx_word' id='word_1_542' title='bbox 977 5253 1341 5311; x_wconf 86' lang='lat' dir='ltr'><strong><em>universaisla</em></strong></span> <span class='ocrx_word' id='word_1_543' title='bbox 1371 5273 1544 5313; x_wconf 87' lang='lat' dir='ltr'><strong><em>massa</em></strong></span> <span class='ocrx_word' id='word_1_544' title='bbox 1573 5262 1966 5320; x_wconf 87' lang='lat' dir='ltr'><strong><em>rationabilium</em></strong></span> <span class='ocrx_word' id='word_1_545' title='bbox 2006 5284 2149 5326; x_wconf 85' lang='lat' dir='ltr'><strong><em>mor-</em></strong></span> 
     </span>
    </p>
   </div>
   <div class='ocr_carea' id='block_1_71' title="bbox 559 5340 2147 5424">
    <p class='ocr_par' dir='ltr' id='par_1_71' title="bbox 559 5340 2147 5424">
     <span class='ocr_line' id='line_1_72' title="bbox 559 5340 2147 5424; baseline 0.014 -32"><span class='ocrx_word' id='word_1_546' title='bbox 559 5340 852 5411; x_wconf 89' lang='lat' dir='ltr'><strong><em>taliumque</em></strong></span> <span class='ocrx_word' id='word_1_547' title='bbox 899 5344 1288 5400; x_wconf 85' lang='lat' dir='ltr'><strong><em>animantium?</em></strong></span> <span class='ocrx_word' id='word_1_548' title='bbox 1331 5347 1438 5402; x_wconf 89' lang='lat' dir='ltr'><strong><em>Cur</em></strong></span> <span class='ocrx_word' id='word_1_549' title='bbox 1471 5350 1614 5404; x_wconf 88' lang='lat' dir='ltr'><strong><em>enim</em></strong></span> <span class='ocrx_word' id='word_1_550' title='bbox 1658 5367 1762 5407; x_wconf 94' lang='lat' dir='ltr'><strong><em>non</em></strong></span> <span class='ocrx_word' id='word_1_551' title='bbox 1805 5370 1975 5424; x_wconf 90' lang='lat' dir='ltr'><strong><em>genus</em></strong></span> <span class='ocrx_word' id='word_1_552' title='bbox 2001 5375 2147 5415; x_wconf 90' lang='lat' dir='ltr'><strong><em>mor-</em></strong></span> 
     </span>
    </p>
   </div>
   <div class='ocr_carea' id='block_1_72' title="bbox 559 5429 2146 5512">
    <p class='ocr_par' dir='ltr' id='par_1_72' title="bbox 559 5429 2146 5512">
     <span class='ocr_line' id='line_1_73' title="bbox 559 5429 2146 5512; baseline 0.014 -30"><span class='ocrx_word' id='word_1_553' title='bbox 559 5429 744 5485; x_wconf 86' lang='lat' dir='ltr'><strong><em>talium</em></strong></span> <span class='ocrx_word' id='word_1_554' title='bbox 771 5431 838 5486; x_wconf 88' lang='lat' dir='ltr'><strong><em>ad</em></strong></span> <span class='ocrx_word' id='word_1_555' title='bbox 864 5433 1096 5488; x_wconf 86' lang='lat' dir='ltr'><strong><em>studium</em></strong></span> <span class='ocrx_word' id='word_1_556' title='bbox 1119 5437 1358 5491; x_wconf 79' lang='lat' dir='ltr'><strong><em>scientiae</em></strong></span> <span class='ocrx_word' id='word_1_557' title='bbox 1381 5437 1648 5510; x_wconf 87' lang='lat' dir='ltr'><strong><em>roburque</em></strong></span> <span class='ocrx_word' id='word_1_558' title='bbox 1675 5443 2019 5512; x_wconf 88' lang='lat' dir='ltr'><strong><em>fortitudinis,</em></strong></span> <span class='ocrx_word' id='word_1_559' title='bbox 2053 5467 2146 5504; x_wconf 88' lang='lat' dir='ltr'><strong><em>na-</em></strong></span> 
     </span>
    </p>
   </div>
   <div class='ocr_carea' id='block_1_73' title="bbox 563 5521 2144 5598">
    <p class='ocr_par' dir='ltr' id='par_1_73' title="bbox 563 5521 2144 5598">
     <span class='ocr_line' id='line_1_74' title="bbox 563 5521 2144 5598; baseline 0.015 -24"><span class='ocrx_word' id='word_1_560' title='bbox 563 5521 723 5577; x_wconf 87' lang='lat' dir='ltr'><strong><em>turali</em></strong></span> <span class='ocrx_word' id='word_1_561' title='bbox 750 5525 1008 5593; x_wconf 89' lang='lat' dir='ltr'><strong><em>aopetitu,</em></strong></span> <span class='ocrx_word' id='word_1_562' title='bbox 1037 5527 1122 5580; x_wconf 89' lang='lat' dir='ltr'><strong><em>vel</em></strong></span> <span class='ocrx_word' id='word_1_563' title='bbox 1150 5528 1478 5597; x_wconf 90' lang='lat' dir='ltr'><strong><em>universum,</em></strong></span> <span class='ocrx_word' id='word_1_564' title='bbox 1513 5521 1593 5586; x_wconf 51' lang='lat' dir='ltr'><strong><em>vici</em></strong></span> <span class='ocrx_word' id='word_1_565' title='bbox 1623 5543 1768 5590; x_wconf 86' lang='lat' dir='ltr'><strong><em>certe</em></strong></span> <span class='ocrx_word' id='word_1_566' title='bbox 1823 5553 1888 5594; x_wconf 81' lang='lat' dir='ltr'><strong><em>ex</em></strong></span> <span class='ocrx_word' id='word_1_567' title='bbox 1915 5545 2144 5598; x_wconf 77' lang='lat' dir='ltr'><strong><em>maxima</em></strong></span> 
     </span>
    </p>
   </div>
   <div class='ocr_carea' id='block_1_74' title="bbox 619 5717 1553 5780">
    <p class='ocr_par' dir='ltr' id='par_1_74' title="bbox 619 5717 1553 5780">
     <span class='ocr_line' id='line_1_75' title="bbox 619 5717 1553 5780; baseline 0.009 -12"><span class='ocrx_word' id='word_1_568' title='bbox 619 5720 639 5780; x_wconf 70' lang='grc' dir='ltr'>ζ</span> <span class='ocrx_word' id='word_1_569' title='bbox 671 5724 775 5778; x_wconf 75' lang='lat' dir='ltr'><strong><em>me,</em></strong></span> <span class='ocrx_word' id='word_1_570' title='bbox 799 5717 1030 5780; x_wconf 73' lang='lat' dir='ltr'><strong><em>iustitiae,</em></strong></span> <span class='ocrx_word' id='word_1_571' title='bbox 1057 5733 1120 5771; x_wconf 81' lang='lat' dir='ltr'><strong><em>ex</em></strong></span> <span class='ocrx_word' id='word_1_572' title='bbox 1160 5729 1248 5772; x_wconf 76' lang='lat' dir='ltr'><strong><em>Mss</em></strong></span> <span class='ocrx_word' id='word_1_573' title='bbox 1269 5723 1553 5776; x_wconf 87' lang='lat' dir='ltr'><strong><em>addidimus.</em></strong></span> 
     </span>
    </p>
   </div>
   <div class='ocr_carea' id='block_1_75' title="bbox 617 5769 1478 5848">
    <p class='ocr_par' dir='ltr' id='par_1_75' title="bbox 617 5769 1478 5848">
     <span class='ocr_line' id='line_1_76' title="bbox 617 5769 1478 5848; baseline 0.009 -20"><span class='ocrx_word' id='word_1_574' title='bbox 617 5769 640 5799; x_wconf 87' lang='grc'>²</span> <span class='ocrx_word' id='word_1_575' title='bbox 665 5779 750 5830; x_wconf 81' lang='lat' dir='ltr'><strong><em>Sto</em></strong></span> <span class='ocrx_word' id='word_1_576' title='bbox 763 5769 876 5830; x_wconf 62' lang='lat' dir='ltr'><strong><em>iis.</em></strong></span> <span class='ocrx_word' id='word_1_577' title='bbox 911 5769 1030 5833; x_wconf 76' lang='lat' dir='ltr'><strong><em>Editi</em></strong></span> <span class='ocrx_word' id='word_1_578' title='bbox 1047 5769 1478 5848; x_wconf 54' lang='lat' dir='ltr'><strong><em>asumma;</em></strong></span> 
     </span>
    </p>
   </div>
   <div class='ocr_carea' id='block_1_76' title="bbox 2291 2497 3744 2576">
    <p class='ocr_par' dir='ltr' id='par_1_76' title="bbox 2291 2497 3744 2576">
     <span class='ocr_line' id='line_1_77' title="bbox 2291 2497 3744 2576; baseline 0.013 -29"><span class='ocrx_word' id='word_1_579' title='bbox 2291 2504 2444 2566; x_wconf 87' lang='lat' dir='ltr'><strong><em>parte</em></strong></span> <span class='ocrx_word' id='word_1_580' title='bbox 2469 2497 2767 2568; x_wconf 86' lang='lat' dir='ltr'><strong><em>consurgit,</em></strong></span> <span class='ocrx_word' id='word_1_581' title='bbox 2797 2507 2854 2554; x_wconf 87' lang='lat' dir='ltr'><strong><em>ut</em></strong></span> <span class='ocrx_word' id='word_1_582' title='bbox 2879 2499 3184 2558; x_wconf 85' lang='lat' dir='ltr'><strong><em>rarissimos</em></strong></span> <span class='ocrx_word' id='word_1_583' title='bbox 3225 2517 3460 2574; x_wconf 86' lang='lat' dir='ltr'><strong><em>quosque</em></strong></span> <span class='ocrx_word' id='word_1_584' title='bbox 3485 2507 3626 2576; x_wconf 89' lang='lat' dir='ltr'><strong><em>potius</em></strong></span> <span class='ocrx_word' id='word_1_585' title='bbox 3647 2509 3744 2566; x_wconf 80' lang='lat' dir='ltr'><strong><em>mire-</em></strong></span> 
     </span>
    </p>
   </div>
   <div class='ocr_carea' id='block_1_77' title="bbox 2279 2591 3748 2665">
    <p class='ocr_par' dir='ltr' id='par_1_77' title="bbox 2279 2591 3748 2665">
     <span class='ocr_line' id='line_1_78' title="bbox 2279 2591 3748 2665; baseline 0.01 -21"><span class='ocrx_word' id='word_1_586' title='bbox 2279 2605 2436 2656; x_wconf 91' lang='lat' dir='ltr'><strong><em>mur,</em></strong></span> <span class='ocrx_word' id='word_1_587' title='bbox 2481 2591 2550 2646; x_wconf 88' lang='lat' dir='ltr'><strong><em>ah</em></strong></span> <span class='ocrx_word' id='word_1_588' title='bbox 2575 2606 2640 2646; x_wconf 91' lang='lat' dir='ltr'><strong><em>eo</em></strong></span> <span class='ocrx_word' id='word_1_589' title='bbox 2693 2593 2834 2662; x_wconf 91' lang='lat' dir='ltr'><strong><em>quod</em></strong></span> <span class='ocrx_word' id='word_1_590' title='bbox 2865 2595 3068 2665; x_wconf 88' lang='lat' dir='ltr'><strong><em>appetit</em></strong></span> <span class='ocrx_word' id='word_1_591' title='bbox 3113 2605 3322 2652; x_wconf 66' lang='lat' dir='ltr'><strong><em>natura:</em></strong></span> <span class='ocrx_word' id='word_1_592' title='bbox 3363 2597 3594 2654; x_wconf 89' lang='lat' dir='ltr'><strong><em>institutio</em></strong></span> <span class='ocrx_word' id='word_1_593' title='bbox 3611 2600 3748 2658; x_wconf 75' lang='lat' dir='ltr'><strong><em>deviare</em></strong></span> 
     </span>
    </p>
   </div>
   <div class='ocr_carea' id='block_1_78' title="bbox 2276 2680 3746 2758">
    <p class='ocr_par' dir='ltr' id='par_1_78' title="bbox 2276 2680 3746 2758">
     <span class='ocr_line' id='line_1_79' title="bbox 2276 2680 3746 2758; baseline 0.009 -24"><span class='ocrx_word' id='word_1_594' title='bbox 2276 2689 2433 2750; x_wconf 88' lang='lat' dir='ltr'><strong><em>atque</em></strong></span> <span class='ocrx_word' id='word_1_595' title='bbox 2461 2680 2793 2738; x_wconf 88' lang='lat' dir='ltr'><strong><em>desciscere?</em></strong></span> <span class='ocrx_word' id='word_1_596' title='bbox 2820 2683 2930 2738; x_wconf 90' lang='lat' dir='ltr'><strong><em>Cur</em></strong></span> <span class='ocrx_word' id='word_1_597' title='bbox 2955 2685 3008 2740; x_wconf 92' lang='lat' dir='ltr'><strong><em>in</em></strong></span> <span class='ocrx_word' id='word_1_598' title='bbox 3040 2686 3306 2756; x_wconf 90' lang='lat' dir='ltr'><strong><em>profunda</em></strong></span> <span class='ocrx_word' id='word_1_599' title='bbox 3333 2689 3582 2758; x_wconf 69' lang='lat' dir='ltr'><strong><em>imperitiae</em></strong></span> <span class='ocrx_word' id='word_1_600' title='bbox 3599 2706 3646 2746; x_wconf 87' lang='lat' dir='ltr'><strong><em>ac</em></strong></span> <span class='ocrx_word' id='word_1_601' title='bbox 3664 2693 3746 2747; x_wconf 86' lang='lat' dir='ltr'><strong><em>mol-</em></strong></span> 
     </span>
    </p>
   </div>
   <div class='ocr_carea' id='block_1_79' title="bbox 2275 2770 3746 2854">
    <p class='ocr_par' dir='ltr' id='par_1_79' title="bbox 2275 2770 3746 2854">
     <span class='ocr_line' id='line_1_80' title="bbox 2275 2770 3746 2854; baseline 0.01 -30"><span class='ocrx_word' id='word_1_602' title='bbox 2275 2770 2556 2826; x_wconf 90' lang='lat' dir='ltr'><strong><em>litudinem</em></strong></span> <span class='ocrx_word' id='word_1_603' title='bbox 2607 2773 2849 2843; x_wconf 78' lang='lat' dir='ltr'><strong><em>ignaviae,</em></strong></span> <span class='ocrx_word' id='word_1_604' title='bbox 2891 2777 3044 2845; x_wconf 88' lang='lat' dir='ltr'><strong><em>quasi</em></strong></span> <span class='ocrx_word' id='word_1_605' title='bbox 3095 2792 3194 2846; x_wconf 88' lang='lat' dir='ltr'><strong><em>per</em></strong></span> <span class='ocrx_word' id='word_1_606' title='bbox 3245 2781 3506 2849; x_wconf 89' lang='lat' dir='ltr'><strong><em>proclivia,</em></strong></span> <span class='ocrx_word' id='word_1_607' title='bbox 3533 2782 3746 2854; x_wconf 76' lang='lat' dir='ltr'><strong><em>nescioquo</em></strong></span> 
     </span>
    </p>
   </div>
   <div class='ocr_carea' id='block_1_80' title="bbox 2273 2862 3746 2942">
    <p class='ocr_par' dir='ltr' id='par_1_80' title="bbox 2273 2862 3746 2942">
     <span class='ocr_line' id='line_1_81' title="bbox 2273 2862 3746 2942; baseline 0.009 -26"><span class='ocrx_word' id='word_1_608' title='bbox 2273 2862 2416 2916; x_wconf 85' lang='lat' dir='ltr'><strong><em>velut</em></strong></span> <span class='ocrx_word' id='word_1_609' title='bbox 2439 2877 2604 2918; x_wconf 91' lang='lat' dir='ltr'><strong><em>onere</em></strong></span> <span class='ocrx_word' id='word_1_610' title='bbox 2631 2874 2856 2934; x_wconf 81' lang='lat' dir='ltr'><strong><em>urgente</em></strong></span> <span class='ocrx_word' id='word_1_611' title='bbox 2885 2867 3199 2924; x_wconf 88' lang='lat' dir='ltr'><strong><em>delabitur?</em></strong></span> <span class='ocrx_word' id='word_1_612' title='bbox 3231 2869 3427 2942; x_wconf 88' lang='lat' dir='ltr'><strong><em>Fugam</em></strong></span> <span class='ocrx_word' id='word_1_613' title='bbox 3473 2872 3633 2928; x_wconf 87' lang='lat' dir='ltr'><strong><em>laboris</em></strong></span> <span class='ocrx_word' id='word_1_614' title='bbox 3660 2883 3746 2928; x_wconf 82' lang='lat' dir='ltr'><strong><em>certe</em></strong></span> 
     </span>
    </p>
   </div>
   <div class='ocr_carea' id='block_1_81' title="bbox 2272 2953 3746 3036">
    <p class='ocr_par' dir='ltr' id='par_1_81' title="bbox 2272 2953 3746 3036">
     <span class='ocr_line' id='line_1_82' title="bbox 2272 2953 3746 3036; baseline 0.01 -29"><span class='ocrx_word' id='word_1_615' title='bbox 2272 2953 2406 3008; x_wconf 92' lang='lat' dir='ltr'><strong><em>dicis</em></strong></span> <span class='ocrx_word' id='word_1_616' title='bbox 2422 2969 2542 3010; x_wconf 90' lang='lat' dir='ltr'><strong><em>esse</em></strong></span> <span class='ocrx_word' id='word_1_617' title='bbox 2569 2970 2806 3022; x_wconf 88' lang='lat' dir='ltr'><strong><em>causam,</em></strong></span> <span class='ocrx_word' id='word_1_618' title='bbox 2839 2974 2942 3028; x_wconf 92' lang='lat' dir='ltr'><strong><em>qua</em></strong></span> <span class='ocrx_word' id='word_1_619' title='bbox 2967 2959 3026 3013; x_wconf 85' lang='lat' dir='ltr'><strong><em>fit</em></strong></span> <span class='ocrx_word' id='word_1_620' title='bbox 3067 2969 3126 3015; x_wconf 90' lang='lat' dir='ltr'><strong><em>ut</em></strong></span> <span class='ocrx_word' id='word_1_621' title='bbox 3165 2963 3410 3020; x_wconf 88' lang='lat' dir='ltr'><strong><em>nesciant</em></strong></span> <span class='ocrx_word' id='word_1_622' title='bbox 3449 2963 3648 3020; x_wconf 83' lang='lat' dir='ltr'><strong><em>homines</em></strong></span> <span class='ocrx_word' id='word_1_623' title='bbox 3675 2981 3746 3036; x_wconf 82' lang='lat' dir='ltr'><strong><em>quae</em></strong></span> 
     </span>
    </p>
   </div>
   <div class='ocr_carea' id='block_1_82' title="bbox 2271 3046 3745 3126">
    <p class='ocr_par' dir='ltr' id='par_1_82' title="bbox 2271 3046 3745 3126">
     <span class='ocr_line' id='line_1_83' title="bbox 2271 3046 3745 3126; baseline 0.009 -26"><span class='ocrx_word' id='word_1_624' title='bbox 2271 3046 2408 3101; x_wconf 88' lang='lat' dir='ltr'><strong><em>scire</em></strong></span> <span class='ocrx_word' id='word_1_625' title='bbox 2446 3047 2742 3104; x_wconf 89' lang='lat' dir='ltr'><strong><em>debuerunt</em></strong></span> <span class='ocrx_word' id='word_1_626' title='bbox 2771 3066 2784 3101; x_wconf 92' lang='lat'>:</span> <span class='ocrx_word' id='word_1_627' title='bbox 2814 3051 2908 3106; x_wconf 90' lang='lat' dir='ltr'><strong><em>sed</em></strong></span> <span class='ocrx_word' id='word_1_628' title='bbox 2937 3053 3129 3108; x_wconf 89' lang='lat' dir='ltr'><strong><em>vellem</em></strong></span> <span class='ocrx_word' id='word_1_629' title='bbox 3173 3055 3382 3112; x_wconf 89' lang='lat' dir='ltr'><strong><em>diceres</em></strong></span> <span class='ocrx_word' id='word_1_630' title='bbox 3409 3057 3524 3126; x_wconf 88' lang='lat' dir='ltr'><strong><em>quid</em></strong></span> <span class='ocrx_word' id='word_1_631' title='bbox 3551 3073 3680 3113; x_wconf 69' lang='lat' dir='ltr'><strong><em>causa</em></strong></span> <span class='ocrx_word' id='word_1_632' title='bbox 3695 3061 3745 3124; x_wconf 86' lang='lat' dir='ltr'><strong><em>sit,</em></strong></span> 
     </span>
    </p>
   </div>
   <div class='ocr_carea' id='block_1_83' title="bbox 2270 3138 3746 3203">
    <p class='ocr_par' dir='ltr' id='par_1_83' title="bbox 2270 3138 3746 3203">
     <span class='ocr_line' id='line_1_84' title="bbox 2270 3138 3746 3203; baseline 0.008 -13"><span class='ocrx_word' id='word_1_633' title='bbox 2270 3146 2330 3191; x_wconf 88' lang='lat' dir='ltr'><strong><em>ut</em></strong></span> <span class='ocrx_word' id='word_1_634' title='bbox 2355 3138 2556 3193; x_wconf 87' lang='lat' dir='ltr'><strong><em>homini</em></strong></span> <span class='ocrx_word' id='word_1_635' title='bbox 2575 3148 2680 3194; x_wconf 87' lang='lat' dir='ltr'><strong><em>tam</em></strong></span> <span class='ocrx_word' id='word_1_636' title='bbox 2704 3141 2840 3196; x_wconf 90' lang='lat' dir='ltr'><strong><em>bene</em></strong></span> <span class='ocrx_word' id='word_1_637' title='bbox 2865 3143 3180 3200; x_wconf 84' lang='lat' dir='ltr'><strong><em>naturaliter</em></strong></span> <span class='ocrx_word' id='word_1_638' title='bbox 3211 3147 3445 3202; x_wconf 87' lang='lat' dir='ltr'><strong><em>instituto</em></strong></span> <span class='ocrx_word' id='word_1_639' title='bbox 3467 3147 3596 3203; x_wconf 86' lang='lat' dir='ltr'><strong><em>utilia</em></strong></span> <span class='ocrx_word' id='word_1_640' title='bbox 3618 3157 3746 3202; x_wconf 75' lang='lat' dir='ltr'><strong><em>natura</em></strong></span> 
     </span>
    </p>
   </div>
   <div class='ocr_carea' id='block_1_84' title="bbox 2269 3231 3746 3310">
    <p class='ocr_par' dir='ltr' id='par_1_84' title="bbox 2269 3231 3746 3310">
     <span class='ocr_line' id='line_1_85' title="bbox 2269 3231 3746 3310; baseline 0.009 -27"><span class='ocrx_word' id='word_1_641' title='bbox 2269 3237 2430 3299; x_wconf 90' lang='lat' dir='ltr'><strong><em>atque</em></strong></span> <span class='ocrx_word' id='word_1_642' title='bbox 2460 3231 2692 3286; x_wconf 88' lang='lat' dir='ltr'><strong><em>salubria</em></strong></span> <span class='ocrx_word' id='word_1_643' title='bbox 2723 3234 2792 3287; x_wconf 90' lang='lat' dir='ltr'><strong><em>sit</em></strong></span> <span class='ocrx_word' id='word_1_644' title='bbox 2819 3234 3298 3294; x_wconf 87' lang='lat' dir='ltr'><strong><em>laboriosissimum</em></strong></span> <span class='ocrx_word' id='word_1_645' title='bbox 3326 3238 3540 3307; x_wconf 86' lang='lat' dir='ltr'><strong><em>discere,</em></strong></span> <span class='ocrx_word' id='word_1_646' title='bbox 3573 3241 3746 3310; x_wconf 72' lang='lat' dir='ltr'><strong><em>atquein</em></strong></span> 
     </span>
    </p>
   </div>
   <div class='ocr_carea' id='block_1_85' title="bbox 2269 3321 3747 3402">
    <p class='ocr_par' dir='ltr' id='par_1_85' title="bbox 2269 3321 3747 3402">
     <span class='ocr_line' id='line_1_86' title="bbox 2269 3321 3747 3402; baseline 0.009 -27"><span class='ocrx_word' id='word_1_647' title='bbox 2269 3321 2506 3378; x_wconf 90' lang='lat' dir='ltr'><strong><em>laborem</em></strong></span> <span class='ocrx_word' id='word_1_648' title='bbox 2529 3323 2758 3394; x_wconf 83' lang='lat' dir='ltr'><strong><em>fugiens,</em></strong></span> <span class='ocrx_word' id='word_1_649' title='bbox 2784 3328 2835 3380; x_wconf 92' lang='lat' dir='ltr'><strong><em>in</em></strong></span> <span class='ocrx_word' id='word_1_650' title='bbox 2864 3329 3099 3384; x_wconf 89' lang='lat' dir='ltr'><strong><em>tenebris</em></strong></span> <span class='ocrx_word' id='word_1_651' title='bbox 3126 3331 3436 3402; x_wconf 57' lang='lat' dir='ltr'><strong><em>ignorantia}</em></strong></span> <span class='ocrx_word' id='word_1_652' title='bbox 3457 3334 3698 3389; x_wconf 83' lang='lat' dir='ltr'><strong><em>familiarius</em></strong></span> <span class='ocrx_word' id='word_1_653' title='bbox 3713 3335 3747 3388; x_wconf 86' lang='lat' dir='ltr'><strong><em>li-</em></strong></span> 
     </span>
    </p>
   </div>
   <div class='ocr_carea' id='block_1_86' title="bbox 2267 3411 3746 3495">
    <p class='ocr_par' dir='ltr' id='par_1_86' title="bbox 2267 3411 3746 3495">
     <span class='ocr_line' id='line_1_87' title="bbox 2267 3411 3746 3495; baseline 0.006 -27"><span class='ocrx_word' id='word_1_654' title='bbox 2267 3413 2588 3484; x_wconf 89' lang='lat' dir='ltr'><strong><em>bentiusque</em></strong></span> <span class='ocrx_word' id='word_1_655' title='bbox 2613 3417 2933 3487; x_wconf 89' lang='lat' dir='ltr'><strong><em>requiescat.</em></strong></span> <span class='ocrx_word' id='word_1_656' title='bbox 2971 3411 3178 3492; x_wconf 80' lang='lat' dir='ltr'><strong><em>Nempe</em></strong></span> <span class='ocrx_word' id='word_1_657' title='bbox 3209 3431 3352 3480; x_wconf 88' lang='lat' dir='ltr'><strong><em>tanta</em></strong></span> <span class='ocrx_word' id='word_1_658' title='bbox 3395 3427 3567 3480; x_wconf 86' lang='lat' dir='ltr'><strong><em>raritas</em></strong></span> <span class='ocrx_word' id='word_1_659' title='bbox 3589 3426 3746 3495; x_wconf 74' lang='lat' dir='ltr'><strong><em>ingenia-</em></strong></span> 
     </span>
    </p>
   </div>
   <div class='ocr_carea' id='block_1_87' title="bbox 2268 3506 3746 3582">
    <p class='ocr_par' dir='ltr' id='par_1_87' title="bbox 2268 3506 3746 3582">
     <span class='ocr_line' id='line_1_88' title="bbox 2268 3506 3746 3582; baseline 0.007 -24"><span class='ocrx_word' id='word_1_660' title='bbox 2268 3517 2452 3558; x_wconf 89' lang='lat' dir='ltr'><strong><em>sorum</em></strong></span> <span class='ocrx_word' id='word_1_661' title='bbox 2495 3513 2548 3560; x_wconf 92' lang='lat' dir='ltr'><strong><em>et</em></strong></span> <span class='ocrx_word' id='word_1_662' title='bbox 2581 3506 2963 3574; x_wconf 85' lang='lat' dir='ltr'><strong><em>studiosorum,</em></strong></span> <span class='ocrx_word' id='word_1_663' title='bbox 2994 3527 3088 3580; x_wconf 88' lang='lat' dir='ltr'><strong><em>per</em></strong></span> <span class='ocrx_word' id='word_1_664' title='bbox 3131 3528 3255 3582; x_wconf 84' lang='lat' dir='ltr'><strong><em>quae</em></strong></span> <span class='ocrx_word' id='word_1_665' title='bbox 3280 3513 3386 3568; x_wconf 89' lang='lat' dir='ltr'><strong><em>duo</em></strong></span> <span class='ocrx_word' id='word_1_666' title='bbox 3409 3515 3472 3569; x_wconf 86' lang='lat' dir='ltr'><strong><em>ad</em></strong></span> <span class='ocrx_word' id='word_1_667' title='bbox 3497 3515 3746 3569; x_wconf 79' lang='lat' dir='ltr'><strong><em>humanam</em></strong></span> 
     </span>
    </p>
   </div>
   <div class='ocr_carea' id='block_1_88' title="bbox 2267 3594 3747 3674">
    <p class='ocr_par' dir='ltr' id='par_1_88' title="bbox 2267 3594 3747 3674">
     <span class='ocr_line' id='line_1_89' title="bbox 2267 3594 3747 3674; baseline 0.006 -25"><span class='ocrx_word' id='word_1_668' title='bbox 2267 3594 2674 3668; x_wconf 88' lang='lat' dir='ltr'><strong><em>divinarumque</em></strong></span> <span class='ocrx_word' id='word_1_669' title='bbox 2726 3614 2905 3654; x_wconf 92' lang='lat' dir='ltr'><strong><em>rerum</em></strong></span> <span class='ocrx_word' id='word_1_670' title='bbox 2937 3602 3218 3658; x_wconf 87' lang='lat' dir='ltr'><strong><em>scientiam</em></strong></span> <span class='ocrx_word' id='word_1_671' title='bbox 3247 3607 3556 3674; x_wconf 87' lang='lat' dir='ltr'><strong><em>pervenitur,</em></strong></span> <span class='ocrx_word' id='word_1_672' title='bbox 3583 3614 3628 3660; x_wconf 88' lang='lat' dir='ltr'><strong><em>et</em></strong></span> <span class='ocrx_word' id='word_1_673' title='bbox 3661 3615 3747 3658; x_wconf 76' lang='lat' dir='ltr'><strong><em>tanta</em></strong></span> 
     </span>
    </p>
   </div>
   <div class='ocr_carea' id='block_1_89' title="bbox 2267 3687 3746 3766">
    <p class='ocr_par' dir='ltr' id='par_1_89' title="bbox 2267 3687 3746 3766">
     <span class='ocr_line' id='line_1_90' title="bbox 2267 3687 3746 3766; baseline 0.007 -26"><span class='ocrx_word' id='word_1_674' title='bbox 2267 3687 2552 3744; x_wconf 91' lang='lat' dir='ltr'><strong><em>multitudo</em></strong></span> <span class='ocrx_word' id='word_1_675' title='bbox 2581 3690 2854 3746; x_wconf 88' lang='lat' dir='ltr'><strong><em>tardorum</em></strong></span> <span class='ocrx_word' id='word_1_676' title='bbox 2881 3701 2938 3748; x_wconf 90' lang='lat' dir='ltr'><strong><em>et</em></strong></span> <span class='ocrx_word' id='word_1_677' title='bbox 2961 3693 3379 3766; x_wconf 88' lang='lat' dir='ltr'><strong><em>desidiosorum,</em></strong></span> <span class='ocrx_word' id='word_1_678' title='bbox 3413 3699 3530 3753; x_wconf 90' lang='lat' dir='ltr'><strong><em>satis</em></strong></span> <span class='ocrx_word' id='word_1_679' title='bbox 3555 3697 3746 3753; x_wconf 71' lang='lat' dir='ltr'><strong><em>indimtin</em></strong></span> 
     </span>
    </p>
   </div>
   <div class='ocr_carea' id='block_1_90' title="bbox 2265 3787 3746 3860">
    <p class='ocr_par' dir='ltr' id='par_1_90' title="bbox 2265 3787 3746 3860">
     <span class='ocr_line' id='line_1_91' title="bbox 2265 3787 3746 3860; baseline 0.006 -28"><span class='ocrx_word' id='word_1_680' title='bbox 2265 3793 2423 3848; x_wconf 87' lang='lat' dir='ltr'><strong><em>quam</em></strong></span> <span class='ocrx_word' id='word_1_681' title='bbox 2454 3787 2658 3849; x_wconf 85' lang='lat' dir='ltr'><strong><em>partem</em></strong></span> <span class='ocrx_word' id='word_1_682' title='bbox 2686 3797 2782 3836; x_wconf 91' lang='lat' dir='ltr'><strong><em>suo</em></strong></span> <span class='ocrx_word' id='word_1_683' title='bbox 2813 3791 3060 3854; x_wconf 86' lang='lat' dir='ltr'><strong><em>tanquam</em></strong></span> <span class='ocrx_word' id='word_1_684' title='bbox 3109 3788 3348 3856; x_wconf 90' lang='lat' dir='ltr'><strong><em>pondere</em></strong></span> <span class='ocrx_word' id='word_1_685' title='bbox 3375 3789 3557 3846; x_wconf 79' lang='lat' dir='ltr'><strong><em>feratur</em></strong></span> <span class='ocrx_word' id='word_1_686' title='bbox 3579 3789 3664 3860; x_wconf 85' lang='lat' dir='ltr'><strong><em>ipsa</em></strong></span> <span class='ocrx_word' id='word_1_687' title='bbox 3685 3803 3746 3842; x_wconf 81' lang='lat' dir='ltr'><strong><em>na-</em></strong></span> 
     </span>
    </p>
   </div>
   <div class='ocr_carea' id='block_1_91' title="bbox 2267 3875 3746 3953">
    <p class='ocr_par' dir='ltr' id='par_1_91' title="bbox 2267 3875 3746 3953">
     <span class='ocr_line' id='line_1_92' title="bbox 2267 3875 3746 3953; baseline 0.007 -30"><span class='ocrx_word' id='word_1_688' title='bbox 2267 3876 2404 3934; x_wconf 89' lang='lat' dir='ltr'><strong><em>tura,</em></strong></span> <span class='ocrx_word' id='word_1_689' title='bbox 2436 3886 2593 3940; x_wconf 90' lang='lat' dir='ltr'><strong><em>quam</em></strong></span> <span class='ocrx_word' id='word_1_690' title='bbox 2637 3875 2840 3943; x_wconf 78' lang='lat' dir='ltr'><strong><em>negatis</em></strong></span> <span class='ocrx_word' id='word_1_691' title='bbox 2889 3892 3010 3933; x_wconf 88' lang='lat' dir='ltr'><strong><em>esse</em></strong></span> <span class='ocrx_word' id='word_1_692' title='bbox 3036 3879 3302 3936; x_wconf 84' lang='lat' dir='ltr'><strong><em>vitiatam.</em></strong></span> <span class='ocrx_word' id='word_1_693' title='bbox 3349 3881 3520 3953; x_wconf 88' lang='lat' dir='ltr'><strong><em>Neque</em></strong></span> <span class='ocrx_word' id='word_1_694' title='bbox 3541 3881 3746 3938; x_wconf 86' lang='lat' dir='ltr'><strong><em>secundum</em></strong></span> 
     </span>
    </p>
   </div>
   <div class='ocr_carea' id='block_1_92' title="bbox 2265 3959 3744 4042">
    <p class='ocr_par' dir='ltr' id='par_1_92' title="bbox 2265 3959 3744 4042">
     <span class='ocr_line' id='line_1_93' title="bbox 2265 3959 3744 4042; baseline 0.008 -29"><span class='ocrx_word' id='word_1_695' title='bbox 2265 3959 2612 4018; x_wconf 89' lang='lat' dir='ltr'><strong><em>christianam</em></strong></span> <span class='ocrx_word' id='word_1_696' title='bbox 2647 3965 2891 4036; x_wconf 84' lang='lat' dir='ltr'><strong><em>cogitatis</em></strong></span> <span class='ocrx_word' id='word_1_697' title='bbox 2921 3967 3104 4038; x_wconf 90' lang='lat' dir='ltr'><strong><em>fidem,</em></strong></span> <span class='ocrx_word' id='word_1_698' title='bbox 3153 3971 3331 4042; x_wconf 88' lang='lat' dir='ltr'><strong><em>qualis</em></strong></span> <span class='ocrx_word' id='word_1_699' title='bbox 3358 3974 3423 4030; x_wconf 89' lang='lat' dir='ltr'><strong><em>sit</em></strong></span> <span class='ocrx_word' id='word_1_700' title='bbox 3447 3977 3596 4030; x_wconf 88' lang='lat' dir='ltr'><strong><em>l&#39;actus</em></strong></span> <span class='ocrx_word' id='word_1_701' title='bbox 3621 3973 3744 4037; x_wconf 82' lang='lat' dir='ltr'><strong><em>Adam,</em></strong></span> 
     </span>
    </p>
   </div>
   <div class='ocr_carea' id='block_1_93' title="bbox 2264 4051 3745 4126">
    <p class='ocr_par' dir='ltr' id='par_1_93' title="bbox 2264 4051 3745 4126">
     <span class='ocr_line' id='line_1_94' title="bbox 2264 4051 3745 4126; baseline 0.009 -23"><span class='ocrx_word' id='word_1_702' title='bbox 2264 4051 2354 4120; x_wconf 91' lang='lat' dir='ltr'><strong><em>qui</em></strong></span> <span class='ocrx_word' id='word_1_703' title='bbox 2383 4053 2642 4110; x_wconf 84' lang='lat' dir='ltr'><strong><em>universis</em></strong></span> <span class='ocrx_word' id='word_1_704' title='bbox 2679 4059 2968 4126; x_wconf 74' lang='lat' dir='ltr'><strong><em>generibus</em></strong></span> <span class='ocrx_word' id='word_1_705' title='bbox 3011 4062 3314 4120; x_wconf 77' lang='lat' dir='ltr'><strong><em>animarum</em></strong></span> <span class='ocrx_word' id='word_1_706' title='bbox 3357 4065 3570 4122; x_wconf 87' lang='lat' dir='ltr'><strong><em>vivarum</em></strong></span> <span class='ocrx_word' id='word_1_707' title='bbox 3604 4066 3745 4120; x_wconf 82' lang='lat' dir='ltr'><strong><em>nomina</em></strong></span> 
     </span>
    </p>
   </div>
   <div class='ocr_carea' id='block_1_94' title="bbox 2264 4143 3746 4224">
    <p class='ocr_par' dir='ltr' id='par_1_94' title="bbox 2264 4143 3746 4224">
     <span class='ocr_line' id='line_1_95' title="bbox 2264 4143 3746 4224; baseline 0.009 -28"><span class='ocrx_word' id='word_1_708' title='bbox 2264 4143 2518 4212; x_wconf 91' lang='lat' dir='ltr'><strong><em>imposuit</em></strong></span> <span class='ocrx_word' id='word_1_709' title='bbox 2563 4145 2714 4218; x_wconf 84' lang='lat' dir='ltr'><strong><em>(Gen.</em></strong></span> <span class='ocrx_word' id='word_1_710' title='bbox 2745 4165 2801 4214; x_wconf 80' lang='grc' dir='ltr'>ιι,</span> <span class='ocrx_word' id='word_1_711' title='bbox 2855 4150 2946 4222; x_wconf 81' lang='grc'><strong><em>19)</em></strong></span> <span class='ocrx_word' id='word_1_712' title='bbox 2977 4170 2990 4206; x_wconf 93' lang='lat'>:</span> <span class='ocrx_word' id='word_1_713' title='bbox 3019 4154 3162 4224; x_wconf 93' lang='lat' dir='ltr'><strong><em>quod</em></strong></span> <span class='ocrx_word' id='word_1_714' title='bbox 3192 4157 3620 4214; x_wconf 69' lang='lat' dir='ltr'><strong><em>excellentissiman</em></strong></span> <span class='ocrx_word' id='word_1_715' title='bbox 3641 4155 3746 4210; x_wconf 80' lang='lat' dir='ltr'><strong><em>fuisse</em></strong></span> 
     </span>
    </p>
   </div>
   <div class='ocr_carea' id='block_1_95' title="bbox 2263 4233 3748 4308">
    <p class='ocr_par' dir='ltr' id='par_1_95' title="bbox 2263 4233 3748 4308">
     <span class='ocr_line' id='line_1_96' title="bbox 2263 4233 3748 4308; baseline 0.008 -21"><span class='ocrx_word' id='word_1_716' title='bbox 2263 4233 2516 4290; x_wconf 90' lang='lat' dir='ltr'><strong><em>indicium</em></strong></span> <span class='ocrx_word' id='word_1_717' title='bbox 2547 4238 2835 4308; x_wconf 75' lang='lat' dir='ltr'><strong><em>sapientiae,</em></strong></span> <span class='ocrx_word' id='word_1_718' title='bbox 2867 4242 2918 4296; x_wconf 94' lang='lat' dir='ltr'><strong><em>in</em></strong></span> <span class='ocrx_word' id='word_1_719' title='bbox 2965 4245 3315 4304; x_wconf 78' lang='lat' dir='ltr'><strong><em>saecularibus</em></strong></span> <span class='ocrx_word' id='word_1_720' title='bbox 3341 4249 3492 4304; x_wconf 89' lang='lat' dir='ltr'><strong><em>etiam</em></strong></span> <span class='ocrx_word' id='word_1_721' title='bbox 3519 4247 3668 4304; x_wconf 83' lang='lat' dir='ltr'><strong><em>litteris</em></strong></span> <span class='ocrx_word' id='word_1_722' title='bbox 3701 4245 3748 4299; x_wconf 80' lang='lat' dir='ltr'><strong><em>le-</em></strong></span> 
     </span>
    </p>
   </div>
   <div class='ocr_carea' id='block_1_96' title="bbox 2261 4324 3746 4410">
    <p class='ocr_par' dir='ltr' id='par_1_96' title="bbox 2261 4324 3746 4410">
     <span class='ocr_line' id='line_1_97' title="bbox 2261 4324 3746 4410; baseline 0.009 -33"><span class='ocrx_word' id='word_1_723' title='bbox 2261 4324 2453 4394; x_wconf 88' lang='lat' dir='ltr'><strong><em>gimus.</em></strong></span> <span class='ocrx_word' id='word_1_724' title='bbox 2491 4327 2621 4382; x_wconf 89' lang='lat' dir='ltr'><strong><em>Nam</em></strong></span> <span class='ocrx_word' id='word_1_725' title='bbox 2655 4329 2768 4398; x_wconf 90' lang='lat' dir='ltr'><strong><em>ipse</em></strong></span> <span class='ocrx_word' id='word_1_726' title='bbox 2801 4332 3149 4405; x_wconf 84' lang='lat' dir='ltr'><strong><em>Pythagoras,</em></strong></span> <span class='ocrx_word' id='word_1_727' title='bbox 3177 4352 3208 4392; x_wconf 91' lang='lat' dir='ltr'><strong><em>a</em></strong></span> <span class='ocrx_word' id='word_1_728' title='bbox 3233 4353 3339 4408; x_wconf 91' lang='lat' dir='ltr'><strong><em>quo</em></strong></span> <span class='ocrx_word' id='word_1_729' title='bbox 3361 4338 3662 4410; x_wconf 80' lang='lat' dir='ltr'><strong><em>phiIOSOphiae</em></strong></span> <span class='ocrx_word' id='word_1_730' title='bbox 3685 4348 3746 4390; x_wconf 61' lang='lat' dir='ltr'><strong><em>ne</em></strong></span> 
     </span>
    </p>
   </div>
   <div class='ocr_carea' id='block_1_97' title="bbox 2261 4425 3744 4498">
    <p class='ocr_par' dir='ltr' id='par_1_97' title="bbox 2261 4425 3744 4498">
     <span class='ocr_line' id='line_1_98' title="bbox 2261 4425 3744 4498; baseline 0.007 -27"><span class='ocrx_word' id='word_1_731' title='bbox 2261 4433 2384 4473; x_wconf 90' lang='lat' dir='ltr'><strong><em>men</em></strong></span> <span class='ocrx_word' id='word_1_732' title='bbox 2429 4427 2672 4476; x_wconf 84' lang='lat' dir='ltr'><strong><em>exortum</em></strong></span> <span class='ocrx_word' id='word_1_733' title='bbox 2701 4431 2812 4486; x_wconf 90' lang='lat' dir='ltr'><strong><em>est,</em></strong></span> <span class='ocrx_word' id='word_1_734' title='bbox 2845 4425 3046 4482; x_wconf 80' lang='lat' dir='ltr'><strong><em>dixisse</em></strong></span> <span class='ocrx_word' id='word_1_735' title='bbox 3083 4426 3256 4484; x_wconf 82' lang='lat' dir='ltr'><strong><em>fertur</em></strong></span> <span class='ocrx_word' id='word_1_736' title='bbox 3279 4471 3295 4498; x_wconf 92' lang='lat'><strong><em>,</em></strong></span> <span class='ocrx_word' id='word_1_737' title='bbox 3345 4431 3486 4488; x_wconf 91' lang='lat' dir='ltr'><strong><em>illum</em></strong></span> <span class='ocrx_word' id='word_1_738' title='bbox 3511 4431 3646 4486; x_wconf 88' lang='lat' dir='ltr'><strong><em>fuisse</em></strong></span> <span class='ocrx_word' id='word_1_739' title='bbox 3676 4441 3744 4482; x_wconf 80' lang='lat' dir='ltr'><strong><em>ou-</em></strong></span> 
     </span>
    </p>
   </div>
   <div class='ocr_carea' id='block_1_98' title="bbox 2261 4507 3746 4593">
    <p class='ocr_par' dir='ltr' id='par_1_98' title="bbox 2261 4507 3746 4593">
     <span class='ocr_line' id='line_1_99' title="bbox 2261 4507 3746 4593; baseline 0.007 -31"><span class='ocrx_word' id='word_1_740' title='bbox 2261 4507 2408 4563; x_wconf 92' lang='lat' dir='ltr'><strong><em>nium</em></strong></span> <span class='ocrx_word' id='word_1_741' title='bbox 2437 4512 2908 4581; x_wconf 88' lang='lat' dir='ltr'><strong><em>sapientissimum,</em></strong></span> <span class='ocrx_word' id='word_1_742' title='bbox 2925 4518 3016 4588; x_wconf 91' lang='lat' dir='ltr'><strong><em>qui</em></strong></span> <span class='ocrx_word' id='word_1_743' title='bbox 3041 4521 3297 4576; x_wconf 89' lang='lat' dir='ltr'><strong><em>vocabula</em></strong></span> <span class='ocrx_word' id='word_1_744' title='bbox 3323 4523 3512 4593; x_wconf 89' lang='lat' dir='ltr'><strong><em>primus</em></strong></span> <span class='ocrx_word' id='word_1_745' title='bbox 3537 4519 3746 4577; x_wconf 82' lang='lat' dir='ltr'><strong><em>indiditre-</em></strong></span> 
     </span>
    </p>
   </div>
   <div class='ocr_carea' id='block_1_99' title="bbox 2261 4599 3740 4670">
    <p class='ocr_par' dir='ltr' id='par_1_99' title="bbox 2261 4599 3740 4670">
     <span class='ocr_line' id='line_1_100' title="bbox 2261 4599 3740 4670; baseline 0.011 -16"><span class='ocrx_word' id='word_1_746' title='bbox 2261 4599 2378 4654; x_wconf 90' lang='lat' dir='ltr'><strong><em>bus.</em></strong></span> <span class='ocrx_word' id='word_1_747' title='bbox 2417 4602 2613 4658; x_wconf 81' lang='lat' dir='ltr'><strong><em>Verum</em></strong></span> <span class='ocrx_word' id='word_1_748' title='bbox 2665 4607 2763 4660; x_wconf 89' lang='lat' dir='ltr'><strong><em>etsi</em></strong></span> <span class='ocrx_word' id='word_1_749' title='bbox 2807 4608 2936 4662; x_wconf 86' lang='lat' dir='ltr'><strong><em>nihil</em></strong></span> <span class='ocrx_word' id='word_1_750' title='bbox 2980 4610 3084 4665; x_wconf 86' lang='lat' dir='ltr'><strong><em>tale</em></strong></span> <span class='ocrx_word' id='word_1_751' title='bbox 3125 4611 3194 4668; x_wconf 90' lang='lat' dir='ltr'><strong><em>de</em></strong></span> <span class='ocrx_word' id='word_1_752' title='bbox 3237 4613 3404 4670; x_wconf 87' lang='lat' dir='ltr'><strong><em>Adam</em></strong></span> <span class='ocrx_word' id='word_1_753' title='bbox 3444 4614 3740 4670; x_wconf 71' lang='lat' dir='ltr'><strong><em>didicissem.</em></strong></span> 
     </span>
    </p>
   </div>
   <div class='ocr_carea' id='block_1_100' title="bbox 2260 4699 3742 4776">
    <p class='ocr_par' dir='ltr' id='par_1_100' title="bbox 2260 4699 3742 4776">
     <span class='ocr_line' id='line_1_101' title="bbox 2260 4699 3742 4776; baseline 0.011 -30"><span class='ocrx_word' id='word_1_754' title='bbox 2260 4702 2501 4748; x_wconf 89' lang='lat' dir='ltr'><strong><em>nostrum</em></strong></span> <span class='ocrx_word' id='word_1_755' title='bbox 2541 4705 2656 4750; x_wconf 88' lang='lat' dir='ltr'><strong><em>erat</em></strong></span> <span class='ocrx_word' id='word_1_756' title='bbox 2695 4699 2874 4768; x_wconf 89' lang='lat' dir='ltr'><strong><em>utique</em></strong></span> <span class='ocrx_word' id='word_1_757' title='bbox 2897 4715 3022 4755; x_wconf 87' lang='lat' dir='ltr'><strong><em>vera</em></strong></span> <span class='ocrx_word' id='word_1_758' title='bbox 3053 4703 3262 4758; x_wconf 89' lang='lat' dir='ltr'><strong><em>ratione</em></strong></span> <span class='ocrx_word' id='word_1_759' title='bbox 3285 4705 3552 4776; x_wconf 59' lang='lat' dir='ltr'><strong><em>conjicere,</em></strong></span> <span class='ocrx_word' id='word_1_760' title='bbox 3575 4701 3742 4776; x_wconf 76' lang='lat' dir='ltr'><strong><em>qualisin</em></strong></span> 
     </span>
    </p>
   </div>
   <div class='ocr_carea' id='block_1_101' title="bbox 2258 4785 3741 4870">
    <p class='ocr_par' dir='ltr' id='par_1_101' title="bbox 2258 4785 3741 4870">
     <span class='ocr_line' id='line_1_102' title="bbox 2258 4785 3741 4870; baseline 0.004 -30"><span class='ocrx_word' id='word_1_761' title='bbox 2258 4785 2349 4840; x_wconf 91' lang='lat' dir='ltr'><strong><em>illo</em></strong></span> <span class='ocrx_word' id='word_1_762' title='bbox 2375 4787 2591 4844; x_wconf 90' lang='lat' dir='ltr'><strong><em>homine</em></strong></span> <span class='ocrx_word' id='word_1_763' title='bbox 2631 4799 2820 4846; x_wconf 88' lang='lat' dir='ltr'><strong><em>natura</em></strong></span> <span class='ocrx_word' id='word_1_764' title='bbox 2847 4794 2918 4847; x_wconf 91' lang='lat' dir='ltr'><strong><em>sit</em></strong></span> <span class='ocrx_word' id='word_1_765' title='bbox 2935 4795 3169 4863; x_wconf 87' lang='lat' dir='ltr'><strong><em>condita,</em></strong></span> <span class='ocrx_word' id='word_1_766' title='bbox 3198 4799 3253 4853; x_wconf 89' lang='lat' dir='ltr'><strong><em>in</em></strong></span> <span class='ocrx_word' id='word_1_767' title='bbox 3276 4814 3380 4870; x_wconf 91' lang='lat' dir='ltr'><strong><em>quo</em></strong></span> <span class='ocrx_word' id='word_1_768' title='bbox 3407 4797 3574 4856; x_wconf 86' lang='lat' dir='ltr'><strong><em>vitium</em></strong></span> <span class='ocrx_word' id='word_1_769' title='bbox 3593 4796 3741 4854; x_wconf 78' lang='lat' dir='ltr'><strong><em>omnino</em></strong></span> 
     </span>
    </p>
   </div>
   <div class='ocr_carea' id='block_1_102' title="bbox 2256 4879 3741 4960">
    <p class='ocr_par' dir='ltr' id='par_1_102' title="bbox 2256 4879 3741 4960">
     <span class='ocr_line' id='line_1_103' title="bbox 2256 4879 3741 4960; baseline 0.013 -30"><span class='ocrx_word' id='word_1_770' title='bbox 2256 4879 2459 4932; x_wconf 88' lang='lat' dir='ltr'><strong><em>nullum</em></strong></span> <span class='ocrx_word' id='word_1_771' title='bbox 2491 4879 2607 4934; x_wconf 90' lang='lat' dir='ltr'><strong><em>fuit.</em></strong></span> <span class='ocrx_word' id='word_1_772' title='bbox 2627 4881 2755 4950; x_wconf 89' lang='lat' dir='ltr'><strong><em>Quis</em></strong></span> <span class='ocrx_word' id='word_1_773' title='bbox 2781 4893 2956 4940; x_wconf 85' lang='lat' dir='ltr'><strong><em>autem</em></strong></span> <span class='ocrx_word' id='word_1_774' title='bbox 2977 4903 3146 4959; x_wconf 90' lang='lat' dir='ltr'><strong><em>usque</em></strong></span> <span class='ocrx_word' id='word_1_775' title='bbox 3168 4891 3300 4947; x_wconf 88' lang='lat' dir='ltr'><strong><em>adeo</em></strong></span> <span class='ocrx_word' id='word_1_776' title='bbox 3323 4893 3392 4947; x_wconf 92' lang='lat' dir='ltr'><strong><em>sit</em></strong></span> <span class='ocrx_word' id='word_1_777' title='bbox 3409 4893 3571 4948; x_wconf 90' lang='lat' dir='ltr'><strong><em>tardus</em></strong></span> <span class='ocrx_word' id='word_1_778' title='bbox 3582 4888 3741 4960; x_wconf 73' lang='lat' dir='ltr'><strong><em>ingenio.</em></strong></span> 
     </span>
    </p>
   </div>
   <div class='ocr_carea' id='block_1_103' title="bbox 2257 4971 3770 5054">
    <p class='ocr_par' dir='ltr' id='par_1_103' title="bbox 2257 4971 3770 5054">
     <span class='ocr_line' id='line_1_104' title="bbox 2257 4971 3770 5054; baseline 0.01 -31"><span class='ocrx_word' id='word_1_779' title='bbox 2257 4977 2316 5024; x_wconf 88' lang='lat' dir='ltr'><strong><em>ut</em></strong></span> <span class='ocrx_word' id='word_1_780' title='bbox 2334 4971 2398 5025; x_wconf 89' lang='lat' dir='ltr'><strong><em>ad</em></strong></span> <span class='ocrx_word' id='word_1_781' title='bbox 2429 4984 2672 5028; x_wconf 85' lang='lat' dir='ltr'><strong><em>naturam</em></strong></span> <span class='ocrx_word' id='word_1_782' title='bbox 2702 4987 2857 5046; x_wconf 78' lang='lat' dir='ltr'><strong><em>neget</em></strong></span> <span class='ocrx_word' id='word_1_783' title='bbox 2881 4979 3107 5036; x_wconf 89' lang='lat' dir='ltr'><strong><em>obtunsa</em></strong></span> <span class='ocrx_word' id='word_1_784' title='bbox 3129 4983 3214 5038; x_wconf 90' lang='lat' dir='ltr'><strong><em>vel</em></strong></span> <span class='ocrx_word' id='word_1_785' title='bbox 3252 4993 3400 5040; x_wconf 90' lang='lat' dir='ltr'><strong><em>acuta</em></strong></span> <span class='ocrx_word' id='word_1_786' title='bbox 3427 4983 3606 5054; x_wconf 84' lang='lat' dir='ltr'><strong><em>ingenia</em></strong></span> <span class='ocrx_word' id='word_1_787' title='bbox 3629 4979 3770 5051; x_wconf 53' lang='lat' dir='ltr'><strong><em>perun</em></strong></span> 
     </span>
    </p>
   </div>
   <div class='ocr_carea' id='block_1_104' title="bbox 2255 5066 3740 5132">
    <p class='ocr_par' dir='ltr' id='par_1_104' title="bbox 2255 5066 3740 5132">
     <span class='ocr_line' id='line_1_105' title="bbox 2255 5066 3740 5132; baseline 0.005 -16"><span class='ocrx_word' id='word_1_788' title='bbox 2255 5077 2406 5128; x_wconf 87' lang='lat' dir='ltr'><strong><em>nere,</em></strong></span> <span class='ocrx_word' id='word_1_789' title='bbox 2439 5073 2529 5118; x_wconf 90' lang='lat' dir='ltr'><strong><em>aut</em></strong></span> <span class='ocrx_word' id='word_1_790' title='bbox 2549 5066 2816 5124; x_wconf 80' lang='lat' dir='ltr'><strong><em>existimet</em></strong></span> <span class='ocrx_word' id='word_1_791' title='bbox 2837 5085 2942 5126; x_wconf 92' lang='lat' dir='ltr'><strong><em>non</em></strong></span> <span class='ocrx_word' id='word_1_792' title='bbox 2965 5086 3086 5128; x_wconf 90' lang='lat' dir='ltr'><strong><em>esse</em></strong></span> <span class='ocrx_word' id='word_1_793' title='bbox 3109 5075 3272 5130; x_wconf 89' lang='lat' dir='ltr'><strong><em>animi</em></strong></span> <span class='ocrx_word' id='word_1_794' title='bbox 3297 5077 3417 5132; x_wconf 86' lang='lat' dir='ltr'><strong><em>vitia</em></strong></span> <span class='ocrx_word' id='word_1_795' title='bbox 3441 5077 3516 5132; x_wconf 88' lang='lat' dir='ltr'><strong><em>vel</em></strong></span> <span class='ocrx_word' id='word_1_796' title='bbox 3545 5072 3740 5130; x_wconf 72' lang='lat' dir='ltr'><strong><em>memoria:</em></strong></span> 
     </span>
    </p>
   </div>
   <div class='ocr_carea' id='block_1_105' title="bbox 2253 5153 3739 5237">
    <p class='ocr_par' dir='ltr' id='par_1_105' title="bbox 2253 5153 3739 5237">
     <span class='ocr_line' id='line_1_106' title="bbox 2253 5153 3739 5237; baseline 0.005 -31"><span class='ocrx_word' id='word_1_797' title='bbox 2253 5153 2338 5207; x_wconf 83' lang='lat' dir='ltr'><strong><em>vel</em></strong></span> <span class='ocrx_word' id='word_1_798' title='bbox 2370 5153 2729 5226; x_wconf 64' lang='lat' dir='ltr'><strong><em>intelligentiae</em></strong></span> <span class='ocrx_word' id='word_1_799' title='bbox 2751 5160 3088 5218; x_wconf 80' lang='lat' dir='ltr'><strong><em>tarditatem?</em></strong></span> <span class='ocrx_word' id='word_1_800' title='bbox 3125 5165 3191 5220; x_wconf 87' lang='lat' dir='ltr'><strong><em>Et</em></strong></span> <span class='ocrx_word' id='word_1_801' title='bbox 3219 5164 3336 5237; x_wconf 88' lang='lat' dir='ltr'><strong><em>quis</em></strong></span> <span class='ocrx_word' id='word_1_802' title='bbox 3361 5167 3550 5223; x_wconf 85' lang='lat' dir='ltr'><strong><em>dubitet</em></strong></span> <span class='ocrx_word' id='word_1_803' title='bbox 3567 5165 3739 5222; x_wconf 79' lang='lat' dir='ltr'><strong><em>christia-</em></strong></span> 
     </span>
    </p>
   </div>
   <div class='ocr_carea' id='block_1_106' title="bbox 2254 5249 3738 5322">
    <p class='ocr_par' dir='ltr' id='par_1_106' title="bbox 2254 5249 3738 5322">
     <span class='ocr_line' id='line_1_107' title="bbox 2254 5249 3738 5322; baseline 0.009 -24"><span class='ocrx_word' id='word_1_804' title='bbox 2254 5259 2375 5312; x_wconf 92' lang='lat' dir='ltr'><strong><em>nus,</em></strong></span> <span class='ocrx_word' id='word_1_805' title='bbox 2407 5260 2502 5300; x_wconf 91' lang='lat' dir='ltr'><strong><em>eos</em></strong></span> <span class='ocrx_word' id='word_1_806' title='bbox 2547 5249 2636 5316; x_wconf 92' lang='lat' dir='ltr'><strong><em>qui</em></strong></span> <span class='ocrx_word' id='word_1_807' title='bbox 2690 5249 2742 5304; x_wconf 92' lang='lat' dir='ltr'><strong><em>in</em></strong></span> <span class='ocrx_word' id='word_1_808' title='bbox 2779 5249 2880 5306; x_wconf 91' lang='lat' dir='ltr'><strong><em>hoc</em></strong></span> <span class='ocrx_word' id='word_1_809' title='bbox 2937 5256 3136 5310; x_wconf 86' lang='lat' dir='ltr'><strong><em>saeculo</em></strong></span> <span class='ocrx_word' id='word_1_810' title='bbox 3177 5259 3442 5316; x_wconf 90' lang='lat' dir='ltr'><strong><em>erroribus</em></strong></span> <span class='ocrx_word' id='word_1_811' title='bbox 3467 5257 3738 5322; x_wconf 66' lang='lat' dir='ltr'><strong><em>mrumnisque</em></strong></span> 
     </span>
    </p>
   </div>
   <div class='ocr_carea' id='block_1_107' title="bbox 2252 5337 3734 5426">
    <p class='ocr_par' dir='ltr' id='par_1_107' title="bbox 2252 5337 3734 5426">
     <span class='ocr_line' id='line_1_108' title="bbox 2252 5337 3734 5426; baseline 0.012 -36"><span class='ocrx_word' id='word_1_812' title='bbox 2252 5337 2596 5407; x_wconf 88' lang='lat' dir='ltr'><strong><em>plenissimo,</em></strong></span> <span class='ocrx_word' id='word_1_813' title='bbox 2627 5342 3042 5412; x_wconf 85' lang='lat' dir='ltr'><strong><em>ingeniosissimi</em></strong></span> <span class='ocrx_word' id='word_1_814' title='bbox 3079 5363 3362 5422; x_wconf 88' lang='lat' dir='ltr'><strong><em>apparent,</em></strong></span> <span class='ocrx_word' id='word_1_815' title='bbox 3393 5369 3591 5426; x_wconf 90' lang='lat' dir='ltr'><strong><em>quorum</em></strong></span> <span class='ocrx_word' id='word_1_816' title='bbox 3616 5362 3734 5404; x_wconf 77' lang='lat' dir='ltr'><strong><em>tamen</em></strong></span> 
     </span>
    </p>
   </div>
   <div class='ocr_carea' id='block_1_108' title="bbox 2253 5433 3734 5512">
    <p class='ocr_par' dir='ltr' id='par_1_108' title="bbox 2253 5433 3734 5512">
     <span class='ocr_line' id='line_1_109' title="bbox 2253 5433 3734 5512; baseline 0.007 -30"><span class='ocrx_word' id='word_1_817' title='bbox 2253 5433 2617 5501; x_wconf 88' lang='lat' dir='ltr'><strong><em>corruptibilia</em></strong></span> <span class='ocrx_word' id='word_1_818' title='bbox 2667 5451 2890 5508; x_wconf 87' lang='lat' dir='ltr'><strong><em>corpora</em></strong></span> <span class='ocrx_word' id='word_1_819' title='bbox 2915 5455 3202 5512; x_wconf 86' lang='lat' dir='ltr'><strong><em>aggravant</em></strong></span> <span class='ocrx_word' id='word_1_820' title='bbox 3231 5448 3446 5512; x_wconf 87' lang='lat' dir='ltr'><strong><em>animas,</em></strong></span> <span class='ocrx_word' id='word_1_821' title='bbox 3475 5447 3515 5500; x_wconf 90' lang='lat' dir='ltr'><strong><em>si</em></strong></span> <span class='ocrx_word' id='word_1_822' title='bbox 3543 5445 3654 5498; x_wconf 87' lang='lat' dir='ltr'><strong><em>illius</em></strong></span> <span class='ocrx_word' id='word_1_823' title='bbox 3683 5442 3734 5492; x_wconf 85' lang='lat' dir='ltr'><strong><em>in-</em></strong></span> 
     </span>
    </p>
   </div>
   <div class='ocr_carea' id='block_1_109' title="bbox 2252 5521 3734 5608">
    <p class='ocr_par' dir='ltr' id='par_1_109' title="bbox 2252 5521 3734 5608">
     <span class='ocr_line' id='line_1_110' title="bbox 2252 5521 3734 5608; baseline 0.008 -35"><span class='ocrx_word' id='word_1_824' title='bbox 2252 5521 2408 5589; x_wconf 88' lang='lat' dir='ltr'><strong><em>genio</em></strong></span> <span class='ocrx_word' id='word_1_825' title='bbox 2437 5537 2831 5594; x_wconf 87' lang='lat' dir='ltr'><strong><em>comparentur,</em></strong></span> <span class='ocrx_word' id='word_1_826' title='bbox 2865 5529 3064 5588; x_wconf 87' lang='lat' dir='ltr'><strong><em>distare</em></strong></span> <span class='ocrx_word' id='word_1_827' title='bbox 3089 5535 3244 5608; x_wconf 85' lang='lat' dir='ltr'><strong><em>longe</em></strong></span> <span class='ocrx_word' id='word_1_828' title='bbox 3269 5539 3481 5608; x_wconf 87' lang='lat' dir='ltr'><strong><em>amplius</em></strong></span> <span class='ocrx_word' id='word_1_829' title='bbox 3498 5551 3626 5608; x_wconf 86' lang='lat' dir='ltr'><strong><em>quam</em></strong></span> <span class='ocrx_word' id='word_1_830' title='bbox 3643 5532 3734 5586; x_wconf 69' lang='lat' dir='ltr'><strong><em>cele-</em></strong></span> 
     </span>
    </p>
   </div>
   <div class='ocr_carea' id='block_1_110' title="bbox 2251 5613 3732 5700">
    <p class='ocr_par' dir='ltr' id='par_1_110' title="bbox 2251 5613 3732 5700">
     <span class='ocr_line' id='line_1_111' title="bbox 2251 5613 3732 5700; baseline 0.009 -33"><span class='ocrx_word' id='word_1_831' title='bbox 2251 5613 2408 5669; x_wconf 89' lang='lat' dir='ltr'><strong><em>ritate</em></strong></span> <span class='ocrx_word' id='word_1_832' title='bbox 2439 5629 2468 5668; x_wconf 90' lang='lat' dir='ltr'><strong><em>a</em></strong></span> <span class='ocrx_word' id='word_1_833' title='bbox 2495 5617 2800 5675; x_wconf 88' lang='lat' dir='ltr'><strong><em>volucribus</em></strong></span> <span class='ocrx_word' id='word_1_834' title='bbox 2829 5626 3124 5684; x_wconf 88' lang='lat' dir='ltr'><strong><em>testudines</em></strong></span> <span class='ocrx_word' id='word_1_835' title='bbox 3165 5629 3396 5687; x_wconf 84' lang='lat' dir='ltr'><strong><em>distant?</em></strong></span> <span class='ocrx_word' id='word_1_836' title='bbox 3423 5630 3618 5700; x_wconf 77' lang='lat' dir='ltr'><strong><em>lngeuiis</em></strong></span> <span class='ocrx_word' id='word_1_837' title='bbox 3649 5635 3732 5692; x_wconf 55' lang='lat' dir='ltr'><strong><em>ease</em></strong></span> 
     </span>
    </p>
   </div>
   <div class='ocr_carea' id='block_1_111' title="bbox 2251 5709 3732 5794">
    <p class='ocr_par' dir='ltr' id='par_1_111' title="bbox 2251 5709 3732 5794">
     <span class='ocr_line' id='line_1_112' title="bbox 2251 5709 3732 5794; baseline 0.013 -37"><span class='ocrx_word' id='word_1_838' title='bbox 2251 5713 2360 5759; x_wconf 89' lang='lat' dir='ltr'><strong><em>tam</em></strong></span> <span class='ocrx_word' id='word_1_839' title='bbox 2409 5709 2793 5768; x_wconf 86' lang='lat' dir='ltr'><strong><em>excellentibus</em></strong></span> <span class='ocrx_word' id='word_1_840' title='bbox 2836 5718 3064 5785; x_wconf 89' lang='lat' dir='ltr'><strong><em>paradisi</em></strong></span> <span class='ocrx_word' id='word_1_841' title='bbox 3117 5720 3338 5780; x_wconf 86' lang='lat' dir='ltr'><strong><em>felicitas</em></strong></span> <span class='ocrx_word' id='word_1_842' title='bbox 3376 5723 3664 5794; x_wconf 83' lang='lat' dir='ltr'><strong><em>impleretur,</em></strong></span> <span class='ocrx_word' id='word_1_843' title='bbox 3701 5713 3732 5766; x_wconf 77' lang='lat' dir='ltr'><strong><em>Si</em></strong></span> 
     </span>
    </p>
   </div>
   <div class='ocr_carea' id='block_1_112' title="bbox 2247 5807 3724 5889">
    <p class='ocr_par' dir='ltr' id='par_1_112' title="bbox 2247 5807 3724 5889">
     <span class='ocr_line' id='line_1_113' title="bbox 2247 5807 3724 5889; baseline 0.016 -39"><span class='ocrx_word' id='word_1_844' title='bbox 2247 5811 2409 5853; x_wconf 87' lang='lat' dir='ltr'><strong><em>nemo</em></strong></span> <span class='ocrx_word' id='word_1_845' title='bbox 2455 5813 2766 5870; x_wconf 84' lang='lat' dir='ltr'><strong><em>peccasset:</em></strong></span> <span class='ocrx_word' id='word_1_846' title='bbox 2800 5809 2933 5865; x_wconf 83' lang='lat' dir='ltr'><strong><em>tales</em></strong></span> <span class='ocrx_word' id='word_1_847' title='bbox 2975 5813 3172 5885; x_wconf 80' lang='lat' dir='ltr'><strong><em>quippe</em></strong></span> <span class='ocrx_word' id='word_1_848' title='bbox 3221 5816 3356 5878; x_wconf 80' lang='lat' dir='ltr'><strong><em>Deus</em></strong></span> <span class='ocrx_word' id='word_1_849' title='bbox 3398 5815 3460 5889; x_wconf 85' lang='lat' dir='ltr'><strong><em>de</em></strong></span> <span class='ocrx_word' id='word_1_850' title='bbox 3495 5807 3724 5884; x_wconf 60' lang='lat' dir='ltr'><strong><em>pan-auiti&quot;!s</em></strong></span> 
     </span>
    </p>
   </div>
   <div class='ocr_carea' id='block_1_113' title="bbox 3547 2221 3833 2292">
    <p class='ocr_par' dir='ltr' id='par_1_113' title="bbox 3547 2221 3833 2292">
     <span class='ocr_line' id='line_1_114' title="bbox 3547 2221 3833 2292; baseline 0.01 -22"><span class='ocrx_word' id='word_1_851' title='bbox 3547 2221 3749 2280; x_wconf 62' lang='lat' dir='ltr'><strong><em>esttam-2</em></strong></span> <span class='ocrx_word' id='word_1_852' title='bbox 3831 2287 3833 2292; x_wconf 24' lang='grc' dir='ltr'>η</span> 
     </span>
    </p>
   </div>
  </div>
