3980 6522
653 423 788 487 “55

651 565 801 608 uuam
826 550 1030 605 eremikn‘
1051 548 1318 604 adoramus
1345 547 1524 620 (Dan.
1549 563 1624 611 ιιι,
1647 547 1736 614 1⁵1,
1761 543 1874 615 18).
1903 544 2070 610 Quam
2097 557 2223 598 san-

650 653 793 696 ctum
823 651 999 696 votum
1047 641 1244 710 judicio
1293 641 1636 706 miscuerunt,
1670 653 1768 693 nec
1805 647 1984 692 tamen
2015 633 2226 692 consilii

649 732 958 802 gravitatem
981 733 1244 788 desiderio
1264 733 1503 787 levarunt
1535 733 1548 786 ε
1576 730 1960 787 Fortitudinem
1983 729 2104 784 iidei
2125 742 2226 784 nec

654 821 1026 892 desperatione
1054 823 1402 892 principitant,
1432 839 1531 878 nec
1555 822 1840 893 cupiditate
1857 820 2224 892 suspendunt:

649 913 874 970 miscent
898 913 1113 983 quidem
1161 923 1280 969 vota
1311 931 1325 979 ;
1364 923 1614 968 caeterum
1661 913 1901 968 ordinem
1933 930 2036 966 non
2066 912 2226 966 relin-

648 1015 846 1077 quunt;
895 1007 1236 1061 consolantur
1264 1005 1596 1062 tolerantiam
1624 1007 1664 1070 ¹,
1719 1007 1810 1060 sed
1847 1006 2002 1075 juslis
2049 1004 2222 1058 mitio-

544 1103 548 1108 '
648 1113 706 1152 ra
737 1097 1095 1156 submittunt‘:
1141 1098 1356 1154 Certum
1406 1107 1508 1166 est,
1541 1099 1801 1169 inquiunt,
1845 1098 2094 1166 quoniam
2124 1111 2223 1151 nos

648 1189 813 1258 possit
864 1190 1088 1246 liberare
1136 1192 1272 1246 Deus
1325 1199 1542 1255 noster;
1581 1190 1672 1246 sed
1727 1197 1901 1244 utrum
1944 1188 2092 1255 velit,
2143 1198 2220 1243 est

645 1279 942 1335 incertum:
976 1291 1028 1336 et
1069 1282 1189 1336 illeo
1236 1282 1335 1336 sub
1381 1283 1630 1352 ambiguo
1677 1297 1852 1336 rerum
1888 1289 2078 1336 eventu
2119 1287 2230 1334 stat

645 1371 851 1440 piorum
898 1373 1040 1426 cert'a
1085 1375 1363 1436 sententia,
1419 1373 1554 1428 idola
1607 1373 1911 1444 respuendi,
1953 1372 2214 1444 supplicia

645 1462 965 1534 perferendi.
995 1464 1197 1524 Viderit
1244 1466 1372 1537 quid
1410 1466 1530 1520 boni
1561 1475 1738 1520 nostra
1770 1466 2011 1520 liberatio
2061 1465 2221 1518 etiam

645 1556 854 1612 CiDlCPiS
900 1556 1190 1623 conl‘erati
1231 1557 1382 1612 nobis
1431 1558 1643 1613 interim
1691 1565 1868 1613 verant
1913 1557 2230 1612 felicitatem.

645 1646 800 1712 ﬁdes,
859 1650 1120 1719 inquiunt,
1170 1649 1365 1704 invicta
1419 1649 1722 1704 custodiat:
1754 1665 1857 1703 non
1902 1648 2060 1704 habet
2093 1663 2221 1717 ergo

644 1740 971 1796 mollioribus
1014 1742 1339 1812 gratificandi
1385 1743 1598 1797 nimiam
1647 1743 2040 1806 necessitatem,
2069 1741 2221 1809 cujus

641 1834 824 1906 gloriae
850 1836 1183 1902 negotiantur
1209 1836 1450 1890 adversa.
1480 1837 1553 1889 De
1598 1835 1693 1888 hac
1717 1843 1772 1889 et
1799 1850 1895 1888 nos
1916 1831 2215 1902 disciplina,

641 1937 798 1992 quam
842 1925 1166 1995 reliquerunt
1213 1925 1440 1980 illustres
1494 1925 1758 1996 magistri,
1786 1923 2123 1992 intelligimus
2145 1931 2223 1976 te-

640 2015 866 2069 nendam
895 2017 945 2070 itt
976 2018 1241 2086 prosperis
1281 2026 1520 2072 votorum
1551 2017 1964 2071 mediocritatem
1987 2057 2002 2081 ,
2038 2016 2091 2070 in
2119 2015 2220 2070 do-

639 2107 900 2177 gmatibus
929 2123 1056 2164 vero
1097 2108 1217 2162 ﬁdei
1246 2108 1586 2165 consiliorum
1614 2111 1994 2178 perennitatem
2027 2128 2039 2164 :
2072 2117 2222 2178 opta-

642 2212 886 2268 musque,
939 2201 1369 2268 persecutionum
1409 2187 1616 2257 tumoi'e
1660 2216 1968 2272 compresso
1994 2243 2008 2266 ,
2060 2202 2217 2256 etiam

639 2291 851 2362 populis
871 2293 1154 2348 subvenire
1179 2312 1191 2347 :
1221 2303 1274 2346 at
1303 2294 1347 2347 si
1381 2293 1432 2348 id
1447 2311 1551 2348 non
1579 2294 1804 2360 accidat,
1835 2302 1938 2347 stat
1963 2291 2220 2362 quidquid

636 2385 889 2440 acerbum
915 2384 1062 2440 estin
1093 2385 1490 2440 contumeliiset
1520 2386 1763 2454 periculis
1793 2385 2018 2455 perpeti,
2051 2396 2212 2456 quam

638 2490 745 2531 non
769 2477 998 2532 aversari
1025 2478 1253 2533 illuviem
1282 2478 1570 2549 sordesque
1599 2479 1932 2534 Manichacus.

710 2568 846 2624 Atto.
899 2560 1181 2637 Quantutn'
1214 2569 1532 2624 Manichzuos
1582 2571 1860 2640 adjuvctis,
1899 2585 2020 2625 eum
2059 2585 2219 2640 grave

632 2659 817 2730 jugum
862 2675 1026 2730 super
1046 2661 1182 2715 ﬁlios
1206 2661 1384 2715 Adam“
1418 2678 1445 2714 a
1468 2662 1552 2716 die
1579 2661 1752 2716 exitus
1796 2661 1863 2716 de
1889 2670 2072 2716 ventre
2100 2675 2219 2714 ma-

638 2752 734 2806 tris
763 2767 946 2807 eorum
973 2752 992 2825 (
1021 2753 1180 2806 Εεειὶ.
1208 2768 1294 2819 XL,
1321 2757 1345 2809 1
1373 2753 1390 2826 )
1421 2768 1523 2807 non
1576 2753 1806 2807 tribuitis
1854 2754 1998 2821 justo
2017 2752 2219 2822 judicio

636 2843 752 2911 Dei,
781 2855 997 2915 propter
1027 2847 1284 2914 originale
1329 2857 1624 2916 peccatum,
1653 2861 1716 2900 ac
1740 2847 1816 2900 sic
1845 2846 2018 2900 locum
2049 2845 2218 2900 facitis

633 2937 821 2993 aliena:
841 2939 1199 3000 natum-mali.
1221 2955 1376 3010 quant
1400 2937 1556 2993 tradit
1577 2940 1792 2994 insanus
1809 2953 1960 2992 error
1979 2937 2213 3004 illorum,

633 3037 688 3085 et
718 3045 861 3100 saepe
899 3031 1293 3098 admonuimus,
1323 3039 1376 3085 et
1405 3031 1490 3084 ubi
1519 3039 1874 3099 opportunum
1899 3031 2070 3083 visum
2102 3029 2217 3084 fue-

633 3122 721 3185 rit,
758 3139 861 3176 non
911 3123 1234 3178 cessabimus
1277 3123 1584 3178 admonere.
1626 3119 1775 3176 Nunc
1819 3121 2068 3192 quoniatn
2123 3135 2244 3182 vos,

633 3215 705 3267 ita
741 3213 902 3268 fortes
940 3230 1058 3268 esse
1081 3213 1314 3283 jactatis,
1345 3222 1405 3268 ut
1455 3222 1629 3268 tamen
1677 3228 1776 3283 pro
1821 3211 2002 3266 multis
2054 3211 2214 3268 etiam

632 3313 844 3367 vestra,
891 3306 1131 3374 quamvis
1189 3323 1210 3356 ‹
1261 3305 1548 3360 mediocria
1604 3313 1746 3370 vota,
1783 3323 1800 3356 ι
1831 3305 2212 3372 commendes,

633 3395 845 3466 quibus,
903 3405 960 3450 ιιι
989 3395 1140 3460 dicis,
1205 3416 1220 3448 ε
1269 3398 1462 3466 optatis
1521 3397 1950 3466 persecutionum
2006 3406 2216 3454 tumore

631 3501 938 3558 compresso
974 3489 1152 3559 papuli
1203 3489 1487 3544 subvenire
1519 3505 1533 3541 :
1572 3507 1592 3541 ι
1617 3501 1800 3560 qumro
1819 3489 1914 3543 abs
1937 3497 2010 3556 te,
2039 3498 2215 3545 utrum

631 3579 686 3635 id
727 3595 758 3634 a
807 3579 1036 3636 Domino
1059 3581 1273 3650 optetis.
1306 3580 1458 3651 Quod
1489 3581 1532 3634 si
1574 3595 1678 3634 non
1711 3578 1902 3644 facitis,
1935 3597 2040 3636 non
2092 3589 2217 3637 sunt

631 3669 732 3725 ista
763 3679 882 3726 vota
915 3671 1203 3726 christiana
1235 3690 1248 3726 :
1281 3673 1325 3726 si
1371 3680 1546 3728 autem
1575 3671 1766 3736 facitis,
1797 3671 2064 3741 quomodo
2093 3685 2215 3743 Spe-

627 3763 777 3828 ratis,
810 3759 1070 3820 exauditis
1107 3767 1244 3820 votis
1267 3766 1478 3832 vestris,
1526 3766 1628 3820 hoc
1669 3765 1955 3820 Dominum
1988 3767 2210 3836 largitu-

626 3855 1009 3928 rum‘PNempe
1060 3867 1118 3914 ut
1146 3858 1307 3914 corda
1358 3859 1634 3913 hominum
1680 3873 1796 3928 quae
1827 3858 2050 3914 adversa
2080 3870 2208 3914 sunt

625 3950 798 4016 vobis,
829 3949 879 4004 in
917 3961 1153 4004 vestrmn
1178 3951 1408 4006 favorem
1458 3960 1513 4005 et
1555 3965 1790 4005 amorem
1837 3960 2131 4006 convertat.
2156 3951 2213 4007 Si

626 4040 729 4096 hoc
757 4043 993 4110 creditis,
1037 4043 1334 4113 profecistis
1359 4059 1375 4110 ;
1407 4055 1504 4096 vos
1544 4040 1689 4111 ipsos
1714 4052 2028 4098 convertere
2046 4045 2089 4108 ’,
2117 4058 2212 4098 vos

625 4131 788 4202 ipsos'
815 4134 867 4188 in
897 4133 1084 4188 melius
1117 4143 1322 4189 mutare
1366 4133 1476 4203 jam
1505 4134 1685 4202 coepit.
1716 4129 1976 4203 Cogitate,
2007 4149 2206 4204 quarso,

625 4225 788 4293 istud,
833 4235 993 4296 atque
1047 4225 1296 4288 retinete,
1353 4225 1674 4294 tandemque
1723 4224 1961 4280 fatemini
1994 4228 2210 4295 operari

623 4318 1044 4388 omnipotentem
1075 4319 1238 4372 Deum
1268 4317 1318 4370 itt
1359 4314 1612 4371 cordibus
1651 4315 1926 4370 hominum
1967 4317 2210 4372 volunta-

622 4417 726 4476 tes,
771 4424 1093 4479 aversosque
1130 4415 1442 4462 convertere
1473 4425 1486 4460 :
1526 4406 1598 4461 ita
1635 4405 1752 4477 ejus
1791 4405 2210 4463 misericordiam

623 4500 953 4572 gratiamque
1007 4497 1265 4569 sapietis:
1299 4507 1355 4553 et
1407 4495 1495 4552 ubi
1545 4497 1650 4552 hoc
1699 4513 1807 4553 non
1844 4497 1987 4569 agit,
2015 4499 2210 4569 judicia

623 4595 850 4660 occulta,
881 4593 976 4650 sed
1010 4593 1172 4664 justa.
1218 4592 1308 4648 Sic
1354 4601 1473 4647 vota
1508 4601 1690 4646 nostra
1742 4593 1919 4662 potius
1965 4591 2209 4649 fortassis

623 4685 888 4751 exaudiet,
931 4693 989 4740 ut
1012 4699 1106 4740 vos
1125 4679 1199 4738 ad'
1237 4684 1391 4738 iidem
1431 4682 1766 4749 catholicam,
1801 4684 1940 4740 sicut
1969 4684 2214 4740 Turbano

625 4777 756 4831 tium
777 4777 934 4846 paulo
961 4785 1085 4830 ante
1117 4785 1374 4848 vestrum,
1425 4790 1565 4830 nttnc
1615 4790 1748 4830 vero
1797 4790 1917 4834 esse
1951 4776 2060 4847 jam
2106 4793 2208 4831 no-

625 4877 815 4930 stt-uin,
839 4866 999 4922 simili
1031 4882 1126 4922 sua
1153 4867 1462 4942 operatione
1505 4870 1661 4936 atque
1688 4868 2032 4924 miseratione
2081 4883 2208 4922 eon-

621 4966 812 5012 vertat.

695 5047 762 5103 V.
793 5046 913 5104 Jun.
945 5047 1050 5103 Sed
1088 5047 1196 5122 jam
1227 5040 1598 5120 aggrediamur
1620 5047 1689 5102 ad
1738 5063 1975 5104 causam.
2003 5047 2207 5104 Claruit

621 5149 730 5196 tam
765 5141 942 5212 priore
985 5155 1144 5212 quam
1191 5139 1438 5210 praesenti
1493 5156 1673 5211 opere,
1723 5141 2206 5211 concupiscentiam

621 5233 940 5298 naturalem,
965 5232 1081 5288 sine
1121 5245 1223 5304 qua
1245 5247 1466 5288 sexuum
1493 5248 1598 5288 non
1645 5241 1817 5302 potest
1845 5247 1965 5288 esse
1992 5234 2209 5288 commi-

619 5325 752 5390 xtio,
783 5339 812 5378 a
841 5325 969 5392 Deo,
999 5325 1087 5395 qui
1115 5333 1272 5381 estet
1299 5325 1574 5380 hominum
1595 5333 1650 5379 et
1675 5321 1938 5394 pecudum
1957 5325 2204 5380 conditor

625 5417 645 5490 (
675 5414 756 5470 De
779 5413 988 5490 Nuptiis
1007 5424 1053 5470 et
1098 5416 1536 5488 Concupiscentia,
1581 5413 1667 5468 lib.
1713 5413 1849 5481 2,11.
1874 5414 1944 5471 25
1970 5414 2014 5488 ),
2058 5417 2209 5470 insti-

618 5515 812 5564 tutam.
837 5508 992 5578 Quod
1014 5517 1218 5564 tantum
1239 5508 1398 5576 valet,
1426 5506 1762 5562 conlessione
1789 5522 1998 5576 quoque
2014 5507 2207 5562 adver-

623 5601 750 5657 sarii
797 5601 924 5670 mei,
951 5608 1012 5656 ut
1047 5599 1164 5656 sine
1212 5600 1329 5672 ejus
1356 5599 1764 5671 vituperatione,
1805 5598 1859 5654 id
1883 5609 1983 5666 est,
2018 5613 2206 5655 carna-

687 5755 705 5786 ί
740 5753 859 5804 ωὶιὶ
879 5789 894 5814 ,
917 5753 1170 5806 tolerantia
1186 5767 1202 5812 ;
1218 5754 1620 5804 dissentientibus
1641 5755 1992 5808 ntanuscriptis.

623 5817 707 5926 ια’
731 5815 898 5925 ἓβῖἑξχ
948 5824 1070 5866 Fort.
1089 5851 1102 5876 ,
1148 5817 1194 5866 Si
1257 5816 1346 5866 hoc
1413 5815 1636 5875 creditis,
1700 5816 1912 5878 profecto
1957 5829 2036 5868 vos
2079 5813 2206 5880 ipsos

697 5889 732 5926 tt
865 5889 908 5925 e.

1315 429 1558 487 OPERIS
1595 425 2006 485 IMPERFEU'J‘l
2043 419 2318 480 CONTRA
2354 418 2712 492 JULIANUM,
2752 424 2810 480 S.
2850 425 3212 486 AUGUSTINI
3706 435 3794 507 ζα

2337 541 2404 597 iis
2431 538 2894 612 concupiScentiae,
2925 551 2978 598 et
2994 543 3110 600 sine
3127 544 3462 604 infamatione
3483 553 3792 632 comminutis,

2335 639 2500 694 asseri
2532 639 2739 709 penitus
2763 653 2868 694 non
2899 641 3065 710 possit
3089 641 3330 698 naturale
3349 654 3618 714 peccatum.

2406 733 2538 789 Atio.
2560 732 3049 804 Concupiscentiam
3081 735 3190 790 sive
3221 737 3525 806 naturalem,
3557 739 3650 799 sive
3671 758 3795 805 eam.

2333 822 2437 878 lem
2471 823 2562 878 tibi
2590 824 2796 897 placeat
2821 813 3110 898 appellare,
3135 841 3251 882 eam
3279 843 3380 883 nos
3413 834 3792 902 concupiscentiam

2331 915 2713 986 vituperamus,
2743 933 2844 989 qua
2867 932 2995 974 caro
3021 920 3346 989 concupiscit
3361 919 3596 980 adversus
3614 929 3795 1000 spiritum,

2333 1015 2385 1062 et
2414 1008 2572 1063 trahit
2595 1010 2661 1064 ad
2683 1011 2883 1079 illicita,
2905 1011 3005 1064 nisi
3034 1019 3089 1066 et
3125 1009 3344 1081 spiritus
3380 1013 3610 1072 adversus
3627 1035 3716 1076 eam
3733 1025 3794 1080 ior-

2335 1097 2436 1152 tius
2475 1100 2832 1170 concupiscat.
2863 1101 3010 1156 lianc
3030 1102 3416 1159 dissensionem
3432 1105 3480 1159 in
3496 1109 3700 1177 paradiso
3715 1113 3793 1171 dici-

2331 1203 2450 1244 mus
2476 1207 2579 1246 non
2611 1191 2793 1259 fuisse,
2826 1193 3038 1264 quando
3074 1195 3162 1264 qui
3185 1193 3260 1250 ibi
3285 1191 3454 1264 erant',
3485 1199 3596 1254 nudi
3627 1215 3793 1272 erattt,et

2329 1296 2435 1336 non
2463 1284 2938 1340 confundebantur.
2957 1285 3104 1342 Hanc
3126 1297 3242 1358 post
3274 1299 3539 1366 peccatum
3558 1309 3656 1350 esse
3667 1303 3793 1370 cepis-

2330 1389 2410 1442 se,
2451 1375 2562 1445 ipsa
2610 1393 2697 1434 res
2729 1379 2964 1445 clamat;
2993 1380 3418 1452 quandoquidem
3463 1395 3570 1454 post
3609 1401 3789 1457 peccatum

2329 1466 2572 1536 pudenda
2617 1477 2880 1535 texerunt,
2913 1485 3031 1541 quae
3067 1471 3214 1541 prius
3256 1471 3493 1543 pudenda
3528 1491 3618 1531 non
3648 1479 3788 1539 iuerint.

2282 1574 2298 1584 ·
2327 1555 2508 1628 Neque
2539 1570 2594 1614 ut
2620 1561 2754 1615 nuda
2784 1563 2931 1632 prius
2959 1576 3160 1632 essent,
3215 1565 3552 1635 impudentia,
3596 1572 3670 1627 sed
3697 1575 3786 1629 inin.

2328 1649 2498 1704 centia
2549 1649 2771 1707 faciebat
2803 1671 2815 1707 :
2847 1655 2967 1724 quia
3011 1663 3064 1709 et
3101 1655 3426 1725 impudentia
3458 1659 3622 1714 vitium
3649 1672 3728 1728 est;
3748 1668 3785 1722 illi

2328 1750 2505 1796 autem
2535 1743 2747 1812 quando
2772 1759 2866 1800 eos
2887 1746 3060 1801 nudos
3097 1761 3218 1802 esse
3266 1763 3372 1802 non
3419 1749 3642 1819 pudebat,
3678 1757 3786 1825 Illique

2326 1835 2511 1888 vitium
2555 1852 2660 1890 non
2711 1836 2995 1893 habebant.
3031 1838 3141 1894 Hoc
3184 1853 3316 1910 ergo
3367 1841 3569 1908 malum,
3606 1859 3686 1916 quo
3718 1866 3787 1904 caro

2327 1927 2652 1995 concupiscit
2699 1927 2956 1984 adversus
2993 1929 3240 2000 spiritum
3271 1972 3287 1996 ,
3334 1931 3596 1990 haereticus
3639 1935 3786 1996 Julius

2327 2017 2456 2071 dicit
2489 2033 2606 2072 esse
2637 2018 2834 2074 bonutn
2866 2037 2880 2072 :
2914 2021 3014 2076 ltoc
3041 2021 3240 2076 malum
3271 2037 3340 2078 ex
3367 2023 3527 2079 aliena
3561 2027 3784 2085 malitntuu

2327 2108 2482 2162 nobis
2512 2122 2632 2163 esse
2661 2111 3006 2165 commixtum
3058 2111 3188 2168 dicit
3233 2113 3371 2168 alius
3417 2113 3660 2174 haereticus
3688 2121 3782 2176 lati-

2325 2199 2506 2256 chaeus
2535 2219 2548 2254 :
2584 2203 2684 2257 hoc
2729 2203 2928 2258 malum
2980 2211 3076 2274 per
3108 2207 3587 2276 praevaricationem
3611 2212 3783 2280 pritu'ln

2325 2289 2484 2344 minis
2530 2291 2583 2346 in
2622 2302 2872 2348 nostram'
2905 2294 3089 2350 dicens
3135 2295 3365 2352 vertisse
3393 2302 3780 2368 ueteranum-

2325 2393 2420 2434 cus
2439 2382 2624 2437 ambos
2649 2383 2813 2438 vincit
2835 2385 3170 2440 Ambrosius.

2395 2471 2486 2528 Vl.
2520 2473 2808 2543 JUt..Quod
2837 2475 3086 2543 quoniam
3107 2491 3138 2531 a
3171 2475 3334 2532 nobis
3357 2491 3418 2534 ea
3453 2477 3776 2554 facilitate,un

2325 2565 2524 2620 veritas
2572 2563 2948 2636 suppeditavit,
2981 2578 3264 2623 ostensum
3305 2579 3406 2636 est,
3460 2571 3654 2641 prudens
3685 2574 3778 2630 lecte

2325 2671 2485 2726 super
2508 2656 2609 2710 hoc
2656 2658 2876 2713 ulterius
2921 2657 3162 2715 dubitare
3215 2673 3323 2715 non
3367 2659 3548 2728 debet;
3575 2644 3776 2734 abiguntque

2326 2745 2429 2802 hoc
2477 2746 2529 2800 in
2557 2745 2874 2804 Traduciani
2925 2750 3137 2821 scriptis
3185 2753 3774 2827 occurrerittsittequou-

2325 2853 2446 2894 men
2473 2838 2620 2894 hiare
2649 2855 2753 2894 non
2783 2849 2958 2911 potest
2985 2842 3025 2911 ),
3051 2841 3184 2898 nihil
3233 2853 3442 2900 moveat
3479 2844 3772 2909 audientessel

2325 2929 2380 2984 in
2421 2930 2798 2986 verecundiam
2839 2941 3168 3004 protestetur
3189 2938 3426 2992 auctoris
3452 2955 3466 2994 :
3490 2953 3579 2992 nos
3611 2939 3766 2993 autemid

2325 3022 2604 3094 deinceps,
2645 3025 2686 3079 si
2731 3041 2818 3102 res
2873 3027 3217 3098 compulerit,
3287 3032 3564 3087 necessaria
3607 3033 3765 3088 brevitate

2324 3122 2620 3186 tangemus.
2649 3117 2834 3186 Arguit
2879 3133 3008 3189 ergo
3059 3120 3202 3192 quod
3229 3121 3339 3177 dixi
3369 3141 3384 3178 :
3421 3142 3439 3176 ε
3473 3123 3768 3192 lsta'corpomn

2324 3208 2652 3276 commixtio,
2680 3225 2802 3265 cum
2817 3210 3016 3280 calore,
3031 3227 3152 3268 cum
3181 3215 3465 3284 voluptate,
3489 3231 3590 3270 cum
3605 3218 3766 3270 semine:
3814 3247 3815 3269 i

2323 3299 2438 3356 Deo
2461 3298 2616 3363 facta,
2645 3309 2699 3355 et
2723 3315 2820 3371 pro
2843 3317 2942 3357 suo
2969 3303 3127 3358 modo
3191 3304 3468 3361 laudabilis
3507 3309 3762 3376 approbatum

2325 3391 2425 3460 (De
2448 3391 2656 3464 Nuptiis
2683 3403 2727 3448 et
2748 3392 3157 3468 Concupiscentia
3174 3397 3326 3466 ΕΜ,
3346 3397 3510 3470 η.25).
3529 3397 3612 3456 Sed
3621 3400 3765 3470 pnteiit

2323 3482 2454 3538 illud
2481 3483 2620 3554 quod
2641 3484 2848 3540 subdidi
2877 3495 2893 3541 ':
2923 3505 2944 3538 ι
2967 3488 3044 3545 De
3071 3497 3342 3554 reautem‘,
3367 3506 3478 3562 qua:
3497 3491 3763 3546 inuitatum
3808 3525 3809 3528 η

2323 3575 2527 3640 raliter,
2559 3574 2620 3631 ﬁt
2644 3577 2663 3609 ι
2687 3577 2973 3648 aliquando
3004 3579 3163 3636 etiam
3191 3582 3422 3652 amplum
3455 3592 3617 3638 munus
3634 3581 3758 3650 pium.
3805 3613 3807 3641 l

2323 3664 2572 3722 diabolus
2588 3666 2687 3722 sibi
2707 3681 2803 3722 nec
2829 3676 2914 3723 tua
2944 3668 3118 3726 fronte
3145 3672 3309 3728 audet
3325 3671 3510 3744 aliquid
3530 3671 3752 3728 vindicaret
3803 3673 3806 3734 l

2395 3757 2530 3814 Auc.
2561 3759 2652 3812 ille
2680 3759 2780 3815 hoc
2825 3763 3185 3831 praetermisit,
3217 3765 3308 3835 qui
3337 3779 3447 3820 eam
3475 3765 3548 3820 cui
3582 3759 3756 3832 τεεροηάε·
3802 3797 3803 3827 ι

2323 3849 2468 3918 bam,
2517 3850 2811 3907 chartulam
2857 3854 3034 3922 misit;
3065 3855 3296 3914 fortasse
3324 3857 3593 3927 intelligens
3621 3853 3710 3926 quod
3733 3861 3754 3904 ιι
3800 3885 3801 3919 i

2321 3955 2428 3996 non
2454 3941 2720 4014 intelligis,
2754 3943 2842 4015 qui
2871 3954 2976 4000 tam
3002 3947 3215 4004 incaute
3245 3949 3442 4005 loeutus
3465 3963 3536 4015 es,
3563 3946 3750 4002 utdicete.

2329 4052 2349 4085 ι
2387 4033 2462 4088 De
2485 4047 2544 4089 re
2572 4033 2808 4090 instituta
2837 4037 3165 4106 naturaliter,
3197 4050 3319 4110 qua:
3347 4037 3405 4094 lit
3426 4034 3749 4108 aliquandoetitl

2321 4126 2556 4194 amplum
2583 4141 2773 4182 munus
2802 4129 3028 4198 piOrttm,
3050 4145 3154 4185 non
3178 4131 3376 4188 audere
3401 4129 3625 4187 diabolum
3643 4121 3750 4192 alii“
3793 4191 3795 4197 ,

2321 4216 2422 4272 sibi
2446 4218 2714 4274 vindicare
2741 4237 2754 4272 :
2797 4240 2816 4273 ι
2845 4237 2966 4277 cum
2995 4221 3285 4278 videamus
3320 4223 3452 4294 quod
3477 4221 3596 4292 ipsos
3615 4215 3748 4272 homin

2322 4309 2564 4364 diabolus
2593 4311 2694 4366 sibi
2725 4312 2975 4380 vindicet,
3007 4315 3096 4384 qui
3127 4309 3310 4387 utique
3333 4311 3605 4369 naturaliter
3633 4304 3736 4362 iustiti

2323 4399 2360 4454 ti
2391 4408 2532 4455 sunt.
2559 4401 2640 4455 An
2685 4400 2821 4458 forte
2843 4387 3086 4460 homines
3111 4417 3218 4460 non
3255 4414 3394 4470 sunt,
3421 4403 3500 4477 qui
3522 4392 3743 4458 eruuntur!
3784 4395 3790 4480 λ

2321 4500 2583 4562 potestate
2636 4494 2993 4560 tenebrarum,
3022 4511 3248 4566 quarum
3277 4507 3414 4554 tenet
3447 4492 3640 4550 diabolus
3670 4487 3742 4556 [lit

2321 4582 2552 4652 cipatutn
2579 4583 2716 4638 ?aut
2753 4600 2880 4640 vero
2907 4585 2981 4640 ita
3018 4583 3238 4658 desipis,
3290 4596 3346 4642 ut
3385 4583 3588 4641 afﬁrmes
3615 4573 3742 4636 cassili

2319 4671 2590 4728 diabolum
2619 4689 2725 4730 non
2748 4675 3037 4744 vindicare,
3067 4693 3200 4748 quas
3233 4677 3473 4748 possidet,
3497 4683 3543 4730 et
3563 4687 3643 4729 sua
3666 4675 3730 4738 pok‘

2321 4766 2446 4820 stati
2475 4765 2712 4820 subditos
2743 4765 2930 4822 tenet?
2966 4767 3075 4822 Sed
3104 4778 3158 4823 ut
3181 4778 3375 4825 taceam
3400 4767 3460 4821 de
3479 4766 3574 4829 his,
3597 4767 3737 4830 φωρ

2320 4858 2471 4912 testis
2496 4851 2698 4926 dicere,
2737 4873 2833 4928 per
2857 4853 3030 4914 suam
3057 4862 3250 4916 malam
3291 4860 3580 4916 voluntatem
3594 4844 3736 4906 adialitli

2319 4948 2582 5018 possideri
2617 4967 2630 5003 :
2675 4949 2799 5020 quid
2856 4949 3092 5006 dicturus
3139 4965 3198 5008 es
3241 4952 3306 5007 de
3354 4951 3454 5015 illo,
3484 4947 3539 5002 de
3573 4944 3734 5014 ςυσμιετ

2318 5039 2506 5108 ipsius,
2540 5039 2764 5095 Domino
2794 5037 3193 5112 interrogante,
3218 5041 3486 5112 respondit,
3510 5033 3618 5107 quod
3645 5026 3731 5083 exit-

2320 5126 2479 5184 fantia
2524 5145 2618 5185 sua
2640 5131 2708 5186 ab
2731 5129 3006 5188 immundo
3025 5135 3212 5204 spiritu
3254 5140 3513 5188 vexaretur
3533 5127 3550 5199 (
3572 5123 3729 5179 Ιπτιηο

2317 5219 2426 5291 20)
2452 5219 2682 5278 ‘iNonne
2706 5224 2944 5278 membra
2969 5223 3084 5294 ejus
3108 5233 3162 5280 et
3187 5237 3386 5288 sensus,
3413 5233 3514 5290 quae
3539 5213 3661 5270 onmia
3679 5205 3727 5257 Ι*

2317 5321 2535 5367 auctore
2565 5311 2874 5370 naturaliter
2898 5315 3134 5370 instituta
3162 5323 3302 5381 sunt,
3328 5322 3378 5368 et
3403 5308 3626 5378 impiorum
3653 5305 3727 5350 α*

2318 5407 2498 5461 munia
2550 5406 2862 5478 piorumque
2916 5417 3036 5462 sunt
3098 5419 3332 5476 munera,
3376 5399 3576 5460 diabolus
3610 5390 3721 5448 im"

2316 5497 2576 5569 afﬂigeret
2626 5499 2924 5556 vindicabat
2948 5499 2972 5554 τ
2994 5497 3148 5568 Quod
3183 5499 3302 5556 licet
3349 5497 3500 5552 facere
3522 5481 3719 5555 uappa!“-

2315 5589 2465 5646 nisia
2493 5602 2733 5648 creatore
2758 5591 2991 5646 hominis
3013 5591 3127 5647 Deo
3159 5592 3295 5647 bono
3335 5597 3384 5644 et
3421 5586 3540 5657 justo

2313 5691 2668 5756 potestatem;
2698 5683 2822 5739 facit
2847 5685 2868 5716 ⁸
2899 5691 3096 5752 tamen,
3155 5693 3209 5740 et
3259 5692 3339 5738 tua
3381 5677 3514 5734 verba
3547 5664 3712 5725 illi“

3789 4331 3792 4384 Ι

3781 4395 3790 4662 ί

3777 4763 3782 4942 t

2381 5818 2397 5882 ξ
2438 5819 2722 5882 \‘ignierius,
2754 5818 2832 5868 sit.
2854 5825 2981 5882 Mss...
3005 5815 3076 5882 ﬁt.

2382 5880 2402 5910 ²
2435 5880 2506 5928 ste
2531 5887 2632 5930 Mss.
2667 5887 2715 5930 tu
2739 5880 3109 5944 \ign.,facttam
