3980 6488
178 447 337 511 1457

173 583 316 624 esse
348 567 601 633 ostendit,
638 566 727 643 qui
768 566 924 633 dicis,
952 586 970 621 ι
1007 564 1082 624 De
1121 584 1181 624 re
1209 570 1526 626 naturaliter
1563 569 1776 625 institu-

174 670 260 726 ta,
285 676 409 730 quae
442 660 501 715 ﬁt
543 659 827 730 aliquando
868 662 1107 737 amplmn
1135 662 1297 718 etiam
1327 678 1518 719 munus
1548 662 1779 732 piorum,

175 750 329 805 nihil
391 751 490 806 sibi
543 749 740 808 audere
788 750 1058 811 diabolum
1118 754 1412 821 vindicare.
1462 773 1481 806 ι
1542 752 1780 809 Debuisti

176 843 339 898 enim
362 842 561 909 dicere,
605 859 791 899 eorum
844 844 1107 901 bonorum
1138 862 1258 917 quae
1284 847 1594 902 naturaliter
1625 844 1795 901 insti-‘

176 945 304 992 tuta
324 944 471 1001 sunt,
496 950 601 990 non
620 935 893 1017 diabolum
910 938 1010 994 sibi
1032 938 1165 995 nihil
1186 938 1475 1004 vindicare,
1493 937 1587 993 sed
1605 937 1779 1008 ipsum

176 1028 325 1084 nihil
347 1043 552 1085 creare.
588 1027 712 1083 llaec
739 1029 827 1085 ille
852 1031 1073 1086 forsitan
1110 1030 1260 1095 vidit,
1290 1030 1381 1107 qui
1402 1029 1470 1086 de
1496 1030 1603 1086 tuis
1631 1029 1781 1087 libris

176 1138 312 1193 quae
339 1122 514 1177 amico
557 1136 654 1178 suo
685 1123 941 1193 mitteret,
991 1123 1245 1179 nonnulla
1281 1123 1550 1195 decerpsit
1578 1140 1594 1191 ;
1623 1133 1782 1195 atque

179 1222 249 1269 ut
320 1212 434 1270 lucc
485 1221 573 1268 tua
616 1214 779 1270 verba
846 1214 1313 1285 prmtermitteret,
1370 1213 1463 1269 tibi
1518 1214 1779 1285 pepercit.

182 1304 310 1377 Ego
346 1320 471 1360 vero
506 1304 764 1377 gratulor,
809 1303 929 1376 quia
978 1320 1063 1362 me
1101 1303 1355 1360 admones
1389 1305 1517 1376 quid
1557 1306 1781 1385 debeam

184 1406 380 1453 contra
402 1411 638 1452 errorem
680 1406 824 1451 tuam
857 1394 1054 1453 dicere.
1097 1396 1444 1453 Parvulorum
1464 1391 1614 1469 ergo,
1647 1414 1781 1468 quos

182 1489 465 1546 vexandos
488 1489 731 1547 diabolus
751 1490 982 1547 vindicat
1026 1492 1149 1556 sibi,
1174 1493 1364 1548 merita
1406 1492 1633 1563 inquire,
1663 1509 1781 1563 qum

181 1595 313 1636 cum
347 1582 566 1651 prepria
598 1598 706 1637 non
750 1582 1038 1650 inveneris,
1092 1584 1373 1654 originalia
1421 1585 1697 1640 conﬁtere.
1723 1585 1778 1641 Si

181 1673 336 1728 enim
354 1675 519 1729 etiam
563 1675 663 1730 ista
691 1691 887 1747 negare
912 1677 1231 1747 perstiteris,
1267 1675 1389 1731 Dei‘
1414 1678 1650 1747 profecto
1692 1677 1776 1749 jn-

183 1765 415 1833 dicium,
440 1768 529 1839 qui
558 1767 674 1825 hinc
711 1768 998 1840 imaginem
1034 1777 1183 1824 suain
1224 1786 1251 1824 a
1284 1770 1500 1827 diabOlo
1535 1771 1779 1827 immeri-

182 1867 301 1914 tam
324 1859 452 1915 sinit
479 1863 709 1931 perpeti,
730 1877 981 1919 accusare
1001 1864 1352 1919 conv-ieceris.

262 1948 377 2005 VII.
402 1948 523 2006 ιω..
549 1949 671 2009 Istis
695 1967 822 2023 ergo
868 1953 1263 2027 praetermissis,
1295 1965 1512 2012 accusat
1551 1968 1779 2013 cur‘non

179 2041 447 2111 dixerim,
472 2063 492 2097 ι
524 2059 644 2102 cum
688 2045 941 2102 libidine:
983 2067 1002 2101 ι
1056 2048 1363 2121 subditque,
1410 2060 1469 2106 ut
1510 2051 1778 2122 dogmatis

179 2134 308 2204 eius
352 2150 580 2193 acumen
624 2136 867 2206 decebat,
905 2157 926 2192 ‹
972 2138 1162 2195 Munus
1213 2141 1441 2210 piorum,
1472 2144 1780 2213 propagatio

184 2236 279 2283 est
303 2226 531 2285 fecunda
560 2227 813 2298 ﬁliorum,
845 2246 953 2287 non
983 2233 1292 2288 commixtio
1327 2234 1576 2305 pudenda
1604 2249 1776 2291 mem-

182 2316 410 2375 brorum
435 2337 448 2373 :
478 2335 635 2390 quam
661 2337 766 2377 non
784 2322 1008 2379 haberet
1037 2324 1088 2378 in
1128 2324 1445 2394 generandis
1473 2326 1595 2380 liliis
1620 2335 1775 2382 natu-

186 2426 252 2466 ra
280 2426 591 2478 sana,nunc
610 2423 788 2469 autem
812 2414 974 2479 habet
1014 2417 1200 2472 eadem
1251 2428 1442 2474 natura
1472 2419 1670 2475 vitiata.
1704 2421 1781 2476 Ac

188 2518 292 2572 per
305 2503 427 2570 hoc,
450 2515 501 2560 et
521 2506 609 2576 qui
629 2505 752 2562 inde
773 2508 1028 2574 nascitur,
1049 2510 1247 2581 indiget
1267 2513 1477 2568 renasci
1501 2533 1522 2565 ›
1548 2510 1649 2585 (De
1666 2512 1721 2568 Ν
1724 2530 1781 2567 u-

194 2596 318 2666 ptiis
359 2606 403 2651 et
448 2595 898 2669 Concupisceutia,
955 2602 1045 2659 lib.
1075 2602 1129 2670 2,
1163 2621 1215 2657 n.
1246 2604 1318 2660 25
1348 2605 1389 2676 ).
1442 2605 1611 2672 Quam
1653 2621 1783 2661 con-

193 2699 485 2760 sequenter
516 2693 725 2747 omnia!
756 2693 947 2750 Munus
1004 2689 1133 2749 dicit
1170 2696 1401 2766 piorum,
1444 2699 1779 2754 existentiam

190 2782 425 2838 ﬁliorum
450 2802 464 2838 :
494 2784 589 2840 sed
613 2784 714 2841 hoc
737 2787 1012 2843 constituit
1034 2789 1133 2845 sub
1181 2790 1415 2859 diabolo,
1439 2791 1579 2862 quod
1610 2791 1780 2849 Deum

186 2876 324 2932 dare
349 2878 649 2947 confirmat,
680 2879 733 2934 id
763 2888 868 2949 est,
895 2881 1050 2936 ﬁlios.
1083 2882 1385 2940 Libidinem
1427 2893 1631 2952 autem,
1661 2902 1782 2958 qum

184 2976 278 3023 est
305 2967 358 3023 in
387 2969 630 3036 pudenda
686 2971 1071 3029 commixtione
1108 2975 1495 3044 membrorum,
1549 2978 1795 3035 diaboli-.

186 3074 312 3114 eam
339 3068 541 3123 vocat;
581 3076 744 3132 quam
803 3064 863 3118 in
905 3054 1221 3134 parentibus
1262 3082 1383 3125 esse
1427 3084 1535 3125 non
1578 3070 1779 3141 abnuit,

184 3163 327 3220 quos
344 3160 524 3209 tamen
545 3153 776 3210 absolvit
796 3172 827 3210 a
848 3157 1022 3227 culpa.
1046 3157 1127 3214 Ex
1143 3158 1359 3217 homine
1382 3161 1526 3217 hunc
1555 3163 1573 3195 ¹
1598 3172 1781 3221 natum

185 3240 382 3297 dicas?
433 3244 589 3310 Quod
627 3255 835 3318 agunt,
902 3243 1090 3320 inquit,
1143 3261 1412 3321 parentes,
1459 3253 1780 3311 diabolieurn

184 3341 295 3401 est,
322 3332 418 3392 sed
442 3335 521 3393 rei
571 3351 680 3394 non
724 3348 844 3394 sunt
875 3340 1059 3410 ;quod
1083 3352 1373 3399 nascuntur
1397 3343 1514 3412 ﬁlii,
1543 3345 1782 3401 divinum

186 3443 326 3498 opus
358 3437 462 3497 est,
509 3430 604 3486 sed
642 3429 721 3487 rei
783 3441 927 3495 sunt.
961 3431 1030 3489 Et
1056 3433 1235 3491 adhuc
1271 3450 1332 3490 se
1359 3450 1468 3491 non
1494 3437 1629 3503 Deo,
1672 3439 1769 3494 sed

185 3518 423 3576 daemoni
471 3521 700 3577 testimat
743 3523 1125 3587 obluctatum?
1173 3525 1515 3584 Meritiesime
1563 3530 1777 3599 patiun-

190 3620 285 3667 tur
316 3612 474 3672 iStum
494 3611 748 3681 furorem,
796 3617 886 3686 qui
926 3626 1115 3688 putant
1164 3633 1286 3675 esse
1311 3619 1559 3677 naturale
1602 3636 1784 3693 pecca-

190 3715 414 3763 tum.‘

264 3802 400 3858 Aue.
440 3800 518 3856 'l‘u
544 3801 676 3857 iuris
701 3805 880 3873 potius
904 3803 1164 3860 adversus
1198 3805 1390 3871 Deum,
1413 3822 1573 3877 quem
1594 3810 1782 3879 procul

190 3893 353 3950 dubio
388 3893 690 3952 criminaris
733 3896 1010 3967 injustam,
1051 3897 1097 3953 si
1141 3896 1279 3953 lilios
1308 3898 1483 3954 Adam
1528 3901 1674 3955 nulla
1714 3917 1783 3957 ex

188 3987 304 4056 illo,
330 3997 395 4043 ut
423 4002 725 4055 aeseveras,
755 3989 895 4044 male
937 3989 1126 4045 merita
1162 3990 1461 4057 trahentes,
1497 3998 1675 4048 tamen
1715 4008 1781 4048 ex

184 4081 276 4138 die
301 4083 476 4138 exitus
500 4082 571 4138 de
597 4089 787 4139 ventre
809 4082 1001 4137 matris
1022 4098 1209 4138 eorum
1242 4086 1389 4155 gravi
1406 4085 1536 4156 jugo
1562 4087 1775 4158 premit,

187 4174 331 4244 quod
371 4189 572 4245 negare
613 4189 726 4231 non
768 4175 999 4242 sineris;
1028 4183 1086 4230 et
1128 4174 1348 4231 obtusus
1392 4177 1617 4232 credens
1660 4192 1778 4233 mea

191 4274 393 4335 tua.qu
430 4266 591 4323 verba
630 4281 753 4323 esse
799 4267 1063 4335 lecturos,
1094 4267 1239 4338 quod
1282 4284 1390 4324 non
1417 4269 1548 4337 dixi,
1580 4270 1779 4327 dixisse

191 4371 283 4414 me
306 4356 458 4413 dicis.
484 4357 711 4427 Quando
727 4359 870 4415 enim
900 4372 1001 4430 ego
1028 4359 1287 4428 dicerem,
1323 4360 1475 4428 Quod
1498 4371 1655 4432 agunt
1684 4378 1779 4435 pa-

192 4456 388 4516 ream,
417 4449 722 4505 Melicum
746 4460 857 4517 ut;
902 4464 1025 4506 cum
1066 4450 1121 4505 id
1165 4452 1310 4521 quod
1350 4452 1667 4523 procreandi
1696 4454 1779 4509 in-

194 4540 429 4597 tentione
465 4542 752 4599 miscentur
776 4550 924 4598 easta
960 4542 1229 4612 coniugia,
1256 4542 1457 4598 bonum
1495 4554 1630 4614 opus
1656 4559 1778 4601 esse

190 4632 557 4704 prodentem?
598 4634 709 4691 Sed
741 4634 878 4691 hanc
907 4634 1344 4691 commilitium
1373 4652 1478 4691 non
1505 4636 1671 4693 fuisse
1698 4638 1778 4693 fu-

187 4734 367 4783 turam
405 4727 797 4798 pudendam,si
834 4736 1109 4799 peceatum
1151 4729 1414 4798 hominis,
1436 4745 1547 4801 quo
1582 4742 1774 4788 natura

183 4821 367 4878 vitiata
385 4831 491 4888 est,
526 4838 636 4877 non
678 4823 1077 4894 prmeessisset;
1123 4822 1266 4878 unde
1306 4824 1480 4878 carnis
1518 4826 1774 4895 concupi'.

183 4917 381 4972 scentia
413 4916 532 4972 telis
545 4915 737 4971 eﬁeeta
760 4926 864 4982 est,
883 4925 943 4971 nt
965 4930 1035 4972 eo
1060 4916 1202 4970 malo
1228 4930 1387 4973 nemo
1405 4917 1544 4973 bene
1574 4927 1771 4988 utatur,

182 5009 293 5068 nisi:
321 5010 437 5079 ejus
475 5009 711 5065 motibus
738 5008 813 5064 ad
834 5009 1017 5065 illicita
1058 5008 1370 5079 pertrahere
1409 5010 1770 5080 molientibus,

180 5116 221 5158 ι
240 5103 515 5157 contrario
534 5102 949 5171 eoncupiseente
976 5102 1167 5173 spiritu
1191 5103 1500 5159 reluctetur.
1530 5103 1647 5159 Non
1674 5105 1773 5159 ita-

175 5207 287 5264 que
326 5193 576 5259 dicimus,
625 5193 775 5261 Quod
821 5203 978 5265 agunt
1026 5205 1278 5265 parentes,
1312 5196 1616 5251 diaboliettm
1655 5205 1731 5252 ert
1752 5214 1773 5253 :

184 5285 323 5339 malo
349 5285 547 5355 quippe
569 5285 707 5341 bene
726 5286 799 5341 uti
826 5298 995 5356 usque
1023 5286 1157 5342 adeo
1180 5286 1500 5343 diabolicum
1532 5296 1767 5357 nonest,

184 5385 244 5430 ut
271 5377 382 5447 ipso
409 5393 623 5448 quoque
647 5378 871 5434 diabolo
888 5380 1024 5435 bene
1052 5387 1231 5436 utatur
1250 5381 1410 5437 Deus.
1433 5382 1562 5438 illud
1592 5390 1770 5439 autem

182 5486 283 5524 nos
324 5470 503 5527 dicere
553 5487 673 5526 non)
710 5480 986 5543 negamus,
1020 5472 1169 5539 Quod
1214 5485 1490 5531 nascuntur
1528 5478 1645 5548 ﬁlii,
1677 5478 1773 5534 Dei

180 5576 309 5629 opus
334 5570 405 5616 est
429 5577 448 5625 ;
476 5563 569 5617 sed
593 5563 665 5617 rei
688 5572 846 5618 suum.
873 5579 979 5619 non
1024 5565 1117 5620 Dei
1144 5579 1326 5637 opere,
1350 5581 1458 5638 quo
1494 5578 1768 5637 creantur,

181 5660 241 5706 ut
280 5665 598 5720 nascantur;
628 5657 723 5711 sed
757 5657 958 5727 peccati
986 5658 1209 5729 origine,
1238 5675 1339 5731 qua
1371 5662 1690 5735 obligantur,
1722 5668 1769 5723 si

182 5760 287 5799 non
318 5755 684 5801 renascantur.

246 5944 263 5978 ι
297 5942 432 6007 wn,
473 5956 567 5996 non
587 5943 731 6000 hunc.
765 5956 982 6014 Negante
1003 5950 1236 6013 particula
1255 5960 1391 6008 caret
1411 5960 1494 6007 us.
1519 5961 1647 6008 Pori.

1732 6037 1823 6067 ,ἴα

1580 457 1779 514 LIBER
1817 458 2134 528 QUINTUS.

3336 467 3473 530 1458

1963 570 2091 626 VIII.
2123 573 2241 630 Jun.
2260 575 2411 644 Quod
2433 585 2609 635 autem
2633 594 2736 634 non
2759 576 2917 635 fuerit
2938 579 3091 636 aliter
3106 583 3459 639 commiscen-

1884 662 1982 718 dus
2009 664 2177 721 Adam
2213 671 2421 726 mulieri
2458 688 2588 740 suae,
2614 688 2772 745 quam
2814 689 2876 729 co
2906 688 3100 743 genere
3130 675 3267 745 quod
3293 677 3465 732 inole-

1887 756 1979 822 vit,
2000 758 2055 813 et'
2076 756 2242 814 l'ornm
2271 764 2659 834 membrorum,
2679 775 2732 821 et
2759 760 2853 822 Dei
2880 765 3180 822 benedictio
3202 767 3340 822 haud
3366 768 3471 824 ali-

1887 856 1966 903 ter
1984 848 2034 903 in
2058 865 2248 920 pecora
2266 868 2423 925 quam
2454 856 2504 909 in
2528 855 2769 912 homines
2790 857 3010 927 prolata,
3031 867 3085 914 et
3108 859 3221 929 ipsa
3250 858 3470 913 historia

1888 950 2131 1012 testatur,
2149 964 2266 1016 qua:
2289 958 2341 1002 ut
2362 950 2593 1005 ostendit
2607 950 2885 1014 formatam
2904 961 3145 1006 naturam
3162 967 3466 1020 corporum,

1887 1036 1958 1091 ita
1986 1053 2090 1091 non
2115 1040 2307 1095 asserit
2334 1041 2683 1096 immutatam.
2718 1042 2911 1097 Contra
2949 1040 3091 1113 quod
3116 1042 3473 1098 universitatis

1888 1130 2248 1186 testimonium
2288 1132 2418 1187 nihil
2460 1116 2722 1188 invenitur
2748 1128 2803 1187 in
2833 1134 2948 1204 lege
2979 1134 3107 1201 Dei;
3140 1134 3241 1189 nisi
3271 1135 3322 1188 in
3362 1134 3471 1189 Ma-

1887 1221 2098 1277 nielnci.
2127 1223 2297 1291 libris,
2338 1225 2425 1296 qui
2472 1225 2607 1280 hanc
2636 1226 3120 1295 coriCUpisceiitiaIn
3159 1242 3189 1281 a
3234 1227 3497 1299 principe.

1881 1311 2226 1370 tenebrarum
2252 1322 2643 1371 cumtnentatur
2672 1317 2919 1372 inlusam.
3378 1330 3441 1358 1”

1884 1448 1893 1455 .
1957 1406 2091 1463 Auo.
2133 1405 2246 1461 Neu
2288 1404 2455 1461 forma
2490 1407 2873 1475 membrorum,
2903 1410 3044 1479 quia-
3068 1420 3285 1480 peccato
3314 1410 3468 1481 primi

1887 1496 2119 1552 hominis
2149 1507 2345 1553 mutata
2388 1514 2495 1553 non
2527 1507 2627 1565 est,
2659 1499 3143 1569 concupiscentiam
3175 1501 3351 1556 carius
3380 1515 3469 1555 as-

1886 1589 2015 1645 serit
2057 1590 2213 1644 talem
2270 1590 2433 1646 fuisse
2478 1600 2603 1645 ante
2656 1599 2951 1661 peccatum,
2994 1592 3161 1661 qualis
3204 1594 3467 1662 apparuit,

1886 1683 2096 1756 quando
2124 1682 2368 1754 pudenda
2402 1692 2666 1749 texerunt,
2700 1694 2755 1741 et
2785 1683 2920 1739 unde
2950 1691 3007 1738 tu
3042 1699 3149 1738 non
3178 1684 3470 1751 erubescis,

1887 1780 2251 1846 erubuernnt;
2305 1779 2649 1835 ostendentes
2693 1782 2857 1835 etiam
2901 1788 3150 1833 manente
3208 1777 3376 1832 forma
3419 1777 3505 1853 in__

1830 1896 1837 1904 ·
1887 1888 1944 1928 sc
1987 1871 2185 1943 aliquid
2216 1889 2336 1928 esse
2368 1881 2649 1927 inritatum.
2687 1872 2941 1941 Quamvis
2976 1879 3030 1927 ct
3059 1871 3170 1941 ipsa
3211 1871 3467 1939 membra,

1885 1965 2101 2037 quando
2122 1965 2379 2021 deformia
2404 1975 2457 2021 et
2482 1975 2822 2021 monstruosa
2856 1972 3163 2030 nascuntur,
3185 1964 3355 2035 pudor
3379 1978 3475 2019 ros
3504 2024 3537 2035 __

1886 2064 2040 2121 fateri
2073 2067 2233 2137 cogit,
2276 2065 2417 2136 quod
2447 2065 2593 2120 nullo
2628 2065 2809 2132 modo,
2838 2063 2882 2118 si
2910 2080 3067 2119 nemo
3107 2069 3398 2133 peccasset,
3421 2059 3473 2114 in

1887 2157 2133 2228 paradiso
2166 2151 2289 2213 talia
2338 2161 2704 2213 nascerentur.
2739 2156 3172 2212 Benedictionem
3201 2171 3327 2232 vero
3358 2152 3471 2221 Dei,

1886 2265 1990 2320 qua
2010 2250 2208 2304 dictum
2238 2258 2338 2316 est,
2368 2234 2610 2315 Crescite:
2638 2259 2681 2303 et
2704 2248 3111 2320 multiplicamini
3137 2246 3287 2319 (Gen.
3311 2261 3348 2314 ι,
3380 2244 3470 2314 2|,

1886 2342 2000 2412 28),
2030 2341 2155 2413 quid
2189 2343 2398 2409 mirum,
2425 2343 2469 2397 si
2506 2343 2664 2397 etiam
2697 2352 2913 2415 peccato
2944 2352 3129 2396 natura
3160 2340 3339 2395 vitiata
3368 2355 3473 2393 non

1888 2433 2157 2504 perdidit?
2180 2433 2295 2489 Non
2322 2433 2463 2491 enim
2492 2443 2607 2490 erat
2627 2449 2981 2503 consequens,
3017 2442 3073 2487 ut
3099 2432 3221 2503 quia
3253 2432 3477 2490 immors

1890 2528 2146 2585 talitatem
2194 2529 2611 2600 felicitatemque
2656 2528 2981 2599 perdiderat,
3028 2525 3273 2596 perderet
3313 2524 3474 2578 etiam

1889 2618 2285 2690 fecunditatem,
2312 2638 2429 2692 quae
2460 2621 2914 2677 irrationabilibus
2944 2634 3159 2690 quoque
3193 2606 3477 2671 animanti-

1889 2710 1986 2766 bus
2014 2722 2097 2767 est
2124 2713 2354 2777 tributa;
2388 2713 2439 2767 in
2471 2713 2663 2784 quibus
2691 2728 2838 2780 caro,
2880 2710 2981 2766 etsi
3008 2707 3355 2780 concupiscit,
3382 2705 3475 2762 ad-

1890 2822 2076 2860 versus
2105 2806 2348 2877 spiritum
2382 2821 2484 2861 non
2515 2805 2846 2877 concupiscit
2872 2823 2883 2859 :
2917 2803 3058 2875 quod
3085 2813 3187 2858 tua:
3216 2810 3477 2873 suscepto:

1887 2896 2248 2953 miserrimum
2289 2898 2491 2953 bellum
2522 2908 2613 2954 aut
2649 2897 3013 2968 turpissimum
3051 2911 3273 2967 regnum
3304 2896 3476 2951 intro-

1887 2989 2084 3047 ducere
2113 2992 2324 3047 conaris
2352 2993 2404 3046 in
2434 2993 2573 3047 illius
2602 2992 2926 3047 beatissima:
2967 2990 3112 3061 pacis
3139 2999 3192 3044 et
3217 2988 3478 3045 libertatis

1889 3084 2097 3152 locum;
2139 3085 2568 3157 quandoquidem
2622 3085 2674 3139 in
2731 3082 3012 3153 paradiso,
3062 3083 3477 3139 etiamsLnemo

1889 3182 2184 3245 peccasset,
2226 3178 2330 3233 tale
2371 3176 2609 3233 futurum
2656 3176 2817 3230 fuisse
2861 3174 3142 3230 contendis
3177 3172 3479 3251 humanum

1888 3282 2077 3339 genus,
2102 3277 2159 3324 ut
2186 3278 2373 3324 contra
2418 3268 2688 3325 libidinem
2721 3282 3102 3338 pugnaremus,
3140 3273 3232 3320 aut
3271 3264 3477 3322 libidini

1888 3361 2234 3431 serviremus,
2264 3364 2307 3418 si
2332 3378 2565 3433 pugnare
2592 3361 2879 3419 nollemus.
3240 3412 3253 3423 μ

1959 3454 2052 3514 1X.
2092 3456 2214 3512 Jun.
2253 3456 2363 3511 Nos
2386 3471 2513 3510 vero
2552 3455 2766 3513 renasci
2802 3467 2991 3510 omnes
3029 3452 3354 3521 Baptismate
3380 3449 3479 3507 de-

1887 3547 2040 3616 bere,
2064 3556 2121 3604 et
2142 3564 2307 3621 opere
2336 3558 2521 3605 nostro
2547 3558 2602 3604 et
2628 3562 2877 3604 sermone
2910 3554 3171 3602 testamur
3200 3562 3213 3599 :
3247 3542 3343 3604 sed
3371 3558 3480 3599 non

1890 3652 1949 3700 ut
1995 3642 2154 3714 hujus
2201 3642 2561 3713 impertitione
2609 3641 2877 3707 beneficii,
2919 3640 2986 3696 de
3028 3641 3151 3709 jure
3197 3636 3479 3692 videantur

1888 3735 2085 3793 diaboli
2117 3735 2364 3807 plagiati;
2396 3750 2581 3790 verum
2617 3744 2674 3788 ut
2715 3733 2803 3802 qui
2829 3740 2954 3787 sunt
2995 3745 3157 3800 opera
3198 3727 3318 3796 Dei,
3348 3727 3478 3783 ﬁant

1889 3828 2112 3899 pignora
2162 3827 2291 3892 Dei;
2340 3835 2394 3881 et
2440 3825 2532 3897 qui
2573 3832 2867 3881 nascuntur
2910 3821 3107 3889 viliter,
3151 3835 3259 3875 non
3302 3828 3480 3874 tamen

1887 3919 2071 3985 noxie,
2099 3928 2447 3975 renascantur
2486 3918 2740 3989 pretiose,
2770 3930 2877 3972 non
2907 3925 3086 3973 tamen
3114 3912 3477 3981 calumniose;

1888 4010 2085 4081 quique
2113 4008 2378 4081 prodeunt
2403 4024 2472 4065 ex
2514 4008 2769 4064 institutis
2814 4007 2931 4076 Dei,
2961 4005 3329 4078 provehantur
3356 4020 3478 4079 my-

1887 4111 2069 4167 steriis
2103 4110 2230 4178 Dei;
2286 4118 2337 4166 et
2365 4110 2456 4178 qui
2491 4108 2721 4165 ail‘erunt
2745 4121 2910 4179 opera
2939 4115 3167 4173 naturae,
3192 4103 3333 4160 dona
3361 4117 3479 4175 gra-

1888 4204 1977 4258 tia:
2019 4212 2453 4273 consequantur;
2500 4216 2564 4256 ac
2606 4201 2862 4256 Dominus
2907 4214 3036 4255 suus
3080 4197 3170 4268 qui
3217 4211 3313 4253 eos
3354 4193 3482 4254 fecit

1887 4294 2170 4351 condendo
2197 4293 2388 4360 bonos,
2416 4291 2577 4349 faciat
2605 4290 2910 4347 innovando
2934 4289 3344 4360 adoptandoque
3368 4302 3483 4344 me-

1885 4392 2070 4447 liores.
2096 4391 2238 4461 Ergo
2260 4388 2383 4459 jure
2418 4388 2632 4455 dicitur,
2660 4386 2968 4442 conﬁtearis
2995 4399 3219 4442 necesse
3247 4392 3350 4450 est,
3380 4397 3479 4438 na-

1887 4484 2061 4539 turale
2079 4483 2225 4554 quod
2246 4481 2572 4537 Manichacus
2601 4479 2846 4543 ﬁnxerat,
2879 4477 2973 4534 sed
3004 4488 3062 4540 tu
3085 4476 3302 4531 nomine
3329 4489 3480 4531 com-

1885 4583 2094 4631 mutato
2114 4574 2373 4645 originale
2401 4587 2583 4637 vocas,
2611 4571 2877 4626 interiisse
2912 4577 3211 4639 peccatum.
3243 4566 3355 4623 Nec
3379 4567 3483 4624 hoc

1886 4683 1951 4724 ea
1993 4666 2256 4722 catholica
2299 4665 2435 4721 ﬁdes
2476 4664 2678 4727 credit1
2726 4663 3037 4733 antiquitus,
3069 4677 3188 4732 qua:
3234 4674 3341 4715 non
3379 4660 3480 4715 du-
3572 4724 3578 4731 ι

1885 4759 2021 4816 bitat
2045 4767 2102 4813 et
2141 4756 2390 4828 parvulos
2433 4773 2461 4810 a
2512 4756 2621 4811 Deo
2666 4755 2812 4823 ﬁeri,
2843 4763 2897 4811 et
2922 4753 3120 4809 malum
3149 4754 3218 4810 ab
3245 4768 3313 4810 eo
3350 4754 3482 4809 nihil

1885 4851 2004 4908 ﬁeri
2038 4868 2050 4905 :
2080 4865 2144 4906 ac
2185 4865 2280 4921 per
2314 4849 2417 4905 hoc
2458 4865 2625 4920 opera
2664 4850 2761 4904 Dei
2804 4856 2930 4905 ante
2973 4848 3155 4911 liberae
3194 4847 3485 4904 voluntatis

1886 4960 2067 5013 usum,
2111 4953 2319 4998 naturae
2361 4942 2670 5015 przejudicio
2711 4958 2812 4999 nec
2853 4956 2969 5011 rea,
3002 4957 3103 4998 nec
3141 4942 3242 4998 sub
3285 4941 3483 4999 diaboli

1880 5036 2007 5107 jure
2040 5036 2339 5092 constituit.

1958 5134 2095 5186 Aue.
2136 5126 2406 5198 Originale
2461 5133 2738 5196 peccatum
2803 5133 3085 5195 prepterea
3132 5123 3482 5194 signiﬁcatius

1884 5234 2046 5291 quam
2074 5218 2314 5274 naturale
2335 5216 2580 5283 dicimus,
2612 5226 2669 5272 ut
2698 5232 2805 5271 non
2833 5215 2995 5271 divini
3023 5216 3221 5285 operis,
3259 5215 3353 5271 sed
3382 5215 3481 5269 hu—

1888 5328 2062 5370 mana:
2103 5312 2324 5384 originis
2375 5311 2766 5382 intelligatur’;
2814 5310 3047 5364 maxime
3090 5316 3308 5378 propter
3349 5307 3478 5362 illud

1885 5404 2319 5477 signiﬁcandum,
2340 5403 2484 5475 quod
2523 5419 2620 5474 per
2658 5418 2823 5459 unum
2870 5400 3142 5457 hominem
3174 5398 3391 5454 intravit
3428 5398 3477 5454 in

1884 5497 2179 5563 mundum;
2226 5494 2368 5567 quod
2411 5509 2516 5549 non
2563 5495 2742 5549 interit
2765 5492 3123 5562 disputatione
3172 5489 3477 5560 Pelagiana,

1883 5588 1983 5644 sed
2024 5587 2430 5659 regeneratione
2470 5585 2792 5642 Christiana.
2820 5584 2997 5651 Quare
3038 5590 3216 5637 autem
3259 5596 3355 5637 vos
3394 5581 3447 5636 di

1884 5679 2020 5739 catis
2045 5678 2253 5736 renasci
2280 5691 2469 5735 omnes
2490 5675 2737 5748 parvulos
2763 5672 2959 5730 debere
2981 5673 3327 5744 Baptismate,
3351 5672 3481 5729 Satis

1951 5836 1967 5866 ι
2208 5845 2215 5855 1
2288 5830 2299 5839 .
2342 5830 2353 5840 .

1950 5897 1971 5966 ξ
2477 5886 2925 5966 .to‘tidemquehaut
2967 5890 3133 5953 plures
3171 5892 3293 5941 infra
3335 5891 3481 5966 paulo

1887 5964 2004 6011 ante
2020 5956 2165 6021 hujus
2184 5955 2517 6019 responsionis
2537 5953 2686 6007 tinem
2707 5953 3010 6007 restituimus
3032 5966 3097 6005 ex
3120 5953 3477 6020 manuseﬂpus.
3500 6018 3507 6021 Α
