4070 6510
555 397 692 456 N59

555 537 834 600 novimus;
877 536 1007 593 inde
1049 535 1240 607 quippe
1284 533 1418 588 estis
1459 527 1694 584 haeretici
1725 541 1739 578 :
1771 536 1830 576 ac
1861 525 2006 588 peste
2043 527 2142 566 no-

553 629 678 681 vitia
711 637 898 682 contra
943 629 1312 698 antiquitatem
1355 622 1628 680 catholicae
1675 612 1926 672 Ecclesia:
1955 609 2144 680 dispu-

557 719 702 785 tatis,
733 719 977 776 dicentes
1023 735 1130 774 non
1157 717 1270 774 erui
1312 714 1558 785 parvulos
1597 711 1665 766 de
1705 711 1965 777 potestate
1993 709 2142 755 tene-

555 809 772 862 brarum
819 811 990 880 gratia
1035 805 1439 876 Redemptoris;
1489 817 1608 858 cum
1650 795 1921 854 Catholica
1973 793 2024 847 in
2064 791 2143 846 eis

555 899 802 956 exsufflet
831 911 886 954 et
915 903 1202 962 exorcizet,
1235 897 1414 966 utique
1455 899 1770 965 potestatem
1798 885 2018 950 diaboli,
2041 899 2143 940 ne-

553 1003 654 1058 que
680 989 822 1042 enim
851 991 1138 1060 imaginem
1167 988 1277 1043 Dei.
1305 987 1444 1053 Quid
1467 993 1548 1040 est
1571 997 1696 1052 ergo
1720 977 1862 1050 quod
1891 977 2044 1041 dicis,
2073 973 2144 1032 Ut

553 1082 638 1152 qui
683 1091 958 1135 nascuntur
999 1083 1180 1144 uiliter,
1228 1097 1330 1134 non
1379 1089 1545 1134 tamen
1589 1075 1768 1138 uarie,
1811 1080 2144 1126 renascantur

555 1173 788 1242 pretiose,
831 1190 934 1227 non
981 1181 1148 1226 tanien
1195 1171 1536 1231 calumniose;
1583 1181 1683 1221 nec
1733 1165 1904 1234 ipsum
1955 1177 2140 1218 eorum

554 1269 802 1336 pretium,
847 1283 952 1336 quo
997 1267 1056 1320 fit
1099 1275 1154 1320 ut
1199 1263 1428 1333 pretiose
1475 1267 1827 1315 renascantur
1869 1255 2142 1312 attendis?

553 1357 690 1425 Quid
729 1367 810 1412 est
838 1358 1000 1422 enim,
1039 1355 1140 1410 nisi
1185 1353 1400 1423 sanguis
1447 1351 1586 1422 Agni
1637 1347 2002 1404 immaculati?
2049 1346 2142 1416 qui

552 1449 676 1502 cur‘
709 1449 777 1502 sit
801 1447 1020 1512 effusus,
1052 1447 1244 1502 clamat
1283 1445 1398 1512 ipse
1427 1443 1630 1512 Agnus.
1665 1441 1858 1494 Annon
1901 1439 2014 1508 ipse
2043 1436 2138 1503 ait,

551 1538 654 1593 Hic
681 1549 751 1594 est
773 1541 977 1610 sanguis
1003 1554 1162 1604 meus,
1190 1537 1276 1608 qui
1305 1553 1398 1607 pro
1432 1535 1637 1589 multis'
1674 1531 1960 1602 effundetur
1980 1531 2033 1586 in
2057 1547 2141 1585 re-

551 1631 838 1686 missionem
868 1639 1181 1698 peccatorum
1207 1627 1422 1699 (i‘rfatth.
1441 1641 1591 1692 xxvr,
1617 1625 1748 1696 9.8)?
1770 1624 1851 1680 Tu
1871 1639 1998 1679 vero
2029 1638 2142 1677 ma-

549 1739 684 1794 gnus
715 1721 1118 1778 niirahiliarius’I
1163 1729 1217 1776 et
1247 1721 1378 1776 dicis
1425 1719 1575 1774 illum
1622 1719 1934 1788 sanguinem
1979 1715 2140 1772 etiam

549 1831 648 1885 pro
699 1813 927 1886 parvulis
971 1812 1140 1878 fundi,
1173 1821 1227 1868 et
1254 1827 1418 1884 negas
1460 1813 1540 1866 eis
1589 1826 1686 1882 per
1741 1810 1890 1864 illum
1923 1817 2142 1879 peccata

549 1906 652 1960 ulla
685 1905 911 1970 dimitti;
945 1904 1086 1961 dicis
1127 1904 1404 1971 lavandos,
1430 1913 1486 1960 et
1513 1919 1678 1973 negas
1703 1901 2030 1967 abluendos;
2060 1901 2143 1956 di-

548 1997 627 2052 cis
671 1995 1034 2065 innovandos,
1076 2006 1130 2052 et
1181 2012 1342 2068 negas
1383 2012 1412 2051 a
1455 2003 1721 2051 vetustate
1768 1994 2138 2060 mundandos;

549 2088 682 2142 dicis
719 2103 815 2156 per
841 2088 1174 2144 Salvatorem
1198 2088 1551 2158 adoptandos,
1589 2097 1644 2143 et
1671 2102 1836 2158 negas
1873 2101 1994 2142 esse
2031 2085 2139 2140 sal-

545 2178 768 2232 vandos.
817 2178 922 2235 Sed
981 2179 1112 2235 nos‘
1150 2181 1230 2236 eis
1273 2180 1522 2236 videlicet
1563 2179 1970 2242 calumniantur,
2017 2177 2140 2247 quia

545 2271 776 2326 dicimus
804 2287 899 2326 eos
925 2283 1161 2328 mortuos
1185 2287 1307 2328 esse
1334 2273 1388 2326 in
1413 2271 1622 2326 delictis
1647 2281 1702 2326 et
1729 2271 1993 2341 praeputio
2017 2285 2139 2324 car-

543 2363 628 2418 nis
673 2379 818 2429 sure;
851 2373 906 2419 et
949 2365 1071 2420 ideo
1101 2367 1154 2420 in
1195 2374 1368 2420 morte
1394 2365 1593 2420 Christi
1635 2364 1914 2432 baptizari,
1937 2373 1996 2418 ut
2025 2377 2142 2417 mo-

544 2457 758 2512 riantur
787 2467 1028 2528 peccato,
1055 2459 1148 2529 qui
1177 2459 1372 2513 mortui
1399 2458 1606 2512 fuerant
1633 2459 1686 2512 in
1714 2467 1932 2528 peccato
1961 2477 1973 2512 :
2004 2467 2059 2512 et
2085 2463 2141 2512 tu

544 2565 640 2605 eos
668 2549 932 2617 defendis,
958 2552 1048 2622 qui
1083 2552 1330 2622 negando
1367 2551 1485 2606 illos
1525 2561 1784 2617 mortuos,
1815 2551 1868 2604 id
1908 2551 2043 2622 agis,
2073 2565 2142 2605 ne

542 2643 612 2698 ab
637 2645 714 2698 eis
745 2645 885 2700 foras
924 2645 1182 2709 mittatur,
1215 2645 1306 2714 qui
1350 2645 1539 2699 mortis
1583 2652 1904 2716 potestatem
1949 2643 2138 2708 habet;

543 2749 608 2790 ac
652 2736 730 2790 sic
772 2736 840 2790 de
880 2744 1054 2791 morte
1095 2736 1293 2790 Christi
1340 2737 1546 2792 nullum
1591 2735 1909 2792 beneficium
1951 2749 2142 2789 conse-

543 2837 794 2897 quantur,
814 2828 905 2898 qui
935 2843 1066 2882 unus
1092 2845 1182 2900 pro
1208 2828 1438 2882 omnibus
1467 2837 1696 2882 mortuus
1721 2838 1814 2882 est.
1837 2827 1988 2896 Quod
2018 2842 2141 2882 cum

545 2915 769 2972 dixisset
811 2918 1124 2988 Apostolus,
1177 2935 1302 2974 mox
1351 2920 1618 2974 conclusit
1659 2928 1818 2990 atque
1865 2918 1968 2984 ait,
2001 2917 2139 2990 Ergo

547 3025 718 3062 omnes
743 3010 928 3062 mortui
949 3019 1084 3074 sunt,
1103 3019 1151 3064 et
1176 3027 1268 3079 pro
1294 3009 1524 3064 omnibus
1551 3017 1776 3063 mortuus
1805 3017 1878 3063 est
1915 3007 1992 3081 (ll
2019 3008 2138 3063 Cor.

545 3115 602 3164 v,
633 3099 721 3166 ΜΖ
749 3101 859 3170 15).
895 3100 1048 3156 Unde
1075 3102 1164 3172 qui
1195 3103 1266 3156 ita
1305 3101 1546 3156 defendit
1585 3101 1854 3170 parvulos,
1879 3109 1938 3154 ut
1979 3108 2142 3171 neget

543 3199 820 3254 mortuos;
867 3206 971 3245 non
1000 3207 1094 3246 eos
1120 3207 1149 3245 a
1191 3201 1362 3246 morte
1391 3191 1649 3256 defendit,
1679 3191 1774 3248 sed
1817 3193 1869 3246 in
1909 3200 2140 3247 mortem

543 3280 834 3334 secundam
860 3282 1075 3350 premit,
1101 3297 1234 3351 quos
1261 3283 1328 3336 ab
1355 3283 1472 3352 ejus
1495 3283 1779 3350 beneficio,
1807 3283 1895 3354 qui
1925 3283 2139 3340 nonnisi

543 3385 642 3440 pro
664 3375 886 3427 mortuis
917 3381 1158 3426 mortuus
1185 3373 1525 3443 praedicatur,
1555 3375 1812 3430 excludit.

615 3463 684 3517 X.
726 3463 844 3518 JUL.
889 3463 1014 3518 Post
1063 3463 1207 3532 haec,
1243 3479 1458 3520 omnem
1511 3465 1662 3519 illum
1713 3473 2021 3522 contextum
2069 3467 2140 3522 de

544 3557 810 3612 Abraham
833 3565 887 3611 et
910 3557 1072 3620 Sara,
1099 3559 1189 3628 qui
1210 3558 1472 3613 emortuis
1495 3559 1604 3629 jam
1627 3559 1944 3629 corporibus
1971 3559 2138 3614 filium

543 3663 642 3720 pro
669 3664 890 3703 munere
917 3661 1259 3719 acceperunt,
1292 3665 1520 3721 quorum
1547 3651 1850 3720 exemplum
1881 3661 2136 3721 quantum

541 3743 752 3798 veritati
802 3741 1140 3813 suffragetur,
1191 3759 1298 3798 non
1341 3745 1514 3799 solum
1560 3745 1794 3813 sapiens,
1837 3745 1931 3799 sed
1974 3745 2138 3799 etiam

543 3836 830 3891 mediocris
865 3837 1034 3891 lector
1078 3837 1352 3908 intelligit,
1399 3838 1477 3892 sic
1523 3838 1798 3908 praeteriit,
1831 3845 1889 3892 ut
1935 3837 2139 3892 diceret

540 3937 724 3983 contra
755 3945 812 3983 se
838 3945 940 3984 non
981 3930 1204 3984 multum
1237 3930 1433 3984 valere.
1463 3931 1505 3984 A
1539 3944 1642 4000 qua
1687 3929 2016 4000 impudentia
2053 3929 2136 3984 vel

540 4021 629 4074 illa
656 4037 776 4075 eum
799 4021 984 4076 debuit
1003 4037 1258 4078 revocare
1283 4023 1570 4089 sententia,
1587 4037 1706 4092 quae
1733 4022 1803 4075 ita
1831 4029 2136 4076 constructa

541 4119 626 4166 est
659 4129 670 4164 :
719 4111 784 4164 Et
813 4121 870 4165 ut
896 4113 1124 4178 breviter,
1153 4114 1354 4182 inquio,
1384 4113 1740 4181 disputationis
1769 4115 1918 4182 hujus
1937 4129 2138 4167 summa

540 4205 852 4270 claudatur;
895 4206 940 4259 si
981 4221 1072 4276 per
1108 4205 1567 4275 concupiscentiam
1604 4203 1832 4258 redditus
1881 4213 1954 4258 est
1989 4221 2136 4274 quem

541 4295 681 4350 Deus
714 4297 961 4364 promisit,
991 4296 1122 4349 bona
1147 4297 1254 4348 sine
1280 4295 1430 4348 dubio
1452 4310 1566 4362 qua:
1591 4295 1802 4348 absolvit
1823 4293 1920 4348 Dei
1948 4296 2100 4364 ﬁdem
2115 4313 2134 4362 ;

539 4390 585 4442 si
631 4391 738 4444 sine
785 4388 1218 4458 concupiscentia,
1257 4387 1410 4440 noxia
1455 4403 1556 4440 non
1603 4397 1763 4457 potest
1807 4404 1912 4441 esse
1956 4404 2137 4458 proge-

541 4482 684 4547 nito;
729 4497 840 4550 qua!
881 4497 970 4534 nec
1013 4491 1127 4533 cum
1165 4480 1531 4550 conciperetur,
1565 4495 1654 4532 nec
1691 4495 1806 4533 cum
1852 4491 2130 4550 pareretur,

537 4572 787 4642 interfuit.

615 4668 748 4722 AUC.
791 4665 918 4720 Sine
965 4663 1394 4732 concupiscentia
1439 4664 1618 4717 carnis
1678 4663 1904 4718 Abrahae
1968 4663 2132 4717 lilium

539 4757 858 4814 semiuatum
893 4755 1074 4816 fuisse,
1108 4756 1226 4824 quis
1253 4754 1436 4808 dicat?
1477 4754 1660 4825 Neque
1694 4770 1836 4809 enim
1869 4754 1970 4808 hoc
1999 4769 2134 4823 opus

539 4851 696 4906 aliter
741 4849 894 4903 fieret
935 4848 988 4902 in
1033 4863 1258 4918 corpore
1305 4850 1493 4904 mortis
1537 4849 1715 4918 hujus,
1744 4849 1811 4902 de
1855 4863 1961 4917 quo
2004 4847 2135 4901 dicit

543 4940 832 5010 Apostolus
849 4983 862 5006 ,
895 4939 1090 5010 Corpus
1116 4941 1318 5010 quidem
1347 4951 1602 4995 mortuum
1631 4949 1704 4993 est
1729 4949 1931 5010 propter
1959 4955 2135 5006 pecca-

541 5043 648 5086 tum
683 5033 855 5100 (Rom.
885 5049 995 5096 vui,
1037 5030 1144 5104 10).
1179 5033 1289 5087 lloc
1318 5043 1494 5086 autem
1539 5031 1678 5085 malo
1707 5031 1846 5084 bene
1887 5045 2015 5083 usus
2053 5037 2138 5084 est

541 5124 810 5179 Abraham
848 5123 900 5178 in
927 5125 1214 5180 concubitu
1255 5123 1520 5194 conjugali
1552 5142 1564 5176 :
1599 5122 1738 5192 quod
1788 5122 1983 5175 malum
2025 5136 2134 5176 non

541 5227 660 5273 erat
684 5217 736 5271 in
769 5231 994 5287 corpore
1025 5218 1145 5271 vita:
1171 5217 1330 5276 illius,
1361 5231 1478 5284 quae
1518 5215 1570 5268 in
1605 5213 1854 5283 paradiso
1883 5213 1983 5267 fuit
2012 5221 2136 5269 ante

542 5317 840 5379 peccatum.
876 5309 980 5363 Sed
1013 5309 1056 5362 si
1093 5315 1376 5378 propterea
1419 5306 1554 5359 bona
1587 5305 1678 5360 tibi
1709 5305 1920 5359 videtur
1956 5305 2134 5359 carnis

535 5401 1000 5470 concupiscentia,
1051 5399 1172 5467 quia
1219 5411 1313 5466 per
1359 5397 1504 5452 illam
1552 5395 1756 5452 reddita
1803 5405 1885 5450 est
1933 5397 2130 5465 proles,

607 5587 627 5618 ι
663 5583 968 5646 vignicrius,
989 5593 1114 5646 cum.
1143 5585 1345 5646 At_t_lss.,
1375 5591 1481 5628 cur.

605 5649 628 5679 '
661 5640 746 5694 Sic'
755 5651 862 5692 Mss.
889 5651 938 5692 tn
963 5644 1122 5702 νίειι.⁸
1145 5640 1289 5692 vobis.

608 5708 630 5740 ³
663 5707 808 5764 ttditi,
851 5699 1143 5756 mirabilius.
1191 5704 1358 5753 Melius
1401 5710 1529 5764 Mss,
1583 5699 1928 5752 mirabiliarius
1968 5712 1996 5764 7:
2037 5711 2134 5764 quo

543 5769 702 5822 verbo
721 5763 871 5818 utitur
905 5769 1196 5830 augustinus
1216 5769 1266 5830 in
1288 5763 1590 5816 'rractatu'i‘s
1613 5767 1662 5814 in
1687 5771 1820 5814 toan.
1840 5799 1854 5825 ,
1879 5776 1929 5812 n.
1959 5763 2034 5812 t7.

607 5830 630 5860 ι
662 5831 736 5878 Sic
758 5838 859 5877 Mss.
890 5837 940 5878 tn
961 5827 1120 5890 vigu.,
1141 5827 1228 5878 sed
1249 5839 1358 5876 non.

1227 391 1483 452 OPERIS
1521 379 1926 446 IMPERFECTI
1964 373 2238 436 CONTRA
2275 369 2635 441 JULIANUM,
2677 373 2734 428 S.
2775 369 3147 431 AUGUSTINI

3695 370 3846 430 tuo

2255 503 2414 559 quam
2459 487 2777 558 promiserat
2811 488 2986 554 Deus;
3027 487 3198 544 bonus
3235 485 3330 542 tibi
3357 487 3606 544 videatur
3633 495 3692 544 et
3725 487 3842 543 dia-

2251 579 2438 646 bolus,
2489 580 2613 649 quia
2665 595 2763 650 per
2810 579 2958 634 illum
3005 579 3221 651 sanguis
3259 579 3491 646 Christi,
3531 595 3644 651 quo
3695 578 3840 635 redi-

2251 686 2542 736 meremur,
2583 670 2782 727 effusus
2819 681 2932 738 est,
2973 687 3131 742 quem
3173 671 3313 727 Deus
3350 671 3696 741 promiserat.
3737 672 3842 726 Aut

2250 763 2437 828 fatere,
2465 763 2627 819 etiam
2661 779 2758 834 per
2789 763 3002 834 aliquod
3027 763 3226 819 malum
3261 761 3412 818 reddi
3443 777 3604 834 posse
3627 763 3837 835 aliquod

2251 855 2471 911 bonum.

2319 947 2412 1003 Kl.
2452 948 2572 1004 ιω..
2613 947 2722 1003 illis
2747 963 2878 1020 ergo
2917 948 3294 1018 praetermissis
3323 947 3579 1020 physicus
3618 948 3724 1004 iste
3749 964 3840 1004 no-

2249 1059 2347 1097 vus
2375 1041 2566 1098 falsum
2595 1057 2714 1098 esse
2743 1044 3070 1112 pronuntiat,
3095 1041 3237 1112 quod
3267 1057 3367 1097 nos
3389 1041 3664 1097 diximus:
3697 1042 3842 1097 Sicut

2250 1143 2369 1188 tunc
2393 1134 2544 1190 limus
2580 1136 2666 1206 qui
2697 1143 2988 1206 assumptus
3029 1145 3122 1202 est,
3151 1136 3384 1202 materia,
3411 1152 3514 1190 non
3541 1145 3724 1190 auctor
3752 1137 3837 1190 ho-

2247 1224 2399 1278 minis
2425 1225 2522 1296 fuit
2550 1241 2568 1278 :
2602 1225 2675 1278 ita
2705 1241 2842 1280 nunc
2868 1226 2942 1278 vis
2963 1225 3054 1280 illa
3073 1226 3368 1294 uoluptatis,
3394 1225 3680 1296 confectria:
3709 1243 3840 1280 cont-

2246 1315 2552 1386 mixtrithue
2585 1319 2852 1386 seminum,
2885 1335 2987 1372 non
3012 1317 3181 1388 explet
3222 1318 3408 1372 divina:
3436 1319 3748 1389 Operationis
3773 1320 3838 1372 ui-

2247 1423 2392 1471 cem;
2424 1408 2513 1461 sed
2541 1409 2605 1462 de
2629 1410 2876 1463 thesauris
2906 1419 3103 1464 natura:
3136 1407 3287 1476 oﬂ'ert
3313 1408 3445 1476 Deo,
3477 1409 3614 1464 unde
3639 1409 3730 1463 ille
3753 1411 3840 1464 ho-

2246 1499 2431 1553 minem
2451 1499 2686 1570 dignetur
2706 1503 2927 1572 operari.
2949 1501 3080 1566 Qua:
3103 1509 3282 1554 tamen
3303 1508 3453 1555 recte
3473 1515 3502 1553 a
3529 1515 3618 1555 me
3637 1501 3838 1571 prolata

2247 1597 2491 1656 testatur,
2513 1591 2617 1646 'scd
2657 1601 2880 1661 excepto
2921 1607 2988 1647 eo
3016 1591 3160 1662 quod
3201 1591 3332 1658 dixi,
3367 1591 3574 1647 semina
3611 1592 3666 1646 vi
3696 1593 3842 1646 volu-

2245 1681 2408 1750 ptatis
2451 1681 2674 1746 confici;
2723 1682 3236 1752 philosophaturque
3281 1681 3385 1738 hoc
3435 1681 3636 1737 modo:
3687 1681 3840 1736 Volu-

2249 1784 2382 1844 ptas,
2415 1773 2606 1845 inquit,
2639 1774 2734 1828 illa
2777 1777 3198 1846 concupiscentiae
3231 1775 3453 1830 carnalis
3493 1791 3598 1830 non
3643 1778 3841 1847 conﬁcit

2246 1865 2462 1931 semina,
2493 1865 2582 1919 sed
2622 1883 2680 1920 ea
2709 1882 2824 1936 qua:
2839 1869 2953 1938 jam
2977 1875 3096 1920 sunt
3131 1867 3186 1920 in
3211 1866 3506 1937 corporibus
3530 1885 3565 1921 a
3590 1885 3708 1923 uero
3737 1867 3840 1923 Deo

2247 1955 2504 2019 condita‘,
2546 1973 2646 2010 non
2677 1958 2806 2025 ﬁunt
2845 1958 3121 2028 voluptate,
3165 1957 3254 2011 sed
3293 1958 3580 2013 excitantur
3623 1971 3674 2014 et
3703 1961 3840 2014 emit-

2249 2056 2424 2101 tuntur
2463 2065 2578 2102 cum
2619 2049 2876 2119 voluptate
2923 2049 3033 2121 (De
3079 2050 3294 2121 Nuptiis
3321 2061 3369 2105 et
3403 2049 3836 2122 Concupisceutia,

2247 2139 2409 2205 lib.2,
2429 2158 2482 2194 η.
2511 2140 2624 2212 26).
2661 2142 2775 2196 [loc
2803 2157 2932 2198 sane
2962 2151 3184 2213 apparet
3209 2157 3355 2211 eum,
3380 2159 3488 2199 non
3517 2143 3732 2212 fraude,
3751 2145 3837 2202 sed

2246 2231 2458 2288 defectu
2493 2233 2856 2305 intelligentiae
2893 2236 3198 2306 protulisse.
3228 2235 3350 2290 Vim
3390 2237 3590 2308 quippe
3617 2254 3720 2308 ego
3753 2254 3840 2294 voc

2247 2323 2484 2394 luptatis,
2515 2327 2685 2396 ipsam
2721 2327 2892 2382 virilis
2917 2329 3158 2398 corporis
3189 2329 3452 2384 rationem
3479 2331 3836 2399 pronuntiavi,

2246 2415 2334 2469 cui
2361 2431 2584 2472 necesse
2626 2417 2786 2472 habui
2824 2418 3089 2474 virilitatis
3133 2434 3329 2474 nomen
3379 2420 3684 2491 imponere.
3727 2423 3836 2496 Ipsa

2247 2521 2374 2576 ergo
2403 2507 2548 2578 (quia
2581 2509 2824 2564 trivimus
2841 2510 2950 2580 jam
2979 2509 3082 2564 hoc
3105 2510 3364 2583 verbum)
3393 2511 3640 2578 virilitas,
3671 2514 3722 2568 in
3749 2530 3835 2584 ge-

2245 2597 2488 2651 nitalium
2519 2607 2574 2652 et
2600 2599 2862 2654 viscerum
2891 2615 3146 2671 compage
3171 2615 3234 2656 ac
3263 2601 3490 2658 sanitate
3519 2605 3836 2670 consistens,

2245 2705 2366 2758 qua:
2391 2699 2447 2745 et
2487 2695 2807 2762 appetentius
2837 2703 2892 2748 et
2917 2693 3220 2749 efficientia:
3257 2694 3402 2750 vires
3441 2695 3732 2764 ministrat,
3767 2699 3840 2752 vis

2245 2793 2276 2832 a
2306 2795 2393 2836 me
2412 2782 2698 2852 voluptatis
2719 2793 2774 2838 et
2799 2785 3246 2854 concupiscentiae
3273 2787 3548 2841 nominata
3575 2797 3680 2842 est.
3721 2788 3840 2846 Ideo

2245 2873 2392 2927 enim
2419 2889 2524 2928 non
2556 2875 2888 2945 voluptatem
2925 2877 3260 2947 simpliciter,
3285 2879 3380 2934 sed
3421 2880 3529 2934 vim
3557 2881 3842 2953 voluptatis

2245 2964 2517 3033 appellare
2543 2967 2728 3034 malui,
2761 2975 2819 3022 ut
2845 2968 3150 3024 universum
3189 2970 3339 3024 illum
3379 2971 3652 3040 ardorem,
3679 2975 3769 3044 qui
3791 2983 3844 3030 et

2243 3061 2370 3108 ante
2397 3069 2552 3125 opus,
2581 3065 2636 3110 et
2671 3057 2722 3110 in
2765 3072 2928 3127 opere
2962 3059 3209 3124 sentitur,
3260 3061 3626 3117 ostenderem.
3664 3063 3841 3132 Neque

2243 3145 2384 3198 enim
2409 3146 2671 3202 debilitati
2697 3150 3019 3219 genitalibus
3044 3151 3333 3218 membris,
3365 3153 3418 3208 id
3445 3161 3529 3210 est
3555 3154 3836 3226 spadones,

2243 3249 2429 3291 semen
2473 3237 2708 3306 habent;
2759 3257 2880 3296 cum
2921 3252 3068 3298 certe
3115 3244 3432 3313 quibusdam
3485 3245 3684 3304 favillis
3729 3264 3842 3304 mo-

2243 3335 2472 3382 veantur
2511 3329 2684 3400 ignis1
2731 3333 3024 3388 exstincti:
3061 3341 3118 3388 at
3161 3351 3290 3390 vero
3337 3339 3592 3407 quoniam
3652 3341 3842 3397 virtute

2243 3421 2495 3489 partium,
2523 3438 2750 3492 quarum
2785 3425 3086 3482 ministerio
3125 3427 3487 3484 conficiuntur
3511 3431 3580 3486 de
3621 3433 3840 3490 internis

2243 3509 2558 3568 humoribus
2583 3515 2812 3582 semina,
2843 3517 3066 3586 speciali
3106 3517 3384 3576 debilitate
3423 3533 3736 3589 caruerunt,
3757 3540 3842 3595 ge-

2243 3605 2582 3660 nerationum
2633 3623 2742 3662 nou
2791 3609 2924 3664 fiunt
2983 3619 3254 3680 potentes.
3303 3612 3393 3668 Sic
3439 3629 3568 3686 ergo
3616 3616 3842 3672 instituit

2243 3695 2406 3758 Deus.
2436 3706 2495 3752 ut
2519 3707 2662 3752 esset
2687 3699 2767 3754 vis
2795 3700 2848 3753 in
2877 3715 3125 3770 corpore,
3155 3719 3274 3771 quae
3303 3705 3556 3774 legitimis
3580 3707 3838 3776 explicata

2245 3789 2602 3858 temporibus,
2634 3791 2679 3846 si
2721 3791 2980 3848 adfuisset
3021 3794 3246 3861 sanitas,
3271 3795 3339 3849 ad
3371 3795 3728 3854 fecunditatis
3755 3815 3840 3854 va-

2241 3879 2461 3935 lentiam
2508 3885 2830 3951 perveniret.
2873 3881 3242 3940 Conficiuntur
3283 3887 3462 3956 itaque
3503 3887 3556 3941 in
3597 3892 3838 3960 corpori-

2241 3969 2342 4026 bus
2363 3973 2591 4030 semina.
2621 3983 2844 4029 maturae
2873 3976 3168 4044 pubertatis
3199 3978 3404 4048 adjutu.
3433 3979 3562 4036 inde
3581 3991 3671 4038 est
3697 3985 3834 4052 quod

2242 4062 2550 4132 impuberes
2595 4065 2835 4120 stimulat
2862 4066 3072 4137 quidem
3119 4083 3403 4141 praecoqua
3449 4073 3722 4143 voluptas,
3749 4075 3836 4131 sed

2241 4156 2360 4210 sine
2381 4171 2644 4212 annorum
2675 4158 2883 4228 legibus
2909 4161 3104 4215 sterilis
3125 4163 3380 4219 scintillat
3399 4167 3672 4222 accensio.
3689 4168 3836 4235 Quod

2241 4255 2418 4301 autem
2439 4263 2562 4302 cum
2589 4247 2863 4318 voluptate
2887 4251 3092 4306 semina
3120 4253 3466 4323 misceantur,
3483 4272 3678 4313 verum
3697 4259 3836 4329 quod

2241 4339 2344 4393 alia
2365 4341 2434 4394 sit
2459 4339 2708 4410 voluptas
2733 4358 2852 4412 quae.
2880 4345 3128 4400 sensibus
3157 4357 3494 4417 supernatat,
3523 4351 3630 4406 alia
3661 4354 3832 4409 uisce-

2239 4445 2358 4484 rum
2383 4430 2608 4487 interior
2633 4441 2686 4486 ct
2713 4433 2926 4488 effectui
2959 4436 3200 4505 propior,
3219 4438 3362 4507 apud
3385 4439 3720 4497 medicorum
3751 4459 3838 4498 au-

2239 4528 2418 4576 ctores
2439 4521 2697 4577 latissime
2725 4523 3062 4594 disputatur,-
3091 4527 3230 4583 unde
3269 4529 3361 4585 ille
3391 4531 3555 4586 etiam
3597 4533 3837 4590 Mantua-

2241 4630 2343 4670 nus
2386 4625 2542 4685 poeta
2585 4619 2904 4673 naturalium
2943 4620 3160 4690 gnarior
3199 4637 3358 4692 quam
3403 4625 3836 4698 pliilOSOphaster

2241 4707 2554 4776 Pteuorum,
2583 4712 2754 4767 macie
2781 4713 2956 4782 signat
2979 4724 3222 4769 armenta
3259 4719 3488 4785 tenuari,
3515 4721 3686 4776 utubi
3711 4737 3838 4778 con-

2241 4799 2451 4854 cubitus
2495 4801 2695 4869 primos
2724 4803 2967 4873 voluptas
2993 4813 3116 4858 nota
3153 4806 3432 4875 soilicitat,
3461 4819 3518 4865 et
3563 4811 3835 4869 frondibus

2241 4899 2524 4944 arceantur
2551 4901 2606 4946 et
2653 4891 2904 4948 fontibus.
2939 4893 3094 4964 Saepe
3133 4897 3282 4950 etiam
3309 4914 3464 4954 cursu
3507 4905 3766 4972 quatiunt,
3795 4913 3838 4959 ct

2241 4980 2347 5033 sole
2370 4981 2624 5051 fatigant;
2651 4999 2766 5036 cum
2793 4987 3011 5054 graviter
3037 4988 3200 5042 tunsis
3227 5003 3350 5042 area
3382 4993 3538 5062 gemit
3581 4993 3833 5065 frugibus,

2241 5081 2288 5126 et
2321 5074 2448 5126 leues
2492 5074 2651 5142 palea:
2693 5076 2900 5144 ﬂatibus
2937 5075 3240 5144 efferuntur.
3289 5079 3404 5135 Hoc
3439 5083 3578 5152 ideo,
3609 5102 3674 5140 ne
3715 5088 3836 5142 lunt

2241 5166 2396 5218 nimio
2425 5182 2546 5220 usus
2573 5167 2836 5222 obtunsior
2864 5171 2928 5223 sit
2956 5173 3166 5242 genitali
3195 5189 3338 5241 arvo,
3367 5185 3416 5229 et
3435 5177 3606 5232 sulcos
3635 5181 3838 5235 oblimet

2239 5257 2427 5312 inertes
2453 5273 2472 5312 :
2512 5259 2600 5312 sed
2645 5260 2922 5316 siccitatem
2941 5265 3246 5332 quamdam
3290 5278 3486 5322 secreta
3533 5271 3836 5340 patiantur;

2241 5348 2410 5418 sicque
2437 5351 2607 5418 rapiat
2633 5351 2807 5406 sitiens
2831 5369 3079 5419 uenerem,
3100 5357 3408 5427 interiusque
3427 5363 3674 5417 recondat
3699 5363 3822 5436 (Vir

2239 5442 2356 5511 gil.,
2383 5441 2566 5514 Georg.
2595 5443 2684 5498 lib.
2711 5445 2763 5510 '5,
2794 5461 2924 5500 vers.
2953 5447 3240 5522 150-157).
3279 5449 3472 5507 Verum
3505 5455 3558 5508 in
3591 5455 3680 5512 his
3699 5473 3831 5528 quo-

2240 5548 2363 5602 que,
2395 5547 2498 5588 non
2523 5535 2748 5590 multum
2773 5551 2950 5594 causae
2981 5539 3320 5608 necessariis,
3343 5557 3570 5602 acumen
3595 5545 3836 5604 hominis

2240 5633 2457 5680 notasse
2483 5625 2730 5680 sufficiat.

2307 5763 2327 5855 ζ
2444 5759 3093 5890 ﬁgitﬁgitqu
3113 5779 3220 5832 ipsa
3239 5769 3512 5820 condiantur
3531 5773 3579 5822 et
3600 5781 3828 5836 corpora.
