3980 6500
246 392 391 451 ιμι

328 503 464 560 Anc.
490 499 926 570 Vcrbatua,qu:e
955 513 1040 556 me
1067 492 1475 568 prmtermisisse
1501 494 1655 563 dicis,
1687 509 1845 565 quam

251 611 399 651 vana
425 596 553 663 sint,
584 593 714 649 satis
742 592 986 663 superius
1011 591 1373 647 demonstravi
1405 608 1418 643 :
1449 589 1589 661 quod
1621 587 1849 642 fortasse

250 686 390 741 vidit
412 685 575 741 etiam
605 684 692 739 ille
720 682 812 754 qui
838 682 1131 738 chartulam
1177 682 1342 751 misit,
1372 690 1426 738 et
1457 680 1550 737 tibi
1579 676 1849 750 parcendo

252 779 446 833 eadem
473 775 833 845 praetermisit.
863 774 1015 844 Quod
1050 786 1226 831 autem
1256 775 1325 832 de
1355 775 1409 830 vi
1449 771 1736 844 voluptatis
1780 771 1797 802 ¹
1826 810 1843 837 ,

252 886 419 941 quam
450 867 825 924 confectricem
853 868 1115 924 seminum
1155 884 1276 924 esse
1314 868 1537 932 dixisti,
1579 865 1740 919 homo
1769 863 1850 918 lo-

250 962 608 1033 quacissimus
638 962 850 1015 inventa
898 960 1179 1015 occasione
1223 959 1516 1031 loquaciter
1562 956 1800 1027 disputas
1826 996 1844 1023 ,

254 1072 365 1112 non
394 1070 527 1125 opus
551 1053 725 1111 habeo
749 1055 1001 1110 resistere
1026 1055 1120 1111 tibi
1144 1073 1158 1110 :
1178 1055 1295 1110 haec
1314 1055 1456 1110 enim
1486 1069 1592 1109 non
1620 1053 1846 1107 multum

254 1164 383 1205 csse
410 1162 583 1203 causa:
607 1147 932 1213 necessaria,
962 1148 1121 1201 etiam
1144 1147 1259 1217 ipse
1291 1162 1701 1202 commemoras.
1735 1145 1847 1215 Ego

255 1243 456 1314 quippe
479 1241 584 1295 vim
612 1240 899 1311 voluptatis
924 1254 1235 1309 acceperam
1268 1248 1319 1294 te
1347 1238 1566 1310 intelligi
1591 1238 1843 1304 voluisse,

257 1352 369 1406 qua
400 1335 636 1404 voluptas
659 1332 859 1405 aliquid
886 1332 1062 1389 facere
1101 1342 1313 1403 posset,
1344 1348 1450 1388 non
1475 1348 1579 1403 qua
1608 1332 1722 1402 ipsa
1747 1329 1846 1386 fie-

255 1435 367 1481 ret.
396 1426 483 1481 Sic
519 1425 662 1480 enim
688 1425 923 1480 solemus
958 1423 1125 1495 loqui,
1157 1432 1217 1479 ut
1244 1424 1350 1479 vim
1375 1424 1452 1479 rei
1476 1423 1733 1495 cujusque
1760 1421 1845 1477 di-

252 1531 462 1583 camus,
486 1530 592 1587 qua
614 1515 760 1571 valet
785 1523 843 1572 ut
869 1515 1071 1587 aliquid
1098 1514 1287 1583 faciat,
1309 1530 1416 1571 non
1446 1530 1547 1586 qua
1576 1514 1718 1571 valet
1741 1514 1845 1569 alia

254 1625 349 1665 res
376 1624 494 1679 qua:
531 1608 703 1680 ipsam
746 1608 891 1664 facit.
932 1608 1011 1665 Tu
1060 1618 1256 1675 autem,
1288 1620 1348 1664 ut
1374 1622 1516 1664 nunc
1547 1615 1638 1664 tua
1683 1608 1848 1665 verba

251 1700 574 1771 exposuisti,
603 1701 711 1755 vim
737 1699 1027 1770 voluptatis
1057 1707 1109 1755 te
1135 1699 1335 1756 dixisse
1363 1700 1577 1767 asseris,
1608 1713 1714 1771 qua
1752 1713 1847 1755 vo—

251 1792 432 1864 luptas
458 1790 601 1849 efﬂet
628 1801 824 1865 potest,
855 1808 962 1848 non
989 1808 1092 1863 qua
1123 1791 1285 1848 efﬁcit
1311 1793 1421 1863 ipsa
1463 1808 1581 1862 qua:
1628 1799 1843 1862 potest:

254 1892 509 1955 tanquam
547 1897 598 1940 ιλ
623 1884 733 1940 vim
759 1883 966 1940 diceres
991 1898 1112 1939 esse
1138 1883 1298 1955 ignis,
1328 1899 1431 1955 qua
1462 1884 1576 1955 ipse
1598 1882 1847 1939 accendi-

254 1986 348 2032 tur
373 1987 429 2032 ut
451 1978 552 2045 sit,
582 1993 707 2033 eum
732 1992 917 2032 omnes
938 1977 1181 2031 homines
1208 1977 1316 2031 vim
1345 1976 1524 2032 dicant
1546 1992 1666 2034 esse
1689 1978 1844 2048 ignis,

253 2070 527 2142 qua'urit.
577 2070 664 2126 vel
702 2069 943 2126 calefacit
967 2084 1318 2140 quaecumque
1349 2070 1596 2140 potuerit.
1630 2069 1849 2125 lnsolito

254 2162 421 2232 igitur
444 2176 596 2217 more
622 2162 831 2217 locutus
865 2176 925 2217 es
953 2178 966 2214 :
999 2160 1094 2216 sed
1137 2160 1262 2232 quid
1290 2160 1358 2216 ad
1383 2162 1521 2216 nos?
1552 2161 1850 2231 Utcumque

253 2254 562 2323 didicimus,
597 2255 686 2310 ubi
712 2254 779 2310 de
809 2270 870 2309 re
903 2262 1134 2320 constat,
1159 2270 1268 2309 non
1293 2265 1500 2309 certare
1542 2253 1610 2309 de
1649 2253 1846 2309 verbis.

253 2346 520 2402 Convertit
566 2345 710 2402 enim
751 2346 906 2402 nobis
928 2386 945 2411 ,
977 2360 1084 2400 non
1115 2344 1286 2400 solum
1319 2344 1563 2400 homines
1591 2343 1660 2400 de
1688 2344 1850 2400 semi-

255 2438 451 2504 nibus,
493 2436 589 2493 sed
633 2438 746 2507 ipsa
774 2437 933 2491 etiam
965 2436 1191 2502 semina,
1223 2448 1386 2505 opera
1414 2435 1511 2491 Dei
1540 2449 1684 2502 esse,
1711 2450 1848 2506 quo-

256 2546 492 2602 cumque
529 2529 827 2585 elliciantur
853 2529 1050 2596 modo;
1082 2544 1149 2584 ne
1177 2527 1428 2601 physicos
1455 2529 1540 2584 vel
1568 2528 1806 2584 medicos
1829 2568 1849 2596 ,

256 2622 353 2677 vel
378 2622 535 2677 etiam
560 2630 766 2692 poetas,
798 2621 886 2676 ubi
932 2620 1061 2676 nihil
1100 2636 1235 2692 opus
1263 2630 1380 2687 est,
1410 2630 1573 2677 testes
1598 2620 1853 2675 adhibea-

256 2729 420 2778 mus;
446 2723 534 2767 aut
555 2712 941 2768 contendamus
965 2711 1245 2783 quomodo.
1259 2712 1329 2766 sit
1348 2711 1697 2783 loquendum,
1725 2726 1848 2766 cum

254 2804 313 2860 id
346 2814 561 2876 propter
586 2805 727 2875 quod
758 2804 1044 2875 loquimur,
1076 2804 1233 2859 ambo
1262 2820 1445 2860 verum
1484 2819 1606 2860 esse
1648 2804 1849 2860 sentia-

254 2910 402 2971 mus,
431 2895 483 2950 id
512 2905 614 2963 est,
646 2895 740 2951 Dei
767 2910 928 2965 opera
957 2910 1077 2950 esse
1107 2896 1311 2951 semina
1345 2896 1585 2950 omnium
1631 2905 1851 2952 natura-

255 3001 403 3042 rum.
450 2985 554 3042 Sed
589 2986 781 3042 falsum
828 2995 912 3043 est
954 2986 1096 3057 quod
1135 2986 1261 3043 hinc
1289 2987 1498 3043 conaris
1524 2987 1809 3059 ostendere
1831 3028 1849 3056 ,

254 3078 383 3134 ideo
431 3079 572 3134 nulla
610 3093 734 3135 esse
777 3079 903 3134 vitia
946 3079 1234 3147 seminum,
1293 3080 1414 3150 quia
1469 3080 1607 3135 Deus
1642 3095 1851 3136 summe

254 3171 432 3228 bonus
459 3182 541 3227 est
567 3170 811 3227 conditor
836 3171 1097 3228 seminum
1129 3171 1302 3242 :quod
1330 3188 1436 3228 non
1461 3171 1689 3239 diceres,
1719 3173 1764 3228 si
1785 3188 1851 3230 eo

254 3263 423 3320 modo
449 3265 709 3319 rationem
730 3262 991 3318 seminum
1023 3276 1210 3317 nosses
1235 3263 1278 3330 ³,
1307 3259 1576 3333 quomodo
1599 3278 1718 3319 eam
1749 3277 1850 3318 no-

256 3366 416 3413 verat
460 3358 550 3427 qui
594 3356 825 3423 dicebat,
862 3354 1029 3410 Homo
1056 3354 1266 3408 vanitati
1308 3355 1488 3409 similis
1531 3359 1697 3427 factus
1737 3363 1852 3421 est;

256 3456 421 3519 atque
441 3458 497 3503 ut
522 3447 626 3504 hoc
647 3450 815 3518 ipsam
845 3455 1110 3512 naturam,
1141 3462 1260 3517 qua:
1284 3445 1337 3501 in
1358 3448 1529 3516 ipsam
1561 3448 1853 3525 mortalita-

257 3551 371 3597 tem
412 3541 556 3611 lapsa
594 3549 696 3607 est,
743 3539 1003 3595 meruisse
1030 3538 1269 3606 doceret,
1297 3538 1545 3605 addebat,
1592 3538 1714 3593 Dies
1742 3540 1852 3611 ejus

256 3634 391 3687 sicut
427 3633 607 3686 umbra
642 3640 944 3703 prmtereunt
984 3629 1156 3703 (Psal.
1200 3646 1381 3700 cxun,
1404 3631 1463 3702 4)
1498 3646 1662 3687 :cum
1692 3631 1854 3687 sciret

258 3724 534 3780 hominem
564 3723 629 3778 ad
656 3723 749 3778 Dei
774 3722 1175 3779 similitudinem
1198 3723 1416 3789 factum,
1455 3731 1509 3778 et
1536 3733 1711 3779 tamen
1739 3723 1856 3780 dis-

260 3824 514 3872 cerneret
547 3815 614 3870 ab
666 3812 1000 3870 institutione
1040 3813 1219 3869 divina
1258 3814 1561 3885 depravata:
1603 3814 1853 3872 humanae

256 3906 485 3978 originis
530 3906 741 3961 vitium.
798 3904 950 3974 Quod
997 3906 1050 3960 in
1106 3906 1234 3976 ipsis
1281 3922 1493 3977 quoque
1529 3908 1635 3963 tuis
1673 3907 1851 3964 verbis

256 3997 455 4067 quibus
486 4011 573 4051 me
597 3995 950 4064 momordisti,
977 3995 1159 4051 videre
1183 3994 1436 4051 debuisti.
1466 3995 1652 4051 Dixisti
1684 3998 1849 4068 enim,

266 4085 460 4142 Verum
484 4088 538 4141 in
564 4087 645 4142 his
673 4103 887 4158 quoque,
920 4102 1020 4141 non
1051 4086 1268 4141 multant
1304 4103 1471 4143 eam
1508 4089 1802 4144 necessariis
1832 4131 1850 4157 ,

259 4197 473 4235 acumen
514 4180 730 4235 hominis
769 4190 968 4236 notasse
1003 4179 1256 4247 snﬂ'ecerit
1276 4197 1296 4235 :
1325 4180 1611 4236 obtunsum
1640 4197 1726 4238 me
1751 4182 1855 4237 sci-

260 4270 395 4327 licet
418 4287 534 4327 esse
561 4272 883 4344 significans,
912 4273 1032 4343 quia
1060 4271 1356 4343 intelligere
1382 4289 1487 4327 non
1521 4273 1668 4344 potui
1698 4273 1852 4329 locu-

267 4363 469 4417 tionem
499 4372 637 4419 tuam
669 4364 721 4419 in
750 4363 911 4419 rebus
938 4378 1046 4419 non
1071 4364 1296 4419 multum
1318 4378 1494 4419 causae
1514 4366 1851 4435 necessariis,

265 4463 332 4510 ut
357 4453 554 4511 fateris.
577 4456 685 4528 Ego
712 4465 890 4511 autem
916 4456 1130 4527 requiro
1155 4472 1185 4511 a
1214 4467 1285 4523 te,
1318 4455 1460 4511 unde
1486 4456 1730 4513 homines
1760 4473 1855 4513 na-

265 4560 495 4605 scuntur
517 4552 721 4607 obtunsi
753 4571 766 4607 :
799 4568 972 4624 neque
997 4553 1138 4608 enim
1170 4553 1247 4608 sic
1275 4553 1387 4623 ipse
1412 4552 1670 4608 obtunsus
1696 4568 1754 4607 es
1783 4551 1804 4583 ⁸
1834 4594 1850 4623 ,

265 4654 330 4699 ut
356 4646 623 4714 pertinere
650 4645 714 4700 ad
749 4656 992 4701 naturam
1034 4661 1196 4717 neges
1224 4646 1308 4701 vel
1335 4645 1560 4700 obtunsa
1593 4643 1807 4716 ingenia
1834 4686 1850 4713 ,

259 4736 354 4792 vel
381 4744 533 4791 acuta
565 4754 578 4792 :
604 4738 846 4808 quamvis
869 4747 925 4793 et
948 4747 1105 4792 acuta
1148 4738 1282 4809 ipsa,
1315 4736 1450 4792 sicut
1474 4736 1585 4807 jam
1610 4736 1665 4791 in
1690 4752 1851 4807 supe-

258 4831 498 4887 rioribus
541 4831 809 4896 diximus,
857 4838 1075 4901 propter
1116 4829 1219 4884 hoc
1262 4829 1611 4899 corruptihile
1660 4844 1855 4899 corpus

259 4923 409 4993 quod
437 4932 687 4993 aggravat
713 4923 943 4977 animam
972 4921 1130 4992 (Sap.
1170 4937 1245 4989 1x,
1272 4921 1385 4991 15),
1416 4921 1461 4975 si
1492 4920 1648 4991 primi
1679 4921 1855 4976 homi-

259 5014 351 5070 nis
396 5014 607 5085 ingenio
650 5024 1047 5085 comparentur,
1093 5013 1321 5067 obtunsa
1363 5012 1497 5077 sint;
1544 5013 1634 5082 qui
1676 5013 1856 5083 utique

265 5124 377 5165 non
421 5108 526 5164 tale
562 5123 758 5178 corpus
785 5116 1082 5177 acceperat,
1115 5112 1171 5159 ut
1199 5105 1291 5160 illo
1317 5104 1432 5175 ejus
1456 5106 1631 5160 anima
1658 5122 1854 5178 grava-

262 5208 436 5255 retur.
469 5200 548 5254 Ac
571 5199 648 5254 sic
677 5207 730 5254 et
758 5214 856 5269 ego
884 5198 1264 5269 distinguerem
1296 5197 1347 5251 in
1394 5207 1579 5251 natura
1624 5196 1857 5255 hominis

262 5292 441 5362 qualis
480 5306 622 5346 nunc
667 5299 768 5357 est,
804 5289 931 5361 quid
955 5290 1115 5344 distet
1154 5289 1294 5342 inter
1337 5287 1536 5360 ingenii
1579 5289 1766 5342 vitium
1802 5298 1858 5344 et
1938 5328 1943 5333 -

266 5384 406 5441 tanti
447 5383 668 5440 artificis
700 5383 1001 5457 opificium;
1043 5384 1126 5439 cui
1167 5382 1353 5455 procul
1381 5382 1544 5439 dubio
1573 5398 1679 5439 non
1709 5392 1857 5441 recte

334 5521 353 5553 ι
387 5520 875 5592 vign.,guodautem
896 5520 959 5572 de
990 5517 1241 5583 voluptate.
1277 5526 1405 5582 Mss,
1436 5516 1566 5581 quat
1594 5524 1754 5570 autem
1796 5520 1859 5572 de

263 5583 615 5707 mro
644 5656 701 5696 eo
720 5641 1097 5695 moderatiomm
1126 5653 1300 5693 nosses.
1325 5644 1627 5706 castigantur
1651 5656 1718 5695 ex
1753 5655 1856 5697 ma-

266 5708 779 5834 llu'isclt'tlicp"itast'sctor'itate
805 5768 1239 5831 manuscripton
1254 5770 1545 5833 restituitur,
1569 5767 1865 5834 nequedum

269 5845 461 5897 stctpsc
484 5831 711 5887 obtunsus
728 5844 798 5885 es.

1644 378 1847 440 LIBER
1881 376 2198 451 QUINTUS.

3406 390 3430 449 1
3446 392 3544 451 ΜΞ

1954 494 2078 548 vitia
2122 495 2442 569 tribuuntur,
2473 510 2864 575 quatacumque
2903 502 3044 574 sint,
3075 503 3424 562 humanorum
3452 508 3539 562 in-

1954 585 2229 654 geniorum
2265 607 2279 643 :
2311 598 2367 644 ut
2390 607 2488 662 per
2514 592 2651 649 hanc
2674 595 2910 667 regulam
2946 596 3119 654 discas
3148 596 3216 652 ab
3242 598 3358 669 ejus
3382 598 3541 654 insti-

1956 675 2159 731 tutione
2208 678 2516 740 discernere
2544 726 2560 751 ,
2612 689 2851 756 quamvis
2896 690 3235 759 congenitum
3289 687 3535 759 homini,

1953 768 2207 838 originale
2255 786 2564 842 peccatum;
2598 792 2697 833 nec
2723 778 2844 836 ideo
2873 795 3035 852 neges
3059 797 3199 852 esse,
3245 783 3364 854 quia
3395 782 3539 840 Deus

1954 859 2195 917 homines
2222 861 2365 931 facit,
2394 866 2483 935 qui
2512 878 2785 935 peccatum
2809 887 2913 926 non
2936 871 3088 942 facit;
3118 874 3255 929 sicut
3283 889 3390 929 non
3416 873 3538 931 ideo

1952 953 2190 1024 neganda
2218 964 2339 1010 sunt
2367 957 2593 1028 ingeniis
2624 961 2895 1019 hominum
2933 967 3214 1036 congenita
3236 967 3383 1032 vitia,
3409 967 3534 1037 quia

1959 1046 2104 1102 Deus
2150 1046 2396 1104 homines
2424 1049 2583 1119 facit,
2614 1069 2643 1107 a
2683 1054 2834 1124 cujus
2880 1067 2995 1112 arte
3029 1057 3205 1112 divina
3232 1058 3249 1088 ¹
3278 1057 3537 1114 vitiositas

1953 1148 2037 1195 est
2061 1141 2234 1195 omnis
2262 1142 2452 1197 aliena.
2482 1143 2571 1199 Sic
2611 1155 2787 1200 autem
2820 1147 2964 1201 novit
2993 1147 3133 1204 Deus
3162 1148 3299 1205 bene
3327 1148 3538 1220 operari

1953 1233 2199 1291 homines
2225 1235 2293 1291 de
2319 1235 2612 1291 substantia
2632 1247 2847 1309 peccato
2862 1239 3065 1308 vitiata,
3089 1240 3537 1312 quemadmodum

1951 1326 2097 1382 novit
2122 1326 2261 1383 bene
2289 1328 2497 1398 operari
2540 1328 2607 1384 de
2651 1329 2779 1399 ipsis
2816 1333 3046 1401 peccatis
3072 1330 3367 1397 hominum,
3400 1344 3535 1401 quo-

1950 1432 2072 1473 rum
2095 1428 2221 1474 sunt
2244 1419 2371 1473 vitia
2398 1419 2714 1476 voluntaria.
2744 1420 2997 1477 Videmus
3017 1423 3158 1478 enim
3184 1432 3378 1493 quanta
3398 1422 3538 1478 bona

1950 1518 2201 1578 operatus
2236 1510 2306 1564 sit
2327 1509 2396 1565 de
2415 1519 2631 1580 peccato
2659 1511 2904 1579 fratrum,
2922 1512 3014 1583 qui
3043 1512 3260 1567 fratrem
3285 1527 3377 1582 per
3401 1512 3541 1566 invi-

1951 1597 2185 1655 dentiam
2235 1599 2587 1656 vendiderunt
2634 1601 2787 1674 (Gen.
2830 1604 3135 1676 xxxvii-1.);
3163 1612 3217 1659 et
3243 1603 3344 1659 alia
3374 1602 3541 1658 multa

1950 1690 2141 1758 quibus
2170 1705 2335 1746 sacris
2361 1691 2579 1759 Litterae
2607 1691 2779 1762 plena:
2807 1704 2953 1749 sunt.

2025 1781 2138 1837 ΧΠ.
2169 1782 2286 1839 JUL.
2320 1782 2520 1839 Verum
2545 1784 2781 1841 demiror
2821 1786 3018 1858 ubique
3046 1786 3403 1842 constantiam
3432 1785 3544 1843 dis-

1953 1874 2222 1942 putantis,
2270 1874 2360 1945 qui
2388 1875 2695 1945 pronuntiat
2731 1879 2925 1931 semina
2960 1895 2993 1932 a
3041 1876 3145 1933 Deo
3186 1894 3301 1933 vero
3338 1877 3544 1933 condita

1952 1981 2078 2032 esse,
2106 1983 2139 2019 α
2164 1982 2262 2036 quo
2290 1966 2574 2021 conduntur
2599 1976 2646 2021 et
2674 1984 2889 2039 corpora
2908 2008 2925 2036 ,
2965 1970 3077 2024 licet
3122 1986 3237 2024 cum
3284 1970 3544 2040 voluptate

1952 2057 2262 2111 emittantur.
2292 2055 2506 2113 Semina
2536 2074 2665 2130 ergo
2689 2074 2720 2113 a
2746 2059 2855 2115 Deo
2888 2060 3001 2116 lieri
3024 2061 3328 2128 confitetur,
3352 2060 3406 2113 in
3426 2059 3544 2130 qui-

1953 2147 2053 2205 bus
2082 2164 2202 2205 esse
2243 2150 2372 2205 dicit
2414 2151 2736 2207 diabolieum
2784 2152 3018 2219 malum;
3050 2161 3104 2209 et
3133 2168 3240 2209 non
3267 2151 3541 2209 erubescit

1953 2240 2173 2298 credere
2201 2257 2233 2297 a
2258 2242 2373 2298 Deo
2403 2243 2519 2300 fieri
2543 2245 2763 2313 malum,
2792 2245 2935 2315 quod
2964 2246 3338 2303 innocentibus
3364 2246 3542 2317 impu-

1955 2340 2114 2388 tetur.
2560 2328 2569 2335 ’

2025 2429 2161 2485 Anc.
2190 2429 2232 2483 A
2263 2428 2375 2485 Deo
2404 2444 2510 2484 non
2552 2430 2612 2485 fit
2650 2430 2882 2497 malum,
2928 2431 3140 2502 quando
3181 2432 3241 2488 fit
3288 2433 3355 2489 de
3400 2433 3545 2490 malo

1955 2521 2180 2578 bonum.
2208 2522 2400 2577 Malum
2432 2533 2514 2579 est
2542 2524 2684 2579 enim
2710 2525 2778 2580 de
2806 2534 3024 2596 peccato
3062 2525 3282 2581 veniens
3323 2525 3546 2598 originis

1955 2619 2185 2687 vitium,
2235 2634 2355 2674 cum
2399 2634 2505 2689 quo
2548 2620 2784 2675 nascitur
2828 2619 2990 2675 homo
3020 2637 3035 2675 :
3062 2620 3259 2675 bonum
3302 2629 3385 2675 est
3411 2634 3548 2691 opus

1956 2708 2073 2777 Dei,
2104 2724 2210 2764 non
2238 2709 2356 2764 sine
2385 2709 2558 2776 malo;
2589 2709 2741 2780 cujus
2781 2710 2910 2765 mali
2949 2720 3129 2767 reatus
3156 2727 3262 2767 non
3289 2712 3547 2767 innocen-

1954 2799 2117 2865 tibus,
2148 2809 2204 2855 ut
2233 2799 2404 2868 dicis,
2449 2801 2542 2856 sed
2569 2801 2677 2857 reis
2703 2801 3030 2873 imputatur;
3064 2811 3122 2858 ut
3149 2803 3399 2874 quoniam
3444 2818 3544 2859 na-

1955 2890 2155 2947 scendo
2184 2901 2409 2947 tractum
2440 2902 2555 2959 est,
2599 2893 2931 2951 renascendo
2974 2895 3230 2950 solvatur.
3284 2894 3373 2952 Sic
3400 2897 3545 2951 enim

1956 2981 2170 3037 fuerunt
2209 2998 2395 3039 omnes
2452 2984 2659 3040 ratione
2711 2985 2931 3039 seminis
2982 2985 3035 3039 in
3091 2985 3285 3041 lumbis
3333 2986 3545 3057 Adam,

1955 3072 2167 3143 quando
2197 3072 2478 3129 damnatus
2506 3083 2588 3129 est
2608 3117 2624 3143 ,
2657 3084 2711 3130 ct
2731 3073 2850 3130 ideo
2875 3076 2991 3131 sine
3012 3076 3117 3130 illis
3137 3076 3415 3131 damnatus
3442 3093 3547 3133 non

1956 3171 2084 3230 est;
2142 3164 2589 3235 quemadmodum
2656 3164 2869 3221 fuerunt
2923 3165 3174 3223 Israelita:
3230 3170 3285 3223 in
3353 3168 3549 3226 lumbis

1954 3258 2206 3325 Abrahai,
2237 3259 2449 3330 quando
2478 3259 2773 3315 deoimatus
2801 3269 2884 3317 est
2903 3302 2918 3329 ,
2950 3268 3004 3316 et
3032 3260 3152 3315 ideo
3179 3261 3295 3317 sine
3323 3260 3426 3316 illis
3449 3261 3549 3317 de-

1955 3348 2181 3404 cimatus
2205 3364 2311 3404 non
2338 3358 2423 3405 est
2449 3348 2641 3422 (Helm.
2664 3366 2733 3405 vn
2754 3391 2768 3416 ,
2809 3349 2981 3425 5-10).
3010 3351 3197 3408 Melius
3219 3353 3359 3407 enim
3386 3368 3547 3423 quam

1957 3447 2034 3506 tu,
2068 3449 2327 3496 noverant
2355 3441 2614 3496 rationem
2642 3443 2859 3497 seminis
2884 3484 2899 3510 ,
2926 3444 3017 3514 qui
3048 3444 3146 3499 ista
3173 3443 3421 3499 dixerunt
3445 3484 3461 3512 ,
3493 3454 3551 3501 et

1957 3529 2148 3586 litteris
2185 3530 2441 3586 mandare
2483 3542 2771 3601 curarunt,
2818 3548 2937 3605 quae
2983 3534 3035 3588 in
3071 3534 3269 3590 Christi
3308 3534 3548 3591 Ecclesia

1958 3624 2263 3695 legerentur
2283 3667 2301 3692 ,
2332 3625 2386 3679 in
2416 3640 2518 3695 qua
2548 3625 2570 3655 ²
2602 3637 2954 3682 renascuntur
2980 3643 3043 3684 ex
3076 3628 3246 3685 Adam
3283 3630 3393 3685 nati
3412 3672 3429 3698 ,
3480 3642 3553 3686 ne

1958 3726 2270 3772 remaneant
2298 3718 2350 3773 in
2382 3718 2473 3773 illa
2500 3720 2667 3790 stirpe
2694 3719 2952 3776 damnati.

2031 3806 2169 3863 Xlll.
2184 3807 2304 3864 Jun.
2319 3808 2507 3865 Libido
2532 3810 2664 3865 nihil
2676 3812 2885 3879 attinet,
2900 3812 3091 3883 inquit,
3106 3813 3172 3869 ad
3184 3813 3408 3882 semina,
3422 3815 3547 3887 quia

1960 3899 2098 3955 facta
2125 3908 2207 3954 est
2232 3915 2262 3953 a
2278 3899 2491 3957 diabolo
2508 3921 2520 3956 :
2536 3901 2662 3958 huic
2676 3912 2851 3960 autem
2868 3903 3071 3960 libidini
3102 3907 3341 3962 serviunt
3361 3907 3549 3979 conju-

1958 4008 2071 4063 ges;
2087 3992 2291 4049 semina
2304 4004 2480 4051 autem
2508 4005 2561 4050 et
2579 3998 2828 4067 parvulos
2847 3996 2915 4053 de
2930 3999 3223 4056 seminibus
3242 4000 3367 4056 facit
3384 4001 3547 4060 Deus.

1958 4082 2061 4139 Sed
2086 4100 2185 4141 nec
2209 4085 2285 4141 rei
2308 4092 2452 4153 sunt,
2477 4087 2665 4159 inquit,
2700 4105 2800 4145 nec
2841 4091 3133 4161 puniuntur
3157 4103 3427 4163 parentes,
3458 4095 3551 4166 qui

1957 4185 2119 4245 agunt
2146 4190 2279 4246 opus
2307 4176 2504 4233 diaboli
2536 4197 2550 4234 :
2581 4178 2769 4234 sceleri
2800 4190 2977 4237 autem
3009 4193 3061 4237 et
3084 4184 3357 4254 suppliciis
3383 4184 3548 4240 desti-

1958 4278 2154 4325 nantur
2183 4270 2410 4340 parvuli,
2440 4288 2576 4342 quos
2613 4273 2851 4329 condidit
2895 4275 3070 4342 Dens;
3124 4277 3550 4351 impunitumque

1958 4371 2041 4417 est
2069 4363 2208 4434 quod
2236 4364 2358 4419 fecit
2383 4364 2645 4433 diabolus,
2669 4366 2720 4421 id
2749 4378 2830 4423 est
2856 4367 3019 4423 libido
3043 4386 3057 4434 ;
3093 4385 3187 4439 per
3215 4371 3354 4441 quod
3380 4371 3545 4428 doce-

1958 4463 2047 4510 tur
2071 4455 2228 4523 bona,
2244 4472 2363 4527 quae
2389 4472 2487 4512 nec
2512 4458 2827 4529 supplicium
2855 4471 3089 4515 meretur
3113 4479 3125 4514 :
3156 4462 3249 4516 sed
3272 4472 3553 4521 accusatur

1960 4546 2344 4618 damnaturque
2364 4548 2506 4619 quod
2531 4550 2653 4605 facit
2680 4549 2846 4616 Deus;
2882 4566 2977 4620 per
3000 4551 3141 4621 quod
3182 4552 3403 4609 docetur
3428 4569 3549 4613 esse

1960 4639 2266 4704 scelestum,
2291 4641 2486 4712 quippe
2528 4641 2668 4712 quod
2694 4657 2723 4696 a
2752 4641 3033 4712 supplicio,
3077 4658 3175 4699 nec
3213 4646 3445 4701 auctoris
3466 4646 3550 4703 sui

1959 4743 2138 4804 potest
2184 4733 2387 4803 pudore
2417 4733 2656 4803 defendi;
2688 4736 3042 4807 credaturque
3072 4736 3173 4790 hoc
3199 4737 3446 4796 divinitas
3474 4740 3551 4796 fa-

1961 4840 2102 4893 cere,
2129 4828 2269 4898 quod
2310 4841 2409 4882 nec
2449 4837 2686 4883 extrema
2737 4829 2907 4899 possit
2948 4829 3213 4886 sustinere
3250 4832 3547 4901 captivitas.

1963 4919 2114 4975 llunc
2141 4918 2341 4976 habent
2366 4921 2587 4987 exitum,
2611 4921 2700 4991 qui
2732 4921 2966 4977 inferunt
2995 4923 3202 4979 veritati
3227 4925 3426 4980 bellmn
3452 4969 3467 4993 ,
3496 4935 3554 4983 ut

1962 5013 2092 5067 nihil
2141 5029 2245 5069 non
2295 5014 2535 5084 impium,
2591 5030 2695 5069 non
2752 5014 2995 5079 insanum
3050 5016 3375 5087 loquantur;
3421 5018 3548 5074 dum

1962 5115 2170 5162 constet
2195 5107 2316 5178 quia
2344 5107 2487 5162 nulla
2514 5106 2755 5162 oratione
2785 5107 3149 5163 innocentium
3177 5119 3347 5166 status
3372 5109 3465 5177 ita,
3497 5119 3554 5166 ut

1964 5207 2331 5254 accusatorum
2359 5214 2577 5253 suormn
2609 5198 2949 5269 profauitate,
2974 5184 3295 5256 defenditur.

2036 5293 2168 5347 Auc.
2222 5291 2485 5360 Numquid
2534 5291 2653 5345 idco
2696 5291 2887 5347 falsum
2918 5290 3049 5347 facis
3075 5308 3196 5347 esse
3225 5292 3365 5364 quod
3391 5292 3545 5362 dico,

1964 5384 2087 5454 quia
2125 5382 2257 5438 dicis
2307 5399 2392 5438 me
2435 5384 2614 5438 dicere
2640 5383 2783 5455 quod
2808 5399 2915 5438 non
2944 5383 3103 5439 dico?
3130 5382 3243 5454 Ego
3273 5383 3413 5438 enim
3441 5399 3552 5440 non

1964 5475 2085 5531 dico
2142 5475 2206 5531 ad
2253 5475 2455 5530 semina
2509 5475 2640 5529 nihil
2683 5475 2905 5530 attinere
2944 5474 3256 5541 libidinem,
3307 5475 3552 5546 quando-

1965 5567 2178 5640 quidem
2206 5581 2309 5622 non
2340 5577 2631 5623 nascuntur
2655 5567 2772 5623 sine
2812 5566 3063 5634 libidine,
3105 5565 3196 5638 qui
3234 5566 3415 5639 utique
3450 5581 3552 5625 na-

2016 5775 2033 5807 ι
2065 5768 2148 5820 Sic
2175 5778 2280 5820 Mss.
2299 5775 2350 5819 In
2374 5771 2420 5819 vi

2495 5803 2528 5830 .,
2551 5780 2665 5818 arce
2686 5765 2866 5819 diuina.

2017 5827 2041 5859 ²
2061 5833 2141 5883 Sic
2165 5831 2277 5883 Mss.
2305 5840 2362 5885 At

2447 5831 2519 5894 iti,
2542 5830 2594 5882 in
2613 5842 2722 5893 quo.
