3980 6480
639 313 664 370 Ι
675 312 780 368 445

638 436 856 483 scuntur
881 441 945 483 ex
973 427 1176 482 semine
1205 443 1218 479 :
1251 425 1344 482 sed
1372 425 1491 480 dico
1521 424 1686 477 Deum
1730 419 1942 492 operari
1972 418 2088 475 sine
2112 415 2222 470 ullo

639 534 736 578 suo
770 521 916 585 vitio,
945 519 1101 574 etiam
1135 523 1201 572 de
1230 521 1432 576 semine
1455 517 1656 571 vitiato.
1688 513 1798 568 Nec
1827 513 1947 568 dico
1976 525 2096 566 reos
2117 525 2222 564 non

637 627 776 672 esse,
805 620 858 663 et
885 625 989 666 non
1019 608 1188 679 puniri
1218 616 1492 678 parentes,
1527 605 1614 677 qui
1643 612 1806 678 agunt
1825 617 1958 672 opus
1981 601 2178 657 diaboli
2207 617 2220 654 :

637 701 728 756 sed
756 701 874 756 dico
906 718 1008 754 non
1039 715 1132 754 eos
1157 715 1314 770 agerc
1343 713 1478 769 Opus
1504 697 1724 760 diaboli,
1761 694 1973 767 quando
2006 701 2226 750 utuntur

635 791 852 848 libidine
879 807 979 844 non
1011 803 1224 861 propter
1254 791 1548 856 libidinem,
1581 789 1676 844 sed
1721 796 1938 858 propter
1981 786 2226 856 propagi-

635 903 777 947 nem.
811 887 885 944 Ita
915 888 1108 958 quippe
1157 887 1351 941 bonum
1396 900 1528 956 opus
1560 893 1643 940 est
1676 885 1813 938 bene
1861 881 1938 936 uti
1991 879 2223 935 libidinis

634 981 775 1036 malo
799 1023 814 1047 ,
845 979 986 1050 quod
1017 979 1215 1051 faciunt
1253 975 1559 1049 conjugati;
1593 977 1730 1029 sicut
1753 991 1783 1029 e
1810 972 2079 1028 contrario
2107 987 2223 1026 ma-

633 1069 738 1123 lum
781 1086 914 1140 opus
953 1078 1052 1133 est,
1098 1069 1233 1127 male
1260 1069 1334 1122 uti
1363 1065 1602 1136 corporis
1633 1066 1791 1129 bono,
1836 1063 1977 1134 quod
2022 1063 2223 1118 faciunt

633 1158 904 1228 impudici.
952 1161 1057 1214 Nec
1099 1161 1409 1229 impunitam
1445 1159 1564 1213 dico
1598 1173 1716 1211 esse
1759 1155 2030 1212 libidinem
2056 1197 2072 1222 ,
2103 1171 2222 1226 qua:

632 1264 751 1304 cum
786 1260 956 1305 morte
984 1252 1308 1316 destruetur,
1336 1251 1547 1322 quando
1585 1249 1808 1304 mortale
1835 1247 1934 1301 hoc
1975 1245 2223 1301 induetur

633 1341 1029 1396 immortalitate
1071 1343 1126 1414 (I
1150 1341 1268 1397 Cor.
1307 1359 1394 1408 xv,
1425 1343 1540 1411 5'5).
1576 1339 1692 1396 Non
1722 1339 1865 1394 enim
1900 1347 1982 1392 est
2022 1339 2121 1393 nisi
2167 1341 2219 1394 in

631 1449 856 1503 corpore
897 1435 1083 1492 mortis
1121 1435 1296 1504 hujus,
1326 1435 1392 1490 de
1419 1451 1524 1506 quo
1551 1433 1763 1489 liberati
1791 1433 2038 1502 cupiebat
2077 1433 2221 1504 Apo-

631 1528 800 1582 stolus
827 1525 1003 1600 (Rom.
1036 1545 1129 1595 vn,
1154 1527 1246 1601 24)
1275 1547 1286 1580 :
1319 1544 1416 1583 nec
1439 1537 1552 1582 erat
1577 1569 1590 1590 ,
1635 1536 1724 1581 aut
1753 1541 1858 1579 non
1889 1525 2006 1580 talis
2027 1525 2216 1578 eratin

630 1631 856 1686 corpore
878 1619 996 1672 vita:
1020 1619 1176 1686 illius,
1203 1635 1360 1688 quam
1383 1617 1650 1690 peccando
1673 1615 1902 1687 perdidit
1923 1615 2102 1679 homo,
2128 1617 2218 1686 qui

630 1705 799 1762 factus
838 1717 920 1764 est
956 1718 1132 1763 rectus
1174 1707 1368 1776 (Ecctc.
1413 1725 1504 1771 vn,
1547 1707 1636 1779 50)
1674 1725 1686 1760 :
1721 1721 1819 1762 nec
1863 1707 1998 1762 sicut
2045 1707 2218 1777 aliqua

629 1798 960 1865 substantia,
1010 1800 1246 1855 liberatis
1300 1799 1662 1869 separastique
1703 1799 1718 1830 ³
1766 1798 1917 1852 nobis
1963 1797 2126 1853 libido
2165 1798 2216 1853 in

629 1891 790 1951 alium
826 1893 1000 1948 locum
1037 1894 1057 1924 ¹
1098 1903 1180 1948 cst
1215 1892 1534 1963 migratum;
1569 1891 1661 1946 sed
1701 1890 1836 1944 sicut
1861 1889 2136 1944 infirmitas
2165 1889 2215 1942 in

628 1992 828 2037 nostrce
883 1983 1070 2038 salutis
1119 1983 1444 2052 perfectione
1501 1983 1735 2053 peritura
1774 1998 1788 2036 :
1825 1981 2064 2052 quamvis
2103 1980 2216 2050 jam

628 2088 770 2128 nunc
795 2088 916 2128 esse
940 2074 1144 2128 desinat
1161 2083 1290 2144 post
1313 2073 1556 2142 corporis
1583 2081 1831 2128 mortem.
1856 2073 2038 2142 Neque
2072 2069 2214 2126 enim

627 2160 680 2221 in
729 2169 955 2236 corpore
995 2178 1208 2220 mortuo
1258 2165 1431 2220 adhuc
1469 2173 1656 2242 potest
1695 2179 1814 2218 esse
1839 2205 1852 2230 ,
1886 2179 2004 2234 quae
2031 2163 2131 2217 nisi
2151 2162 2216 2217 “in

626 2269 850 2326 corpore
886 2257 1072 2312 mortis
1113 2274 1218 2312 non
1263 2265 1436 2328 potest
1477 2271 1600 2310 esse
1638 2273 1651 2309 :
1703 2255 1796 2309 sed
1831 2271 1948 2326 quae
1979 2253 2214 2326 peritura

625 2359 711 2404 est
757 2351 808 2405 in
859 2351 1097 2420 corporis
1135 2359 1324 2414 morte,
1371 2364 1475 2403 non
1509 2357 1591 2404 est
1636 2357 1996 2404 resurrectura
2036 2362 2216 2402 resur-

625 2452 782 2514 genle
825 2458 1046 2512 corpore
1077 2443 1192 2498 sine
1219 2451 1408 2497 morte.
1441 2440 1720 2509 Quomodo
1755 2455 1882 2510 ergo
1911 2439 2090 2512 punita
2128 2440 2214 2494 vel

627 2533 882 2603 impunita
915 2533 1012 2587 erit
1037 2575 1050 2598 ,
1083 2549 1200 2604 qum
1231 2531 1502 2603 pereundo
1533 2548 1636 2586 non
1666 2530 1808 2586 erit?
1829 2530 2000 2586 Erunt
2037 2538 2212 2585 autem

625 2625 892 2696 impuniti,
921 2626 1010 2697 qui
1041 2627 1154 2698 ejus
1197 2636 1346 2682 reatu
1387 2627 1668 2697 congenito
1692 2626 2093 2696 regeneratione
2119 2640 2211 2680 ca-

623 2726 864 2784 ruerunt,
899 2719 1118 2788 ejusque
1148 2719 1488 2790 surgentibus
1527 2727 1581 2773 et
1631 2716 1938 2786 urgentibus
1981 2716 2212 2772 metibus

623 2808 692 2864 ad
723 2810 902 2864 illicita
935 2808 1252 2880 perﬁcienda
1275 2825 1378 2864 non
1407 2808 1630 2874 cedunt;
1661 2818 1714 2863 et
1739 2809 1782 2862 si
1805 2807 1929 2878 quid
1957 2823 2059 2862 non
2084 2821 2212 2877 pro-

619 2902 740 2970 pter
757 2901 960 2970 prolem
983 2899 1046 2954 de
1069 2901 1201 2970 ipsa,
1217 2900 1310 2956 sed
1333 2908 1550 2970 propter
1567 2899 1734 2970 ipsam
1757 2913 1876 2953 cum
1897 2898 2210 2970 conjugibus

618 2991 840 3056 faciunt,
868 2991 1023 3046 venia
1053 2991 1412 3062 subsequente
1439 2999 1712 3045 sanantur.
1739 2989 1890 3058 Quod
1918 3003 2046 3044 vero
2071 2990 2210 3045 Deus

619 3082 690 3137 de
727 3081 933 3151 origine
973 3082 1162 3136 merito
1201 3091 1254 3137 et
1287 3083 1428 3150 juste
1457 3082 1705 3136 damnata
1734 3081 1981 3150 parvulos
2019 3089 2206 3150 creat,

617 3173 819 3228 bonum
867 3182 950 3228 est
986 3175 1100 3244 ipse
1141 3174 1284 3246 quod
1321 3181 1494 3238 creat;
1523 3175 1644 3244 quia
1677 3173 1920 3229 homines
1945 3185 2111 3242 creat,
2153 3184 2208 3230 et

619 3263 868 3320 homines
898 3265 1056 3320 etiam
1089 3268 1212 3321 mali
1239 3267 1436 3322 bonum
1461 3267 1658 3338 aliquid
1693 3275 1832 3333 sunt,
1871 3267 1921 3322 in
1949 3278 2204 3338 quantum

617 3357 864 3414 homines
889 3367 1014 3412 sunt
1041 3377 1054 3413 :
1087 3375 1186 3415 nec
1211 3360 1424 3415 cohibet
1443 3361 1510 3416 ab
1533 3361 1612 3416 eis
1637 3360 1928 3417 bonitatem
1963 3364 2203 3430 creandi,

610 3444 750 3518 quos
779 3449 1043 3518 prrescivit
1066 3465 1186 3505 esse
1214 3451 1566 3516 damnandos,
1593 3451 1702 3508 imo
1741 3453 1842 3508 scit
1875 3453 2206 3524 originaliter

607 3539 722 3620 jam
740 3557 858 3598 esse
875 3540 1187 3609 danmatos;
1213 3543 1352 3598 unde
1374 3543 1744 3614 gratulandum
1774 3555 1857 3600 est
1877 3553 1984 3600 tam
2011 3547 2204 3602 multos

619 3648 804 3690 eorum
830 3651 859 3688 a
881 3635 1056 3690 debita
1090 3651 1243 3705 poena
1272 3652 1368 3706 per
1393 3637 1684 3692 indebitam
1714 3639 1937 3709 gratiam
1961 3639 2200 3695 liberari.

613 3723 668 3782 Si
695 3735 872 3782 autem
897 3726 1113 3782 crudele
1138 3742 1261 3784 esse
1284 3729 1638 3797 arbitramini,
1665 3729 1904 3786 damnari
1930 3731 2198 3802 parvulos,

615 3831 748 3888 quos
768 3817 1028 3889 originale
1059 3829 1335 3889 peccatum
1359 3820 1572 3877 trahere
1603 3837 1706 3878 non
1734 3823 1964 3892 putatis;
1987 3824 2202 3884 crudele

611 3908 766 3965 vobis
792 3911 1056 3979 videatur,
1083 3928 1188 3970 non
1216 3913 1331 3993 rapi
1359 3930 1428 3970 ex
1459 3915 1560 3972 hac
1585 3916 1690 3971 vita
1711 3919 1982 3988 parvulos,
2005 3934 2199 3975 secun-

604 3999 738 4062 fdum
766 4017 882 4070 vos,
914 4003 1117 4059 nullum
1157 4003 1416 4060 habentes
1459 4006 1677 4060 omnino
1715 4016 2026 4078 peccatum,
2065 4023 2200 4082 quos

600 4087 752 4147 ‘Deus
776 4093 957 4164 utique
979 4095 1130 4149 novit
1155 4095 1208 4148 in
1245 4097 1427 4152 multis
1454 4097 1765 4168 magnisque
1809 4100 2042 4170 peccatis
2082 4101 2199 4158 sine

609 4184 717 4240 ulla
761 4187 814 4240 in
851 4185 1043 4244 melius
1069 4192 1361 4244 mutatione
1390 4190 1676 4245 morituros
1706 4208 1718 4244 :
1757 4206 1876 4250 nam
1903 4192 2197 4250 secundum

605 4275 1040 4333 ratiocinationes
1073 4278 1332 4334 humanas
1351 4323 1366 4347 ,
1407 4279 1676 4337 crudelius
1701 4281 1910 4338 videtur
1938 4299 2041 4340 non
2065 4284 2197 4342 Iibe-

606 4380 729 4422 rare
755 4382 873 4422 cum
912 4369 1100 4439 possit,
1134 4369 1296 4426 nullis
1321 4370 1650 4440 inquinatum
1682 4373 1856 4442 parvis
1883 4376 2195 4449 magnisque

593 4442 838 4530 peccatis
855 4502 871 4527 ,
895 4475 1052 4530 quam
1073 4460 1328 4518 damnare
1351 4463 1656 4535 progeniem
1680 4467 1993 4534 peccatoris.
2023 4467 2192 4524 Porro

603 4563 724 4606 cum
755 4551 882 4607 illud
907 4552 1108 4622 justum
1146 4569 1266 4610 esse
1287 4597 1301 4622 ,
1334 4572 1435 4626 qua
1474 4558 1696 4626 potestis
1718 4573 1881 4626 voce,
1905 4561 2187 4628 clametis;

595 4641 707 4699 'hoc
725 4659 846 4700 esse
867 4645 1140 4715 injustam,
1172 4663 1276 4716 qua
1307 4646 1486 4702 fronte
1509 4651 1870 4706 contenditis?

672 4735 812 4790 XIV.
845 4735 965 4792 Jun.
1008 4739 1136 4792 Post
1173 4737 1287 4794 haec
1326 4740 1456 4794 illud
1484 4750 1708 4798 conatur
1729 4745 2014 4812 incessere,
2048 4747 2189 4819 quod

601 4841 700 4882 nos
755 4827 982 4896 apostoli
1027 4827 1175 4884 Pauli
1227 4832 1528 4888 testimonio
1551 4837 2034 4906 comprobavimus,
2065 4841 2189 4910 quia

600 4919 741 4974 Deus
783 4917 1054 4976 hominem
1093 4921 1160 4976 de
1203 4923 1492 4979 seminibus
1522 4936 1792 4997 operetur.
1835 4931 2186 5000 Argumenta-

597 5019 790 5082 turque
819 5026 905 5067 me
931 5011 1123 5070 fecisse
1158 5013 1419 5086 fraudem,
1464 5020 1554 5090 qui
1596 5018 1722 5077 huic
1765 5021 1885 5076 loco
1915 5022 2004 5078 illa
2043 5023 2184 5080 dicta

596 5104 858 5160 voluerim
884 5113 1150 5176 coeptare,
1185 5122 1304 5178 quze
1325 5109 1392 5165 de
1419 5109 1698 5167 frumentis
1729 5113 1933 5183 prolata
1969 5124 2184 5172 consta-

593 5194 722 5261 bat;
755 5196 904 5267 quasi
931 5211 1031 5268 ego
1066 5207 1158 5254 aut
1200 5199 1270 5254 ibi
1317 5201 1561 5270 Apostoli
1609 5204 1960 5271 sententiam,
1993 5214 2054 5262 ut
2093 5206 2182 5263 hic

595 5293 851 5360 ICSlitl‘lal,
877 5293 1145 5350 dividuum
1175 5294 1391 5351 fecerim
1418 5337 1432 5363 ,
1478 5305 1570 5352 aut
1615 5309 1832 5370 propter
1860 5301 2001 5360 aliud
2031 5303 2183 5358 testi-

592 5385 759 5440 monii
783 5384 1095 5441 recordatus
1133 5386 1233 5440 sim
1271 5401 1430 5457 quam
1461 5395 1520 5443 ut
1562 5387 1678 5460 ejus
1721 5389 1881 5446 tinem
1913 5402 2177 5448 monstra-

592 5488 707 5532 rem
722 5473 922 5532 'forma
931 5483 1100 5532 torem
1119 5476 1384 5540 seminum
1407 5482 1644 5537 omnium
1661 5481 1826 5538 Deum
1842 5482 1988 5539 credi
2013 5499 2176 5556 opor-

658 5610 676 5678 ξ
709 5608 871 5678 codex
894 5617 1043 5678 Por_t_.,_
1063 5611 1415 5678 reparatisque,

655 5671 678 5736 ξ
709 5671 785 5721 sic
796 5679 901 5722 Mss.
917 5671 1047 5736 pini
1079 5671 1217 5736 vero,
1235 5673 1288 5726 in
1307 5671 1490 5729 malum
1505 5677 1677 5730 locum.

655 5731 679 5765 ³
707 5730 1003 5806 Βρίςιηεδῇαε
1037 5730 1451 5806 ηωῃειιλαναηη-
1485 5741 1664 5806 διανεί,
1705 5743 1946 5796 moment.
1983 5745 2172 5805 {tritica

589 5802 704 5862 με.
727 5793 1312 5860 369,1iuemmstrarem.
1379 5809 1438 5853 at.
1536 5793 1544 5794 “
1597 5793 1610 5794 ί
1648 5793 1662 5806 ’
1771 5793 1783 5795 ’

1313 306 1555 367 ορΕΒις
1594 299 1999 363 IMPERFECTI
2037 300 2312 366 CONTRA
2349 301 2712 372 JULIANUM,
2745 305 2803 364 S.
2842 305 3215 368 AUGUSTINI
3689 333 3774 397 rm

2339 426 2466 474 tere.
2489 407 2686 476 'Bcatus
2706 421 2847 476 enim
2863 423 3056 480 Paulus
3081 435 3362 506 postquam
3386 427 3525 487 (idem
3543 451 3783 506 resarrectizi.

2333 511 2416 564 nis
2433 552 2449 576 ,
2500 511 2950 582 multiplicationis
2975 503 3229 572 tiiurme1
3253 521 3571 580 conciliavit"
3587 503 3782 606 «stupris.

2334 601 2507 658 intulit
2544 603 2685 674 quod
2712 607 3008 663 universam
3047 618 3297 668 naturam
3339 618 3494 684 possit
3515 589 3785 695 attingi-€53:

2331 709 2478 760 cens,
2502 693 2642 751 Deus
2661 706 2830 753 autem
2850 699 2928 754 illi
2956 701 3043 754 dat
3066 717 3260 774 corpus
3286 716 3430 775 prout
3453 710 3564 774 uult,
3599 693 3642 768 et
3658 693 3785 778 animi.

2329 799 2425 858 que
2467 788 2713 844 seminum
2753 792 3016 862 proprium
3055 809 3246 864 corpus
3273 811 3294 849 :
3313 795 3364 850 id
3397 806 3496 864 est,
3521 806 3638 858 omni
3671 815 3787 871 semini

2329 891 2544 950 corpus,
2577 881 2716 952 quod
2746 883 3045 954 proprietas
3069 885 3192 954 ejus
3219 889 3466 957 repascit,
3493 895 3700 953 attribuit.
3717 902 3785 962 Non

2328 981 2456 1038 ergo
2479 970 2620 1040 quod
2648 971 2713 1026 de
2739 969 3022 1029 frumentis
3059 975 3270 1030 dictum
3315 987 3422 1046 est,
3468 980 3528 1035 de
3559 983 3720 1044 homine
3735 1009 3788 1044 rn-

2329 1061 2397 1115 lni
2421 1062 2688 1134 "inteliigi
2724 1081 2739 1118 :
2770 1066 2863 1120 scd
2895 1066 2995 1122 hoc
3021 1067 3165 1138 quod
3211 1067 3406 1124 dictum
3445 1081 3518 1128 est
3535 1072 3572 1141 ⁸,
3599 1079 3786 1154 unicuique

2327 1157 2587 1210 seminum
2611 1159 2882 1229 proprium
2911 1175 3108 1230 corpus
3137 1160 3304 1217 a'Deo
3323 1173 3528 1220 auctore
3543 1169 3785 1236 conferri,in

2326 1247 2740 1306 destructionem
2761 1261 3010 1318 vestram,
3043 1268 3276 1326 quorum
3299 1254 3593 1328 dogmateid
3612 1277 3783 1335 negatur.

2325 1341 2540 1410 arripui.
2559 1342 2904 1416 Nequaquam
2932 1347 3113 1418 igitur,
3132 1349 3277 1404 sicut
3308 1359 3361 1404 tu
3386 1360 3546 1422 putas,
3564 1369 3786 1427 superum

2325 1431 2422 1486 feci
2453 1433 2590 1490 illius
2615 1438 2892 1492 sententite
2917 1440 3270 1507 mentionem,
3297 1457 3395 1498 nec
3419 1457 3476 1499 ea
3510 1443 3781 1522 fraudulenter,

2325 1531 2382 1578 ut
2417 1526 2678 1594 mentiris,
2709 1543 2828 1583 sum
2863 1530 3063 1586 abusus
3097 1550 3114 1587 :
3148 1547 3249 1588 nec
3271 1540 3338 1588 "tu
3372 1533 3438 1591 de
3461 1535 3672 1595 humanis
3691 1547 3784 1598 semi-

2324 1616 2481 1671 n'ibus
2526 1617 2793 1676 hominem
2835 1635 2864 1676 a
2912 1623 3022 1678 Deo
3063 1622 3206 1692 fieri,
3250 1625 3385 1680 sicut
3427 1625 3627 1698 peieras,
3653 1633 3782 1702 credis;

2324 1707 2465 1776 quod
2495 1721 2602 1763 non
2631 1710 2920 1781 opinaudo,
2943 1713 3036 1768 sed
3063 1713 3224 1770 fidem
3248 1716 3700 1790 tuam'iutelligentlo
3713 1739 3783 1780 wr-

2325 1797 2500 1854 ﬁrmo.

2393 1892 2530 1950 Are.
2563 1894 2840 1962 Quomodo
2872 1899 3118 1968 posueris
3143 1899 3487 1970 apostolicum
3511 1905 3780 1975 testimonium,

2321 1998 2428 2054 quo
2469 1985 2560 2040 ille
2608 2001 2734 2043 usus
2759 1999 2840 2044 est
2884 1989 2952 2045 de
3004 1991 3326 2056 seminibus,
3353 2007 3467 2064 quso
3491 1996 3782 2054 seminanturin

2323 2083 2482 2144 terra,
2510 2081 2635 2150 quia
2662 2096 2766 2136 non
2797 2083 3136 2138 viviticantur
3161 2083 3266 2138 nisi
3293 2086 3570 2142 moriantur
3587 2088 3683 2159 (hoc
3698 2091 3780 2146 enin

2321 2167 2388 2224 de
2417 2174 2812 2229 resurrectione
2846 2189 3132 2245 corporum
3155 2215 3172 2243 ,
3208 2177 3388 2247 inqua
3435 2178 3704 2248 versabatur,
3725 2182 3782 2237 dis-

2320 2263 2522 2333 putatio
2555 2265 2898 2338 postulabat),
2953 2269 3042 2338 qui
3075 2275 3165 2323 tua
3195 2267 3299 2324 illa
3343 2269 3492 2341 legit,
3535 2271 3780 2344 intelligente

2317 2356 2576 2423 advertat,
2602 2367 2657 2414 et
2681 2373 2798 2430 quae
2831 2375 2929 2415 nos
2954 2359 3011 2416 in
3034 2360 3229 2418 eodem
3249 2363 3387 2418 tibro
3412 2378 3554 2434 quem
3577 2379 3686 2420 nunc
3697 2367 3779 2422 relu-

2319 2458 2434 2506 tare
2481 2453 2691 2506 cona‘ris
2733 2454 2822 2508 tibi
2863 2454 2928 2509 ad
2964 2455 3050 2510 illa
3082 2455 3778 2531 respondimusweNuptiistt

2318 2539 2750 2615 Concupiscentia,
2776 2546 2863 2600 tib.
2890 2543 2946 2613 2,
2971 2563 3024 2601 η.
3057 2545 3192 2620 28);
3221 2549 3518 2605 et‘inveuiet
3543 2559 3600 2614 te,
3624 2551 3721 2620 quod
3740 2551 3775 2606 Id

2318 2649 2432 2690 rem
2464 2637 2754 2707 pertineat,
2813 2653 2912 2694 nec
2942 2638 3012 2694 ibi
3039 2639 3244 2710 aliquid
3288 2637 3512 2706 dixisse,
3547 2649 3589 2696 ct
3607 2641 3674 2696 hic
3700 2641 3774 2695 nihil

2317 2727 2518 2784 dicere.
2550 2729 2640 2784 Sic
2667 2731 2810 2785 enim
2839 2745 3034 2802 magno
3059 2731 3181 2786 nisu
3209 2731 3411 2787 moliris
3431 2731 3678 2794 ostendere,
3695 2732 3774 2802 quod

2319 2820 2562 2878 homines
2589 2822 2726 2879 Deus
2751 2824 2819 2879 de
2846 2825 3148 2882 seminibus
3178 2834 3442 2897 Operetur,
3470 2825 3597 2896 quasi
3619 2825 3692 2880 hoc
3719 2839 3773 2878 ne-

2314 2924 2468 2985 getur
2488 2931 2518 2971 a
2547 2916 2700 2971 nobis
2724 2934 2738 2982 ;
2771 2925 2824 2972 et
2853 2917 3078 2973 adhibes
3108 2918 3422 2990 Apostolum
3451 2915 3775 2979 testenmtbiahs

2315 3013 2370 3061 te
2415 3008 2555 3062 nulla
2589 3009 2880 3064 necessitas
2929 3024 3104 3064 causa:
3156 3007 3356 3082 ﬂagitat
3405 3007 3772 3081 probationemzet

2314 3099 2454 3169 quod
2499 3110 2580 3155 est
2611 3101 2895 3168 insulsius,
2931 3103 3014 3157 vis
3055 3103 3228 3174 accipi
3268 3102 3337 3159 de
3382 3101 3636 3158 seminibus
3671 3097 3772 3153 [tomi-

2275 3205 2440 3246 -num
2465 3234 2478 3258 ,
2529 3193 2670 3264 quod
2715 3193 2806 3250 ille
2849 3194 2985 3250 dixit
3023 3194 3092 3252 de
3132 3195 3421 3252 seminibus
3470 3195 3768 3257 frumentorum,

2313 3285 2562 3354 quoniam
2595 3285 2646 3340 id
2671 3302 2828 3341 causa
2855 3288 3147 3360 poscebat;
3196 3299 3251 3346 et
3275 3289 3408 3346 dicis
3431 3287 3575 3346 verba
3597 3287 3708 3358 ejus,
3724 3283 3770 3340 Tr

2314 3375 2446 3436 quod
2479 3375 2698 3430 seminus
2725 3393 2825 3431 non
2855 3378 3182 3448 viviﬁcatur;
3222 3387 3276 3435 ει
3315 3387 3449 3435 taces
3471 3377 3592 3452 quod
3623 3377 3686 3431 ille
3702 3389 3768 3429 con-

2330 3465 2496 3532 nectit,
2537 3467 2634 3521 nisi
2664 3459 2928 3523 moriatur.
2947 3468 3125 3526 Taces
3149 3472 3308 3526 etiam
3337 3469 3459 3526 illttd
3479 3469 3597 3540 quod
3621 3466 3769 3537 adiungit

2311 3566 2364 3613 et
2385 3557 2534 3624 dicit,
2561 3557 2631 3612 Et
2657 3560 2795 3632 quod
2821 3561 3060 3630 seminus,
3091 3579 3195 3618 non
3221 3579 3400 3633 corpus
3422 3561 3546 3633 quod
3554 3561 3767 3632 fulminat

2307 3650 2526 3704 seminus
2550 3693 2564 3716 ,
2614 3651 2705 3706 sed
2731 3652 2922 3707 nudum
2959 3668 3198 3726 granum,
3229 3659 3331 3728 fere
3365 3654 3520 3720 tritici,
3542 3659 3616 3706 aut
3633 3649 3766 3718 alicujus

2307 3749 2602 3796 cancrorum
2634 3758 2651 3796 :
2678 3743 2768 3798 ubi
2803 3744 2934 3799 satis
2962 3746 3139 3816 aperit
3183 3746 3324 3802 unde
3349 3745 3494 3800 dicat.
3521 3741 3677 3818 Quibus
3695 3737 3766 3792 taci-

2305 3833 2376 3888 tis
2394 3875 2409 3900 ,
2437 3833 2581 3904 quod
2631 3835 2870 3905 sequitur
2899 3835 3120 3908 ingeris,
3155 3835 3290 3892 Deus
3313 3846 3466 3892 autem
3485 3835 3553 3889 illi
3573 3833 3765 3899 datcorpu

2304 3925 2552 3993 quomodo
2577 3927 2805 3993 uoluerit,
2830 3937 2877 3981 et
2898 3929 3168 4000 unicuique
3190 3930 3428 3984 seminum
3450 3926 3667 4001 proprium
3697 3935 3762 3974 cor-

2305 4033 2399 4087 pus
2426 4016 2467 4092 (l
2494 4017 2613 4073 Cor.
2647 4035 2733 4085 xv,
2769 4019 2961 4094 '56—‘58)
2987 4039 3000 4076 :
3027 4031 3084 4077 et
3127 4037 3234 4080 non
3261 4023 3339 4078 vis
3376 4021 3456 4076 hic
3485 4015 3762 4086 intelligqu

2301 4123 2422 4164 rum
2451 4110 2745 4179 seminum,
2797 4111 2846 4168 id
2886 4122 3003 4182 est,
3055 4117 3164 4188 fere
3201 4115 3379 4182 tritici,
3408 4123 3485 4168 aut
3521 4112 3762 4179 alicujus“?-

2302 4209 2520 4258 terorum
2541 4247 2556 4272 ,
2585 4221 2769 4261 eorum
2801 4208 3040 4275 scilicet,
3085 4227 3206 4282 quae
3246 4227 3360 4266 cum
3391 4207 3682 4266 seminantur,
3700 4212 3760 4253 non

2299 4295 2632 4352 vivificantur
2677 4299 2780 4354 nisi
2831 4301 3150 4358 moriantur.
3193 4301 3258 4358 Et
3303 4300 3482 4373 quaeris
3519 4296 3604 4352 hoc
3635 4291 3758 4347 dictum

2299 4389 2460 4445 etiam
2533 4390 2598 4445 ad
2661 4393 2869 4449 semina
2944 4394 3176 4452 humana
3222 4389 3606 4452 transferre:de
3639 4381 3758 4456 (ιυίδυδ

2297 4483 2543 4552 quamvis
2571 4486 2834 4542 veraciter
2863 4487 2966 4544 dici
3021 4491 3230 4558 possit,
3285 4485 3418 4558 quod
3465 4483 3554 4540 illis
3587 4471 3756 4534 Deusdel

2298 4589 2494 4644 corpus
2533 4577 2804 4646 quomodo
2847 4579 3098 4646 voluerit,
3129 4591 3184 4636 et
3219 4579 3481 4648 imicuique
3511 4584 3658 4629 eorum
3678 4576 3752 4636 pro-

2293 4665 2472 4737 prium
2509 4683 2740 4746 corpus;
2770 4685 2878 4726 non
2914 4681 3086 4730 tamen
3117 4673 3222 4730 dici
3257 4679 3452 4746 potest,
3493 4663 3611 4738 quod
3639 4670 3753 4756 sentt!

2295 4759 2562 4830 hominis,
2589 4765 2800 4834 quando
2845 4768 3049 4837 gremio
3079 4767 3290 4824 feminre
3315 4763 3592 4825 infunditur,
3614 4763 3751 4810 nanti-

2293 4853 2536 4910 vificatur
2563 4856 2666 4911 nisi
2713 4858 2990 4916 moriatur.
3022 4861 3128 4918 Sed
3155 4863 3306 4934 plane
3332 4858 3396 4916 de
3433 4864 3621 4924 corpore
3641 4839 3751 4899 homi-

2291 4947 2376 5004 nis
2425 4947 2530 5004 dici
2561 4957 2768 5022 potest;
2821 4967 2926 5007 non
2973 4955 3114 5008 enim
3160 4960 3392 5024 resurget
3415 4947 3503 5004 nisi
3537 4938 3746 5000 moriatur.

2290 5034 2508 5112 ιποριον
2530 5041 2670 5112 (Ιυοά
2705 5051 2872 5098 mlum
2901 5043 3034 5107 illud
3060 5045 3127 5102 de
3157 5043 3434 5104 seminibus
3459 5034 3747 5094 frumentorum

2287 5133 2420 5190 dixit
2450 5132 2753 5204 Apostolus.
2775 5133 2891 5192 Non
2921 5137 3097 5210 itaque
3126 5136 3380 5196 immerito
3402 5129 3516 5189 mihi
3535 5125 3668 5181 visum
3681 5120 3744 5175 est,

2287 5224 2410 5282 ideo
2435 5227 2563 5281 tein
2589 5225 2692 5282 hoc
2722 5227 3030 5286 testimonio
3067 5245 3132 5286 ea
3165 5231 3320 5288 verba
3340 5223 3560 5285 tacuisse,
3583 5216 3744 5288 peril“

2286 5329 2571 5392 appareret
2597 5319 2664 5376 de
2696 5318 2890 5392 quibus
2915 5311 3211 5381 seminibus
3233 5323 3525 5393 loqueretur,
3553 5317 3672 5382 quem
3691 5305 3740 5350 le-

2285 5422 2420 5468 stem
2449 5410 2734 5469 adhibuisti
2757 5455 2773 5482 ,
2805 5429 2872 5470 ne
2901 5422 3082 5472 mente
3110 5414 3251 5488 vigili
3276 5415 3430 5469 lector
3463 5395 3740 5460 admoneretur

2275 5499 2353 5577 (si
2378 5511 2560 5560 tanien
2575 5503 2686 5560 iter:
2715 5505 3012 5576 praevidere
3024 5505 3285 5580 pomissi),
3297 5505 3368 5562 ita
3385 5501 3439 5558 in
3450 5489 3655 5570 prodi”
3673 5491 3732 5552 Ρ⁰⁹

2347 5619 2364 5650 ³
2399 5615 2557 5670 Codex
2585 5623 2868 5678 Win.
2887 5617 3153 5676 Mm.

2345 5679 2366 5744 ξ
2398 5679 2536 5744 Editi,
2561 5675 2874 5744 con/irritavit.

2345 5741 2368 5773 ³
2613 5739 2672 5796 sit
2692 5743 2849 5806 vim,
2871 5741 3033 5798 intuit.

2346 5809 2368 5833 δ
2397 5802 2556 5854 Codex
2581 5809 2702 5857 Part.
2721 5802 2880 5868 ,ῆυύα
2901 5805 3171 5860 subdictum
3187 5811 3270 5860 est.
