3980 6490
168 384 199 440 1
213 384 325 441 445

174 502 352 554 tuisse
381 493 633 555 seminari
666 490 908 547 homines
934 489 987 553 in
1031 484 1173 545 arvis
1202 487 1522 562 genitalibus
1550 488 1774 543 fetnina-

174 604 305 644 rnm
336 604 433 659 per
473 587 710 642 tnemltra
754 585 1000 655 genitalia
1041 584 1395 641 masculorum
1425 625 1440 648 ,
1490 582 1623 635 sicut
1661 580 1773 636 fru-

174 689 362 736 menta
392 679 444 734 in
477 678 632 733 terris
657 677 1009 749 agricolarum
1041 677 1282 733 manibus
1324 675 1689 739 seminantur;
1721 681 1777 729 ut

177 774 262 825 sic
292 770 359 826 ad
407 771 675 825 hominem
709 770 995 827 serendum
1039 769 1286 827 stimulus
1313 768 1491 831 nullus
1534 765 1773 821 libidinis

177 866 466 929 incitaret,
517 863 969 934 quemadmodum
1018 864 1081 919 ad
1134 864 1403 918 hominem
1461 860 1775 931 pariendum

177 957 363 1012 nullus
392 956 548 1012 dolor
578 965 811 1026 urgeret.
836 955 1038 1025 Quibus
1071 956 1187 1013 lucc
1214 954 1569 1024 tranquillitas
1596 952 1777 1022 displi-

177 1056 301 1113 cet,
325 1064 485 1118 rogo,
525 1048 649 1118 quid
672 1049 750 1103 eis
782 1048 833 1103 in
862 1063 1044 1111 carne,
1078 1048 1179 1103 nisi
1209 1045 1349 1119 quod
1377 1045 1538 1116 pudet
1564 1045 1774 1116 placet?

178 1140 295 1197 Nec
324 1156 451 1195 sane
482 1140 927 1210 concupiscentia:
949 1139 1179 1195 carnalis
1210 1138 1452 1207 puderet,
1481 1137 1526 1191 si
1550 1137 1653 1191 hoc
1683 1151 1775 1192 so-

179 1232 297 1284 lum
331 1245 543 1285 carnem
586 1228 796 1295 liberet,
832 1229 972 1298 quod
1014 1242 1167 1284 mens
1192 1227 1407 1296 iuberet
1430 1268 1444 1292 ,
1475 1235 1530 1282 et
1554 1226 1772 1297 quando

182 1323 385 1377 liberet
407 1322 448 1387 ³,
479 1329 531 1375 et
558 1330 811 1390 quantum
830 1319 1064 1390 juberet.
1089 1318 1241 1375 Nunc
1269 1334 1397 1390 ergo
1428 1319 1677 1389 quoniam
1693 1326 1774 1374 ta-

183 1417 254 1475 lis
300 1424 527 1481 nonest,
577 1430 672 1470 cur
716 1416 763 1471 ei
806 1422 989 1470 contra
1023 1429 1121 1469 nos
1151 1413 1552 1485 suifragamini,
1583 1420 1777 1468 etnon

181 1525 306 1567 eam
350 1507 534 1587 “potius
573 1508 850 1565 nobiscum
893 1506 1128 1563 fatemini
1173 1516 1264 1562 aut
1304 1506 1371 1562 de
1417 1514 1638 1578 peccato
1684 1520 1779 1561 na-

186 1607 323 1668 tam,
351 1609 440 1656 aut
470 1611 686 1671 peccato
714 1616 835 1657 esse
860 1600 1141 1656 vitiatam?

258 1691 376 1747 XV.
406 1692 524 1748 Jun.
553 1691 669 1747 Jam
692 1709 820 1748 vero
846 1692 965 1763 quis
982 1693 1155 1751 risum
1184 1699 1362 1749 teneat
1384 1689 1725 1760 prudentium
1757 1730 1774 1755 ,

181 1800 307 1840 cum
337 1782 399 1841 ad
434 1784 546 1840 hinc
584 1799 702 1855 quae
728 1784 1004 1841 subdidisti
1035 1782 1283 1853 exempla
1310 1780 1655 1852 pervenerit?
1687 1780 1779 1836 Ais

182 1877 331 1932 enim
360 1896 371 1929 :
403 1874 481 1931 De
532 1878 656 1948 ipsis
683 1877 842 1932 verbis
873 1877 1102 1945 Apostoli
1131 1876 1478 1946 refutaretur,
1512 1891 1612 1929 non
1652 1873 1776 1928 reli-

182 1971 344 2042 giosae
372 1969 662 2033 voluntatis,
696 1969 783 2024 sed
814 1968 1094 2023 libidinosa:
1136 1967 1406 2037 voluptatis
1451 1966 1643 2037 pudens
1682 1980 1778 2019 no-

183 2062 425 2126 minator,
466 2054 512 2114 et
552 2060 818 2131 impudens
858 2060 1179 2129 prcedicator.
1214 2057 1289 2112 De
1325 2058 1447 2129 ipsis
1474 2056 1659 2128 quippe
1696 2071 1779 2109 se-

184 2154 406 2211 minibus
430 2197 445 2222 ,
489 2170 602 2225 qua:
646 2154 698 2207 in
728 2153 863 2224 agris
890 2152 1128 2224 agricola:
1167 2151 1454 2215 seminam,
1486 2157 1646 2220 potest
1688 2148 1782 2203 ists

184 2247 448 2321 redargui.
469 2245 570 2299 Cur
594 2246 725 2300 enim
747 2262 846 2299 non
868 2244 1154 2309 credamus,
1180 2243 1342 2297 Deum
1373 2242 1593 2311 potuisse
1615 2240 1667 2294 in
1690 2256 1782 2310 pa-

185 2338 361 2393 radiso
387 2338 655 2392 concedere
676 2337 870 2393 homini
889 2337 1031 2391 beato
1056 2337 1119 2391 de
1141 2352 1235 2391 suo
1268 2334 1474 2399 semine,
1504 2333 1640 2404 quod
1658 2348 1782 2387 con-

188 2446 383 2484 cessum
408 2429 634 2483 videmus
659 2428 898 2501 agricolis
924 2429 984 2483 de
1009 2428 1161 2482 tritici
1189 2428 1417 2491 semine;
1458 2436 1512 2480 ut
1539 2442 1597 2480 eo
1625 2426 1777 2481 modo

188 2521 323 2575 illud
346 2532 612 2584 sereretur,
642 2521 771 2575 sicut
816 2520 908 2575 hoc
938 2522 1142 2595 seritur,
1190 2520 1299 2573 sine
1319 2520 1428 2573 ulla
1456 2517 1696 2587 pudenda
1724 2517 1784 2571 li-

190 2610 487 2683 bidine(De
525 2610 756 2682 Nuptiis,
802 2610 890 2665 lib.
932 2610 987 2675 2,
1041 2628 1094 2665 η.
1136 2608 1270 2682 29)?
1324 2609 1494 2675 Quam
1557 2617 1782 2664 venuste

189 2703 403 2774 pudens
428 2704 728 2757 nominator
756 2710 811 2756 et
842 2700 1125 2771 impudens
1154 2700 1473 2770 prmdicator
1498 2699 1589 2755 dat
1608 2699 1783 2759 omni-

189 2811 265 2848 no
291 2795 667 2863 incompositos
683 2802 880 2858 motus,
906 2801 959 2847 et
981 2794 1356 2851 circulatorum
1379 2792 1615 2848 carmina
1632 2791 1778 2847 dicit.

189 2884 295 2943 Sed
325 2886 450 2942 illud
502 2886 644 2941 aliud
675 2888 775 2942 nisi
808 2886 1086 2953 laetissime
1117 2886 1217 2957 legi
1250 2902 1357 2941 non
1389 2894 1567 2956 potest
1608 2900 1781 2955 :quo-

190 2980 333 3035 niam
359 2980 401 3033 si
431 2994 534 3033 non
564 2989 840 3050 peccasset
869 2977 1061 3046 Adam,
1095 2979 1171 3032 sic
1201 2977 1370 3048 potuit
1399 2976 1611 3042 mulier,
1643 2977 1784 3035 sicut

189 3086 366 3143 seges,
418 3070 482 3126 ad
513 3070 893 3127 fecunditatem
941 3068 1315 3142 pararizforte
1369 3078 1426 3124 ιιι
1469 3085 1564 3140 per
1591 3083 1781 3125 omnes

190 3167 445 3223 articulos
473 3182 537 3221 ac
562 3182 659 3238 per
690 3167 921 3221 minutas
940 3178 1227 3234 corporum
1256 3162 1480 3227 ﬁstulas,
1504 3176 1635 3231 quas
1665 3176 1782 3219 me-

194 3256 297 3315 dici
329 3268 494 3332 πόρους
519 3269 745 3325 vocant,
776 3258 936 3328 spica:
965 3264 1308 3326 erumperent
1329 3254 1591 3319 ﬁliorum;
1622 3261 1784 3324 atque

189 3350 267 3407 ita
305 3352 552 3407 omnibus
583 3351 702 3404 laeta
730 3351 750 3381 ³
782 3348 1050 3420 partibus,
1101 3354 1285 3419 partus
1328 3362 1427 3418 pro
1480 3343 1738 3415 pediculis
1759 3341 1783 3376 ⁸

190 3444 497 3500 exsudaret.
522 3442 627 3498 Sed
660 3443 702 3497 si
749 3441 909 3512 aliqui
941 3451 995 3495 et
1034 3455 1130 3510 per
1169 3439 1354 3494 oculos
1392 3440 1735 3507 erumperent
1760 3476 1779 3501 ,

191 3537 527 3593 auferrentur
555 3536 754 3590 lumina
783 3533 1013 3605 parienti
1036 3576 1049 3598 ,
1082 3541 1136 3587 et
1173 3532 1216 3586 si
1243 3529 1561 3601 populorum
1578 3530 1780 3601 globu-

190 3628 259 3683 lis
278 3629 520 3683 examina
551 3627 749 3698 galeata
774 3625 1084 3699 prodirent,
1117 3624 1503 3692 imprccaretur
1532 3621 1647 3676 sine
1671 3619 1775 3677 du-

187 3722 283 3778 bio
306 3722 517 3777 catcitas
544 3720 849 3775 orbitatem.
873 3717 982 3773 Nec
1002 3715 1283 3771 difﬁculter
1303 3700 1580 3775 sane,°non
1600 3720 1779 3787 parta,

199 3813 298 3869 sed
331 3814 514 3867 sudata
542 3812 757 3868 soboles
788 3818 1069 3866 necaretur
1087 3850 1104 3875 ,
1126 3816 1285 3878 atque
1315 3805 1602 3861 haberetur
1626 3818 1779 3875 gens,

190 3915 252 3961 ut
294 3905 432 3976 apud
506 3904 713 3959 fabulas
758 3901 1175 3976 Myrmidonum,
1222 3892 1294 3954 ita
1339 3897 1479 3970 apud
1508 3896 1783 3961 Manicltcei

186 3997 435 4069 dogmata
457 4038 471 4063 ,
504 3996 591 4051 vel
642 3994 962 4067 pedicularia
985 4036 1000 4059 ,
1033 3992 1118 4046 vel
1157 3990 1472 4063 publicaria.
1526 3989 1633 4045 Sed
1667 3988 1783 4044 hinc

188 4099 334 4146 esset
355 4089 528 4145 fetura
554 4088 835 4144 mulieris:
863 4086 943 4141 vir
961 4092 1136 4140 autem
1169 4082 1294 4154 quid
1327 4090 1506 4153 posset
1527 4081 1782 4137 efficere?

192 4183 520 4238 Admoveret
563 4181 817 4236 nimirum
848 4195 954 4234 non
987 4177 1259 4243 membra,
1289 4175 1385 4231 sed
1416 4176 1738 4229 ferramenta
1762 4214 1778 4240 ,

193 4285 250 4332 et
298 4276 601 4346 genitalium
642 4289 839 4330 vacuus
879 4273 1213 4342 imprimeret
1249 4283 1498 4325 vomeres
1544 4283 1607 4322 ac
1645 4264 1781 4337 ligo-

195 4384 315 4425 nes.
355 4369 541 4425 Grates
569 4384 696 4440 ergo
728 4376 779 4423 et
806 4365 1149 4436 amplissimae
1177 4363 1475 4434 primorum
1505 4359 1781 4416 hominum

195 4461 458 4518 debentur
484 4460 651 4517 errori
678 4503 692 4527 ,
726 4473 832 4530 quo
872 4467 976 4512 tam
1008 4456 1177 4512 beata:
1209 4462 1414 4509 natura:
1464 4459 1727 4507 tormenta
1759 4448 1783 4481 ⁸⁸

194 4556 364 4610 vitata
407 4564 545 4609 sunt.
577 4551 746 4607 Mitius
775 4559 958 4621 partus
985 4547 1092 4618 agit
1133 4560 1255 4601 cum
1302 4542 1535 4607 feminis,
1573 4550 1629 4595 et
1666 4555 1781 4595 ma-

191 4649 360 4716 ritus,
389 4660 545 4718 quam
575 4645 617 4700 si
647 4652 736 4698 aut
779 4650 952 4697 aratra
998 4638 1297 4701 sentirent,
1350 4644 1440 4689 aut
1471 4633 1778 4704 importuna

189 4757 292 4813 per
320 4747 485 4796 totum
514 4752 708 4808 corpus
725 4734 1043 4791 fecunditate
1073 4731 1436 4786 silvescerent.
1461 4725 1786 4796 lmplcantur

190 4830 611 4888 Manichaeorum
640 4827 804 4882 facies
832 4823 1118 4895 ignominia
1153 4822 1174 4853 ⁵
1198 4862 1214 4887 ,
1243 4829 1296 4875 et
1317 4822 1559 4890 quierant
1589 4830 1782 4870 nomen

194 4935 367 4989 tuum,
402 4918 647 4976 Domine.
681 4919 725 4973 Ο
750 4923 996 4987 portenta
1041 4911 1439 4968 criminantium
1468 4909 1782 4962 innocentes

191 5028 244 5074 et
273 5016 468 5082 Deum,
500 5011 749 5082 suffragia
781 5016 1216 5081 argumentorum
1244 5013 1297 5058 ct
1324 4996 1779 5057 testimoniorum!

192 5113 303 5167 Cur
328 5152 342 5176 ,
368 5107 559 5179 inquit,
590 5121 695 5161 non
720 5103 1001 5161 credamus
1023 5102 1143 5173 quia
1178 5098 1347 5170 potuit
1373 5097 1526 5151 aliter
1552 5094 1672 5151 fieri
1692 5108 1787 5147 na-

262 5291 280 5321 ¹
316 5283 715 5353 Forte,jubegjet-
768 5344 815 5353 _,
906 5344 953 5353 _.
997 5341 1016 5353 η
1106 5342 1116 5353 .
1189 5347 1197 5353 .
1415 5338 1425 5353 .
1464 5335 1686 5353 _-__-_-,

261 5353 283 5382 i
314 5341 529 5413 veteres
545 5346 741 5413 codices
768 5344 848 5413 hic
870 5350 921 5393 et
941 5341 1153 5413 infra-in
1178 5341 1427 5413 Augustini
1464 5341 1787 5413 responsione

191 5398 487 5464 constanter
517 5411 702 5460 habent
719 5442 735 5467 ,
768 5404 870 5456 lita.
895 5406 985 5455 sed
1006 5404 1171 5467 aptius
1187 5398 1469 5467 etliti,la:_ta,
1495 5398 1543 5467 id
1567 5405 1662 5457 est,
1687 5398 1786 5467 fer-

191 5461 543 5549 igetur
554 5461 983 5549 alludere
996 5461 1196 5529 Virgilii,
1211 5472 1385 5527 Georg.
1402 5462 1487 5512 lib.
1511 5461 1556 5521 1,
1574 5471 1706 5513 vers.
1730 5461 1752 5509 1
1769 5474 1782 5509 :

200 5555 228 5586 ι
247 5536 373 5597 quid
396 5530 536 5589 faciat
554 5533 691 5583 laetas
721 5537 942 5594 segetes.
968 5546 989 5574 υ
1127 5587 1140 5597 .

264 5599 288 5665 ξ
320 5596 599 5661 tn’an‘tiquis
620 5592 882 5665 codicibus,
910 5588 1179 5655 peducutis.
1226 5593 1280 5638 Et
1303 5586 1446 5651 paulo
1470 5591 1608 5649 post,
1632 5584 1787 5649 pedu-

190 5661 422 5729 cutam;
444 5654 551 5729 ρτὸξ
574 5654 892 5729 restituisti“:

242 5725 286 5795 ﬁ
319 5717 1117 5795 sicaistaviesatecesea.
1498 5770 1518 5795 .-

246 5770 905 5845 semianimum
931 5770 1081 5845 γὀνυο
1106 5788 1118 5823 ε
1148 5771 1453 5836 ιυιρῖεαηίιιν,
1498 5770 1787 5836 impiam”

191 5846 582 5908 lmcliwmwu
601 5840 1043 5917 facies'ignoriu'nz‘ii.

1533 372 1741 433 LIBER
1772 374 2089 445 QUINTUS.

3323 400 3466 459 'l-‘i'fm

1886 501 1999 546 tura
2024 534 2039 557 ,
2071 509 2228 564 quam
2268 496 2406 556 facta
2451 506 2819 574 conspicitur?
2840 508 3006 576 Quasi
3026 525 3309 580 curer-titur
3332 516 3460 585 quid

1875 586 2133 650 potuerit,
2163 596 2217 647 et
2244 606 2349 645 non
2378 594 2503 663 quid
2561 597 2847 654 instituerit
2880 601 3036 656 Deus.
3065 603 3121 658 Si
3153 604 3280 660 libet
3305 621 3366 661 ea
3384 606 3466 662 ‘li-

1882 673 2063 729 bidiue
2108 680 2359 748 opinandi
2387 700 2506 753 qum
2535 696 2660 742 sunt
2689 689 2824 745 facta
2853 693 3267 763 reprehendere,
3290 706 3355 752 ut
3376 698 3465 753 di-

1884 782 2103 835 camus,
2135 774 2256 842 quia
2302 776 2418 831 ﬁeri
2474 779 2629 834 aliter
2681 792 2966 852 potuerunt
2992 787 3159 853 ,2ideo
3196 806 3313 859 quae
3344 798 3466 847 sunt

1874 861 2121 919 instituta
2175 882 2278 922 non
2330 870 2559 927 reddunt
2614 884 2815 931 natura:
2861 879 3014 934 bona:
3060 882 3460 949 testimonium;

1880 960 2288 1026 pronuntiemus
2338 964 2459 1032 quia
2494 969 2825 1035 potuitbeus
2854 972 3099 1042 bicipites
3125 977 3297 1032 facere
3322 992 3466 1033 mor-

1878 1049 2049 1115 tales,
2092 1050 2211 1109 ideo
2263 1054 2542 1125 unicipites
2571 1100 2587 1123 ,
2641 1068 2696 1115 et
2748 1063 2835 1131 qui
2894 1065 3117 1134 pedibus
3148 1067 3466 1124 insisterent

1882 1141 2021 1196 male
2047 1152 2173 1198 sunt
2201 1143 2325 1201 facti
2351 1163 2365 1211 ;
2412 1146 2527 1203 ﬁeri
2550 1152 2698 1205 enim
2724 1154 2937 1222 capitati
2969 1157 3035 1212 ab
3060 1165 3286 1233 utraque
3313 1171 3465 1230 parte

1881 1243 2175 1304 potuerunt
2206 1253 2218 1287 τ
2249 1252 2367 1307 quae
2406 1238 2586 1295 forma
2616 1242 2670 1296 in
2711 1244 3024 1312 quibusdam
3046 1249 3465 1319 vsoletvapparere

1882 1328 2204 1396 vermiculis,
2237 1346 2466 1400 quorttm
2505 1333 2679 1388 alvum
2724 1346 2905 1392 vertex
2934 1339 3265 1395 ambifariam
3300 1350 3464 1396 natus

1882 1418 2142 1483 includit,
2174 1430 2230 1475 ut
2258 1421 2324 1476 ab
2347 1430 2572 1493 utroque
2599 1425 2912 1497 incipientes
2939 1444 3003 1482 ex
3030 1427 3274 1495 humero,
3306 1431 3464 1486 ﬁnem

1883 1509 2079 1567 habere
2110 1512 2472 1586 intelligantur
2495 1517 2544 1571 in
2582 1518 2781 1573 medio.
2809 1520 3171 1576 Admittantur
3198 1523 3298 1576 ista
3316 1523 3466 1577 'ludi-

1881 1601 1995 1659 bria
2018 1646 2033 1672 ,
2072 1615 2124 1661 et
2153 1608 2271 1676 quis
2298 1607 2401 1663 erit
2431 1608 2693 1665 delirandi
2737 1612 2901 1666 ﬁnis?
2928 1613 3104 1668 Potuit
3135 1629 3263 1685 ergo
3294 1615 3467 1671 facere

1881 1694 2022 1751 Deus
2037 1737 2052 1760 ,
2080 1705 2138 1753 ut
2159 1697 2228 1754 de
2250 1707 2390 1755 terra
2409 1715 2530 1756 cum
2552 1701 2773 1758 ﬂoribus
2800 1703 3045 1760 homines
3056 1706 3429 1776 geminarent
3448 1723 3463 1761 :

1887 1797 2143 1855 quantum
2177 1790 2244 1846 ad
2265 1792 2514 1848 virtutem
2540 1834 2558 1862 ,
2590 1797 2827 1864 potuisse
2862 1812 2972 1853 non
2997 1798 3207 1863 almuo;
3241 1799 3332 1854 sed
3363 1813 3464 1853 no-

1884 1878 1984 1939 luit
2007 1880 2107 1936 nisi
2136 1893 2193 1937 ut
2219 1882 2286 1938 de
2315 1884 2534 1941 sexibus
2579 1896 2951 1943 nascerentur.
2979 1888 3131 1944 Nunc
3157 1904 3285 1960 ergo
3306 1905 3467 1961 qua:-

1883 1972 2020 2027 ritur
2041 1973 2171 2044 quid
2205 1972 2429 2042 fecerit,
2461 1992 2566 2032 non
2596 1977 2719 2048 quid
2757 1980 3006 2049 potuerit.
3036 1981 3091 2035 lu
3118 1997 3225 2052 quo
3244 1982 3361 2037 loco
3384 1983 3470 2036 fu-

1884 2065 2026 2120 riosa
2060 2068 2342 2136 responsio
2365 2077 2468 2136 est,
2499 2078 2560 2125 ut
2586 2070 2813 2138 dicatur,
2847 2072 3039 2127 Maium
3069 2074 3313 2145 estquod
3339 2085 3422 2129 est
3448 2115 3464 2140 ,

1884 2156 2006 2226 quia
2038 2159 2212 2226 potuit
2236 2159 2377 2216 Deus
2396 2161 2554 2217 aliter
2590 2162 2797 2230 facere;
2824 2163 2935 2219 hoc
2962 2173 3045 2220 est
3081 2166 3222 2220 enim
3244 2166 3470 2223 laudare

1887 2250 2052 2304 Deum
2088 2251 2139 2305 in
2173 2252 2616 2323 vituperationem
2657 2258 2776 2322 sui,
2810 2267 2863 2312 et
2908 2258 2958 2312 in
2999 2261 3261 2316 maculam
3288 2261 3470 2316 consi-

1883 2341 1941 2403 lii
1969 2341 2085 2412 ejus
2110 2343 2549 2413 omnipotentiam
2597 2348 2907 2417 praedicare.
2935 2349 3050 2405 Non
3098 2352 3275 2407 solum
3314 2352 3470 2409 nulla

1887 2434 2144 2505 laudatio,
2196 2452 2383 2494 verum
2413 2440 2572 2495 etiam
2602 2441 2792 2512 ingens
2841 2444 3161 2498 contumelia
3190 2454 3291 2510 est,
3340 2430 3473 2500 dare

1887 2531 2090 2587 viribus
2117 2533 2259 2603 quod
2288 2534 2910 2604 sapientiae-detraxeris,
2943 2546 2997 2592 et
3026 2537 3470 2594 dicere-adfuisse

1887 2623 2001 2683 Deo
2031 2624 2429 2694 fortitudinem,
2474 2628 2568 2683 sed
2612 2628 2848 2684 defuisse
2866 2630 3173 2685 consilium.
3217 2630 3479 2702 Pertingit

1888 2717 2104 2777 omnino
2129 2718 2195 2774 ad
2220 2719 2561 2789 negationem
2604 2722 2883 2790 potentiae,
2915 2721 3261 2791 reprehensio
3288 2736 3475 2776 censue

1887 2810 2069 2866 lentiae
2104 2830 2115 2866 :
2144 2827 2259 2867 non
2291 2814 2467 2868 omnia
2498 2823 2694 2885 potest,
2726 2817 2770 2871 si
2810 2816 3062 2871 ordinare
3076 2816 3348 2873 benenon
3374 2832 3471 2889 po-

1887 2910 2010 2958 tcst.
2039 2903 2150 2960 lmo
2185 2906 2228 2960 si
2257 2907 2533 2976 sapientia:
2556 2909 2573 2940 ί
2603 2907 2929 2965 sublimitate
2946 2910 3209 2979 deficitur,
3241 2911 3373 2965 nihil
3404 2911 3474 2967 de

1887 2999 2185 3055 reverentia
2215 2999 2506 3056 divinitatis
2546 3010 2776 3056 retentat
2813 3021 2826 3057 :
2858 3003 2999 3072 quod
3035 3004 3157 3075 quia
3208 3005 3471 3073 suspicari

1887 3089 2322 3157 prot'anissimum
2353 3099 2455 3157 est,
2489 3094 2891 3159 recurrit-ilhtd,
2921 3110 3027 3164 quo
3072 3096 3265 3151 tradux
3292 3104 3470 3153 vestra

1882 3179 2175 3251 jugulatur.
2208 3184 2350 3239 Deus
2376 3186 2467 3255 qui
2497 3183 2623 3239 fecit
2642 3186 2828 3240 omnia
2859 3187 2995 3242 bona
3015 3187 3178 3245 valde
3201 3230 3215 3253 ,
3243 3188 3372 3243 nihil
3398 3188 3475 3244 ita

1886 3273 2134 3339 instituit,
2170 3276 2301 3330 utin
2338 3277 2430 3331 illo
2468 3292 2671 3348 genere
2698 3279 2841 3347 quod
2866 3279 3061 3334 factum
3080 3288 3188 3348 est,
3228 3278 3342 3336 ﬁeri
3371 3295 3473 3352 po-

1889 3367 2052 3423 tuisse
2077 3375 2166 3423 aut
2197 3369 2371 3438 aptius
2390 3411 2404 3434 ,
2440 3378 2534 3423 aut
2573 3370 2978 3438 rationabilius,
3010 3371 3479 3442 approbemr.‘Sa.

1885 3460 2084 3533 pientia
2111 3460 2309 3532 quippe
2350 3470 2406 3517 et
2444 3462 2835 3532 omnipotentia
2887 3479 2952 3519 ex
3002 3480 3159 3535 atque
3221 3466 3475 3535 praeditus

1889 3564 1995 3605 non
2020 3548 2352 3615 institueret,
2378 3551 2522 3622 quod
2550 3552 2905 3608 homunculus
2947 3564 3130 3624 posset
3149 3555 3270 3626 jure
3289 3570 3479 3628 repre-

1888 3641 2142 3699 hendere.
2166 3643 2530 3716 Quaecumque
2564 3659 2692 3714 ergo
2723 3646 2775 3701 in
2798 3647 3053 3703 minus
3080 3650 3302 3703 omnino
3326 3663 3477 3705 crea-

1889 3737 2020 3791 turis
2067 3737 2330 3792 naturalia
2358 3737 2617 3792 docentur
2639 3778 2655 3805 ,
2686 3739 2757 3793 ita
2796 3752 3006 3794 summe
3035 3740 3172 3795 facta
3211 3751 3369 3808 sunt,
3405 3752 3466 3798 ut

1886 3828 2129 3886 aﬂ'ectata
2155 3830 2208 3884 in
2238 3830 2319 3885 bis
2343 3831 2921 3898 emendatio,-stultaet
2951 3833 3169 3903 profana
3199 3834 3472 3893 doceatur.

1892 3921 1957 3978 Ut
1982 3938 2111 3994 ergo
2137 3922 2307 3979 forma
2345 3924 2500 3995 equi,
2526 3923 2699 3981 forma
2736 3925 2890 3981 bovis
2926 3926 3134 3981 thahent
3171 3926 3383 3998 quidem
3420 3929 3475 3985 in

1887 4022 2070 4073 mutua
2098 4015 2388 4071 collatione
2407 4016 2735 4084 distantiam,
2760 4018 2813 4072 in
2845 4019 2956 4075 suis
2972 4026 3161 4075 tamen
3191 4021 3477 4091 generibus

1887 4115 2065 4178 aptam
2078 4122 2147 4164 ex
2191 4108 2336 4162 omni
2367 4118 2519 4178 parte
2538 4110 2934 4165 concinentiam
2980 4109 3052 4165 ita
3076 4112 3285 4167 sortita:
3311 4122 3472 4180 sunt,

1886 4207 1946 4256 ut
1964 4214 2064 4255 nec
2082 4198 2343 4264 debuerit,
2370 4214 2475 4256 nec
2490 4201 2728 4270 potuerit
2752 4208 2773 4239 ί
2794 4212 2885 4257 aut
2910 4215 3080 4272 equus
3110 4212 3203 4259 aut
3224 4203 3345 4269 bos,
3392 4218 3477 4259 se-

1887 4304 1981 4347 cus
2005 4307 2162 4362 quam
2190 4291 2454 4348 formatus
2492 4292 2704 4348 videtur
2726 4334 2742 4359 ,
2782 4294 2983 4348 institui
3017 4293 3152 4364 (qua
3191 4296 3374 4367 regula
3408 4294 3474 4350 li-

1886 4392 1975 4440 cet
1997 4385 2172 4438 omnia
2196 4385 2451 4450 natantia,
2484 4386 2744 4455 repentia,
2792 4385 3108 4456 gradientia,
3152 4387 3428 4443 volitantia
3458 4428 3474 4454 ,

1888 4483 2160 4546 postremo
2197 4475 2434 4531 mlieres
2485 4476 2830 4547 calestiaque
2888 4493 3240 4547 percurrere;
3276 4479 3475 4535 nullius

1888 4566 2058 4623 forma
2081 4569 2285 4638 .quippe
2312 4568 2535 4630 melius,
2557 4582 2716 4637 quam
2742 4568 2815 4622 illi
2840 4569 2924 4623 cui
2955 4569 3243 4637 parabatur
3264 4572 3472 4641 generi,

1895 4659 2096 4719 institui
2127 4659 2365 4729 potuisse
2389 4657 2757 4729 convincitur)
2788 4676 2801 4713 :
2828 4660 2897 4713 ita
2925 4668 2980 4713 et
3011 4659 3171 4714 homo
3199 4677 3358 4731 quem
3387 4676 3477 4718 su-

1889 4767 1983 4824 pra
2006 4751 2116 4822 jam
2138 4751 2490 4823 gradientium
2512 4752 2837 4822 generalitas
2862 4752 3143 4821 indicavit,
3168 4754 3246 4809 sic
3272 4762 3354 4809 est
3381 4770 3478 4825 per

1891 4848 2135 4903 universa
2186 4846 2442 4900 formatus
2466 4886 2481 4910 ,
2527 4854 2586 4900 ut
2634 4845 2825 4900 melius
2849 4862 2877 4898 a
2907 4846 3051 4900 nuilo
3080 4844 3204 4918 ﬁngi
3249 4856 3431 4917 posset
3460 4864 3474 4902 :

1890 4941 1982 5012 qui
2010 4940 2218 5009 accepit
2242 4938 2540 5009 μεικιθθιθι·
2570 4939 2621 4992 ἱη
2640 4953 2870 5009 corpore
2897 4948 2952 4994 et
2979 4938 3126 4994 locos
3148 4938 3362 4996 decoris
3387 4982 3402 5007 ,
3426 4947 3480 4994 et

1892 5034 2041 5090 locos
2068 5033 2307 5104 pudoris,
2341 5041 2398 5086 ut
2422 5032 2476 5086 in
2510 5046 2570 5087 se
2594 5031 2715 5101 ipso
2749 5042 2806 5087 et
2834 5032 3210 5087 verecundiam
3232 5033 3477 5088 etconﬁ-

1893 5127 2128 5183 dentiam
2149 5126 2383 5180 disceret
2407 5142 2423 5189 ;
2456 5140 2532 5179 unc
2554 5134 2614 5182 et
2632 5124 3227 5191 deformis‘videretur,
3266 5126 3313 5181 si
3339 5135 3481 5182 esset

1894 5226 2199 5290 percuncta
2220 5217 2459 5282 velatus;
2480 5225 2539 5270 et
2562 5216 2719 5271 deses
2742 5215 3068 5272 redderetur
3090 5230 3155 5271 ac
3182 5215 3474 5286 negligens,

1894 5313 1939 5366 si
1970 5325 2185 5382 semper
2207 5318 2354 5365 esset
2380 5323 2477 5379 per
2503 5316 2692 5363 autem
2722 5310 2989 5379 vulgatus.
3020 5309 3095 5363 ne
3122 5321 3220 5376 per
3265 5307 3365 5360 hoc
3393 5304 3474 5360 fe-

1896 5402 2138 5465 cunditas
2166 5401 2421 5468 humana,
2448 5415 2555 5455 non
2580 5400 2681 5455 alia
2702 5414 2861 5470 quam
2891 5413 3011 5469 qua}
3042 5397 3209 5454 lhabet
3228 5438 3243 5463 ,
3279 5395 3477 5450 utrius-

1897 5520 2000 5576 que
2023 5519 2183 5559 sexus
2202 5501 2385 5558 debuit
2406 5499 2651 5556 membra
2678 5498 2976 5569 suscipere,
2996 5509 3105 5552 non
3122 5495 3282 5551 aiiam
3313 5494 3478 5548 ratio-

1952 5644 1977 5721 }
2012 5642 2162 5704 Editi,
2195 5638 2292 5690 imo
2328 5650 2421 5689 non
2462 5634 2726 5700 sapientia.
2761 5635 3061 5697 Castigantur
3107 5643 3173 5682 ex
3210 5630 3480 5680 manuscri-

1897 5717 2308 5845 p'jlt‘S'Auetoritate
2363 5754 2795 5827 manuscriptorum
2843 5756 3145 5821 addidimus,
3175 5738 3484 5821 accipimus.

1900 5843 1980 5887 rit.
3404 5864 3409 5867 η
3448 5846 3453 5851 “

3492 5910 3503 5938 i
