3980 6528
545 426 683 485 1447

551 552 674 597 nem
700 537 986 602 viseerum,
1015 548 1123 588 non
1149 530 1282 586 alios
1331 543 1540 595 sensus,
1563 541 1669 582 non
1694 526 1853 581 aliam
1884 525 2132 594 volupta-

555 642 683 690 tem.
715 631 1110 687 Admoneamus
1136 625 1296 694 igitur
1318 622 1661 685 Manichaaos,
1692 631 1747 674 ut
1777 619 2024 674 desinant
2043 631 2133 671 re-

551 722 884 794 prehendere
929 719 1123 774 divinae
1172 715 1312 771 facta
1364 714 1676 785 sapientim,
1709 721 1767 766 ut
1811 711 2128 781 opinionum

555 827 771 872 suarum
824 813 1096 882 corrigant
1122 810 1436 881 pravitatem
1468 808 1623 879 :quia
1650 821 1751 862 nec
1776 804 1843 859 ad
1883 803 2138 875 quaestio-

551 922 677 963 nem
722 904 913 960 attinet
942 905 960 935 ί
983 934 1016 970 ,-
1046 903 1092 957 si
1126 902 1282 957 aliter
1325 900 1572 955 homines
1619 914 1780 970 quam
1815 897 2137 953 universitas

555 999 711 1056 testis
727 1007 829 1064 est,
856 994 1161 1068 generaturi
1189 994 1352 1049 fuisse
1376 992 1655 1057 dicantur;
1690 1005 1788 1045 nec
1822 990 2013 1044 melius
2043 1002 2138 1043 eos

552 1091 671 1147 fieri
715 1090 958 1161 potuisse
981 1102 1141 1158 quam
1166 1086 1293 1141 facti
1334 1094 1495 1150 sunt,
1524 1093 1586 1139 ut
1614 1084 1774 1151 ratio,
1804 1082 1874 1138 ita
1904 1091 1959 1138 et
1995 1079 2140 1137 Seri-

554 1195 709 1256 ptura
741 1192 1001 1249 testatur,
1049 1197 1170 1253 quae
1194 1181 1394 1236 clamat
1424 1180 1588 1235 Deum
1619 1194 1726 1234 non
1757 1179 1930 1233 solum
1958 1177 2097 1232 bona
2119 1217 2135 1243 ,

553 1276 652 1332 sed
697 1276 856 1334 etiam
909 1273 1062 1329 valde
1104 1274 1243 1329 bona
1277 1271 1470 1327 fecisse
1507 1272 1685 1327 omnia
1739 1269 1913 1342 (Gen.
1960 1285 1999 1336 ι,
2028 1269 2136 1334 3i;

557 1366 721 1423 Eccli.
752 1383 921 1427 XXXIX
942 1408 960 1435 ,
989 1364 1107 1437 21).
1134 1366 1213 1420 Ac
1255 1379 1355 1435 per
1384 1364 1489 1419 hoc
1525 1371 1585 1419 ut
1631 1378 1727 1433 per
1767 1371 1936 1417 totum
1965 1375 2136 1431 opus,

558 1459 649 1517 hic
676 1476 890 1533 quoque
922 1459 1338 1516 Manichmorum
1388 1456 1581 1526 dogma
1624 1454 1920 1526 collapsum
1949 1462 2052 1510 est.
2078 1452 2139 1509 In

555 1552 738 1610 futuro
764 1560 944 1609 autem
985 1560 1230 1621 tempore
1271 1546 1589 1620 gloriosiora
1615 1559 1867 1617 corpora,
1895 1559 1995 1601 nec
2022 1543 2141 1614 opis

561 1646 772 1718 egentia
795 1687 810 1713 ,
842 1645 958 1702 fore
998 1646 1276 1702 beatorum
1324 1640 1573 1696 fatemur.
1605 1637 1713 1695 Sed
1747 1647 1802 1694 et
1840 1637 1942 1693 hoc
1966 1637 2140 1706 ipsum

558 1738 764 1809 optime
802 1737 1107 1792 institutum
1151 1743 1234 1791 est
1255 1749 1286 1789 a
1316 1733 1427 1788 Deo
1450 1731 1749 1803 justissima
1772 1745 1837 1786 ac
1860 1729 2142 1800 sapientis-

557 1829 717 1894 simo,
748 1838 807 1884 ut
836 1836 1031 1884 statum
1078 1826 1281 1898 praemii
1306 1824 1614 1895 neutiquam
1643 1831 1832 1879 natura
1861 1828 2138 1893 perverte-

558 1922 681 1977 ret’
709 1936 725 1986 ;
755 1918 851 1976 sed
898 1927 1042 1975 esset
1069 1916 1275 1988 primus
1309 1916 1503 1987 gradus
1528 1956 1544 1982 ,
1593 1915 1647 1971 in
1689 1929 1796 1986 quo
1823 1914 2142 1970 consisteret

557 2011 856 2083 ingenuitas
880 2009 1159 2076 naturalis,
1202 2016 1257 2064 et
1288 2007 1355 2064 de
1380 2023 1487 2079 quo
1511 2049 1524 2073 ,
1552 2022 1650 2078 pro
1684 2006 1806 2078 jure
1835 2005 2040 2083 arbitrii
2071 2005 2141 2060 li-

555 2102 695 2167 beri,
725 2103 810 2159 vcl
852 2102 919 2158 ad
947 2116 1229 2173 poenarum
1254 2101 1360 2155 ima
1390 2098 1779 2164 descenderet,
1811 2099 1897 2155 vel
1926 2097 1994 2153 ad
2023 2098 2140 2170 glo-

555 2195 753 2252 riarum
778 2209 1035 2251 cacumen
1053 2208 1153 2264 per
1176 2207 1270 2249 eas
1293 2192 1428 2259 vias,
1451 2206 1585 2263 quas
1608 2192 1750 2248 Deus
1772 2190 2030 2260 instituit,
2059 2192 2143 2246 ni-

554 2300 775 2349 teretur.

624 2386 759 2441 Anc.
790 2382 1062 2450 Prorsus,
1086 2382 1327 2450 Juliane,
1368 2396 1475 2437 non
1506 2381 1700 2451 putasti
1724 2388 1779 2437 et
1816 2393 1934 2436 mea
1959 2387 2020 2436 et
2050 2388 2142 2436 tua

555 2477 802 2534 homines
822 2491 942 2533 esse
962 2477 1225 2542 lecturos;
1253 2472 1351 2530 sed
1371 2473 1450 2529 eis
1470 2471 1840 2529 tantummodo
1859 2470 2135 2542 scripsisti,

553 2570 645 2642 qui
684 2569 819 2625 meis
862 2568 1116 2639 ignoratis
1143 2567 1256 2621 sive
1292 2564 1583 2636 neglectis,
1613 2578 1714 2621 nec
1751 2564 1991 2634 utrisque
2017 2561 2141 2618 dili-

554 2671 745 2735 genter
773 2662 1025 2732 inspectis
1042 2701 1058 2728 ,
1089 2669 1175 2715 tua
1205 2659 1320 2716 sola
1371 2658 1555 2730 legere
1577 2673 1641 2714 ac
1668 2672 1829 2714 nosse
1850 2666 2138 2723 curarent;

554 2768 655 2809 nec
684 2752 881 2808 dixisse
911 2766 996 2807 me
1021 2750 1331 2816 crederent,
1363 2748 1463 2804 nisi
1491 2748 1634 2819 quod
1663 2764 1693 2802 a
1723 2757 1777 2804 te
1808 2761 2140 2805 commemo-

552 2853 760 2913 ratum,
795 2854 1044 2915 tanquam
1070 2845 1138 2899 de
1182 2843 1351 2911 meis,
1382 2843 1438 2897 in
1467 2843 1572 2898 tuis
1598 2842 1791 2899 litteris
1818 2844 2137 2900 invenirent.

553 2935 689 2992 Hinc
723 2934 867 2991 enim
893 2933 1088 2989 factum
1135 2949 1255 2990 esse
1284 2933 1474 2999 video,
1507 2942 1566 2988 ut
1587 2934 1708 3005 quia
1739 2949 1838 3005 ego
1862 2933 2102 2990 dixeram
2123 2975 2139 3000 ,

561 3046 580 3081 ι
608 3027 717 3084 Cur
744 3028 887 3084 enim
917 3041 1022 3082 non
1048 3026 1330 3081 credamus
1352 3026 1518 3081 Deum
1546 3026 1784 3097 potuisse
1810 3026 1863 3081 in
1891 3026 2149 3096 paradiso,

552 3119 848 3176 concedere
871 3118 1073 3175 homini
1102 3117 1258 3173 beato
1282 3117 1351 3173 de
1375 3132 1474 3173 suo
1495 3118 1720 3182 semine,
1753 3117 1895 3187 quod
1921 3132 2143 3173 conces-

557 3227 677 3268 sum
705 3211 951 3266 videmus
975 3209 1226 3280 agricolis
1253 3208 1322 3264 de
1348 3209 1508 3265 tritici
1539 3208 1779 3275 semine,
1811 3218 1869 3263 ut
1891 3224 1958 3265 eo
1983 3209 2142 3264 modo

555 3302 680 3359 illud
723 3310 994 3358 sereretur
1035 3300 1153 3356 sine
1196 3300 1307 3356 ulla
1352 3299 1599 3371 pudenda
1639 3299 1893 3355 libidine?
1920 3320 1940 3353 »
1977 3309 2031 3354 tu
2060 3299 2143 3356 his

559 3395 738 3452 verbis
763 3395 900 3451 meis
928 3394 1074 3451 velut
1100 3392 1467 3464 respondens,
1506 3402 1597 3448 tua
1627 3392 1929 3464 vaniloquia
1957 3393 2145 3449 dilata-

557 3502 666 3557 res,
698 3502 765 3544 eo
792 3502 960 3558 usque
1004 3500 1318 3557 progressus
1339 3494 1397 3543 et
1420 3485 1642 3542 diffusus
1660 3528 1675 3554 ,
1719 3494 1771 3541 ut
1801 3500 1888 3542 me
1912 3486 2144 3542 sensisse

553 3578 803 3650 iactares,
837 3596 858 3631 ι
885 3579 930 3634 si
956 3593 1064 3634 non
1093 3587 1372 3649 peccasset
1399 3577 1603 3648 Adam,
1629 3577 1708 3633 sic
1747 3580 1983 3649 potuisse
2022 3593 2143 3632 mu-

559 3670 744 3727 lierem
772 3671 839 3726 ad
882 3663 1267 3729 fecunditatem
1292 3670 1504 3741 parari,
1555 3668 1697 3726 forte
1739 3677 1797 3725 ut
1836 3684 1931 3740 per
1957 3684 2146 3726 omnes

557 3763 831 3829 articulos,
857 3778 920 3820 ac
940 3778 1037 3834 per
1055 3764 1289 3819 minutas
1308 3777 1596 3833 corporum
1621 3763 1849 3827 ﬁstulas,
1882 3777 2014 3833 quas
2034 3778 2147 3818 me-

559 3854 662 3910 dici
694 3870 853 3926 poros
877 3864 1088 3919 vocant,
1118 3855 1281 3927 spica:
1310 3863 1656 3925 erumperent
1684 3853 1912 3910 filiorum
1934 3897 1950 3923 ,
1987 3864 2148 3926 atque

558 3947 647 4002 illa
676 3945 922 4002 omnibus
955 3946 1072 4001 laeta
1100 3945 1344 4017 partibus
1362 3985 1379 4013 ,
1409 3954 1591 4016 partus
1617 3960 1714 4016 pro
1751 3946 2010 4017 pediculis
2053 3963 2149 4002 ex-

559 4039 798 4105 sudaret,
823 4057 843 4091 »
868 4047 923 4095 et
945 4048 1138 4095 caetera
1163 4053 1284 4110 quae
1311 4053 1735 4095 commemorare
1754 4053 1840 4094 mc
1875 4038 2033 4095 taedet
2049 4078 2065 4107 ,
2095 4048 2149 4095 te

561 4141 738 4188 autem
766 4146 872 4187 non
901 4130 1090 4202 puduit
1120 4146 1395 4202 aggerare.
1440 4130 1497 4186 ln
1524 4131 1717 4202 quibus
1748 4132 1910 4187 etiam
1937 4131 2006 4187 dc
2036 4132 2149 4187 viro

561 4223 761 4290 dixisti,
789 4222 931 4294 quod
963 4241 982 4274 ι
1011 4221 1323 4278 admoveret
1349 4223 1599 4278 nimirum
1625 4238 1732 4279 non
1762 4222 2022 4289 membra,
2051 4222 2149 4279 sed

562 4316 904 4382 ferramenta,
931 4325 987 4370 et
1003 4314 1313 4386 genitalium
1339 4330 1538 4370 vacuus
1558 4314 1887 4386 imprimeret
1905 4330 2149 4372 vomeres

563 4416 618 4465 et
653 4407 878 4479 ligones.
908 4425 928 4459 ι
967 4406 1091 4462 llaec
1117 4416 1266 4461 certe
1307 4414 1465 4476 atque
1511 4406 1811 4476 hujusmodi
1841 4407 1997 4478 (qua:
2023 4423 2147 4463 cum

566 4500 674 4567 tui,
705 4512 811 4554 non
840 4497 1159 4569 quicumque
1188 4497 1420 4554 lectores
1439 4538 1456 4566 ,
1486 4496 1580 4552 sed
1618 4498 1903 4555 dilectores
1931 4498 2147 4571 legunt,

566 4606 663 4662 pro
688 4600 738 4646 te
759 4632 775 4659 ,
806 4590 852 4645 si
880 4589 1018 4645 ullus
1055 4589 1112 4644 in
1153 4590 1233 4644 eis
1261 4589 1525 4644 humanus
1559 4604 1751 4645 sensus
1791 4598 1908 4656 est,
1949 4592 2150 4647 erube-

570 4685 766 4754 scunt),
798 4681 1057 4752 numquid
1085 4697 1203 4737 mea
1230 4682 1391 4737 verba
1419 4683 1623 4752 garrire
1652 4692 1703 4739 te
1729 4684 1999 4751 sinerent,
2028 4700 2148 4756 quae

565 4789 674 4830 non
699 4773 770 4829 ob
796 4772 940 4828 aliud
966 4773 1268 4843 praeteriisti
1295 4781 1457 4844 atque
1482 4775 1731 4845 tacuisti,
1763 4776 1864 4832 nisi
1889 4786 1947 4832 ut
1973 4776 2068 4834 tibi
2096 4778 2151 4832 in

567 4867 685 4922 istis
713 4866 902 4921 latiora
932 4865 1194 4921 delirandi
1236 4867 1406 4938 spatia
1449 4868 1815 4939 praeparares?
1854 4870 1966 4942 Ego
2007 4870 2149 4926 enim

566 4958 711 5025 dixi,
751 4958 859 5013 seri
907 4957 1178 5014 hominem
1221 4959 1488 5029 potuisse,
1526 4960 1594 5016 ad
1624 4961 1914 5017 voluntatis
1960 4974 2146 5017 nutum

567 5050 823 5108 membris
850 5051 1270 5122 obsequentibus
1297 5052 1617 5124 genitalibus
1645 5072 1660 5106 :
1702 5063 1759 5109 tu
1788 5062 1968 5110 autem
1995 5055 2149 5125 geni-

570 5144 692 5201 talia
721 5144 962 5200 membra
991 5144 1201 5201 tacuisti
1220 5186 1235 5212 ,
1278 5154 1339 5201 ut
1360 5146 1467 5201 ires
1495 5160 1593 5217 per
1618 5145 1857 5201 mulieris
1898 5146 2151 5203 articulos

568 5245 627 5294 et
649 5236 1034 5293 minutissimas
1058 5236 1263 5294 ﬁstulas
1290 5235 1428 5292 ﬁlios
1455 5250 1552 5306 per
1579 5237 1820 5307 corporis
1844 5252 2006 5307 poros
2035 5246 2153 5292 tan-

568 5347 728 5404 quam
758 5331 1033 5403 pediculos
1058 5328 1390 5397 exsudantis,
1416 5338 1472 5386 et
1497 5345 1594 5401 per
1625 5330 1900 5386 oculorum
1928 5330 2153 5402 pupulas

569 5425 810 5482 caecitate
831 5433 1192 5498 consequente
1217 5423 1496 5495 parientis.
1523 5422 1779 5491 Membra,
1802 5422 2038 5495 inquam,
2058 5439 2155 5496 ge-

569 5518 756 5575 nitalia
781 5519 1012 5586 tacuisti,
1039 5517 1191 5589 quasi
1214 5532 1313 5573 nos
1340 5532 1424 5583 ea,
1448 5517 1492 5574 si
1519 5516 1689 5574 Adam
1715 5532 1824 5574 non
1853 5527 2150 5588 peccasset,

568 5609 817 5670 defutura
843 5610 1148 5669 hominibus
1190 5609 1526 5679 diceremus;
1574 5619 1632 5666 ut
1668 5625 1856 5682 posses
1895 5611 2114 5668 ridicula
2133 5652 2151 5682 ,

635 5745 745 5818 1m
778 5745 1239 5811 editisproverbo,
1281 5744 1780 5818 attinet;
1808 5744 2152 5810 substitutum,

570 5802 839 5933 Ἥκω,
860 5876 1183 5935 reverterat.

1213 378 1456 476 ornats
1492 412 1905 471 IMPEBFECTI
1939 400 2219 469 CONTRA
2253 402 2612 483 JULlANUM,
2652 413 2712 472 s.
2744 357 3112 477 AUGUSTtNi

2242 540 2348 582 non
2378 527 2696 597 urbanitate,
2728 536 2823 587 sed
2851 534 3158 605 nugacitate
3189 532 3409 604 dicere,
3435 536 3575 607 quod
3599 559 3618 593 ι
3641 543 3707 599 vir
3721 564 3782 618 εε.

2242 618 2483 711 nitalium
2508 636 2705 677 vacuus
2732 638 2976 681 vomeres
3014 635 3067 681 et
3094 626 3331 697 ligones
3365 625 3591 684 fetandm
3629 640 3782 711 ωτι]υρ

2245 708 2595 779 imprimeret.
2626 732 2646 765 ι
2679 712 2942 786 Numquid
2970 716 3035 771 de
3055 733 3307 772 numero
3329 719 3555 788 quzestio
3580 733 3669 791 est,
3692 708 3781 799 tigri.

2242 814 2406 870 raque
2434 803 2829 871 membrorum;
2859 820 2979 877 qua:
3005 807 3070 863 ad
3093 807 3495 878 generandum
3521 823 3681 870 creata
3701 833 3785 887 ρος.

2242 891 2442 948 sentin
2468 894 2600 950 locis
2629 896 2740 952 suis
2767 898 2911 952 salva
2937 908 2993 954 et
3030 899 3291 971 integra,
3324 915 3432 956 nec
3457 900 3674 975 indigere
3697 910 3785 969 inci.

2243 990 2481 1039 tamento
2501 984 2753 1056 libidinis,
2781 996 2837 1043 et
2859 989 3058 1046 servire
3081 991 3338 1061 imperio
3369 993 3679 1052 voluntatis?
3700 1001 3787 1068 Qu

2244 1075 2366 1131 ideo
2390 1092 2420 1131 a
2450 1094 2535 1133 me
2562 1089 2974 1137 commemorata
2995 1097 3455 1140 commemorare
3475 1085 3688 1160 noluisti,
3706 1108 3785 1154 om

2245 1168 2405 1224 verba
2435 1185 2552 1226 mea
2582 1187 2835 1242 ponercs,
2869 1189 2937 1230 ne
2964 1175 3252 1231 silentium
3287 1176 3389 1233 tibi
3436 1178 3785 1251 impellerem;

2243 1258 2311 1314 ad
2340 1260 2427 1314 illa
2452 1276 2573 1332 quae
2609 1262 2677 1317 de
2703 1264 2827 1319 filiis
2855 1280 2951 1335 per
2976 1275 3147 1321 totum
3180 1281 3400 1337 corpus
3427 1277 3660 1340 tanquam
3685 1278 3783 1345 pedi-

2243 1349 2376 1405 culis
2415 1353 2849 1422 erumpentibus,
2892 1366 2947 1410 et
2984 1355 3053 1412 de
3092 1357 3466 1414 ferramentis
3505 1362 3784 1431 agricolam

2243 1442 2311 1498 ad
2337 1443 2760 1516 impraegnandas
2789 1447 3010 1505 feminas
3033 1450 3403 1518 adhibendis,
3437 1468 3557 1524 qua:
3584 1456 3664 1512 tibi
3684 1458 3783 1518 festi.

2243 1533 2459 1589 vissima
2503 1536 2785 1595 dicacitate
2825 1554 3019 1598 sonare
3059 1542 3430 1613 videbantur,
3478 1553 3783 1610 cumvanitate

2245 1624 2574 1696 ineptissima
2603 1628 2925 1698 dicerentur,
2957 1648 3020 1690 os
3047 1635 3277 1703 aperire
3309 1651 3427 1691 non
3465 1651 3657 1707 posses.
3685 1641 3781 1701 Unde

2244 1730 2346 1771 nec
2366 1716 2494 1773 illud
2521 1733 2720 1788 meum,
2747 1722 2890 1793 quod
2914 1723 2967 1779 in
2997 1724 3194 1782 eodem
3221 1725 3379 1795 loco,
3411 1744 3569 1799 quem
3596 1732 3780 1790 velutre-

2244 1807 2606 1879 darguendum
2635 1828 2950 1885 susceperas
2969 1858 2983 1883 ,
3023 1817 3091 1873 de
3118 1819 3554 1890 parturientium
3582 1821 3779 1884 doloribus

2245 1903 2429 1973 posui,
2464 1905 2661 1974 putasti
2685 1921 2806 1963 esse
2831 1910 3185 1981 tangendum.
3222 1912 3288 1967 Si
3320 1913 3471 1969 enim
3501 1913 3777 1978 femineam

2244 1996 2609 2064 parturitionis
2634 1999 2955 2056 cruciatibus
2981 2011 3245 2072 parerent
3261 2045 3278 2070 ,
3311 2015 3450 2074 puto
3476 2005 3610 2076 quod
3633 2011 3778 2067 nones

2245 2090 2485 2145 membra
2510 2091 2527 2122 ί
2552 2092 2947 2164 genitalia,sed
2974 2105 3248 2153 tormenta
3275 2098 3513 2168 pamalia
3535 2100 3775 2159 defuissent

2245 2180 2413 2237 Porro
2430 2182 2704 2253 Scriptura
2726 2186 2901 2242 divina
2924 2186 3088 2261 (quod
3108 2204 3317 2246 omnes
3339 2192 3434 2261 qui
3457 2193 3624 2262 legunt
3639 2196 3773 2267 sciunt)

2244 2273 2313 2329 de
2340 2286 2565 2344 peccato
2583 2275 2711 2332 Eva:
2741 2277 2843 2335 hoc
2873 2282 3125 2337 tormenti
3152 2297 3339 2353 genus
3365 2282 3422 2338 in
3448 2282 3697 2340 femineum
3713 2304 3771 2357 ge-

2245 2381 2347 2422 nus
2377 2368 2632 2426 transisse
2673 2379 2899 2427 testatur
2925 2372 3077 2442 (Gen.
3107 2390 3166 2430 iu
3191 2415 3210 2443 ,
3257 2376 3379 2447 16).
3421 2374 3533 2431 Hoc
3557 2386 3607 2431 tu
3626 2378 3773 2436 iuncis

2245 2460 2424 2516 verbis
2454 2464 2726 2532 praeterire
2751 2481 2910 2535 quam
2942 2476 3281 2537 pertractare
3309 2469 3570 2539 maluisti,
3597 2486 3654 2527 ne
3673 2472 3767 2528 diee-

2245 2561 2398 2610 retur
2430 2554 2553 2623 tibi,
2600 2556 2673 2612 ita
2701 2558 2863 2614 salvis
2902 2568 3062 2632 atque
3104 2562 3343 2634 integris
3374 2565 3633 2635 utriusque
3662 2579 3770 2622 sexus

2244 2648 2565 2719 genitalibus
2591 2651 2643 2705 in
2671 2651 2758 2707 illa
2788 2652 3038 2710 felicitate
3063 2656 3311 2727 paradisi
3338 2659 3570 2728 potuisse
3590 2660 3681 2715 sine
3697 2676 3762 2731 pu-

2246 2740 2422 2799 denda
2458 2743 2674 2799 libidine
2698 2747 3057 2803 concumbere
3085 2749 3107 2780 ²
3137 2748 3444 2821 eonjuges,
3489 2751 3613 2806 sicut
3635 2762 3764 2822 potue-

2246 2845 2371 2892 runt
2397 2837 2558 2893 salvis
2585 2845 2747 2909 atque
2776 2839 2995 2911 integris
3025 2839 3282 2898 femineis
3307 2843 3613 2914 genitalibus
3636 2860 3761 2915 parere

2246 2928 2364 2985 sine
2388 2930 2652 2999 gemendo
2677 2930 2699 2963 ³
2727 2931 2913 2988 dolore
2940 2933 3220 2990 mulieres.
3265 2933 3380 2991 Sed
3407 2950 3501 2991 vos
3524 2950 3618 2991 non
3646 2937 3764 2991 solm

2246 3021 2512 3077 cruciatus
2537 3031 2591 3077 et
2618 3024 2846 3094 gemitus
2863 3026 3211 3097 parientium,
3237 3042 3431 3082 verum
3455 3027 3597 3083 etiam
3614 3026 3759 3083 labores

2245 3113 2379 3168 alios
2406 3129 2780 3187 :erumnasque
2806 3118 3132 3182 mortalium,
3168 3134 3284 3175 non
3314 3136 3347 3174 a
3375 3129 3601 3189 tempore
3621 3120 3761 3175 arbitrii

2246 3207 2402 3265 liberi
2428 3222 2611 3264 eorum
2632 3251 2646 3273 ,
2680 3210 2775 3266 scd
2813 3224 2844 3265 a
2875 3210 2962 3266 die
3000 3213 3175 3269 exitus
3221 3213 3295 3270 de
3322 3223 3506 3270 ventre
3529 3214 3677 3268 matris
3698 3226 3757 3268 eo-

2247 3313 2388 3366 rum,
2411 3299 2663 3356 mavultis
2684 3300 2736 3355 in
2759 3302 2878 3357 loco
2901 3310 3062 3359 tanta:
3082 3304 3229 3361 illius
3248 3305 3584 3363 beatitudinis
3603 3318 3758 3374 ponere,

2247 3406 2404 3461 quam
2433 3391 2734 3463 pudendam
2772 3404 3076 3466 susceptam
3107 3410 3349 3454 vestram
3392 3399 3507 3469 ipso
3543 3397 3605 3453 ibi
3626 3397 3754 3452 saltem

2247 3483 2455 3567 pudore
2491 3500 2597 3542 non
2645 3502 2864 3558 ponere.
2915 3487 2985 3544 Et
3030 3498 3211 3546 tamen
3259 3491 3352 3561 qui
3401 3505 3555 3560 negas
3580 3489 3624 3544 in
3654 3488 3757 3542 istan

2249 3579 2626 3636 mortalitatem
2653 3591 2773 3651 post
2799 3592 3073 3652 peceatum
3092 3592 3356 3640 mutatam
3377 3583 3531 3638 fuisse
3551 3590 3755 3645 naturam;

2249 3668 2435 3726 fateris
2489 3682 2611 3742 post
2662 3674 2911 3729 meritum
2966 3675 3121 3731 bonae
3172 3675 3467 3732 voluntatis
3512 3674 3560 3729 in
3600 3672 3755 3744 gloriam

2250 3761 2422 3818 beatze
2447 3763 2862 3820 immortalitatis
2886 3781 3008 3822 esse
3034 3768 3370 3823 mutandam.
3401 3766 3457 3821 ln
3483 3763 3614 3835 cujus
3632 3760 3755 3834 gloria

2252 3869 2506 3911 cacumen
2537 3857 2776 3926 parvuli,
2809 3857 2949 3929 quod
2981 3874 3085 3914 non
3117 3860 3344 3930 potestis
3371 3873 3553 3929 negare
3574 3898 3587 3923 ,
3611 3851 3754 3909 meritis

2253 3963 2363 4004 non
2398 3964 2536 4014 suae,
2586 3949 2679 4006 sed
2725 3951 2913 4007 aliena:
2956 3952 3245 4009 voluntatis
3287 3948 3631 4015 ascendunt‘;
3665 3956 3753 4016 quos

2253 4053 2361 4094 non
2404 4039 2568 4095 vultis
2608 4041 2830 4098 credere
2870 4043 3075 4098 meritis
3115 4046 3274 4100 malae
3303 4042 3572 4100 voluntatis
3592 4038 3750 4100 aliene.

2254 4130 2349 4186 sed
2377 4139 2550 4187 tamen
2581 4131 2697 4203 ejus
2725 4133 2776 4188 in
2806 4133 2959 4205 cujus
2989 4134 3185 4191 lumbis
3222 4137 3434 4193 ratione
3459 4132 3645 4190 seminis
3671 4127 3750 4182 fue-

2254 4233 2413 4295 runt,
2441 4224 2509 4281 ad
2537 4226 2795 4297 profunda
2827 4229 3164 4286 miseriarum
3192 4246 3329 4302 quas
3367 4228 3616 4291 novimus,
3639 4221 3748 4277 fuisse

2254 4319 2508 4390 dejeclos.

2324 4411 2466 4469 XVI.
2495 4412 2613 4470 Jun.
2639 4413 2745 4471 Sed
2762 4415 2873 4486 jam
2900 4432 3185 4488 pergamus
3208 4418 3276 4474 ad
3302 4417 3513 4489 reliqua.
3535 4412 3742 4478 Ροδιειωω

2256 4520 2385 4576 ergo
2432 4506 2691 4571 Abrabzn,
2733 4508 2876 4578 quod
2918 4524 2949 4563 a
3000 4526 3086 4567 me
3128 4512 3356 4583 positum
3407 4508 3587 4572 fuerat,
3620 4495 3744 4555 vitavit

2256 4598 2594 4669 exemplum;
2623 4609 2847 4656 conatus
2870 4610 2955 4658 est
2976 4616 3241 4669 asserere,
3271 4596 3555 4658 Abimeleeh
3577 4600 3738 4664 quoque:

2254 4692 2347 4764 qui
2377 4701 2562 4749 orante
2586 4692 2857 4749 Abraham
2885 4694 2929 4761 ',
2958 4711 3080 4751 cum
3107 4696 3415 4752 mulieribus
3437 4692 3536 4748 suis
3564 4690 3743 4744 sanatus,

2255 4784 2505 4850 refertur,
2538 4793 2600 4840 ut
2635 4783 2703 4841 ad
2740 4786 3100 4858 generationis
3128 4803 3346 4859 operam
3364 4827 3379 4852 ,
3404 4800 3434 4840 a
3458 4797 3547 4853 qua
3569 4792 3644 4850 per
3663 4771 3737 4841 Ph‘

2254 4892 2376 4949 gam
2401 4887 2519 4935 erat
2542 4894 2837 4951 suspensus
2858 4922 2874 4949 ,
2907 4891 3088 4951 posset
3111 4881 3289 4938 redire
3309 4923 3325 4950 ,
3356 4894 3456 4935 non
3496 4867 3740 4930 detractione

2257 4969 2522 5038 libidinis,
2557 4971 2651 5027 sed
2685 4971 2871 5028 dolore
2897 4972 3077 5045 aliquo
3103 4987 3262 5044 posse
3288 4968 3495 5039 intelligi
3528 4960 3734 5045 mulierum

2258 5063 2468 5119 vulvam
2508 5065 2671 5122 fuisse
2696 5042 3002 5121 conclusam
3027 5042 3127 5137 (De
3154 5063 3387 5137 Nuptiis,
3413 5061 3493 5115 lib.
3518 5056 3564 5123 2,
3585 5069 3626 5107 π·

2258 5158 2412 5230 quasi
2438 5172 2469 5212 a
2495 5158 2650 5214 nobis
2678 5168 3005 5214 assereretur
3027 5132 3317 5229 impendio,
3342 5165 3396 5212 ut
3418 5148 3635 5223 appetitus
3652 5132 3736 5235 εἰς

2258 5249 2519 5307 naturalis
2561 5248 2799 5306 redditus
2848 5248 3159 5306 videretur:
3196 5265 3328 5307 cum
3371 5259 3464 5317 ego
3500 5236 3733 5297 testim“ns

2324 5431 2343 5464 ³
2376 5431 2450 5481 sic
2471 5437 2578 5480 Mss.
2605 5436 2654 5478 In
2676 5429 2836 5492 vign.,
2858 5427 3161 5492 membris.“
3181 5489 3192 5492 _
3219 5490 3244 5492 __
3435 5486 3445 5492 _
3601 5472 3660 5492 ψλ

2323 5494 2344 5524 ³
2367 5479 2659 5555 vignierius,
2684 5479 2785 5555 siiie
2822 5479 3302 5555 'pudendu'libidine
3348 5479 3728 5555 εοπίυςεε,

2259 5547 2590 5614 committere,
2616 5547 2744 5616 quod
2765 5547 2969 5616 verbum
2980 5554 3254 5605 restituitur
3272 5566 3334 5605 ex

2325 5617 2348 5681 ξ
2378 5623 2536 5681 Forte,
2560 5613 2874 5681 ρεὴιεῡμηάο.

2323 5677 2347 5711 ι
2378 5679 2452 5728 sic
2476 5676 2581 5727 Mss:
2605 5684 2664 5727 At
2686 5677 2846 5739 vign.,
2866 5676 3214 5739 ascenderant.
3436 5733 3448 5739 ,
3503 5725 3589 5739 ..

2322 5741 2344 5774 ι
2369 5718 3324 5813 ῧίᾇιίξῖςῇιὶἐόἰιὶἶὶίἰὶ⁷ιῖυῖιῖὲῖ,ῗιῖῖᾰὴωη,
3337 5733 3450 5806 quod
3464 5718 3720 5789 ιαωίωςσι

2262 5808 2618 5874 manuscriptis.
3122 5860 3135 5873 .
3346 5860 3375 5877 θ
3716 5813 3727 5847 -.

2332 5865 2353 5898 ο
2387 5872 2678 5928 Vtgmerms,
2701 5874 2823 5927 emt.
2845 5869 2906 5921 At
2932 5868 3065 5931 κει,
3086 5876 3177 5922 αι.
3712 5866 3727 5884 ⁴
