3980 6460
227 412 344 471 Mi?

222 529 313 585 illis
335 527 381 582 id
421 526 596 582 solum
639 522 867 594 probare
894 519 1086 576 fuerim
1116 526 1400 576 contentus
1419 559 1434 585 ,
1466 517 1782 588 impeditum

221 620 539 678 concubitum
559 658 574 682 ,
616 616 706 688 qui
730 614 846 670 sine
873 612 1095 670 libidine
1118 628 1238 669 esse
1268 627 1374 668 non
1417 618 1659 682 poterat,
1689 624 1784 680 per

222 716 339 772 iram
377 711 506 776 Dei,
551 707 927 778 redditumque
964 721 1061 777 per
1100 703 1479 776 indulgentiam
1510 701 1638 768 Dei,
1666 701 1786 757 sive

221 807 429 866 amolitis
457 803 745 861 obstaculis
768 844 785 868 ,
828 801 942 857 sive
973 799 1322 856 irritamentis
1346 794 1673 852 solemnibus
1695 808 1785 848 re-

220 903 426 969 stitutis;
460 909 639 956 tamen
668 895 990 953 diabolicum
1013 909 1121 949 non
1149 890 1355 957 doceri,
1382 888 1476 945 sed
1503 887 1662 942 etiam
1691 901 1788 956 per

221 997 314 1052 hoc
338 995 400 1051 ad
438 993 530 1048 Dei
557 1006 777 1063 operam
817 989 1208 1060 pertinentem,
1253 984 1344 1056 qui
1383 983 1523 1038 inter
1547 981 1789 1052 corporis

222 1091 555 1146 instrumenta
583 1083 895 1150 mediocria,
928 1081 1023 1137 sed
1049 1079 1284 1145 innoxia,
1316 1091 1423 1132 non
1447 1075 1648 1146 specie,
1679 1087 1788 1130 non

221 1183 386 1250 modo,
414 1194 601 1236 verum
628 1178 744 1233 solo
771 1183 1017 1247 peccaret
1040 1186 1286 1229 excessu.

291 1277 409 1332 Anc.
440 1272 568 1341 Quis
601 1286 706 1325 non
735 1267 1016 1337 intelligat,
1044 1265 1090 1320 si
1120 1261 1565 1338 Deojndignante
1593 1259 1790 1316 accidit

223 1367 399 1440 aliquid
425 1363 636 1434 corpori
669 1361 1007 1428 feminarum,
1051 1357 1189 1413 unde
1215 1354 1564 1428 impediretur
1588 1369 1790 1409 concu-

223 1461 381 1522 bitus,
409 1466 463 1514 et
487 1472 582 1527 per
613 1456 712 1510 hoc
741 1452 941 1525 proles,
969 1467 1086 1522 quae
1114 1449 1296 1520 utique
1321 1462 1427 1503 non
1457 1454 1657 1518 posset,
1689 1445 1790 1501 nisi

219 1567 253 1607 a
275 1547 736 1607 concumbentibus
759 1544 1003 1615 concipi,
1041 1558 1108 1599 eo
1131 1550 1338 1598 remoto
1368 1539 1752 1610 impedimento
1771 1580 1787 1606 ,

221 1645 368 1700 talem
410 1641 753 1698 concubitum
795 1638 1096 1703 redditum,
1140 1635 1312 1706 qualis
1356 1633 1524 1688 estin
1567 1645 1792 1702 corpore

220 1737 394 1794 mortis
421 1735 581 1806 hujus
599 1776 616 1803 ,
645 1733 700 1788 id
724 1739 836 1799 est,
877 1747 999 1786 cum
1023 1727 1282 1785 libidine?
1312 1727 1368 1782 In
1414 1723 1572 1781 talem
1595 1725 1792 1796 quippe

219 1842 401 1888 statum
429 1837 748 1886 revocantur
791 1841 1053 1897 corpora,
1099 1839 1220 1879 cum
1267 1831 1546 1890 sanantur,
1578 1821 1790 1891 qualem

212 1927 317 1997 jam
344 1925 528 1980 sortita
557 1931 641 1979 est
667 1930 786 1993 post
806 1927 1086 1991 peccatum
1111 1927 1298 1973 natura
1325 1916 1649 1981 mortalium,
1673 1929 1792 1985 qua:

217 2019 330 2074 illos
351 2014 626 2087 compellit
645 2014 702 2069 in
725 2021 978 2069 mortem.
1011 2010 1120 2067 Sed
1149 2010 1200 2064 in
1228 2024 1456 2080 corpore
1481 2008 1602 2062 vitae
1629 2006 1789 2074 illius,

217 2113 304 2170 ubi
328 2113 485 2167 homo
506 2151 522 2175 ,
554 2109 657 2165 nisi
685 2114 988 2179 peccasset,
1021 2120 1130 2161 non
1159 2112 1276 2159 erat
1300 2103 1589 2157 moriturus
1609 2142 1622 2165 ,
1655 2099 1793 2154 alius

218 2205 390 2278 procul
411 2203 574 2259 dubio
599 2210 769 2258 status
795 2199 934 2256 fuit:
963 2199 1103 2254 unde
1127 2205 1218 2253 aut
1242 2197 1387 2252 nulla
1410 2195 1503 2264 ibi,
1527 2201 1618 2249 aut
1648 2194 1788 2259 talis,

193 2299 380 2371 ,qualis
407 2311 550 2352 nunc
575 2305 678 2363 est,
711 2292 876 2350 libido
903 2305 1010 2347 non
1039 2289 1160 2355 fuit,
1192 2305 1294 2361 qua
1320 2304 1446 2344 caro
1472 2295 1658 2342 contra
1685 2284 1793 2355 spi-

214 2390 365 2445 ritum
394 2387 828 2457 concupisceret;
877 2391 936 2437 ut
965 2382 1015 2438 ei
1052 2395 1272 2436 necesse
1313 2387 1461 2436 esset
1489 2389 1579 2432 aut
1607 2375 1793 2447 subju-

213 2484 354 2556 gari,
387 2493 475 2538 aut
505 2479 783 2545 reluctari;
813 2491 1036 2549 quorum
1067 2475 1290 2530 alterum
1325 2471 1625 2539 honestati,
1657 2470 1794 2524 alte-

214 2593 330 2634 rum
373 2576 486 2648 paci
529 2572 874 2632 beatitudinis
917 2571 1060 2626 illius
1101 2567 1392 2624 convenire
1440 2581 1543 2620 non
1592 2571 1789 2636 posset.

212 2671 330 2728 Noli
357 2685 479 2741 ergo
502 2668 634 2724 duas
660 2668 790 2722 istas
819 2665 958 2720 vitas
993 2661 1242 2717 hairetica
1282 2658 1629 2730 perversitate
1658 2671 1790 2712 con-

209 2763 428 2820 fundere
450 2777 464 2817 :
492 2761 648 2818 aliter
668 2760 723 2814 in
748 2772 977 2828 corpore
997 2753 1350 2825 corruptibili,
1379 2751 1522 2823 quod
1540 2757 1794 2823 aggravat

207 2858 438 2912 animam
467 2853 624 2928 (Sap.
657 2868 732 2919 ix,
762 2851 874 2922 15),
918 2849 1116 2904 vivitur
1142 2849 1190 2913 ¹;
1233 2847 1390 2902 aliter
1428 2846 1482 2900 in
1523 2843 1790 2915 paradiso,

206 2947 255 3003 si
300 2944 673 3018 permansisset
714 2940 947 2996 hominis
990 2939 1290 3004 rectitudo,
1333 2937 1388 2992 in
1435 2953 1536 3007 qua
1582 2945 1794 2992 creatus

205 3042 405 3109 fuerat,
435 3041 721 3094 viveretur.
770 3037 926 3091 Esset
964 3049 1092 3106 ergo
1121 3042 1176 3089 et
1209 3033 1281 3088 ibi
1320 3039 1537 3103 propter
1572 3047 1794 3102 genera-

205 3136 404 3190 tionem
434 3131 748 3189 eoncubitus
777 3129 1094 3200 conjugum;
1129 3127 1223 3183 sed
1252 3138 1345 3182 aut
1367 3127 1620 3182 membris
1644 3126 1794 3198 geni-

201 3226 398 3282 talibus
444 3225 560 3280 sine
606 3224 713 3278 ulla
761 3221 980 3277 libidine
1030 3218 1387 3276 servientibus
1441 3219 1641 3284 menti,
1698 3227 1793 3274 aut

201 3323 368 3394 ipsius
388 3363 404 3389 ,
447 3320 494 3376 si
519 3319 627 3375 ulla
657 3324 829 3383 esset,
878 3314 1113 3372 libidinis
1140 3314 1373 3370 motibus
1402 3328 1672 3383 nunquam
1703 3327 1790 3368 re-

198 3413 556 3487 pugnantibus
598 3409 895 3467 voluntati:
926 3423 1044 3478 qua:
1081 3406 1127 3462 si
1166 3407 1284 3461 talis
1325 3414 1497 3473 esset,
1545 3404 1790 3475 pudenda

199 3523 309 3564 non
335 3515 507 3572 esset;
549 3519 649 3559 nec
675 3501 918 3574 corporis
946 3499 1183 3556 membra
1203 3541 1218 3566 ,
1250 3514 1368 3569 quae
1398 3512 1498 3553 suo
1524 3497 1610 3552 vel
1640 3497 1791 3552 solli-

195 3600 388 3654 citaret
414 3599 634 3667 impetu,
665 3595 750 3650 vel
776 3601 1044 3659 moveret,
1075 3589 1321 3661 pudenda
1367 3589 1583 3660 proprie
1611 3588 1792 3644 vocari

198 3691 428 3757 faceret,
460 3689 732 3759 velarique
761 3685 1138 3755 compelleret;
1182 3681 1322 3753 quod
1351 3690 1471 3752 post
1515 3690 1792 3751 peccatum

196 3787 402 3841 factum
428 3797 569 3850 esse,
595 3796 697 3838 nec
721 3780 820 3835 nisi
850 3777 1053 3850 peccati
1079 3790 1234 3847 ptena
1266 3775 1381 3830 ﬁeri
1407 3773 1661 3844 potuisse,
1695 3773 1789 3827 Dei

192 3877 364 3933 verba
389 3883 666 3931 testantur.
693 3872 836 3938 Quis,
863 3869 1054 3940 inquit,
1077 3867 1326 3922 nuntiavit
1351 3865 1458 3932 tibi,
1481 3867 1601 3937 quia
1622 3866 1792 3921 nudus

190 3989 245 4026 es
266 4012 281 4036 ,
311 3969 411 4024 nisi
437 3985 499 4023 ea:
523 3969 660 4041 ligno
687 3965 819 4037 quod
857 3978 1197 4036 pracepcram
1223 3960 1310 4014 tibi
1333 3969 1527 4014 tantum
1561 3975 1623 4014 ne
1647 3974 1710 4013 ea:
1735 3973 1792 4012 eo

186 4064 552 4127 manducares,
582 4078 646 4115 ea:
665 4076 722 4114 eo
748 4056 1067 4112 manducaui
1097 4053 1250 4127 (Gen.
1279 4069 1357 4121 tu,
1389 4051 1478 4125 Η)
1498 4053 1522 4105 ‘l
1546 4051 1683 4119 Non,
1713 4051 1795 4106 in-

186 4156 343 4228 quit,
378 4156 472 4212 tibi
513 4153 749 4208 nuntiata
776 4157 920 4206 esset
962 4147 1174 4203 nuditas
1198 4154 1286 4201 tua
1309 4188 1324 4214 ,
1367 4145 1468 4200 nisi
1494 4153 1638 4200 esset
1679 4159 1709 4197 a
1743 4152 1793 4198 te

187 4249 547 4320 praevaricata
567 4247 654 4301 lex
675 4259 812 4300 mea.
837 4241 974 4312 Quid
990 4247 1073 4296 est
1091 4247 1268 4294 autem
1291 4237 1505 4293 nuditas
1527 4237 1789 4302 nuntiata,

188 4343 286 4400 cui
315 4341 500 4412 procul
525 4339 688 4396 dubio
715 4339 891 4409 ignota
917 4349 1023 4390 non
1050 4341 1186 4399 erat,
1215 4331 1318 4387 nisi
1343 4346 1407 4387 eo
1433 4339 1580 4385 motu
1605 4331 1794 4386 stimu-

186 4438 380 4502 lante,
409 4444 468 4491 ut
501 4435 751 4491 inusitato
785 4438 1004 4502 aspectu
1025 4443 1086 4484 se
1116 4433 1332 4498 urgeret
1355 4424 1590 4506 adverti,
1617 4423 1791 4494 pudo-

184 4543 430 4600 remque
457 4525 752 4583 incuteret?
775 4523 1035 4593 Quoniam
1068 4528 1286 4591 peecato
1316 4517 1511 4573 factum
1551 4524 1701 4584 erat,
1736 4523 1796 4570 ut

180 4621 441 4676 hominis
478 4634 602 4690 pars
636 4617 853 4674 inferior
890 4622 1077 4671 contra
1119 4611 1447 4682 superiorem
1469 4651 1484 4676 ,
1529 4609 1631 4666 hoc
1673 4617 1792 4674 est,

175 4728 326 4770 caro
369 4724 558 4770 contra
599 4712 844 4783 spiritum
887 4707 1315 4777 concupisceret.
1358 4702 1464 4758 Sed
1510 4710 1567 4756 tu
1605 4709 1792 4756 contra

169 4810 380 4867 omnia
404 4806 609 4864 claudis
647 4805 862 4870 oculos,
891 4811 942 4858 et
974 4803 1084 4857 Deo
1114 4800 1489 4855 manifestante
1513 4797 1656 4869 quod
1686 4813 1792 4852 non

169 4900 624 4959 confunderetur
651 4897 812 4953 homo
835 4896 904 4950 de
933 4909 1028 4950 sua
1054 4894 1322 4957 nuditate,
1356 4893 1458 4948 nisi
1487 4900 1790 4962 peccasset,

168 4997 256 5052 ita
291 4995 470 5051 fuisse
498 4993 696 5050 asseris
734 4989 1032 5046 institutum
1053 5028 1069 5054 ,
1099 4995 1158 5041 ut
1186 4985 1396 5040 etiamsi
1435 5001 1539 5039 non
1571 4998 1790 5055 peccas-

161 5101 304 5159 set,
357 5089 739 5161 puderet'enm
787 5083 1042 5141 nuditatis
1079 5097 1212 5137 sum.
1257 5081 1396 5136 Deus
1426 5081 1567 5135 enim
1612 5079 1789 5135 dicit:

161 5186 322 5254 Quis
355 5183 625 5240 nuntiavit
669 5181 760 5236 tibi
813 5179 1104 5235 nuditatem
1137 5184 1313 5240 tuam,
1365 5173 1464 5227 nisi
1504 5171 1625 5243 quia
1665 5186 1791 5242 pec-

158 5277 370 5332 casti?
401 5275 470 5332 Et
513 5284 570 5330 tu
592 5273 730 5331 dicis
773 5271 868 5344 (ut
911 5270 1024 5340 ipsa
1066 5267 1230 5324 verba
1277 5273 1364 5320 tua
1407 5278 1630 5335 ponam,
1672 5278 1793 5334 quae

1550 391 1753 463 LIBER
1789 391 2105 477 QUINTUS.

3337 427 3488 486 1450

1894 523 2129 592 velatus;
2156 534 2211 581 et
2247 527 2405 584 deses
2433 524 2743 589 redderetur
2761 548 2823 590 ac
2849 536 3155 608 negligens,
3183 539 3228 595 si
3256 555 3478 612 semper

1893 623 2037 668 esset
2066 631 2160 684 per
2199 632 2388 676 cuncta
2425 624 2686 693 vulgatus.
2717 645 2737 678 ι
2771 627 2850 682 Ac
2877 645 2970 698 per
2998 630 3126 698 hoc,
3173 634 3469 690 secundum

1895 717 1948 763 te
1975 708 2130 780 longe
2159 714 2346 768 melior
2375 718 2643 785 peccando
2671 718 2839 775 factus
2864 730 2946 776 est
2971 722 3130 777 homo
3156 743 3168 779 :
3200 725 3300 780 nisi
3324 727 3469 781 enim

1895 813 2185 870 peccasset,
2203 821 2360 875 quem
2384 808 2522 865 Deus
2543 810 2739 867 fecerat
2760 815 2777 846 ¹
2795 825 2996 870 rectum
3021 816 3214 885 (Eccle.
3237 836 3325 884 vn,
3354 821 3470 890 30),

1894 895 2096 950 viveret
2121 897 2482 967 imprudenter
2522 919 2626 959 non
2654 904 3014 977 dignoscendo
3041 910 3092 963 in
3123 926 3348 981 corpore
3372 927 3472 966 suo

1895 986 2040 1043 locus
2064 988 2273 1044 decoris
2299 1001 2353 1046 et
2386 993 2533 1050 locos
2563 997 2808 1066 pudoris,
2857 1010 2912 1054 et
2956 1001 3291 1071 impudenter
3329 1004 3474 1057 nulla

1894 1081 2140 1150 volando,
2163 1091 2218 1138 et
2241 1086 2568 1158 negligenter
2595 1102 2782 1146 cuncta
2804 1094 3069 1164 vulgando
3092 1114 3105 1151 :
3134 1113 3306 1168 neque
3326 1099 3471 1152 enim

1895 1175 2084 1230 vitaret
2107 1176 2221 1232 haec
2244 1178 2388 1244 vitia,
2415 1181 2515 1236 nisi
2545 1183 2614 1248 ei,
2646 1185 2768 1255 quia
2795 1199 3136 1257 peccaverat,
3168 1205 3263 1247 sua
3287 1191 3476 1247 fuisset

1896 1267 2106 1324 nuditas
2133 1272 2396 1328 nuntiata.

1968 1360 2128 1416 XVII.
2159 1362 2277 1419 Jun.
2310 1365 2386 1421 De
2423 1381 2530 1437 quo
2571 1371 2822 1440 quoniam
2861 1375 2991 1430 satis
3026 1384 3206 1432 actum
3240 1389 3356 1445 est,
3403 1379 3476 1434 ad

1896 1457 1984 1512 illa
2013 1473 2380 1530 properemus,
2409 1479 2530 1535 qua:
2557 1481 2718 1537 super
2740 1471 2965 1526 naturali
2989 1473 3129 1528 malo
3150 1473 3475 1530 Manichaaus

1895 1549 2022 1635 olim
2047 1561 2220 1620 acute,
2247 1554 2364 1622 sed,
2391 1564 2450 1610 ut
2478 1557 3102 1632 probabo,|perplexitate
3131 1565 3486 1635 quzestionum

1877 1632 2153 1712 ‘deeeptus
2179 1644 2398 1716 objecit.
2430 1647 2673 1706 Breviter
2713 1659 2890 1708 tamen
2919 1654 3065 1724 prius
3086 1698 3102 1723 ,
3147 1632 3276 1726 quid
3306 1658 3490 1727 Augu-

1898 1733 2068 1789 stinus
2091 1742 2280 1791 contra
2306 1739 2549 1808 Apostoli
2580 1743 2942 1799 testimonium
2970 1747 3232 1814 retulerit,
3264 1749 3488 1805 ventile-

1898 1837 2035 1877 mus.
2083 1826 2194 1896 Ego
2231 1842 2359 1898 ergo
2395 1844 2515 1885 cum
2546 1840 2726 1888 notam
2770 1836 2924 1891 istam
2954 1853 3171 1909 operam
3201 1856 3425 1896 sexuum
3456 1857 3490 1897 a

1900 1914 2008 1969 Deo
2032 1925 2250 1973 auctore
2277 1934 2562 1991 corporum
2601 1925 2897 1983 institutam
2918 1971 2931 1995 ,
2962 1931 3122 1985 etiam
3161 1931 3298 1987 beati
3331 1933 3488 1988 Pauli

1899 2009 2202 2065 testimonio
2226 2014 2562 2082 apertissime
2585 2017 2841 2075 dixissem
2870 2023 3104 2090 probari,
3129 2027 3217 2095 qui
3241 2027 3484 2082 invectus

1898 2101 1951 2155 in
1977 2101 2170 2174 ﬂagitia
2199 2121 2406 2176 eorum,
2433 2123 2567 2180 quos
2593 2110 2648 2165 in
2667 2113 2832 2169 virilis
2854 2130 3067 2186 quoque
3095 2132 3256 2173 sexus
3285 2133 3486 2174 conen-

1897 2191 2064 2248 bitum
2095 2197 2451 2268 praecipitaret
2494 2203 2694 2258 insania
2717 2247 2732 2271 ,
2765 2207 2870 2272 ait,
2911 2207 3104 2263 Relicta
3134 2211 3358 2265 naturali
3393 2229 3494 2267 usu

1898 2287 2130 2356 feminw,
2178 2293 2375 2346 accensi
2407 2304 2525 2348 sunt
2567 2296 2620 2350 in
2663 2297 2914 2353 desideria
2955 2319 3047 2356 sua
3078 2301 3252 2374 (liam.
3278 2321 3330 2372 l,
3362 2304 3494 2376 27);

1899 2377 2050 2434 intuli
2077 2382 2339 2450 Apostolo
2363 2393 2505 2441 teste
2525 2429 2540 2454 ,
2574 2389 2858 2458 approbari
2907 2407 3060 2447 usmn
3090 2393 3303 2450 femina:
3333 2405 3496 2451 natu-

1899 2471 2084 2527 raliter
2108 2473 2429 2532 institutum.
2451 2477 2535 2534 Ad
2557 2479 2658 2536 hoc
2675 2497 2803 2553 ergo
2829 2485 2928 2540 iste
2954 2486 3256 2542 rescribens
3281 2506 3294 2542 :
3328 2506 3348 2540 ‹
3375 2487 3497 2544 Νοη

1898 2561 2064 2631 dixit,
2097 2583 2115 2617 ι
2158 2565 2356 2637 inquit,
2401 2587 2421 2621 ‹
2450 2569 2742 2640 Apostolus
2785 2575 3119 2647 coniugalem
3165 2594 3348 2646 usum,
3397 2579 3497 2635 sed

1898 2658 2225 2728 naturalem,
2271 2677 2394 2717 eum
2432 2663 2619 2720 volens
2659 2666 2880 2740 intelligi
2924 2670 3014 2740 qui
3061 2671 3120 2725 fit
3145 2673 3400 2729 membris
3424 2673 3497 2729 ad

1899 2748 2002 2805 hoc
2030 2753 2256 2819 creatis,
2305 2763 2365 2809 ut
2404 2771 2504 2826 per
2536 2772 2600 2813 ea
2636 2760 2804 2829 possit
2841 2761 2909 2816 ad
2931 2764 3300 2834 generandum
3330 2780 3496 2823 sexus
3589 2744 3600 2752 ’

1899 2851 2123 2915 uterque
2162 2848 2372 2904 misceri
2399 2866 2413 2904 :
2447 2864 2510 2906 ac
2546 2865 2645 2921 per
2675 2853 2810 2922 hoc,
2844 2870 2966 2911 cum
2997 2856 3198 2913 eisdem
3238 2859 3498 2915 membris

1899 2939 2058 2995 etiam
2085 2943 2355 2998 meretrici
2387 2945 2612 3016 quisque
2638 2947 2913 3016 miscetur,
2947 2951 3204 3005 naturalis
3230 2963 3313 3006 eSt
3341 2966 3495 3021 usus,

1900 3044 2003 3085 nec
2030 3039 2207 3087 tamen
2232 3033 2543 3103 laudabilis,
2589 3036 2684 3092 sed
2723 3039 3024 3109 culpabilis.
3065 3040 3180 3096 Non
3221 3057 3350 3113 ergo
3389 3043 3496 3098 isto

1899 3125 2148 3190 nomine,
2183 3126 2234 3180 id
2262 3135 2378 3195 est,
2425 3145 2520 3183 usu
2546 3131 2800 3199 naturali,
2849 3133 3143 3205 conjugalis
3171 3145 3254 3190 est
3285 3135 3498 3190 laudata

1899 3217 2242 3279 commixtio:
2288 3219 2384 3275 sed
2425 3221 2780 3278 immundiora
2825 3234 2879 3279 et
2921 3225 3262 3282 sceleratiora
3294 3226 3498 3298 ﬂagitia

1900 3309 2149 3366 denotata
2191 3323 2346 3381 sunt,
2383 3330 2542 3384 quam
2581 3316 2626 3371 si
2673 3315 2858 3372 illicite
2887 3318 3132 3386 feminis,
3178 3320 3272 3375 sed
3315 3330 3499 3376 tamen

1899 3405 2214 3460 naturaliter
2253 3414 2531 3462 uterentur
2565 3428 2585 3461 ι
2621 3408 2722 3482 (De
2748 3409 2956 3481 Nuptiis
2984 3422 3032 3468 et
3069 3412 3366 3484 Concupisc.
3401 3415 3496 3470 lib.

1899 3495 1956 3562 2,
1987 3513 2039 3549 η.
2073 3497 2184 3568 55).
2209 3497 2264 3552 Id
2291 3507 2400 3563 est,
2431 3498 2518 3554 hic
2543 3516 2672 3556 usus
2698 3501 2909 3558 feminae
2935 3519 3094 3574 quem
3132 3506 3500 3575 pronuntiavit

1900 3589 2187 3658 Apostolus
2223 3593 2516 3646 naturalem
2539 3634 2554 3661 ,
2588 3608 2695 3648 non
2735 3595 3047 3666 intelligitur
3075 3597 3398 3669 conjugalis,
3435 3608 3496 3656 ut

1901 3680 2073 3736 bonus
2099 3683 2380 3756 licitusque
2401 3685 2660 3741 doceatur
2685 3705 2699 3741 :
2730 3688 2824 3743 sed
2842 3688 2983 3756 ideo,
3004 3690 3192 3761 inquit,
3225 3691 3396 3747 dictus
3411 3703 3498 3749 est

1902 3774 2160 3828 naturalis
2179 3817 2193 3840 ,
2210 3775 2330 3845 quia
2352 3775 2714 3834 diversitatem
2731 3793 2890 3835 sexus
2920 3780 2987 3835 ad
3009 3782 3108 3837 hoc
3125 3783 3321 3838 indicat
3338 3784 3495 3839 insti-

1901 3875 2091 3933 tutam,
2108 3878 2166 3923 ut
2180 3877 2234 3924 et
2250 3871 2559 3926 commixtui
2580 3882 2856 3942 pararetur
2868 3884 2920 3930 et
2939 3877 3134 3945 partui.
3155 3877 3316 3945 Queis
3337 3879 3495 3933 moli-

1901 3959 2134 4014 tionibus
2169 3976 2290 4016 eum
2315 3961 2597 4033 juvaretur
2626 3965 2791 4034 nihil,
2823 3981 2920 4022 cur
2949 3978 3148 4024 tantum
3179 3970 3496 4027 immoratus

1901 4053 2018 4108 est?
2040 4053 2284 4111 Profecto
2313 4056 2382 4112 ob
2405 4057 2506 4112 hoc
2530 4059 2725 4126 solum,
2745 4063 2802 4114 ut
2827 4060 2881 4116 hi
2909 4063 2998 4132 qui
3023 4077 3144 4118 eum
3177 4076 3492 4135 sequuntur,

1900 4147 2129 4236 solutum
2161 4157 2347 4219 putent
2365 4152 2507 4220 quod
2532 4153 2763 4208 viderint
2793 4154 2954 4211 fuisse
2969 4167 3270 4212 contactum
3293 4176 3305 4211 :
3325 4168 3492 4214 caete-

1899 4259 2019 4298 rum
2049 4259 2207 4315 quam
2239 4245 2369 4300 nihil
2395 4245 2617 4314 dixerit,
2650 4249 2827 4304 brevis
2865 4250 3152 4321 disputatio
3191 4253 3363 4322 palam
3407 4252 3491 4307 fa-

1898 4336 2022 4391 ciet.
2062 4336 2264 4408 Nempe
2307 4339 2593 4410 Apostolus
2635 4340 2844 4397 femiute
2885 4357 3038 4397 usum
3067 4344 3139 4397 ait
3176 4344 3492 4400 naturaliter

1900 4428 2219 4497 institutum,
2252 4445 2352 4486 nec
2381 4432 2778 4488 commendavit
2806 4434 3028 4490 alteram
3057 4436 3490 4491 commixtionem

1900 4521 2146 4592 primitus
2173 4521 2505 4586 ordinatam;
2532 4525 2630 4580 sed
2661 4525 2727 4580 de
2756 4541 2821 4580 eo
2847 4539 2947 4581 usu
2971 4527 3266 4596 disputans,
3303 4527 3354 4582 in
3382 4543 3490 4598 quo
3581 4547 3586 4554 '

1899 4612 2173 4670 libidinem
2199 4617 2402 4672 eunetis
2434 4627 2653 4673 noverat
2682 4618 2914 4690 viguisse
2943 4619 3298 4690 temporibus,
3330 4630 3490 4677 natu-

1899 4707 2064 4763 ralem
2093 4708 2236 4763 illam
2265 4710 2492 4765 vocavit.
3509 4694 3514 4698 1

1972 4801 2107 4858 AUG.
2140 4801 2280 4858 Usus
2310 4801 2522 4858 femina:
2561 4803 2818 4860 naturalis
2841 4811 2948 4871 'cst,
2976 4810 3112 4860 can?
3125 4806 3241 4876 ejus
3269 4819 3488 4864 mascu-

1901 4892 1984 4948 lus
2012 4893 2106 4948 illo
2133 4894 2375 4950 membro
2393 4894 2578 4963 utitur,
2611 4911 2716 4966 quo
2757 4905 2943 4951 natura
2991 4896 3234 4967 ejusdem
3273 4899 3487 4968 generis

1899 4986 2247 5041 animantium
2279 4996 2635 5062 propagatur:
2666 5000 2886 5059 propter
2925 4989 3067 5060 qunti
3119 4991 3277 5045 etiam
3311 4991 3485 5062 ipsum

1899 5076 2197 5132 membrum
2243 5085 2430 5132 natura
2493 5060 2707 5149 proprie
2745 5079 2850 5134 dici
2886 5080 3028 5136 solet
3059 5097 3072 5133 :
3101 5080 3240 5135 unde
3297 5060 3490 5136 Cicero

1898 5169 1991 5236 ait,
2020 5170 2298 5225 mulierem
2323 5170 2521 5227 vidisse
2541 5185 2601 5227 se
2628 5171 2680 5227 in
2702 5173 2908 5228 somnis
2963 5174 3336 5245 prresignatam
3385 5175 3484 5228 ha-

1897 5261 2024 5319 bere
2052 5273 2293 5320 naturam
2351 5264 2464 5336 (De
2487 5264 2830 5332 Divinatione,
2863 5265 3055 5338 lib.9.).
3114 5267 3252 5323 Usus
3309 5267 3486 5336 itaque

1900 5355 2156 5411 naturalis
2185 5365 2240 5411 et
2268 5355 2560 5425 licituscst,
2592 5357 2730 5412 sicut
2759 5358 2811 5412 in
2841 5357 3088 5428 conjugio
3115 5375 3130 5426 ;
3159 5367 3214 5412 ct
3243 5357 3481 5423 illicitas,
3550 5359 3558 5374 '

1896 5448 2033 5508 sicut
2062 5449 2115 5504 in
2137 5447 2400 5504 adulterio
2429 5464 2446 5502 :
2476 5457 2662 5504 contra
2693 5456 2935 5503 naturam
2961 5462 3090 5502 vero
3137 5460 3352 5516 semper
3377 5447 3484 5500 illi-

1895 5541 2054 5608 citus,
2083 5549 2137 5597 et
2166 5539 2350 5610 procul
2371 5539 2533 5596 dubio
2559 5539 2874 5612 ﬂagitiosior
2886 5549 3046 5609 atque
3081 5538 3302 5608 turpior;
3321 5552 3484 5610 quem

1895 5643 2110 5691 sanctus
2140 5635 2427 5704 Apostolus
2451 5643 2506 5692 et
2531 5635 2584 5690 in
2610 5634 2820 5689 feminis
2837 5642 2892 5688 et
2920 5632 2975 5688 in
3015 5632 3268 5689 masculis
3289 5647 3486 5703 argue-

1895 5725 2440 5795 bat,damnabiliores
2459 5727 2642 5783 volens
2687 5725 2930 5797 intelligi,
2986 5739 3148 5796 quam
3195 5723 3244 5781 si
3285 5723 3340 5779 in
3382 5737 3485 5780 usu

155 5369 359 5441 paulo
403 5376 528 5423 ante
552 5366 764 5422 locutus
789 5361 872 5437 es)
896 5379 912 5418 :
949 5382 968 5415 ‹
995 5363 1083 5418 Sic
1110 5369 1192 5418 est
1217 5360 1381 5415 homo
1411 5373 1507 5430 per
1543 5358 1796 5414 universa

155 5460 492 5527 formatus,
522 5468 583 5515 ut
606 5457 799 5513 melius
826 5472 856 5511 a
884 5456 1028 5511 nullo
1067 5454 1190 5526 tingi
1216 5461 1436 5525 posset:
1467 5452 1557 5524 qui
1583 5450 1794 5522 accepit

151 5552 498 5625 prudenter
526 5553 580 5608 in
604 5565 831 5622 corpore
855 5557 910 5605 et
945 5549 1096 5604 locos
1122 5547 1328 5603 decoris
1354 5556 1411 5604 et
1435 5547 1584 5602 locos
1618 5543 1792 5616 pudo-

149 5647 278 5714 ris,
315 5655 388 5702 ut
413 5647 469 5702 in
491 5660 552 5701 se
574 5645 693 5715 ipso
731 5651 786 5699 et
809 5639 1188 5698 verecundiam
1217 5647 1272 5695 et
1293 5637 1671 5696 conﬁdentiam
1708 5635 1793 5692 di-

146 5748 410 5806 sceret;
439 5753 510 5794 ne
527 5745 583 5794 et
605 5733 864 5792 delormis
892 5729 1185 5798 videretur,
1223 5729 1266 5783 si
1293 5739 1433 5784 esset
1470 5745 1566 5801 per
1593 5737 1790 5787 cuncta

205 5923 230 5956 ι
254 5926 412 5984 post,
429 5916 558 5984 quod
576 5917 807 5982 ager
821 5913 1051 5975 animam,
1061 5910 1364 5962 restituimus
1376 5920 1440 5962 ex
1455 5915 1584 5974 Mss,
1595 5910 1785 5972 vivitur.

1845 5985 1922 5996 ﬂ
1957 5911 1975 5945 ¹
2005 5910 2085 5977 sic
2099 5915 2205 5961 Mss.
2227 5914 2281 5961 In
2301 5909 2459 5974 Vign.,
2484 5909 2683 5972 faceret.

484 6000 712 6070 Sacr.
740 6000 1019 6065 Auensr.
1047 5995 1134 6060 Χ.

2607 5991 3162 6076 (Quarante-six.)
