3980 6500
219 426 248 483 1
264 427 367 485 453

215 540 408 595 raliter
432 540 450 573 ¹
484 539 806 600 institutum.
838 537 940 600 Ista
955 554 1037 603 est
1059 547 1258 625 quippe
1293 553 1529 626 legitima
1578 570 1633 615 et
1682 577 1809 619 eru-

213 630 331 685 dita
358 633 659 702 responsio,
684 643 741 690 ut
760 636 900 709 quod
922 637 975 694 in
1001 641 1179 711 specie
1219 658 1519 718 accusatur,
1547 651 1812 715 defenda-

214 730 307 777 tur
330 722 383 778 in
415 723 627 792 specie;
660 734 714 781 et
741 728 884 797 quod
910 728 964 785 in
1008 747 1207 803 genere
1250 740 1510 810 arguitur,
1566 744 1807 804 vindice-

212 822 307 870 tur
351 815 407 870 in
456 831 676 888 genere.
729 817 881 891 Quod
937 824 1096 880 etiam
1140 826 1463 889 Manichacus
1504 834 1807 908 intellexit,

209 924 374 979 quem
408 920 462 964 lu
482 924 669 987 aequas
700 912 957 984 crimine,
1012 916 1109 974 sed
1162 936 1270 976 non
1319 938 1499 997 aequas
1550 928 1803 1000 ingenio:

207 1001 340 1059 ideo
368 1002 462 1058 ille
507 1018 721 1060 omnem
768 1007 1118 1066 substantiam
1176 1027 1460 1085 corporum
1503 1020 1808 1078 transcribit

208 1092 450 1159 diabolo;
470 1102 526 1148 tu
545 1105 724 1151 autem
750 1112 855 1153 non
886 1100 1207 1170 universam,
1241 1104 1356 1172 sed,
1378 1106 1518 1163 sicut
1546 1108 1601 1165 in
1628 1111 1806 1182 priore

206 1181 350 1239 libro
377 1184 632 1254 diximus,
651 1189 947 1245 meliorem.
996 1191 1370 1265 Triumphavit
1422 1213 1551 1273 ergo
1602 1181 1801 1261 veritas

205 1276 380 1332 sacris
406 1278 597 1348 stipata
624 1280 905 1350 praesidiis,
944 1298 1063 1355 quae
1090 1300 1185 1356 per
1204 1288 1518 1358 Apostolum
1568 1293 1802 1365 probans

205 1368 452 1422 naturale
466 1363 750 1440 conjugum
766 1370 1058 1443 negotium,
1077 1383 1132 1429 et
1147 1389 1244 1445 per
1261 1376 1364 1435 hoc
1373 1379 1439 1435 ad
1456 1363 1622 1439 Deum
1637 1387 1801 1455 perti-

205 1473 343 1515 nere
362 1459 449 1530 qui
478 1470 624 1517 esset
648 1471 835 1519 auctor
860 1475 1087 1534 naturze,
1116 1478 1296 1525 vestra
1328 1473 1580 1547 ﬁgmenta
1625 1478 1799 1534 disru-

203 1550 309 1621 pit,
351 1551 441 1622 qui
492 1551 544 1607 id
595 1544 1121 1631 pragvaricatorium,
1162 1575 1270 1615 non
1318 1544 1564 1622 naturale
1583 1566 1796 1639 juratis.

280 1644 413 1700 Anc.
442 1642 555 1698 iam
576 1645 737 1701 etiam
763 1660 923 1721 supra
945 1649 1077 1705 satis
1119 1650 1371 1709 diximus‘
1406 1672 1564 1727 quem
1604 1658 1800 1721 dixerit

198 1732 495 1805 Apostolus
525 1752 677 1792 usum
715 1737 925 1794 feminae
952 1741 1280 1814 naturalem,
1304 1752 1359 1800 et
1410 1760 1507 1802 cur
1562 1749 1796 1823 appella-

197 1830 339 1883 verit
363 1828 677 1901 naturalem,
705 1830 757 1885 id
778 1836 881 1899 est,
928 1846 1049 1888 cum
1103 1834 1164 1889 ﬁt
1191 1836 1271 1891 eis
1313 1840 1572 1898 membris
1596 1843 1795 1899 utrius-

196 1934 309 1992 que
352 1936 511 1980 sexus
533 1963 550 1990 ,
572 1939 691 1995 quae
720 1924 786 1980 ad
819 1927 1214 1999 propagandam
1253 1941 1379 1987 sunt
1433 1932 1671 1991 instituta
1703 1953 1796 1991 na-

198 2021 399 2082 turam;
431 2016 546 2073 sive
575 2016 699 2073 talis
725 2032 852 2074 usus
877 2029 1043 2089 esset,
1075 2023 1251 2095 qualis
1297 2025 1351 2080 in
1383 2029 1629 2103 paradiso
1671 2047 1794 2088 esse

194 2109 480 2179 potuisset,
514 2109 662 2167 nullo
690 2111 894 2169 scilicet
921 2122 1076 2171 utens
1124 2117 1287 2184 malo,
1340 2120 1425 2176 vel
1470 2124 1614 2179 nulla
1668 2126 1787 2181 exi-

192 2210 392 2271 stente,
424 2203 503 2258 vel
530 2205 744 2261 nonnisi
787 2215 973 2263 nutum
1007 2209 1294 2268 voluntatis
1342 2210 1702 2287 subsequente
1724 2219 1791 2274 li-

191 2291 401 2360 bidine;
426 2296 539 2353 sive
559 2296 733 2372 qualis
752 2313 896 2354 nunc
914 2308 999 2356 est
1043 2316 1110 2356 ex
1165 2316 1272 2373 quo
1319 2318 1439 2361 esse
1489 2308 1671 2381 erepit,
1710 2310 1791 2367 vel

189 2382 372 2441 licitus
394 2386 532 2441 sicut
554 2385 609 2441 in
639 2386 909 2459 conjugio,
935 2388 1073 2446 bene
1101 2398 1253 2448 utens
1281 2401 1339 2449 et
1373 2398 1618 2467 corporis
1647 2398 1791 2457 bono

189 2485 248 2532 et
277 2476 508 2539 libidinis
539 2479 702 2545 malo;
732 2480 819 2535 vel
846 2480 1062 2537 illicit’us
1089 2483 1228 2539 sicut
1252 2485 1306 2539 in
1334 2485 1600 2546 adulterio
1621 2531 1637 2556 ,
1671 2506 1788 2549 ma-

192 2570 248 2627 le
280 2580 437 2628 utens
452 2581 506 2628 et
533 2573 625 2627 illo
655 2572 800 2630 bono
821 2582 875 2631 et
898 2574 995 2648 illo
1041 2576 1217 2644 malo;
1244 2593 1342 2634 nec
1395 2568 1577 2638 tamen
1625 2586 1786 2641 etiam

192 2662 315 2734 ipse
340 2663 619 2721 discedens
648 2665 717 2722 ab
741 2664 822 2727 eis
861 2656 1116 2723 membris
1139 2710 1156 2738 ,
1211 2686 1331 2741 qua:
1382 2682 1586 2730 natura:
1625 2674 1786 2739 etiam

190 2755 644 2827 nomiueproprie
701 2766 1100 2827 nuncupantur.
1151 2758 1293 2816 Nihil
1340 2770 1426 2820 est
1464 2764 1642 2838 itaque
1691 2768 1788 2824 cur

189 2858 399 2917 presse,
423 2856 479 2901 ut
504 2846 668 2915 dicis,
700 2863 764 2904 ac
792 2846 1028 2906 breviter
1073 2851 1392 2925 interroges,
1423 2865 1603 2913 utrum
1642 2860 1787 2931 Apo-

188 2935 366 2992 stolus
387 2936 438 2990 in
464 2953 531 2993 eo
556 2938 700 3010 quod
729 2939 805 2995 ait
830 2941 1130 2996 naturalem
1162 2957 1319 2998 usum
1341 2986 1356 3011 ,
1388 2960 1510 3002 eum
1559 2949 1786 3007 voluerit

195 3028 445 3101 intelligi,
471 3030 563 3102 qui
586 3031 700 3087 ﬁeri
726 3042 782 3088 et
829 3042 1037 3103 poterat
1062 3043 1117 3090 et
1141 3035 1404 3105 debebat;
1452 3055 1519 3096 an
1557 3044 1647 3113 qui
1669 3043 1783 3101 ﬁeri

185 3131 422 3194 poterat,
442 3122 539 3180 sed
556 3139 664 3179 non
684 3125 915 3182 debebat
943 3143 958 3180 :
991 3141 1097 3185 non
1118 3128 1263 3185 enim
1300 3140 1359 3187 ut
1401 3132 1504 3190 hoc
1530 3134 1734 3195 diceret
1759 3178 1779 3207 ,

184 3215 387 3288 aliquid
409 3216 599 3274 horum
626 3217 935 3277 intuebatur
955 3219 1263 3293 Apostolus,
1287 3223 1383 3282 sed
1401 3229 1638 3286 membra
1660 3239 1780 3286 tan-

183 3308 466 3365 tummodo
497 3310 773 3385 utriusque
797 3325 959 3367 sexus
1008 3314 1306 3384 genitaliter
1350 3319 1635 3390 naturalia,
1672 3322 1777 3381 hoc

181 3406 290 3466 est,
323 3399 387 3454 ad
412 3401 773 3472 generandam
800 3412 978 3459 creata
999 3405 1021 3436 ³
1050 3414 1317 3462 naturam.
1335 3407 1466 3465 Nam
1497 3413 1615 3484 quis
1632 3413 1782 3486 igno-

191 3503 296 3561 rat,
330 3493 470 3566 quod
498 3495 674 3551 licitus
703 3509 830 3551 usus
862 3496 1075 3553 feminae
1126 3498 1244 3555 ﬁeri
1288 3510 1343 3556 et
1375 3504 1544 3574 possit
1579 3515 1635 3560 et
1685 3506 1780 3565 de-

182 3584 329 3653 beat;
358 3586 571 3644 illicitus
596 3597 775 3647 autem
798 3587 914 3645 ﬁeri
943 3591 1133 3663 possit,
1160 3592 1261 3647 ne‘c
1308 3601 1486 3650 tamen
1543 3594 1775 3666 debeat;

181 3687 410 3750 uterque
430 3686 606 3735 autem
637 3679 708 3735 sit
736 3680 1015 3748 naturalis,
1047 3681 1171 3755 quia
1198 3684 1476 3755 utriusque
1504 3701 1666 3744 sexus
1709 3687 1777 3745 ad

182 3777 435 3824 naturam
468 3771 863 3842 propagaudam
911 3773 1108 3829 creatis
1150 3774 1409 3830 membris
1458 3776 1778 3848 genitalibus

181 3858 293 3915 ﬁt?
321 3858 800 3932 Tcrgiversatorias
823 3862 976 3920 aufer
999 3865 1251 3938 ambages
1275 3908 1291 3935 ,
1343 3883 1563 3926 remove
1590 3870 1777 3945 loqua-

179 3965 280 4009 Ces
299 3960 353 4007 et
374 3951 590 4008 fallaces
614 3953 786 4011 fumos
812 3954 1064 4013 vanitatis
1118 3965 1242 4013 tuae.
1291 3958 1479 4015 Libido
1522 3976 1773 4031 pecorum

182 4043 311 4103 idco
333 4062 437 4102 non
470 4054 553 4102 est
573 4046 784 4115 vitium,
813 4048 938 4119 quia
990 4064 1099 4105 non
1154 4064 1217 4106 ea
1266 4054 1776 4124 carorconcupiscit

182 4136 446 4193 adversus
496 4138 741 4211 spiritum
783 4139 964 4211 :quod
1007 4139 1329 4199 Manichaeus
1377 4143 1424 4199 si
1467 4144 1776 4203 discernere

182 4226 443 4283 valuisset
476 4228 519 4299 ⁸,
542 4245 645 4286 nec
673 4244 925 4303 pecorum
954 4232 1021 4288 ab
1046 4233 1258 4304 Opiﬁcio
1285 4235 1378 4291 Dei
1396 4237 1509 4293 veri
1545 4238 1776 4295 alienas-

184 4327 277 4378 set
311 4328 543 4390 naturas,
570 4326 677 4378 nec
725 4323 1000 4379 hominum
1052 4324 1178 4381 vitia
1228 4336 1439 4396 putaret
1479 4343 1603 4387 esse
1651 4330 1777 4385 sub-

184 4411 543 4471 stantias.'l'u
580 4423 754 4469 autem
799 4415 899 4472 nisi
947 4431 1069 4472 cum
1124 4419 1409 4474 Ambrosio
1460 4430 1517 4476 et
1567 4423 1776 4477 caeteris

182 4492 482 4560 Catholicis
509 4507 740 4562 senseris
762 4517 921 4579 atque
951 4510 1209 4578 tenueris,
1239 4526 1337 4583 per
1382 4515 1775 4583 prmvaricatio-

183 4609 316 4653 nem
340 4596 495 4666 primi
525 4596 748 4654 hominis
774 4599 955 4655 carnis
1005 4611 1059 4656 ct
1111 4602 1331 4672 spiritus
1382 4603 1772 4663 dissensionem

182 4683 244 4745 in
308 4696 542 4743 nostram
594 4691 816 4746 vertisse
864 4699 1105 4747 naturam
1158 4693 1516 4766 (Ambrosius,
1548 4697 1637 4753 lib.
1665 4700 1776 4755 7in

177 4774 314 4835 Luc.
349 4794 442 4846 xu,
463 4778 605 4854 53);
648 4783 1037 4853 quantumlibet
1066 4783 1387 4842 Manichaeos
1415 4788 1667 4845 detestari
1695 4792 1775 4846 vi-

175 4869 585 4941 deat-ineorum
607 4874 956 4931 detestandus
979 4876 1191 4948 adiutor
1218 4879 1335 4935 sine
1372 4879 1540 4937 dubio
1563 4897 1775 4954 perma-

176 4966 360 5034 nebis;
388 4967 681 5024 asserenda
733 4983 853 5025 esse
875 4968 1096 5037 bonum,
1130 4971 1273 5049 quod
1314 4988 1434 5030 esse
1462 4975 1773 5032 clamat‘ve-

178 5057 316 5114 ritas
346 5058 566 5127 malum;
624 5069 678 5117 et
730 5061 835 5119 hoc
874 5063 1074 5129 malum
1122 5065 1366 5136 negando
1390 5081 1459 5121 ex
1512 5060 1777 5139 deprava-i

176 5152 332 5213 tione
360 5152 545 5208 venire
572 5162 793 5225 peccato
818 5155 1019 5211 vitiatae
1045 5165 1250 5214 naturae
1280 5168 1479 5215 nostra:
1504 5202 1520 5229 ,
1554 5169 1610 5216 ut
1660 5161 1773 5217 Ma-

180 5244 525 5309 nichacus,~te
566 5246 834 5317 adiutore,
883 5249 1324 5307 commixtionem
1372 5251 1527 5307 nobis
1571 5262 1771 5312 naturae

169 5334 487 5393 introducat
504 5334 529 5370 ⁸
555 5337 764 5393 alienas.

253 5426 399 5485 XXI.
422 5428 540 5486 Jun.
568 5428 742 5486 Simili
765 5430 1009 5487 acumine
1034 5430 1164 5488 illud
1205 5446 1417 5506 quoque
1455 5432 1774 5492 labefactare

162 5535 185 5582 (
200 5521 398 5581 tonaris
423 5563 438 5590 ,
459 5522 604 5596 quod
629 5523 739 5579 dixi
766 5565 782 5591 ,
812 5523 1126 5596 evangelise
1155 5526 1460 5582 testimonio
1480 5541 1545 5583 ex
1590 5527 1774 5585 fructi-

246 5679 271 5755 ξ
292 5678 939 5755 ,νμᾳῆιιθρνοῦαω
1257 5685 1451 5748 uulso,
1467 5685 1771 5750 naturaliter;

159 5740 315 5809 (ped
336 5740 434 5792 huc
452 5740 710 5795 revocatur
733 5756 795 5794 ex
833 5743 1186 5807 manusa'iptis.
1228 5740 1240 5745 '
1434 5740 1446 5748 '

244 5804 271 5874 ξ
291 5803 855 5874 yignierlus,_cre_atura.
871 5811 1021 5854 Vetus
1042 5804 1198 5874 codex
1221 5811 1482 5871 Portarum,
1507 5815 1686 5863 creata.

247 5865 271 5940 ἲ
295 5865 454 5940 ἳέἐιιλ
479 5865 719 5940 “(Wfﬁ-
745 5874 803 5940 ᾼι

244 5928 272 5960 ⁸
312 5926 1140 5995 εἰέηωοιηνὶεηίθῐω,

1583 444 1788 509 LIBER
1822 451 2139 530 QUINTUS.

3385 488 3401 541 l
3422 491 3519 549 454

1929 568 2025 624 bus
2071 573 2183 629 suis
2225 575 2470 636 arborem
2496 582 2695 641 debere
2720 594 2999 663 cognosci;
3040 605 3099 653 ut
3127 602 3461 667 ostenderem
3494 652 3510 675 ,

1922 661 2087 767 quod.
2108 665 2310 724 clarum
2338 682 2451 740 est,
2485 675 2662 734 doceri
2695 661 2831 740 bona
2874 661 2992 747 non
3021 705 3179 759 posse
3225 661 3467 775 coujttgia

1921 751 2030 845 imo
2058 756 2239 859 .ipsam
2288 774 2566 835 naturam,
2613 787 2731 842 qun
2781 783 3145 852 coniugiorum
3199 751 3512 859 opera-tione.

1919 846 2225 949 suppletur,
2265 869 2368 937 nec
2396 856 2488 913 Dei
2512 876 2670 930 posse
2690 880 2853 937 opere
2881 846 2915 904 ⁷⁸
2942 846 3196 939 vindicari
3217 846 3506 949 ,⁷

1917 936 2222 1048 dicerentur
2234 936 2458 1004 crimina
2479 936 2756 1023 pullulare.
2784 964 2860 1019 Ad
2879 964 2979 1023 hoc
3005 936 3130 1048 ergo
3146 936 3504 1047 respondisti;

1922 1046 1947 1140 Σ
1974 1028 2239 1140 Numquid
2266 1036 2524 1140 Dominus
2551 1048 2674 1105 inde
2718 1028 3094 1128 loquebatur:
3107 1028 3162 1123 et
3184 1028 3503 1140 non—pob;

1916 1121 2236 1227 de‘duabus
2274 1133 2637 1227 voluntatibus
2683 1121 2982 1217 hominum,
3033 1121 3508 1227 bona

1914 1216 2051 1321 mala
2132 1220 2288 1331 istam
2312 1224 2508 1289 bonam
2533 1271 2549 1301 ,
2585 1234 2729 1295 illam
2774 1216 2973 1301 malam,
2997 1249 3243 1311 arborem

1912 1308 2034 1421 quia
2062 1311 2130 1421 dp
2157 1314 2292 1421 bona
2341 1321 2614 1382 voluntate
2660 1344 2823 1400 opera
2873 1336 3015 1397 bona
3062 1308 3508 1421 macerrima—vei

1910 1400 2048 1505 mala
2078 1403 2148 1460 de
2172 1407 2345 1465 mala?
2374 1412 2545 1505 Quod
2588 1420 2632 1475 si
2673 1426 2886 1494 nuptias
2921 1400 3170 1493 arborem
3416 1400 3502 1505 ἰιῖΞ

1911 1489 2207 1563 telligamus
2222 1540 2238 1567 ,
2266 1502 2505 1570 profecto
2529 1522 2561 1563 e
2582 1489 2853 1571 contrario
2877 1489 3099 1588 posituri
3119 1540 3305 1585 sumus
3328 1489 3502 1591 forni-

1907 1584 2171 1685 cationem
2195 1590 2443 1649 arborem
2473 1598 2684 1663 malam.
2712 1584 2945 1665 Porro'si
2963 1610 3178 1685 dixerit,
3205 1584 3314 1677 non
3345 1584 3460 1683 illic
3478 1626 3500 1659 '

1905 1673 2114 1776 arboris
2140 1679 2260 1738 loco
2283 1688 2589 1759 ponendum
2626 1708 2749 1753 esse
2799 1697 3120 1767 adulterium
3145 1673 3177 1776 ,1

1904 1779 2019 1822 ram
2050 1767 2336 1834 humanam
2357 1778 2425 1835 de
2454 1797 2558 1853 qua
2595 1788 2834 1847 nascitur
2857 1792 3019 1857 homo
3048 1814 3064 1861 ;
3101 1767 3173 1854 ita
3197 1811 3252 1857 et
3270 1801 3361 1861 hic
3388 1821 3497 1867 non

1904 1860 2007 1915 erit
2038 1864 2199 1971 arbor
2248 1873 2606 1947 connubium,
2661 1882 2755 1937 sed
2787 1893 2973 1943 natura
3012 1889 3245 1963 humana
3289 1896 3360 1959 de

1903 1952 2143 2059 nascitur
2158 1956 2330 2059 homo
2357 1983 2376 2016 ι
2408 1963 2507 2035 (De
2536 1966 2747 2041 Nuptiis
2771 1984 2822 2030 et
2850 1976 3297 2056 Concupiscentia,

1901 2058 1957 2146 τι.
1983 2044 2111 2146 45)..
2156 2047 2415 2146 Falleris:
2446 2073 2550 2114 non
2580 2059 2652 2116 ibi
2678 2062 2934 2131 Dominus
2984 2044 3218 2146 loquitur
3261 2044 3330 2135 de
3358 2044 3493 2139 an:

1899 2132 2001 2188 bus
2028 2137 2413 2214 voluntatibus,
2440 2147 2535 2203 sed
2562 2149 2630 2206 de
2667 2169 2896 2225 persona
2922 2175 3037 2227 sua.
3054 2132 3324 2235 buoniam

1900 2226 2163 2337 beneﬁc'm’
2183 2233 2383 2337 Judreis
2408 2252 2688 2311 praestaret
2713 2246 2995 2317 innumera
3022 2226 3192 2325 ‘:ab
3215 2264 3331 2337 eius

1895 2594 2187 2708 helzebulis
2227 2604 2421 2681 spiritu
2466 2594 2825 2672 causabantur
2870 2594 3118 2687 illudere.
3168 2594 3492 2708 Tune—ergo

1894 2688 2153 2749 Dominus
2176 2696 2251 2753 ait
2282 2715 2296 2752 :
2342 2700 2445 2755 Aut
2484 2705 2640 2774 facite
2682 2707 2913 2765 arborem
2952 2712 3165 2787 bonam.
3217 2733 3265 2777 et
3294 2688 3492 2795 fruct;

1892 2782 2004 2892 ejus
2040 2784 2234 2855 bonos;
2269 2802 2355 2846 aut
2374 2796 2532 2866 facite
2553 2797 2786 2865 arborem
2831 2808 3053 2879 malam,
3087 2782 3356 2885 et'fruct'us

1891 2875 2189 2983 malos-ica:
2211 2885 2456 2983 fructibus
2470 2890 2604 2945 enim
2631 2896 2738 2950 suis
2760 2898 2914 2955 arbor
2940 2875 3251 2972 dignoscitur
3270 2875 3485 2983 (Mutati:

1893 2982 1971 3021 xu
1989 3009 2006 3036 ,
2179 2973 2237 3073 Id
2255 2974 2338 3030 est
2355 3018 2372 3045 ,
2391 2979 2500 3073 Aut
2525 2996 2686 3055 opera
2707 3002 2826 3061 mea
2854 2969 3149 3067 vituperata
3166 3039 3183 3064 ,
3210 2969 3331 3073 quae
3347 2969 3488 3065 bona

1889 3072 2012 3116 esse
2032 3060 2366 3123 inﬁrmitates
2387 3067 2554 3138 pulsae
2577 3083 2631 3129 et
2673 3080 2934 3135 restitutae
2961 3060 3486 3167 sanitatesloquuns

1889 3157 2011 3219 tur;
2056 3161 2114 3209 ut
2137 3154 2439 3226 improbum
2480 3177 2602 3231 me,
2638 3180 2859 3236 Operum
2891 3188 3135 3233 meorum
3177 3154 3486 3249 testimonio

1888 3244 2248 3316 comprobetis
2276 3267 2289 3303 :
2319 3257 2413 3307 aut
2432 3252 2476 3307 si
2504 3251 2622 3311 haec
2652 3264 2801 3316 tanta
2834 3260 3093 3333 beneﬁcia
3139 3285 3246 3331 non
3274 3244 3488 3337 audetis

1886 3347 2151 3405 arguere;
2182 3338 2391 3397 reddite
2426 3341 2582 3400 bonae
2603 3347 2812 3432 arbori,
2844 3353 2976 3409 mihi
3004 3357 3283 3432 videlicet,
3334 3370 3458 3429 testi

1886 3426 2124 3482 monium
2155 3428 2423 3488 fructuum
2450 3424 2734 3508 meorum',
2766 3450 2821 3497 et
2848 3455 3022 3501 amate
3038 3424 3359 3523 beneﬁcum,
3390 3460 3483 3530 qui

1883 3514 2141 3573 beneﬁcia
2166 3522 2490 3593 praedicatis.
2537 3526 2613 3583 Ibi
2662 3544 2791 3603 ergo
2815 3548 3100 3605 personam
3126 3541 3195 3601 de
3231 3514 3484 3617 operibus

1885 3610 1999 3667 suis
2024 3611 2273 3691 Christus
2301 3616 2462 3693 jussit
2489 3624 2705 3695 agnosci
2735 3642 2750 3679 :
2779 3628 2921 3699 quod
2969 3631 3127 3688 nobis
3149 3610 3483 3707 jure'suﬁ‘ra.

1882 3712 2061 3772 gatum
2091 3713 2174 3760 est
2190 3747 2206 3774 ,
2234 3716 2293 3763 ut
2319 3708 2637 3771 doceremus
2660 3728 2901 3781 naturam
2920 3736 3139 3796 Quoque
3163 3737 3324 3805 atque
3351 3748 3483 3795 con-

1879 3794 2025 3869 jugia
2053 3797 2122 3855 de
2150 3800 2571 3863 fructiﬁcationis
2590 3824 2703 3865 suae
2723 3812 2977 3883 qualitate
3019 3794 3325 3891 censenda;
3354 3794 3412 3885 ut
3432 3831 3479 3888 si

1883 3888 1954 3945 de
1974 3891 2058 3949 bis
2081 3893 2365 3952 criminum
2394 3898 2541 3957 virus
2559 3898 2758 3959 ﬂuebat
2776 3946 2792 3971 ,
2824 3907 3112 3971 criminosa
3139 3888 3479 3981 etiarnvradix

1879 3981 2231 4053 judicaretur.
2258 3983 2396 4047 Vide
2423 4004 2554 4067 ergo
2572 4008 2732 4065 quam
2757 3995 2826 4060 ad
2854 3997 3258 4075 intelligendum
3299 4025 3479 4069 caeca-

1883 4077 2012 4148 tias,
2041 4079 2131 4153 qui
2154 4080 2333 4139 levare
2354 4092 2405 4139 te
2424 4083 2619 4156 objecti
2649 4089 2754 4145 mei
2781 4088 2994 4161 pondus
3022 4099 3219 4171 putasti
3239 4142 3259 4171 ,
3310 4102 3479 4163 forni-

1882 4174 2148 4230 cationem
2184 4177 2385 4249 nuptiis
2407 4194 2474 4234 ex
2496 4178 2726 4237 adverso
2755 4181 3018 4259 locando,
3065 4199 3125 4248 ut
3158 4193 3304 4253 sicut
3336 4196 3478 4261 bona

1882 4265 2043 4321 arbor
2068 4268 2266 4339 nuptiae
2284 4310 2301 4338 ,
2337 4268 2409 4325 ita
2428 4271 2567 4327 mala
2591 4269 2875 4333 fornicatio
2902 4278 3205 4352 videretur,
3233 4285 3303 4344 de
3326 4304 3431 4359 qua
3456 4332 3474 4360 ,

1882 4355 1937 4413 id
1957 4366 2059 4423 est,
2087 4358 2463 4432 fornicatione,
2486 4360 2781 4423 fecunditas
2807 4370 2947 4431 nulla
2977 4371 3200 4435 deberet
3221 4355 3474 4452 exislere,

1882 4463 1952 4505 ne
1980 4449 2119 4505 mala
2149 4452 2664 4537 convinceretur,’si
2696 4458 2850 4517 bona:
2877 4463 3078 4536 nuptiae
3100 4466 3256 4525 bonis
3283 4449 3475 4529 fetibus

1879 4542 2266 4611 probarentur;
2308 4559 2428 4600 cum
2482 4547 2641 4603 homo
2665 4550 2781 4609 sive
2821 4551 2891 4613 de
2918 4556 3196 4630 coniugio,
3247 4561 3362 4618 sive
3406 4564 3476 4620 de

1881 4632 2144 4690 adulterio
2172 4636 2406 4692 nascitur
2429 4680 2444 4706 ,
2477 4654 2581 4694 non
2609 4639 2675 4696 de
2701 4639 2932 4715 ﬂagitio,
2956 4647 3055 4703 sed
3082 4648 3149 4713 de
3169 4660 3360 4715 natura
3383 4669 3474 4714 so-

1881 4726 2085 4781 minum
2114 4728 2353 4798 prodeat.
2378 4729 2662 4803 Flagitium
2692 4734 2888 4808 quippe
2917 4739 3059 4811 quod
3085 4742 3470 4807 mmehantium

1880 4820 2154 4876 voluntate
2173 4822 2556 4891 committitur,
2585 4826 2897 4891 substantiae
2942 4831 3185 4897 instituta
3227 4852 3335 4905 non
3361 4848 3473 4898 tur.

1880 4911 1971 4967 bat
2000 4931 2013 4968 :
2058 4928 2241 4969 verum
2269 4926 2484 4971 exercet
2513 4931 2572 4974 se
2593 4928 2779 4991 natura
2810 4936 2906 4993 per
2940 4926 3194 4985 matarias
3214 4942 3374 4999 suas,
3418 4944 3474 4992 et

1880 5013 2099 5076 peccato
2120 5015 2431 5064 remanente
2456 5009 2595 5079 apud
2622 5008 2818 5069 illicitae
2843 5013 3134 5077 voluntatis
3156 5031 3432 5085 auctorem
3451 5068 3470 5094 ,

1880 5095 2018 5165 fetus
2062 5099 2325 5161 innocuus
2378 5100 2445 5161 de
2492 5118 2655 5174 opere
2681 5104 2986 5177 Conditoris
3025 5115 3279 5189 erumpit.
3315 5117 3471 5185 Quod

1880 5191 2090 5267 quidem
2131 5201 2187 5251 et
2211 5201 2267 5248 tu
2297 5193 2475 5251 vidisti
2519 5211 2638 5254 esse
2673 5199 3054 5263 referendum:
3094 5206 3191 5269 sed
3242 5212 3468 5281 qualiter

1879 5292 2100 5339 conatus
2147 5282 2221 5338 sis
2268 5283 2518 5353 eludere,
2567 5286 2801 5358 prudens
2858 5292 3027 5361 lector
3063 5299 3325 5369 attendat.
3374 5302 3471 5359 Ais

1879 5374 2020 5459 enim
2047 5392 2062 5429 :
2088 5391 2109 5427 ι
2145 5373 2201 5433 Si
2223 5374 2430 5432 arboris
2456 5376 2576 5433 loco
2601 5378 2675 5435 ibi
2716 5396 2822 5438 non
2850 5392 2932 5440 est
2957 5389 3267 5459 ponendum
3310 5391 3467 5448 adul-

1881 5447 2107 5534 terium,
2137 5465 2233 5523 sed
2259 5476 2444 5523 natura
2472 5467 2704 5529 humana
2732 5472 2799 5530 de
2828 5491 2932 5547 qua
2957 5447 3220 5539 'na'scitnr
3263 5483 3424 5540 homo
3454 5505 3467 5543 :

1878 5554 1950 5624 ita
1974 5567 2029 5614 et
2054 5557 2141 5615 hic
2168 5573 2276 5615 non
2303 5560 2404 5617 erit
2422 5562 2586 5621 arbor
2603 5560 2743 5621 bona
2765 5570 3090 5627 connubium
3115 5614 3133 5641 ,
3162 5574 3259 5631 sed
3279 5585 3467 5635 natura

1945 5753 2521 5841 :MQQEL.‘m;hsic
2543 5759 2737 5822 ipsimet
2761 5761 2879 5812 editi
2903 5770 3105 5829 postea,
3142 5779 3253 5836 αι),
3295 5771 3384 5838 ιι,
3417 5778 3469 5829 ιη

1877 5823 2537 5953 ’θῗρὲῗὲῗιῗὲῗίιῗθνᾚῗεῗλμ
2701 5880 2819 5953 ἐπίοι
2860 5897 2900 5953 ,ν

1950 5938 2077 5989 ⁸8ἱο
2112 5938 2589 6006 Hsetnvignierio,
2631 5938 2911 5999 abantem
