3980 6480
576 479 717 543 uss
790 442 792 444 ’

575 597 808 652 humana
836 591 904 647 de
930 601 1031 660 qua
1060 581 1294 640 nascitur
1322 579 1503 634 homo.
1544 595 1563 628 ι
1601 575 1714 630 Hoc
1743 579 1825 629 est
1871 565 2168 660 ergoiquod

578 685 756 755 eloqui
790 659 1011 737 conatus
1033 690 1092 732 es
1120 692 1134 728 :
1161 673 1310 729 Sicut
1341 686 1449 726 non
1479 671 1770 738 imputatur
1797 664 1961 720 homo
1997 659 2168 715 forni-

581 753 776 834 cationi
797 816 811 840 ,
854 772 947 827 sed
979 778 1181 824 naturae
1211 784 1224 821 :
1252 766 1323 820 ita
1351 771 1630 836 peccatum
1662 759 1803 830 quod
1831 757 2060 813 trahitur
2103 753 2172 810 de

579 868 888 942 parentibus
917 862 1186 934 legitimis,
1208 874 1315 914 non
1333 872 1453 912 esse
1478 853 1848 925 imputandum
1878 847 2166 914 connubio,

580 939 678 1020 sed
709 969 912 1015 naturae
951 957 1198 1010 humana:
1217 991 1234 1018 ,
1265 965 1424 1022 quam
1453 947 1677 1004 crimine
1720 943 1965 1000 diabolus
1992 939 2175 995 infecit

580 1053 822 1122 antiquo.
872 1049 928 1104 In
969 1044 1222 1102 adulteris
1247 1057 1375 1114 ergo
1403 1038 1628 1109 culpasti
1657 1034 2045 1092 lascivientium
2073 1045 2172 1086 vo—

582 1144 879 1206 luntatem;
912 1138 1005 1194 sed
1047 1134 1278 1190 laudasti
1325 1133 1615 1188 humanam
1663 1135 1908 1184 naturam
1931 1166 1945 1190 ,
1975 1123 2040 1178 de
2070 1137 2172 1193 qua

579 1237 744 1291 homo
773 1233 933 1288 etiam
985 1245 1081 1302 per
1108 1227 1318 1283 illicitos
1370 1224 1688 1281 concubitus
1728 1224 2076 1274 nasceretur:
2122 1214 2176 1268 in

579 1326 895 1400 parentibus
924 1331 1100 1378 autem
1148 1318 1398 1390 legitimis
1426 1315 1652 1372 laudasti
1687 1309 2013 1369 conuubium
2039 1349 2054 1375 ,
2107 1305 2176 1362 de

581 1434 690 1491 quo
723 1435 829 1472 non
853 1415 986 1470 dicis
1011 1413 1193 1469 venire
1219 1418 1492 1481 peccatum
1519 1425 1533 1473 ;
1564 1407 1660 1463 sed
1680 1401 1991 1476 vituperasti
2020 1405 2175 1454 natu-

582 1525 699 1566 ram
722 1551 737 1575 ,
769 1507 836 1562 de
863 1521 966 1577 qua
987 1505 1121 1560 dicis
1149 1502 1354 1559 infundi
1376 1501 1580 1556 crimen
1607 1495 1956 1552 horrendum.
1982 1491 2179 1562 Vigilet

587 1602 674 1656 hic
701 1615 830 1671 ergo
861 1599 1028 1655 lector
1059 1613 1230 1652 meus.
1265 1595 1324 1650 Si
1349 1603 1593 1649 naturam
1622 1591 1909 1645 humanam
1938 1588 1991 1642 in
2012 1585 2182 1641 forni-

587 1693 798 1749 catione
827 1689 1148 1745 laudabilem
1197 1685 1485 1752 censuisti,
1517 1699 1637 1755 qua:
1680 1695 1896 1738 causam
1941 1677 2180 1734 nascenti

587 1785 798 1856 ﬂagitiis
829 1783 1133 1840 coeuntium
1176 1780 1508 1851 impollutam
1549 1778 1567 1808 ι
1613 1775 1858 1838 fecisset;
1911 1770 2181 1844 quomodo

585 1879 725 1934 hanc
751 1879 920 1948 ipsam
955 1883 1196 1931 naturam
1223 1875 1276 1928 in
1304 1870 1556 1928 connubii
1596 1877 1749 1940 parte
1777 1864 2132 1936 reprehendis
2163 1905 2178 1932 ,

587 1985 746 2044 quam
773 1969 909 2024 dicis
940 1981 1156 2023 causam
1177 1964 1406 2020 naturali
1431 1963 1638 2018 crimini
1662 1957 2012 2031 praestitisse?
2039 1957 2182 2029 Ergo

588 2078 695 2118 non
718 2061 934 2133 quidem
981 2059 1340 2123 conuubium,
1387 2055 1482 2111 sed
1523 2063 1766 2110 naturam
1795 2053 2082 2106 humanam
2130 2060 2186 2106 et

588 2169 834 2226 magnum
859 2154 1055 2208 bonum
1077 2159 1131 2207 et
1152 2139 1403 2221 magnum
1427 2147 1622 2204 malum
1650 2160 1772 2202 esse
1803 2143 2075 2216 professus
2102 2157 2182 2198 es.

587 2245 718 2300 Nam
750 2244 876 2316 quid
902 2259 964 2300 ea
991 2242 1246 2314 nequius,
1275 2241 1320 2295 si
1359 2240 1564 2296 crimen
1607 2236 1885 2309 ingenuit?
1939 2233 2066 2306 qtid
2095 2233 2189 2290 de-

588 2337 918 2403 testabilius,
946 2335 991 2390 si
1021 2350 1050 2389 a
1073 2333 1286 2389 diabolo
1311 2329 1658 2403 possidetur?
1679 2327 1814 2396 Quid
1838 2342 1966 2396 ergo
1993 2325 2190 2380 habeat

589 2431 722 2486 artis
774 2430 826 2484 in
868 2431 1073 2484 semine
1094 2469 1110 2495 ,
1143 2427 1255 2497 ipsa
1281 2425 1475 2480 viderit
1506 2442 1518 2477 :
1549 2422 1821 2494 qualitatis
1861 2421 2104 2486 interim,
2135 2420 2187 2475 in

590 2539 694 2594 qua
745 2523 944 2578 bonum
973 2535 1132 2576 omne
1157 2519 1240 2574 vel
1266 2519 1465 2573 malum
1490 2525 1603 2583 est,
1648 2517 1898 2587 pessima:
1941 2529 2188 2584 compro-

594 2618 752 2672 batur
773 2656 790 2682 ,
813 2615 856 2670 si
883 2623 937 2671 et
959 2615 1071 2685 ipsa
1095 2627 1208 2680 rea,
1231 2621 1287 2668 et
1311 2625 1577 2683 generans
1598 2613 1807 2676 reatus,
1831 2617 1885 2665 et
1911 2607 2190 2664 diabolicae

591 2707 924 2764 convincitur
954 2705 1251 2778 tyrannidis
1273 2705 1512 2760 satelles.
1537 2703 1727 2759 Merito
1757 2717 1884 2774 ergo
1913 2701 1980 2758 de
2006 2702 2192 2758 fructi-

591 2801 692 2855 bus
717 2801 828 2854 suis
853 2799 1011 2854 debet
1031 2799 1192 2854 arbor
1221 2796 1471 2868 agnosci,
1496 2804 1556 2852 ut
1580 2811 1700 2868 quae
1719 2809 1880 2851 causa
1906 2793 2031 2848 mali
2060 2801 2143 2850 est
2171 2835 2188 2859 ,

593 2893 732 2948 mala
747 2895 869 2962 jure
892 2891 1095 2962 optimo
1123 2890 1448 2946 nominetur.
1695 2891 1698 2894 ’

669 2985 804 3040 Ave.
850 2980 1080 3038 Causam
1127 2981 1256 3036 mali
1332 2980 1606 3052 originalis
1647 3021 1666 3046 ,
1717 2993 1818 3034 nec
1866 2975 2176 3048 coniugium

595 3091 716 3132 esse
735 3118 750 3142 ,
779 3091 881 3131 nec
923 3073 1242 3130 adulterium
1262 3115 1277 3140 ,
1325 3073 1457 3129 satis
1483 3088 1572 3128 res
1601 3073 1716 3144 ipsa
1755 3071 2026 3126 declarat:
2061 3085 2196 3140 quo-

595 3171 773 3236 niam,
807 3169 860 3224 id
908 3169 1050 3240 quod
1103 3169 1302 3223 bonum
1335 3177 1418 3223 est
1443 3168 1500 3222 in
1529 3175 1716 3222 natura
1767 3165 1997 3221 hominis
2022 3207 2036 3232 ,
2083 3163 2195 3218 Deo

595 3269 814 3316 creante
844 3275 906 3315 ex
927 3259 1146 3314 homine
1176 3258 1447 3325 nascitur;
1479 3265 1535 3314 et
1558 3257 1612 3312 id
1639 3255 1782 3328 quod
1811 3255 2008 3311 malum
2034 3254 2197 3310 habet

595 3361 816 3424 propter
861 3350 1004 3420 quod
1047 3349 1257 3407 renasci
1304 3349 1506 3416 debet,
1559 3365 1626 3406 ex
1675 3347 1892 3404 homine
1943 3347 2192 3402 trahitur.

597 3443 768 3500 Causa
786 3457 949 3514 porro
975 3442 1133 3513 hujus
1153 3441 1282 3496 mali
1317 3449 1430 3508 est,
1453 3441 1596 3512 quod
1625 3457 1714 3512 per
1753 3456 1912 3494 unum
1943 3439 2197 3493 hominem

598 3545 857 3609 peccatum
881 3535 1086 3590 intravit
1110 3535 1168 3591 in
1202 3535 1444 3589 mundum
1467 3575 1483 3601 ,
1511 3543 1557 3588 et
1603 3550 1692 3605 per
1717 3541 1980 3604 peccatum
2019 3546 2155 3584 mors
2177 3544 2199 3594 ,'

600 3637 644 3683 et
664 3629 736 3682 ita
760 3629 814 3682 in
844 3643 1017 3681 omnes
1047 3625 1272 3681 homines
1311 3625 1638 3697 pertransiit,
1668 3623 1723 3678 in
1745 3640 1843 3695 quo
1865 3639 2036 3678 omnes
2083 3638 2201 3692 peo-

600 3727 834 3774 caverunt
861 3716 1035 3792 (Rom.
1067 3733 1100 3772 v
1125 3759 1141 3786 ,
1173 3714 1288 3788 12).
1333 3717 1392 3772 ln
1429 3715 1623 3788 quibus
1663 3715 1902 3786 Apostoli
1927 3713 2106 3770 verbis
2145 3713 2199 3768 in

601 3811 760 3866 aliam
817 3809 1138 3866 sententiam
1185 3806 1601 3878 detorquendis,
1629 3813 1826 3877 quanta
1880 3803 2203 3877 loquacitate

603 3903 834 3959 inaniter
862 3901 1226 3968 laboraveris,
1263 3901 1449 3956 vident
1467 3901 1558 3970 qui
1591 3907 1677 3954 tua
1707 3907 1761 3956 et
1789 3906 1973 3954 nostra
1995 3897 2200 3953 intelli-

606 4005 795 4067 genter
821 3996 1025 4068 legunt.
1055 3993 1199 4064 Quid
1220 4002 1273 4050 te
1301 3994 1461 4065 igitur
1485 3992 1735 4064 adjuvat?
1759 3993 1944 4064 utquid
1983 3994 2079 4048 abs
2104 4001 2155 4047 te
2177 4033 2194 4059 ,

603 4102 807 4158 quasso,
823 4094 1301 4144 commemoratum
1323 4093 1406 4141 est
1424 4085 1789 4156 evangelicum
1809 4084 2196 4150 testimonium,

605 4179 749 4250 quod
773 4179 924 4233 arbor
940 4178 1072 4234 bona
1099 4179 1254 4232 bonos
1274 4181 1471 4249 fructus
1492 4175 1616 4249 facit
1639 4218 1654 4244 ,
1683 4191 1808 4231 cum
1836 4185 1891 4229 tu
1917 4175 1983 4230 de
2010 4175 2199 4245 conju-

607 4271 712 4342 gali
737 4269 1035 4341 loquereris
1063 4269 1207 4324 bono
1229 4309 1246 4336 ,
1274 4267 1500 4338 ejusque
1527 4266 1731 4322 fructus
1758 4265 1923 4321 velles
1947 4279 2067 4321 esse
2105 4265 2207 4320 ho-

609 4363 822 4426 mines;
867 4355 1122 4432 tanquam
1174 4358 1298 4414 ideo
1344 4358 1722 4414 demonstrans
1765 4371 1860 4412 eos
1895 4353 2012 4412 sine
2063 4355 2206 4411 malo

611 4455 797 4520 nasci,
828 4454 950 4524 quia
989 4452 1192 4509 bonum
1217 4459 1343 4506 sunt
1389 4451 1588 4522 nuptiae
1614 4493 1629 4518 ,
1657 4459 1712 4506 et
1747 4465 1849 4504 non
1875 4457 2036 4522 potest
2059 4449 2210 4503 arbor

612 4544 744 4598 bona
768 4547 966 4616 fructus
1003 4544 1167 4599 malos
1189 4542 1396 4614 facere;
1425 4557 1546 4598 cum
1589 4539 1835 4597 homines
1875 4549 2164 4597 nascuntur
2186 4542 2210 4574 ³

614 4653 680 4692 ex
711 4635 1020 4691 hominibus
1041 4676 1058 4703 ,
1088 4636 1201 4690 sive
1233 4649 1358 4691 cum
1401 4634 1647 4706 originali
1683 4649 1856 4700 noxa,
1897 4635 2040 4691 unde
2083 4635 2212 4691 dicit

614 4727 903 4798 Apostolus
923 4767 939 4795 ,
970 4726 1168 4799 Corpus
1195 4738 1451 4782 mortuum
1470 4737 1543 4782 est
1581 4735 1785 4800 prepter
1805 4737 2066 4798 peccatum
2099 4725 2211 4800 (Id.

617 4819 911 4891 “11.10);
949 4819 1063 4875 sive
1113 4819 1232 4874 sine
1275 4819 1380 4874 ulla
1413 4833 1588 4886 noxa,
1638 4827 1698 4873 ut
1744 4833 1840 4874 vos
1887 4817 2214 4876 contenditis

620 4923 806 4968 contra
835 4911 1154 4983 Apostolum
1176 4953 1190 4978 ,
1220 4925 1328 4966 non
1355 4919 1534 4966 tamen
1557 4925 1655 4980 per
1679 4911 1987 4982 conjugales
2023 4911 2171 4968 solos
2195 4953 2210 4980 ,

618 5019 805 5060 verum
833 5004 992 5059 etiam
1022 5017 1118 5074 per
1144 5002 1462 5059 concubitus
1487 5001 1818 5073 impudicos;
1851 5014 1906 5059 et
1928 5003 2216 5074 aliquando

623 5099 732 5154 sint
757 5096 958 5152 sterilia
981 5097 1228 5168 conjugia
1247 5138 1264 5162 ,
1295 5093 1526 5152 fecunda
1570 5095 1870 5152 adulteria?
1898 5093 2088 5153 Utrum
2123 5111 2219 5151 au-

623 5199 734 5246 tem
758 5189 1018 5244 Dominus
1043 5188 1176 5244 duas
1195 5187 1500 5244 voluntates
1519 5230 1534 5256 ,
1561 5189 1702 5244 sicut
1726 5204 1824 5244 nos
1851 5188 2078 5244 dicimus
2099 5230 2115 5255 ,
2163 5188 2218 5242 in

625 5280 832 5337 duabus
861 5279 1142 5336 arboribus
1191 5279 1465 5336 insinuare
1491 5280 1760 5346 voluerit,
1789 5295 1950 5336 unam
1979 5280 2174 5335 bonam
2199 5322 2216 5346 ,

625 5390 731 5446 qua
777 5375 950 5429 bonus
977 5381 1062 5430 est
1085 5373 1285 5440 homo,
1323 5387 1446 5444 quas
1475 5388 1580 5428 non
1617 5381 1796 5444 potest
1835 5371 2014 5428 facere
2057 5387 2222 5444 opera

629 5467 770 5523 mala
795 5509 810 5533 ,
842 5467 895 5522 id
935 5475 1017 5524 est
1037 5508 1051 5534 ,
1098 5467 1301 5522 fructus
1334 5465 1538 5532 malos;
1570 5465 1792 5521 alteram
1848 5465 2040 5520 malam
2066 5507 2080 5532 ,
2118 5479 2224 5536 qua

629 5563 806 5618 malus
823 5570 905 5618 est
927 5561 1090 5618 homo
1108 5603 1124 5631 ,
1154 5577 1280 5633 quae
1305 5575 1412 5616 non
1435 5568 1614 5631 potest
1655 5560 1834 5616 facere
1854 5574 2014 5631 opera
2039 5559 2178 5615 bona
2203 5601 2222 5626 ,

631 5653 686 5709 id
709 5662 822 5724 est,
849 5653 1053 5711 fructus
1073 5655 1273 5720 bonos;
1299 5647 1368 5709 an
1395 5654 1533 5709 sicut
1552 5661 1610 5708 tu
1633 5652 1768 5709 dicis
1789 5654 1858 5710 de
1894 5669 1955 5710 se
1991 5653 2108 5726 ipso
2133 5653 2228 5710 Ju-

695 5869 1406 5962 .nmlfttia._oodex
1435 5879 1547 5926 mar.
1565 5913 1581 5940 ,
1610 5873 1924 5940 impollutam.

739 5935 900 5996 Forte,
913 5939 1187 5986 nascentia.

1276 463 1522 525 OPERIS
1560 454 1974 517 lMPERFECTl
2011 447 2286 509 comas
2324 445 2684 515 JULIANUM,
2716 445 2776 502 s.
2805 401 3184 501 sucusrnu

3655 453 3746 515 ΗΒΕ

2286 563 2416 619 dmis
2439 563 2540 617 ista
2570 562 2777 617 locutus
2811 560 2917 629 sit,
2951 560 3037 630 qui
3071 573 3236 614 nosse
3261 558 3465 626 volunt,
3496 561 3746 635 Evangelium

2281 649 2500 720 legunt,
2525 657 2576 702 te
2606 647 2878 717 negligunt
2907 647 2945 698 ¹.
2977 645 3235 699 Dominus
3269 641 3403 698 enim
3430 659 3534 699 cum
3567 655 3750 714 cavendas

2280 759 2402 816 esse
2423 751 2777 808 monstraret,
2810 741 2900 812 qui
2927 740 3171 796 venirent
3211 739 3264 793 in
3293 739 3475 794 vestitu
3499 742 3668 810 ovium,
3701 747 3751 804 in.

2281 839 2550 893 trinsecus
2571 845 2748 891 autem
2787 833 2898 903 lupi
2935 842 3118 887 essent
3162 845 3384 901 rapaces
3411 849 3424 886 :
3447 830 3521 885 Ea:
3554 835 3750 906 fructibus,

2283 931 2490 1002 inquit,
2516 946 2689 984 eorum
2732 925 3040 998 cognoscetis
3087 941 3195 980 eos.
3239 921 3490 993 Numquid
3519 927 3758 997 colliguntde

2283 1023 2446 1094 spinis
2473 1037 2597 1076 uvas
2619 1064 2635 1090 ,
2667 1029 2756 1074 aut
2785 1017 2848 1073 de
2868 1017 3067 1072 tribulis
3082 1017 3258 1086 ﬁcus?
3283 1014 3370 1070 Sic
3391 1017 3534 1070 omnis
3553 1018 3669 1072 arbor
3682 1021 3760 1077 bona

2285 1115 2480 1186 fructus
2525 1115 2676 1168 bonos
2717 1111 2878 1184 facit;
2915 1109 3054 1163 mala
3091 1111 3260 1162 autem
3297 1107 3440 1162 arbor
3465 1109 3626 1178 fructus
3660 1117 3760 1168 nul-2:

2285 1207 2427 1278 facit.
2451 1205 2574 1261 Non
2605 1213 2764 1276 potest
2784 1202 2933 1258 arbor
2959 1203 3088 1256 bona
3109 1206 3306 1274 fructus
3325 1199 3475 1254 malos
3501 1201 3761 1274 facerentque

2287 1299 2439 1354 arbor
2467 1299 2604 1352 mala
2643 1301 2840 1370 fructus
2869 1295 3023 1350 bonos
3061 1297 3232 1366 facere
3256 1291 3458 1366 (Matth.
3494 1309 3590 1360 vn,
3629 1295 3760 1369 16-18}.

2288 1391 2357 1445 Et
2377 1389 2670 1446 secundum
2717 1387 2914 1443 Lucam
2946 1429 2961 1454 ,
2993 1401 3113 1442 cum
3160 1385 3445 1457 hypocrita:
3477 1397 3762 1457 arguerentur,

2287 1483 2412 1538 duae
2446 1483 2562 1539 istae
2583 1485 2805 1538 arbores
2831 1487 3274 1537 commemorata:
3313 1485 3458 1544 sunt,
3485 1487 3534 1534 et
3571 1495 3667 1535 mox
3699 1485 3762 1536 evi-

2289 1575 2481 1632 denter
2508 1576 2786 1646 expositm,
2817 1575 3180 1646 subsequente
3209 1571 3432 1628 Domino
3457 1581 3595 1644 atque
3606 1573 3764 1631 dicente:

2290 1669 2469 1724 Bonus
2495 1671 2645 1725 homo
2673 1671 2734 1724 de
2753 1669 2883 1724 bono
2914 1670 3152 1724 thesauro
3175 1667 3340 1722 cordis
3361 1669 3436 1722 sui
3450 1670 3613 1738 profert
3629 1669 3764 1734 bonum;

2290 1772 2338 1818 et
2361 1761 2528 1818 malus
2557 1764 2705 1816 homo
2732 1761 2795 1816 de
2815 1762 2950 1816 malo
2981 1760 3178 1832 profert
3225 1759 3414 1812 malum
3437 1773 3454 1811 :
3478 1775 3534 1812 ex
3557 1759 3767 1813 abundanti

2289 1857 2422 1911 enim
2442 1855 2611 1911 cordis
2631 1873 2687 1910 os
2729 1855 2948 1928 loquitur
2981 1853 3133 1926 (Luc.
3177 1870 3261 1921 v1,
3306 1853 3415 1924 45).
3438 1851 3528 1908 Ubi
3549 1862 3684 1909 autem
3701 1855 3766 1922 ait,

2289 1947 2391 2003 Aut
2417 1945 2570 2022 facite
2609 1947 2841 2003 arborem
2870 1947 3053 2002 bonam
3085 1955 3136 2000 et
3164 1946 3386 2016 fructum
3410 1945 3510 2013 ejus
3531 1946 3696 2012 bonum,
3720 1954 3768 1998 aut

2291 2040 2445 2110 facite
2472 2039 2704 2094 arborem
2727 2039 2916 2093 malam
2939 2046 2984 2092 et
3010 2038 3238 2108 fructum
3261 2037 3370 2108 ejus
3401 2037 3569 2090 malum
3608 2035 3720 2107 (quod
3739 2049 3768 2090 tu

2291 2149 2414 2189 eum
2442 2134 2511 2190 de
2536 2150 2594 2190 se
2613 2133 2731 2204 ipso
2760 2121 2961 2188 dixisSe
2997 2129 3302 2203 opinaris),
3351 2130 3486 2186 unde
3513 2129 3668 2187 dixerit
3698 2147 3769 2185 mox

2293 2229 2541 2299 aperiens
2574 2245 2588 2282 :
2620 2227 2887 2298 Siquidem
2914 2243 2977 2281 ea:
3013 2230 3221 2298 fructu,
3253 2223 3454 2294 inquit,
3499 2223 3623 2278 arbor
3658 2240 3768 2293 cogna-

2293 2321 2474 2374 scitur.
2497 2319 2774 2396 Progenies
2798 2319 3087 2391 viperarum
3113 2359 3128 2384 ,
3152 2315 3405 2388 quomodo
3429 2315 3605 2385 potestis
3627 2315 3769 2368 bonab-

2295 2413 2416 2484 qui,
2447 2429 2562 2466 cum
2585 2411 2694 2466 silis
2715 2411 2886 2464 mali?
2909 2427 2972 2464 ex
2997 2399 3316 2463 abundantia
3347 2407 3472 2464 enim
3499 2405 3635 2461 cordis
3662 2421 3700 2458 os
3724 2405 3766 2458 lo-

2296 2505 2489 2574 quitur.
2515 2503 2689 2560 Bonus
2717 2505 2867 2558 homo
2903 2503 2966 2557 de
2995 2503 3124 2556 bona
3153 2501 3387 2556 thesauro
3415 2503 3582 2570 profert
3605 2497 3720 2560 bona;
3741 2505 3766 2549 et

2297 2599 2464 2652 matus
2493 2597 2644 2652 homo
2673 2597 2737 2651 de
2761 2595 2895 2650 malo
2923 2596 3162 2650 thesauro
3181 2597 3376 2666 profert
3399 2590 3523 2646 mata
3541 2588 3698 2660 (Matth.
3715 2605 3765 2652 xu,
3811 2619 3818 2626 -

2299 2687 2504 2760 5555).
2541 2687 2776 2744 Videsne
2815 2696 2866 2744 te
2887 2687 3034 2753 falli,
3067 2701 3176 2742 non
3208 2687 3334 2741 me?
3363 2683 3489 2739 Redi
3515 2697 3619 2753 ergo
3640 2681 3684 2734 ad
3699 2695 3768 2734 cau-

2299 2796 2412 2835 sam
2457 2781 2635 2850 operis
2685 2779 2847 2848 mali,
2899 2788 2954 2834 et
2995 2779 3243 2854 invenies
3282 2777 3579 2832 voluntatem
3615 2773 3764 2828 malam:

2298 2871 2414 2928 redi
2438 2871 2505 2926 ad
2525 2886 2739 2928 causam
2759 2871 3035 2943 originalis
3063 2870 3194 2926 mali
3211 2912 3230 2938 ,
3260 2878 3316 2925 et
3339 2868 3557 2924 invenies
3581 2865 3691 2936 primi
3709 2864 3767 2916 ho-

2301 2963 2458 3018 minis
2501 2962 2832 3046 voluntatem
2874 2963 3105 3030 malam,
3166 2971 3220 3020 et
3265 2975 3330 3018 ea
3371 2959 3580 3014 vitiatam
3617 2963 3768 3011 naturam

2305 3054 2522 3109 bonam.

2373 3142 2540 3198 XXII.
2569 3143 2916 3204 JUL.,Verum
2961 3143 3080 3200 haec
3107 3143 3410 3215 loquimur,
3455 3149 3509 3196 ut
3540 3137 3636 3194 ﬁdei
3656 3143 3769 3190 vestra

2302 3236 2422 3306 quis
2441 3235 2511 3290 sit
2537 3235 2658 3290 ﬁnis
2686 3236 2966 3292 ostendam
2999 3255 3012 3292 :
3046 3244 3306 3292 caeterum
3336 3233 3460 3290 illud
3505 3231 3766 3287 inconcussum

2301 3325 2476 3392 valet,
2507 3325 2650 3396 quod
2679 3325 3133 3397 disputationibus
3165 3323 3570 3397 praaoedenubus
3592 3318 3769 3374 fundatum

2304 3427 2424 3486 est,
2455 3433 2556 3473 nec
2581 3418 2867 3490 quidquam
2893 3417 3094 3472 malum
3134 3433 3292 3481 esse,
3341 3423 3520 3486 praeter
3535 3423 3643 3482 opus
3655 3407 3768 3463 volun-

2305 3510 2429 3564 tatis
2445 3508 2586 3580 quod
2603 3509 2808 3579 justitia
2831 3509 3075 3580 prohibet
3097 3507 3482 3580 perpetrantis;
3506 3517 3589 3560 nec
3608 3497 3705 3572 quod
3720 3510 3772 3550 na-

2307 3603 2477 3658 turale
2521 3609 2640 3668 est,
2668 3616 2828 3674 posse
2875 3602 3076 3657 malum
3117 3601 3385 3657 convinci.
3426 3597 3580 3652 Manet
3599 3606 3690 3661 ergo
3705 3588 3770 3641 hic

2307 3693 2624 3748 inconcussa
2647 3693 2811 3748 turris
2835 3733 2851 3758 ,
2881 3693 2949 3748 de
2993 3693 3149 3764 cujus
3173 3693 3319 3749 edito
3345 3687 3591 3746 latrocinia
3619 3683 3771 3738 diverso-

2307 3802 2426 3842 rum
2459 3785 2836 3858 propulsantur
2855 3801 3118 3842 errorum.

2381 3880 2515 3936 Aua.
2549 3878 2684 3946 Quid
2710 3878 2959 3950 estquod
2984 3878 3154 3946 dicis;
3211 3885 3302 3933 aut
3325 3890 3435 3948 qua:
3463 3878 3569 3929 sunt
3601 3876 3772 3934 tuapte

2309 3970 2563 4028 cedentes
2587 3971 2977 4042 disputationes
2997 4015 3012 4042 ,
3045 3971 3148 4028 nisi
3177 3967 3548 4043 loquacissimae
3569 3953 3772 4018 vanitates?

2309 4067 2448 4136 Quid
2477 4067 2727 4139 estquod
2773 4067 2906 4122 dicis
2930 4110 2946 4134 ,
2999 4086 3018 4120 α
3051 4083 3152 4123 nec
3193 4066 3470 4138 quidquam
3497 4059 3655 4116 malum
3675 4065 3772 4108 esse.

2313 4169 2508 4231 praeter
2535 4175 2671 4231 opus
2696 4159 2992 4216 voluntatis
3017 4159 3159 4231 quod
3180 4159 3385 4232 justitia
3412 4153 3622 4228 prohibet
3655 4155 3771 4217 perm-

2313 4253 2542 4309 trantis?
2579 4273 2598 4307 ι
2633 4253 2772 4325 Ergo
2801 4253 2915 4325 ipsa
2946 4253 3193 4311 voluntas
3227 4253 3360 4310 mala
3388 4264 3485 4306 non
3511 4253 3581 4302 est
3620 4239 3774 4298 malum,

2313 4347 2360 4400 si
2387 4362 2493 4402 non
2533 4354 2617 4402 est
2643 4345 2929 4417 quidquam
2960 4345 3157 4402 malum
3210 4345 3308 4400 nisi
3359 4356 3484 4413 opus
3515 4333 3636 4407 ejus?
3665 4327 3773 4393 Νείιυε

2315 4439 2458 4495 enim
2479 4448 2562 4495 est
2586 4453 2954 4510 consequens,
2985 4447 3041 4494 ut
3069 4439 3212 4494 mala
3245 4437 3478 4494 voluntas
3503 4419 3772 4484 habeateliam

2317 4532 2657 4606 perpetrandi
2683 4532 2862 4603 operis
2889 4531 3195 4588 facultatem
3225 4549 3238 4586 :
3267 4545 3330 4584 ac
3355 4542 3444 4598 per
3463 4523 3553 4577 hoc
3579 4527 3620 4571 te
3639 4515 3772 4566 auellire

2317 4642 2426 4682 non
2448 4626 2552 4681 erit
2583 4626 2780 4680 malum
2809 4624 3041 4680 hominis
3079 4625 3220 4680 male
3245 4621 3376 4678 velle
3393 4659 3408 4686 ,
3433 4609 3614 4687 quando
3633 4617 3702 4658 non

2319 4729 2423 4776 test
2460 4718 2658 4776 facere.
2686 4720 2817 4788 Quis
2841 4719 2997 4774 istam
3023 4718 3162 4774 ferat
3186 4711 3552 4784 insipientiam,
3582 4699 3646 4756 vel
3669 4699 3771 4765 Ρ⁰⁸ί¹¹⁹

2319 4811 2647 4867 amentiam?
2667 4811 2768 4868 Ubi
2790 4811 2950 4866 etiam
2998 4811 3245 4881 ponimus
3263 4850 3279 4876 ,
3305 4805 3420 4878 quia
3447 4800 3489 4857 si
3529 4809 3614 4852 non
3632 4793 3771 4882 θξι

2322 4904 2432 4959 lum
2483 4904 2809 4976 quidquam,
2865 4903 2967 4958 nisi
3031 4918 3166 4974 opus
3190 4897 3463 4956 voluntatis
3511 4881 3772 4976 quod‘lu-‘m‘f

2322 4974 2573 5070 prohibet
2600 4998 2988 5068 perpetrantis;
3037 5011 3141 5051 non
3181 5001 3335 5052 erunt
3379 4987 3502 5045 mala
3535 4974 3772 5070 quacum“?

2325 5091 2570 5147 homines
2599 5090 2843 5145 uolentes
2871 5087 2988 5144 sive
3025 5097 3218 5159 agunt,
3267 5087 3375 5140 sive
3405 5078 3639 5152 patiuntur
3665 5080 3677 5116 :
3711 5065 3770 5159 non

2325 5185 2430 5240 erit
2462 5183 2660 5238 malum
2683 5182 2825 5253 quod
2855 5139 3544 5252 clamatoApo'stolus,‘Non
3579 5159 3675 5253 enim
3694 5139 3770 5253 Μ

2325 5276 2440 5330 volo
2460 5316 2475 5342 ,
2504 5274 2638 5347 facio
2685 5248 2900 5337 bonum;
2930 5273 3018 5326 sed
3067 5248 3200 5340 quod
3247 5268 3358 5324 noto
3385 5262 3590 5350 malum.
3624 5248 3770 5350 Ῐιοίίξῗ

2333 5345 2513 5442 (Rom.
2541 5384 2645 5434 vn,
2701 5365 2790 5436 i9)
2825 5385 2837 5422 :
2869 5381 2978 5422 non
3031 5366 3132 5420 erit
3173 5364 3364 5420 malum
3405 5345 3768 5442 ευρριίςὶυηῆ

2329 5427 2512 5516 aeterni
2529 5501 2544 5525 ,
2577 5459 2664 5514 ubi
2691 5427 2795 5514 erit
2823 5457 2978 5514 ﬂetus
3003 5467 3056 5512 ct
3081 5457 3276 5512 stridor
3298 5449 3510 5508 dentium
3534 5427 3766 5532 imm“

2333 5555 2446 5624 12);
2489 5553 2612 5624 quia
2643 5551 2696 5608 id
2723 5552 2910 5607 volens
2943 5566 3100 5607 nemo
3128 5550 3378 5621 patietur,
3415 5549 3570 5597 etnon
3601 5533 3664 5624 est
3690 5525 3767 5624 θρίξ

2331 5611 2620 5700 voluntatis
2633 5643 2774 5714 quod
2789 5643 2992 5714 justitia
3003 5611 3666 5718 probibetlperpetrantistst’d

2333 5737 2584 5794 nolentis.
2610 5699 2834 5804 Quando
2857 5735 2960 5791 ista
2996 5699 3234 5808 sapores,
3311 5743 3406 5785 non
3425 5711 3670 5780 mirabiliter
3685 5699 3766 5754 dcit

2417 5958 2428 5975 ι
2461 5936 2579 5986 Editl
2597 5969 2611 5998 ,
2635 5941 2683 5987 et
2713 5933 2977 6000 negligant.
3005 5932 3317 5985 Emendantur
3341 5937 3397 5978 ex
3418 5901 3689 5972 ιιιίωιιεετίιδίίε·
