3980 6514
273 372 412 429 1457

272 507 431 567 peros
453 494 493 559 ⁸,
520 493 606 548 vel
635 492 810 564 potius
829 492 1137 548 insanires?
1158 491 1294 563 Quid
1314 495 1398 548 est
1434 489 1592 546 etiam
1613 483 1755 557 quod
1787 482 1868 538 di-

272 590 370 656 cis,
399 606 419 639 ‹
455 604 554 643 nec
569 587 711 658 quod
739 586 980 642 naturale
999 595 1104 654 est,
1127 587 1325 641 malum
1349 599 1503 655 posse
1529 577 1812 638 convinci?
1840 598 1860 630 ι

271 680 418 736 Itane
437 679 670 749 vero(ut
716 677 1122 733 innumerabilia
1170 677 1430 732 naturalia
1471 675 1596 730 vitia
1621 672 1866 743 corporis

269 771 498 844 taceam)
525 772 723 826 malum
745 786 850 826 non
872 780 954 827 est
980 772 1212 827 surditas
1239 762 1495 826 nattiralis
1511 811 1524 835 ,
1549 784 1667 838 quae
1693 768 1863 837 ipsam

269 880 511 937 quoque,
533 879 600 920 ex
626 879 727 934 qua
752 864 929 935 justus
955 865 1085 920 vivit
1109 863 1308 936 (Galat.
1335 878 1392 919 ιιι
1418 903 1432 927 ,
1463 861 1551 930 ll)
1573 902 1587 926 ,
1644 859 1865 930 impedit

267 959 428 1015 ﬁdem
452 1001 465 1024 ,
498 959 748 1030 quoniam
782 958 914 1013 ﬁdes
943 975 1009 1015 ex
1059 958 1242 1013 auditu
1286 964 1369 1012 est
1417 953 1594 1027 (Rom.
1623 971 1692 1021 x,
1724 952 1812 1024 I7)
1839 953 1864 1007 ‘l

267 1050 375 1105 Sed
403 1064 526 1112 vos,
561 1048 664 1102 nisi
712 1048 859 1104 surdi
885 1049 1028 1103 intus
1065 1049 1286 1111 essetis,
1315 1044 1572 1115 Apostolo
1600 1043 1811 1100 dicente
1843 1086 1859 1111 ,

269 1140 486 1194 Fuimus
513 1141 645 1194 enim
673 1149 723 1194 et
762 1157 852 1194 nos
875 1140 1175 1194 naturaliter
1195 1138 1291 1208 ﬁlii
1312 1137 1432 1202 irae,
1460 1137 1588 1192 sicut
1613 1147 1659 1192 et
1686 1137 1862 1190 cwteri

268 1233 488 1305 (Ephes.
513 1249 584 1299 ιι,
604 1232 698 1305 5);
730 1233 909 1288 cordis
929 1232 1148 1288 auribus
1179 1229 1456 1286 audiretis.
1502 1230 1610 1286 Sed
1655 1229 1860 1302 pergite

269 1328 439 1383 adhuc
459 1371 473 1395 ,
502 1337 555 1382 et
574 1327 824 1382 cordibus
850 1327 1008 1382 cmcis
1032 1325 1316 1396 surdisque
1343 1325 1571 1381 clamate
1596 1368 1612 1393 ,
1639 1324 1755 1381 Non
1778 1334 1860 1381 est

269 1422 464 1476 malum
490 1419 802 1474 naturaliter
830 1434 951 1474 esse
989 1418 1306 1473 obliviosum
1327 1460 1342 1485 ,
1388 1417 1708 1472 naturaliter
1737 1432 1857 1473 esse

264 1515 552 1569 obtunsum
574 1556 589 1581 ,
642 1514 951 1569 naturaliter
977 1528 1098 1570 esse
1140 1513 1453 1568 iracundum
1474 1555 1490 1581 ,
1548 1513 1860 1568 naturaliter

263 1620 386 1661 esse
440 1605 801 1660 libidinosum.
845 1604 951 1661 Cur
978 1606 1120 1661 enim
1171 1621 1278 1662 non
1331 1605 1506 1661 securi
1558 1606 1703 1661 fatua
1759 1606 1857 1660 ista

260 1696 428 1753 verba
443 1696 688 1768 jactatis,
718 1698 912 1769 quibus
945 1699 1141 1753 malum
1190 1713 1297 1754 non
1326 1708 1410 1755 est
1435 1699 1596 1754 etiam
1617 1699 1730 1770 ipsa
1774 1698 1856 1754 fa-

261 1791 426 1846 tuitas
463 1791 764 1848 naturalis?
811 1791 985 1863 Usque
1009 1792 1146 1848 adeo
1170 1793 1364 1863 quippe
1399 1807 1556 1848 omne
1600 1792 1857 1864 originale

261 1884 462 1940 malum
519 1886 770 1942 meritum
830 1897 1124 1956 negantes,
1179 1896 1369 1943 cuncta
1415 1887 1674 1942 naturalia
1732 1888 1856 1942 vitia

259 1975 480 2033 laudare
508 1978 759 2049 cogimini
776 2019 791 2043 ,
845 1987 902 2033 ut
938 1994 1044 2034 non
1071 1979 1244 2035 solum
1268 1993 1496 2050 corpore
1541 1978 1810 2036 deformes
1837 2022 1853 2047 ,

258 2069 469 2125 debiles
489 2111 502 2135 ,
535 2077 1011 2140 monstruososque
1034 2071 1170 2126 fetus
1195 2112 1210 2136 ,
1240 2085 1424 2126 verum
1454 2071 1615 2126 etiam
1647 2071 1852 2138 fatuos,

259 2163 308 2216 si
338 2177 497 2217 nemo
545 2162 617 2218 ibi
667 2171 971 2233 peccasset,
1002 2171 1285 2220 exorturos
1313 2164 1366 2219 in
1394 2163 1642 2233 paradiso
1692 2165 1856 2220 fuisse

259 2253 484 2320 dicatis;
516 2253 642 2309 dum
673 2263 851 2311 tamen
885 2255 1190 2327 pudendam
1238 2264 1544 2326 susceptam
1574 2263 1808 2311 vestram
1838 2297 1853 2322 ,

259 2361 369 2417 qua
397 2361 524 2402 caro
550 2347 880 2417 concupiscit
926 2347 1187 2404 adversus
1212 2348 1454 2418 Spiritum
1478 2389 1494 2416 ,
1527 2347 1670 2403 inter
1715 2346 1853 2402 deli-

259 2439 371 2494 cias
399 2439 502 2494 loci
531 2439 672 2494 illius
700 2439 992 2496 beatissimi
1023 2441 1316 2496 collocetis.

335 2532 524 2588 XXIII.
563 2532 682 2588 Jun.
728 2533 924 2590 Verum
955 2551 1120 2604 nunc,
1145 2534 1286 2606 quod
1311 2534 1462 2590 locus
1493 2532 1676 2605 exigit,
1711 2533 1854 2589 inse-

263 2643 508 2698 quamur.
551 2628 786 2698 Apparet
827 2635 901 2696 te,
948 2629 1291 2684 subtiliSsime
1328 2629 1644 2699 disputator,
1695 2641 1854 2682 unam

262 2719 610 2790 eamdemque
648 2734 786 2786 rem,
819 2729 1062 2776 naturam
1090 2721 1296 2776 scilicet
1323 2719 1612 2776 humanam
1647 2719 1856 2791 magnis

261 2811 516 2866 extulisse
552 2810 817 2877 laudibus,
865 2811 961 2868 sed
1009 2812 1300 2883 majoribus
1337 2813 1636 2868 maculasse
1674 2813 1856 2868 crimi-

259 2902 419 2958 nibus
447 2920 461 2956 :
494 2903 636 2974 quod
662 2905 799 2959 sicut
831 2921 937 2959 uno
961 2913 1223 2976 tempore,
1250 2921 1358 2961 uno
1384 2908 1606 2976 opere’,
1640 2921 1855 2976 unoque

257 2995 486 3052 consilio
514 2998 726 3052 evenire
764 2997 922 3053 simul
948 3012 1053 3053 non
1083 3007 1293 3068 potest;
1325 3000 1395 3053 ita
1433 3000 1570 3053 ratio
1595 2999 1854 3054 naturalis

257 3102 597 3158 nequaquam
626 3089 767 3160 capit
812 3088 948 3157 haec,
990 3090 1077 3144 vel
1097 3089 1198 3144 sub
1234 3089 1624 3145 alternatione'
1645 3099 1855 3145 contra-

256 3178 375 3245 ria,
417 3178 512 3234 sed
569 3195 676 3235 uno
718 3195 932 3251 semper
961 3182 1138 3252 plena,
1177 3182 1230 3236 id
1273 3191 1374 3249 est,
1409 3183 1676 3239 taxatione
1701 3183 1852 3252 boni,

257 3285 530 3342 nunquam
560 3281 780 3342 propter
797 3275 1017 3341 malum,
1040 3273 1180 3344 quod
1211 3274 1328 3345 ejus
1349 3275 1588 3331 instituta
1609 3284 1856 3346 peracto—

258 3363 336 3417 ris
377 3363 457 3418 sui
501 3379 606 3418 non
650 3365 864 3434 capiunt
891 3365 1257 3436 dignitatem‘,
1295 3367 1398 3421 nisi
1440 3381 1471 3421 a
1498 3367 1854 3438 pollutissimo

259 3454 672 3510 Manichaeorum
697 3456 858 3511 dente
881 3457 1178 3514 mordetur.
1209 3457 1317 3514 Sed
1343 3459 1446 3514 hoc
1472 3460 1704 3529 expleto,
1726 3459 1853 3514 illud

258 3547 491 3617 inquiro,
520 3562 653 3617 quos
683 3556 837 3618 putes
878 3550 1130 3605 connubii
1169 3549 1344 3607 fumos
1370 3552 1691 3621 sequendos.
1721 3552 1853 3606 Nam

259 3639 308 3694 si
350 3638 675 3694 connubium
711 3639 894 3696 fateris
919 3655 1026 3696 non
1056 3657 1177 3697 esse
1219 3657 1436 3698 causam
1466 3642 1717 3712 hominis,
1760 3644 1855 3699 sed

261 3740 535 3800 naturam;
580 3736 780 3804 peccati
817 3751 1029 3806 quoque
1067 3751 1284 3796 causam
1333 3751 1440 3792 non
1487 3753 1605 3793 esse
1645 3753 1854 3793 connu-

265 3823 433 3891 bium,
460 3825 552 3880 sed
590 3835 866 3893 naturam;
911 3828 1015 3883 hoc
1038 3828 1385 3896 connubium,
1418 3828 1502 3885 cui
1531 3830 1742 3886 laudem
1769 3832 1856 3886 da-

263 3916 380 3980 bas,
418 3926 584 3972 totum
615 3934 836 3989 prorsus
861 3921 1096 4000 evanuit.
1118 3921 1216 3976 Cui
1246 3937 1376 3992 ergo
1405 3923 1482 3977 rei
1511 3922 1852 3990 adscribitur,

257 4010 306 4064 si
343 4025 442 4066 nec
483 4012 608 4066 mali
653 4013 748 4078 tui,
792 4029 891 4068 nec
924 4013 1049 4068 boni
1092 4015 1198 4070 mei
1237 4030 1397 4071 causa
1438 4016 1557 4072 est?
1582 4015 1639 4072 Si
1673 4016 1740 4070 ab
1769 4016 1858 4071 ho-

257 4112 466 4158 nestate
501 4105 752 4160 connubii
779 4105 1049 4162 hominem
1087 4109 1399 4174 submoves,
1440 4124 1508 4164 ne
1535 4124 1658 4165 eum
1693 4109 1854 4166 etiam

260 4196 598 4252 fornicationi
630 4201 837 4269 cogaris
878 4200 1210 4267 adscribere;
1240 4217 1271 4257 a
1301 4203 1624 4258 necessitate
1651 4219 1856 4260 connu-

177 4312 186 4316 ε
263 4288 338 4343 bii
367 4300 641 4359 peccatum
682 4308 948 4362 removes,
975 4310 1044 4350 ne
1067 4296 1280 4366 nuptias
1305 4295 1562 4352 damnare
1587 4297 1852 4365 videaris;

264 4381 393 4450 quid
420 4384 669 4438 remansit
694 4385 852 4442 laude
875 4385 1095 4456 dignum
1130 4387 1182 4440 in
1224 4389 1562 4457 possessione
1588 4389 1857 4461 conjugii?

264 4471 377 4535 Cur
407 4474 532 4529 illud
560 4477 714 4532 times
737 4477 937 4532 violare
965 4493 1231 4543 sermone,
1265 4479 1409 4549 quod
1435 4480 1646 4536 admota
1673 4482 1857 4552 dispu-

263 4565 470 4622 tatione
496 4566 727 4624 funditus
751 4570 1044 4625 subruisti?
1081 4571 1244 4641 Cujus
1286 4587 1416 4642 ergo
1453 4574 1530 4628 rei
1555 4588 1712 4628 causa
1735 4590 1855 4630 esse

182 4650 197 4664 “
262 4654 493 4726 dicetur,
542 4659 587 4714 si
626 4676 724 4716 nec
765 4662 908 4717 malo
956 4677 1054 4717 nec
1086 4662 1229 4718 bono
1273 4664 1554 4734 participat
1588 4666 1856 4721 naturali?

258 4748 404 4804 Nihil
441 4766 566 4822 ergo
587 4752 696 4822 jam
728 4754 838 4825 agit
877 4755 928 4808 in
970 4754 1130 4810 rebus
1176 4756 1422 4811 humanis
1463 4770 1660 4813 nomen
1691 4756 1858 4813 bone-

256 4850 477 4913 stasque
503 4845 772 4916 conjugii?
800 4846 905 4902 Sed
939 4848 1170 4917 angeris,
1202 4855 1257 4902 et
1289 4847 1422 4903 dure
1448 4847 1661 4918 quidem
1689 4868 1703 4904 :
1731 4850 1858 4906 sub-

256 4936 582 5006 veniendum
629 4949 710 4994 est
757 4940 914 5010 igitur
952 4941 1146 4995 anhelo
1192 4941 1327 4995 seni.
1384 4941 1661 4998 Remansit
1713 4944 1857 5013 quod

255 5028 456 5082 eidare
487 5030 682 5098 possis,
716 5030 832 5086 sine
860 5047 966 5101 quo
993 5041 1169 5087 tamen
1212 5031 1341 5086 nihil
1373 5033 1515 5087 aliud
1541 5034 1808 5090 invenitur
1837 5053 1852 5092 :

257 5118 518 5174 videlicet
545 5129 604 5174 ut
630 5120 778 5176 dicas
817 5122 918 5177 hoc
945 5123 1269 5178 connubium
1312 5133 1455 5180 stare
1491 5140 1590 5195 pro
1629 5127 1854 5195 foribus,

257 5221 320 5266 ut
359 5211 426 5266 ad
451 5212 780 5283 voluptatem
821 5215 1129 5271 coeuntium
1164 5215 1365 5270 nullam
1404 5217 1751 5274 obscenitatis
1778 5218 1856 5274 fa-

259 5320 406 5359 mam
449 5308 722 5380 permittat
759 5309 984 5377 irruere,
1033 5310 1130 5364 sed
1179 5325 1280 5366 suo
1322 5311 1474 5366 titulo
1523 5312 1599 5367 illi
1642 5316 1858 5386 negotio

264 5398 605 5456 honestatem
650 5401 885 5458 vindicet
922 5412 975 5457 et
1017 5403 1295 5473 pudorem.
1341 5404 1471 5461 Sine
1518 5421 1679 5463 causa
1727 5424 1858 5480 ergo

266 5490 520 5547 connubii
553 5491 712 5548 Iidem
757 5493 980 5550 subdola
1015 5509 1362 5566 corrumpere
1399 5497 1556 5554 laude
1594 5499 1853 5557 voluisti:

329 5653 348 5682 ι
383 5651 545 5702 Codex
567 5659 692 5704 Port.
713 5688 728 5713 ,
751 5653 796 5706 si
814 5665 910 5705 non
930 5651 1268 5706 miserabiliter
1283 5655 1543 5720 desiperes.

330 5713 352 5778 ξ
386 5718 516 5778 Mss,
541 5713 626 5764 uni
646 5715 802 5778 operi.
964 5775 974 5778 A

331 5773 354 5838 ξ
386 5775 461 5823 sic
478 5784 582 5826 Mss.
601 5773 720 5828 Editi
736 5790 873 5838 vero,
899 5775 1257 5830 subaltematio.

331 5835 354 5868 δ
377 5841 646 5899 Forte,per
668 5835 1619 5904 auctoris

1635 360 1840 420 LIBER
1875 359 2192 428 QUINTUS.

1972 483 2101 574 nulli
2143 492 2226 540 est
2263 486 2524 560 infestius,
2571 495 2910 566 quamtibi‘.
2939 496 3048 555 Vos
3087 501 3306 559 omnino
3335 514 3555 574 protur-

1970 573 2115 643 bat',
2147 593 2248 634 nec
2283 581 2349 636 ad
2394 584 2771 644 lacerationem
2803 593 3197 650 commixtionis
3233 573 3412 653 tutela)
3441 613 3557 656 suas

1969 668 2228 760 creditae,
2280 673 2690 736 Manichaeorum
2734 682 2941 755 linguas
2993 687 3250 756 permittit
3295 689 3552 760 irrepere.

1969 759 2197 830 Habent,
2232 765 2421 837 inquit,
2453 785 2550 825 suo
2577 772 2825 842 dogmate
2849 775 3008 847 digna
3037 780 3327 850 meritoria,
3358 759 3420 836 in,
3438 783 3557 854 qui-

1967 855 2068 911 bus
2108 861 2383 914 nocturnis
2429 861 2576 917 horis
2617 867 2972 936 expleantur:
3001 869 3144 926 illam
3193 873 3557 929 verecundan-

1969 948 2100 1004 tium
2131 951 2490 1021 voluptatem’
2528 959 2778 1015 connubii
2820 970 3034 1017 tuentur
3075 966 3332 1032 excubiae,
3364 982 3557 1023 arcen-

1967 1051 2054 1098 tur
2076 1044 2324 1114 crimina,
2367 1056 2420 1102 et
2446 1047 2619 1105 honor
2641 1051 2935 1108 honestatis
2964 1055 3261 1113 admittitur
3287 1077 3301 1114 :
3334 1059 3554 1129 privile-

1965 1134 2050 1205 gia
2078 1136 2180 1191 sibi
2206 1138 2272 1192 ab
2301 1138 2557 1208 Apostolo
2578 1157 2835 1199 concessa
2856 1144 3183 1203 defendunt"
3210 1149 3556 1208 honorabiles

1965 1231 2179 1298 nuptias
2223 1239 2276 1285 et
2316 1232 2500 1288 thoros
2543 1235 2946 1304 immaculatos;
2997 1239 3346 1299 fornicatores
3375 1256 3551 1300 autem

1965 1334 2020 1381 et
2044 1326 2314 1385 adulteros
2346 1327 2607 1396 iudicabit
2650 1333 2790 1388 Deus
2820 1333 3005 1404 (Hebr.
3047 1352 3160 1404 xm,
3205 1337 3282 1409 4).
3326 1338 3428 1395 Ubi
3472 1350 3554 1397 est

1964 1433 2092 1488 ergo
2123 1420 2412 1475 criminosa
2451 1423 2780 1492 commixtio,
2822 1427 2866 1480 si
2893 1428 3104 1496 negotio
3130 1429 3246 1500 ejus
3281 1441 3440 1501 atque
3469 1447 3555 1488 se-

1963 1519 2111 1564 creto
2132 1512 2419 1567 auctoritas
2445 1515 2716 1583 connubii,
2741 1517 2881 1586 quod
2905 1518 3182 1587 laudabas,
3210 1521 3556 1591 obsequitur?

2033 1601 2169 1658 Ave.
2212 1602 2288 1657 Tu
2314 1605 2550 1674 quidem,
2581 1615 2639 1661 ut
2676 1623 2741 1662 ex
2772 1608 3030 1665 fructibus
3057 1612 3167 1667 suis
3194 1615 3442 1684 cognosci
3470 1631 3556 1671 ar-

1961 1691 2148 1749 borem
2169 1693 2394 1762 diceres,
2422 1713 2528 1751 non
2558 1707 2761 1753 natura:
2790 1699 2894 1754 hoc
2919 1703 3282 1772 evangelicum
3314 1706 3554 1761 testimo-

1963 1783 2130 1853 nium,
2162 1785 2256 1840 sed
2301 1787 2498 1856 nuptiis
2537 1789 2798 1858 proiicere
2823 1792 3058 1850 voluisti.
3085 1793 3219 1849 Nam
3261 1804 3348 1850 tua
3389 1798 3554 1854 verba

1961 1873 2061 1929 ista
2091 1886 2214 1931 sunt
2243 1895 2256 1930 :
2295 1895 2314 1929 ι
2345 1879 2400 1932 Si
2423 1894 2552 1950 ergo
2575 1880 2821 1948 trahitur,
2850 1901 2869 1935 ι
2902 1885 3099 1955 inquis,
3133 1905 3154 1939 ι
3181 1895 3235 1942 et
3261 1887 3329 1943 de
3354 1889 3554 1959 nuptiis

1961 1966 2222 2038 originale
2268 1971 2490 2038 malum,
2537 1987 2696 2028 causa
2728 1975 2850 2030 mali
2896 1986 2978 2031 est
3021 1981 3308 2036 conventio
3338 1984 3550 2053 nuptia-

1961 2073 2101 2128 rum,
2130 2070 2184 2116 et
2217 2077 2441 2119 necesse
2483 2073 2567 2120 est
2597 2067 2792 2121 malum
2826 2083 2946 2125 esse
2973 2086 3067 2140 per
3094 2073 3238 2144 quod
3265 2084 3317 2129 et
3345 2090 3414 2130 ex
3445 2091 3553 2146 quo

1960 2153 2134 2208 malus
2161 2153 2364 2210 fructus
2403 2161 2666 2228 apparuit,
2698 2159 2905 2217 dicente
2935 2155 3158 2220 anino
3203 2166 3256 2220 in
3305 2167 3551 2240 Evange-

1960 2243 2051 2309 Iio,
2083 2243 2186 2302 Ἐκ
2225 2246 2471 2316 fructibus
2506 2251 2610 2304 suis
2639 2251 2790 2306 arbor
2829 2256 3138 2324 agnoscitur.
3191 2257 3489 2324 Quomodo,
3525 2279 3545 2312 ι

1959 2337 2155 2409 inquis,
2191 2357 2210 2390 ι
2244 2349 2300 2394 ιιι
2338 2342 2634 2399 audiendus
2665 2347 2887 2414 putaris,
2918 2348 3007 2417 qui
3033 2347 3166 2403 dicis
3192 2350 3389 2406 bonum
3433 2367 3554 2408 esse

1959 2431 2288 2502 conjugium,
2334 2433 2402 2489 de
2427 2451 2533 2505 quo
2561 2437 2693 2491 nihil
2739 2439 2882 2494 aliud
2910 2456 3069 2510 quam
3109 2442 3306 2497 malum
3339 2444 3557 2514 prodire

1960 2521 2196 2578 definis?
2222 2524 2442 2580 Constat
2463 2526 2638 2598 igitur,
2679 2547 2698 2582 ι
2729 2529 2926 2602 inquis,
2963 2549 2983 2583 ι
3012 2548 3104 2588 rea
3125 2548 3246 2589 esse
3284 2535 3551 2605 conjugia,

1959 2613 2004 2668 si
2035 2623 2313 2684 peccatum
2350 2615 2475 2674 inde
2502 2619 2762 2690 originale
2788 2621 3089 2692 deducitur,
3137 2641 3243 2680 nec
3277 2642 3435 2696 posse
3460 2628 3556 2684 de-

1961 2705 2124 2775 fendi,
2153 2708 2256 2764 nisi
2303 2705 2507 2766 fruetus
2545 2727 2734 2767 eorum
2776 2714 3034 2770 innocens
3070 2718 3394 2787 approbetur
3421 2737 3434 2774 :
3461 2719 3556 2775 de-

1959 2799 2248 2872 fenduntur
2264 2812 2462 2869 autem,
2492 2813 2548 2859 et
2571 2805 2710 2861 bona
2738 2809 3151 2879 pronuntiantur
3180 2828 3194 2866 :
3229 2810 3431 2869 fruetus
3452 2813 3554 2884 igi-

1961 2898 2047 2944 tur
2086 2893 2413 2961 approbatur
2447 2894 2727 2952 innocuus.
2763 2915 2784 2949 ι
2839 2897 3042 2970 Nempe
3088 2899 3171 2955 his
3228 2901 3408 2956 verbis
3449 2903 3556 2957 tuis

1959 2983 2089 3039 satis
2115 2984 2320 3060 clarum
2351 2995 2452 3054 est,
2492 2988 2740 3044 arborem
2765 2998 2820 3045 te
2844 2990 3065 3062 intelligi
3104 2993 3334 3048 voluisse
3363 2993 3556 3064 conju-

1958 3074 2126 3144 gium,
2156 3085 2210 3132 et
2234 3075 2435 3132 fructus
2459 3079 2666 3135 arboris
2687 3095 2782 3136 eos
2801 3079 2940 3136 fetus
2964 3082 3055 3152 qui
3091 3083 3373 3154 conjugum
3403 3100 3555 3140 com-

1959 3169 2218 3225 mixtione
2271 3183 2582 3228 nascuntur.
2633 3172 2741 3228 Sed
2788 3176 2911 3244 quia
2960 3175 3086 3230 hinc
3131 3177 3340 3232 ratione
3388 3178 3560 3232 mani-

1959 3262 2246 3319 festissima
2272 3267 2523 3323 exclusus
2548 3282 2628 3335 es,
2678 3277 2732 3323 et
2760 3284 2825 3324 ex
2860 3268 3115 3325 adulteris
3140 3271 3282 3326 enim
3317 3271 3449 3326 tales
3476 3271 3557 3328 fe-

1961 3366 2046 3413 tus
2075 3358 2322 3415 oriuntur
2350 3378 2365 3414 :
2393 3360 2459 3415 ad
2488 3371 2730 3415 naturam
2765 3362 2961 3431 putasti
2990 3377 3110 3418 esse
3141 3361 3477 3434 fugiendum,
3503 3364 3559 3420 in

1959 3437 2116 3522 cujus
2138 3453 2418 3508 altitudine
2439 3454 2679 3508 latitares
2703 3471 2717 3520 ;
2737 3454 2804 3508 de
2825 3469 2929 3524 qua
2960 3469 3068 3510 non
3098 3455 3315 3524 agebas,
3344 3455 3557 3526 quando

1960 3553 2179 3614 propter
2214 3544 2465 3599 connubii
2493 3545 2690 3599 bonum
2719 3543 3030 3615 fructusque
3059 3545 3175 3615 ejus
3205 3547 3376 3601 bonos
3402 3545 3558 3601 simi-

1961 3637 2241 3692 litudinem
2283 3636 2489 3692 arboris
2519 3636 2842 3707 evangelica:
2888 3653 3063 3693 caecus
3101 3637 3415 3693 adhibebas.
3452 3639 3558 3694 De-

1961 3726 2121 3783 fende
2164 3743 2292 3799 ergo
2333 3737 2580 3782 naturam
2608 3737 2794 3782 contra
2832 3728 3092 3799 originale
3121 3737 3401 3797 peccatum
3426 3745 3441 3782 :
3465 3745 3557 3786 re-

1962 3821 2145 3890 linque
2167 3819 2434 3891 conjugia,
2464 3819 2635 3890 ipsam
2664 3819 2753 3874 dic
2779 3819 2974 3874 bonam
3001 3819 3269 3887 arborem,
3290 3820 3412 3890 quia
3440 3821 3560 3877 sive

1961 3911 2030 3966 de
2060 3910 2344 3981 conjugiis,
2373 3910 2485 3966 sive
2515 3909 2583 3966 de
2603 3909 2901 3978 adulteriis,
2935 3911 3047 3981 ipsa
3077 3911 3243 3981 gignit
3272 3911 3555 3980 homines;

1961 4019 2099 4075 quos
2136 4003 2256 4060 ideo
2293 4003 2428 4059 dicis
2454 4003 2657 4060 fructus
2691 4004 2862 4061 bonos
2905 4005 3112 4060 arboris
3139 4004 3314 4073 bonae,
3346 4021 3417 4062 ne
3454 4005 3558 4060 ali-

1961 4114 2121 4169 quem
2163 4107 2366 4153 reatum
2408 4114 2472 4154 ex
2513 4098 2715 4168 origine
2743 4097 3029 4168 depravata
3063 4098 3354 4154 credantur
3395 4115 3559 4170 gene-

1961 4193 2168 4248 ratione
2203 4193 2449 4259 traxisse,
2488 4193 2891 4263 regeneratione
2924 4192 3273 4260 solvendum;
3304 4209 3371 4249 ne
3411 4193 3556 4249 indi-

1961 4295 2121 4356 geant
2161 4286 2442 4352 salvatore,
2477 4300 2546 4340 ne
2579 4285 2634 4339 in
2662 4285 3013 4340 remissione5
3054 4297 3392 4356 peccatorum
3435 4286 3558 4344 fuso

1961 4378 2220 4448 sanguine
2248 4375 2598 4430 redimantur.
2633 4376 2744 4446 Age
2784 4375 2883 4430 ista
2925 4383 2983 4430 ut
3009 4376 3351 4432 detestandus
3378 4377 3556 4434 haere-

1961 4470 2099 4522 ticus
2127 4486 2141 4522 :
2172 4467 2334 4537 imple
2356 4465 2660 4536 paradisum
2695 4465 2810 4533 Dei,
2832 4467 3039 4522 etiamsi
3072 4484 3229 4524 nemo
3255 4479 3551 4542 peccasset,

1963 4560 2270 4616 libidinibus
2299 4559 2813 4628 concupiscentium,
2857 4559 3238 4614 certaminibus
3273 4569 3458 4615 contra
3491 4561 3558 4615 li-

1961 4653 2169 4708 bidines
2206 4649 2598 4715 dimicantium,
2643 4649 2918 4704 doloribus
2948 4651 3380 4719 parturientium,
3416 4652 3556 4706 ﬂeti-

1962 4745 2062 4799 bus
2087 4742 2428 4814 vagientium,
2475 4741 2678 4798 morbis
2703 4741 3093 4813 languentium,
3123 4743 3400 4799 funeribus
3436 4759 3557 4800 mo-

1962 4836 2237 4902 rientium,
2265 4849 2498 4891 maerore
2529 4835 2844 4904 lugentium.
2875 4835 2967 4892 Sic
2991 4851 3110 4906 age,
3144 4835 3248 4892 hoc
3275 4846 3327 4892 te
3355 4837 3552 4898 decet;
3636 4823 3640 4828 ”

1964 4929 2099 4984 tales
2143 4929 2304 4995 enim,
2354 4942 2408 4984 te
2455 4935 2695 4996 auctore,
2737 4929 3131 4999 subsequuntur
3172 4944 3344 4999 paenae
3382 4930 3554 4986 bonos

1962 5023 2164 5080 fructus
2217 5022 2426 5079 arboris
2470 5023 2644 5090 bonzc,
2683 5032 2739 5078 et
2787 5023 3060 5078 insinuant
3104 5022 3408 5092 paradisum
3459 5023 3553 5078 de-

1963 5116 2227 5182 liciarum,
2276 5115 2371 5170 sed
2399 5115 2826 5186 Pelagianorum.
2860 5113 2997 5181 Quin
3028 5114 3189 5169 etiam
3236 5129 3408 5169 meam
3440 5114 3566 5169 dis~

1961 5208 2294 5279 putationem
2339 5205 2648 5261 dialecticus
2691 5214 2876 5260 acutus
2904 5205 3115 5269 irrides,
3149 5205 3355 5270 dicens,
3389 5221 3549 5261 unam

1963 5298 2314 5368 eamdemque
2359 5313 2494 5365 rem,
2537 5307 2778 5352 naturam
2809 5295 3055 5352 videlicet
3098 5295 3410 5363 humanam,
3444 5312 3552 5352 ma-

2027 5413 2344 5484 *__vignierius
2388 5419 2566 5484 et__Ms.
2590 5412 2732 5484 Clark,
2767 5409 2894 5484 nulli
2926 5423 2979 5484 es
3013 5407 3228 5472 in/iestus,
3257 5408 3552 5484 ᾳρξῳηιτὶρξτ

1963 5469 2277 5537 Melius'forte
2297 5482 2380 5524 Ms.
2429 5480 2560 5537 Maia,
2585 5473 2707 5525 nulli
2717 5469 2795 5524 ἐει
2814 5470 3046 5537 infestius,
3065 5469 3216 5536 quam
3259 5469 3363 5521 tibi.
3409 5471 3552 5534 [nulli

1961 5552 2013 5589 es
2030 5536 2246 5601 infestus,
2263 5549 2417 5601 quam
2427 5535 2551 5599 tibi.]

2025 5602 2046 5631 ³
2079 5594 2212 5662 suae,
2233 5594 2498 5662 perturbat.
2523 5594 2685 5661 Aptius
2708 5607 2788 5650 Ms.
2823 5597 2964 5658 Clar.,
2987 5594 3253 5662 proturbat.

2027 5663 2048 5694 ³
2071 5657 2207 5722 Editi,
2224 5657 2530 5722 uoluntatem.
2541 5657 2679 5722 Δῡιιιιε
2699 5667 2780 5710 Ms.
2805 5657 3270 5722 Port.,

2193 5719 2364 5784 ’Port.,
2696 5722 2786 5773 sibi
2832 5723 2892 5773 ab
2934 5719 3150 5785 apostolo
3197 5731 3421 5773 concesso
3461 5721 3549 5777 de-

1965 5784 2248 5909 feﬁdttgorte,
2270 5845 2321 5898 in
2344 5845 2687 5900 remissionem.
