4070 6490
508 427 532 482 ί
556 424 646 482 139

505 540 625 609 guis
656 536 913 594 extulisse
936 549 1029 591 me
1053 532 1329 596 laudibus,
1360 531 1455 585 sed
1487 528 1780 598 majoribus
1802 526 2102 581 maculasse

511 628 845 685 criminibus.
898 625 1011 696 Ego
1048 638 1176 680 vero
1203 636 1310 678 non
1340 619 1685 677 Aristotelem
1727 617 1811 673 vel
1842 616 2104 689 Chrysip-

511 736 660 790 pum,
702 719 871 775 multo
918 718 1093 773 minus
1121 730 1316 771 vanum
1349 729 1473 771 cum
1513 727 1608 769 sua
1656 709 1974 782 loquacitate
2005 707 2103 764 Ju-

507 812 732 878 lianutn,
777 809 1087 880 magistrum
1128 807 1365 863 delector
1396 805 1627 868 habere;
1672 802 1767 859 sed
1807 799 2102 865 Christum,

440 940 450 957 .
509 904 600 975 qui
629 902 868 975 profecto
898 902 997 958 nisi
1035 909 1220 956 natura
1267 900 1497 955 humana
1537 913 1786 970 magnum
1832 904 1976 952 esset
2002 895 2104 951 bo-

440 1004 453 1069 ζ
510 1010 659 1058 num,
690 1008 794 1048 non
827 1008 925 1062 pro
959 992 1044 1047 illa
1074 991 1237 1047 homo
1268 991 1439 1056 ﬁeret,
1463 1005 1584 1045 cum
1619 990 1761 1045 Deus
1796 997 1977 1053 esset;
2005 986 2107 1043 nisi

449 1078 454 1152 ί
509 1100 706 1153 magno
750 1084 954 1153 peccati
983 1082 1124 1136 malo
1153 1090 1361 1137 mortua
1400 1088 1567 1147 esset,
1593 1096 1705 1135 non
1747 1094 1847 1150 pro
1874 1078 1966 1133 illa
1992 1091 2110 1134 mo-

508 1186 883 1242 reretur,cum
914 1176 1030 1230 sine
1055 1183 1275 1244 peccato
1313 1175 1426 1244 ipse
1456 1173 1689 1228 venisset
1720 1180 1775 1227 et
1801 1170 2106 1227 mansisset.

510 1264 719 1322 Rursus
765 1276 965 1332 tamen,
1010 1267 1160 1335 quasi
1200 1281 1305 1321 non
1338 1266 1430 1320 tibi
1481 1276 1670 1320 natura
1710 1263 1942 1318 humana
1991 1262 2107 1318 sul-

512 1357 677 1426 ﬁciat,
726 1375 847 1431 qua:
898 1356 1017 1413 talis
1052 1358 1121 1416 de
1155 1359 1436 1424 adulteris,
1478 1358 1650 1429 qualis
1688 1358 1757 1413 de
1795 1357 2112 1428 conjugibus

511 1451 770 1516 nascitur,
814 1448 884 1506 de
932 1451 1168 1507 bonitate
1210 1466 1306 1504 nos
1358 1460 1511 1520 putas
1553 1448 1821 1520 urgendus
1858 1463 1979 1504 esse
2008 1465 2109 1503 nu-

512 1540 764 1610 ptiarum,
797 1555 1045 1611 quaerens
1072 1540 1197 1611 quid
1243 1550 1403 1611 agant
1433 1542 1484 1594 in
1532 1540 1695 1596 rebus
1743 1540 2012 1606 humanis,
2064 1540 2111 1594 si

513 1646 691 1700 neque
735 1631 935 1686 malum
975 1631 1105 1703 ipsis
1148 1630 1517 1702 imputandum
1567 1639 1672 1697 est,
1724 1630 1867 1701 quod
1899 1646 2002 1686 non
2044 1630 2113 1687 de

515 1721 645 1789 illis,
690 1723 782 1779 sed
825 1723 894 1779 de
929 1722 1112 1779 vitiata
1160 1740 1252 1794 per
1282 1733 1558 1795 peceatum
1600 1723 1806 1794 origine
1849 1723 2109 1789 trahitur;

515 1830 692 1884 neque
719 1815 940 1879 bonum,
969 1817 1091 1887 quia
1140 1816 1301 1872 homo
1345 1816 1506 1873 etiam
1534 1815 1604 1873 de
1651 1816 1911 1872 adulteris
1940 1816 2115 1873 nasci—

517 1916 622 1961 tur.
660 1907 729 1962 Et
753 1908 875 1979 quia
898 1908 1233 1965 honestatem
1263 1910 1517 1965 connubii
1546 1925 1575 1965 a
1598 1910 1919 1966 concubitus
1947 1911 2111 1966 illiciti

518 1999 849 2071 turpitudine
873 2003 1170 2058 invenimus
1200 2017 1319 2060 esse
1349 2005 1656 2071 discretam,
1688 2006 1813 2060 hinc
1840 2005 2115 2061 existimas
2178 1998 2181 2001 ’

516 2090 729 2159 conﬁci,
763 2090 964 2147 nullum
990 2094 1267 2165 originale
1311 2095 1510 2151 malum
1557 2095 1698 2152 trahi
1736 2096 1805 2152 de
1845 2096 2114 2169 conjugali

517 2182 834 2253 concubitu;
882 2201 991 2242 non
1052 2188 1282 2255 intuens,
1339 2189 1483 2260 quod
1529 2189 1577 2245 si
1615 2190 1868 2246 eommbii
1917 2191 2115 2246 bonum

518 2288 681 2333 causa
705 2287 843 2333 esset
897 2285 964 2333 ne
1002 2279 1201 2335 malum
1245 2282 1540 2349 traherent,
1586 2282 1677 2353 qui
1705 2281 1773 2337 de
1798 2283 2115 2353 coniugibus

518 2381 868 2427 nascerentur
894 2391 909 2437 ;
944 2376 1184 2442 profecto
1203 2374 1451 2430 adulterii
1479 2375 1674 2430 malum
1702 2390 1865 2431 causa
1888 2385 2033 2431 esset
2059 2386 2118 2431 ut

518 2463 721 2518 malum
757 2462 1052 2533 traherent,
1091 2466 1182 2536 qui
1212 2465 1281 2521 de
1324 2466 1581 2523 adulteris
1612 2475 1980 2524 nascerentur.
2014 2467 2119 2523 Ha-

519 2552 650 2610 bent
674 2554 836 2627 igitur
863 2557 915 2612 in
954 2557 1120 2615 rebus
1146 2558 1395 2614 humanis
1427 2556 1712 2615 honestum
1753 2560 1929 2616 locum
1960 2576 2116 2617 suum

520 2647 743 2718 nuptiae,
786 2664 891 2704 non
926 2658 985 2704 ut
1024 2649 1271 2707 homines
1319 2662 1630 2720 nascantur,
1677 2652 1767 2723 qui
1813 2653 1914 2710 etsi
1970 2653 2118 2709 nulla

521 2739 825 2809 nuptiarum
858 2741 999 2814 lege,
1029 2744 1261 2803 naturali
1307 2760 1403 2800 usu
1444 2745 1643 2815 passim
1686 2760 1856 2801 sexus
1896 2756 2121 2817 uterque

498 2827 933 2903 concumberet,
967 2837 1153 2907 utique
1191 2849 1571 2906 nascerentur;
1623 2838 1720 2895 sed
1767 2848 1830 2895 ut
1873 2839 2118 2896 ordinata

520 2927 905 2998 propagatione
958 2937 1286 2996 nascantur;
1344 2942 1399 2987 et
1444 2931 1901 3003 quemadmodum
1966 2941 2121 3002 partu

522 3027 684 3073 certte
722 3028 846 3074 sunt
874 3032 1095 3087 matres,
1125 3021 1196 3079 ita
1244 3021 1349 3078 ﬁde
1375 3021 1608 3095 coniugii
1651 3023 1950 3079 habeantur
1986 3024 2120 3080 certi

516 3116 577 3162 et
602 3116 783 3178 patres
814 3128 827 3164 :
861 3118 916 3165 et
948 3126 1020 3167 ne
1044 3119 1132 3169 tua
1160 3111 1406 3183 pudenda
1436 3123 1684 3184 suscepta
1725 3129 1821 3184 per
1858 3114 2124 3185 quaslibet

521 3197 749 3258 feminas
782 3211 928 3257 tanto
956 3205 1184 3275 turpius,
1224 3214 1424 3275 quanto
1466 3206 1685 3263 liberius
1711 3216 1985 3278 evagetur.
2014 3207 2123 3264 Sed

525 3309 633 3348 non
675 3296 797 3365 quia
839 3294 910 3353 de
954 3297 1154 3369 nuptiis
1194 3309 1345 3355 certo
1383 3300 1629 3371 genitore
1668 3299 1832 3357 homo
1861 3302 2120 3370 nascitur,

524 3385 649 3442 ideo
670 3402 777 3443 non
805 3387 1008 3460 indiget
1034 3391 1301 3447 salvatore
1338 3408 1434 3463 per
1460 3408 1620 3464 quem
1647 3405 1981 3462 renascatur,
2007 3403 2068 3451 ut
2092 3412 2122 3451 a

523 3477 669 3535 malo
702 3482 860 3536 cum‘
890 3497 997 3554 quo
1037 3484 1299 3550 nascitur,
1338 3486 1612 3543 liberetur.
1653 3486 1771 3543 Non
1809 3498 1892 3543 est
1932 3488 2116 3559 itaque

525 3568 579 3626 in
599 3572 901 3641 connubiis,
943 3583 1001 3629 ut
1040 3590 1140 3630 nos
1183 3575 1364 3632 dicere
1418 3578 1788 3646 calumniaris,
1836 3579 2120 3634 criminosa

524 3664 873 3722 commixtio:
901 3665 997 3723 sed
1049 3667 1168 3724 ideo
1204 3668 1470 3726 laudanda
1512 3679 1596 3726 est
1632 3670 1920 3742 coniugum
1963 3673 2123 3726 casti-

525 3760 629 3821 tas,
669 3756 792 3826 quia
831 3756 945 3812 sola
971 3767 1152 3830 potest
1184 3759 1326 3817 bene
1368 3761 1446 3818 uti
1475 3762 1639 3826 malo,
1677 3762 1820 3833 quod
1858 3773 1914 3819 tu
1942 3761 2123 3818 defor.

526 3846 684 3904 miter
709 3847 913 3904 laudas.

474 4014 481 4017 _
596 3928 788 3992 XXlV.
828 3938 948 3996 Jun.
991 3940 1084 3996 His
1105 3941 1264 4012 igitur
1282 3943 1540 4000 absolutis
1559 3944 1645 4001 vel
1675 3943 1915 4001 breviter
1939 3954 2122 4002 osten-

528 4024 672 4095 dam,
692 4045 851 4099 quam
875 4032 1062 4103 jaceas
1089 4034 1142 4088 in
1169 4033 1438 4105 profundo
1468 4034 1803 4107 ignorantiae,
1822 4036 1913 4107 qui
1942 4037 2124 4094 hacte-

528 4130 627 4175 nus
664 4116 1047 4179 subtilissimus
1092 4135 1147 4179 et
1182 4125 1524 4181 acutissimus
1555 4125 1841 4182 habebarc.
1893 4127 2035 4183 Dicis
2073 4136 2124 4184 te

527 4219 733 4267 natura:
762 4206 1069 4271 adscribere
1092 4217 1319 4285 crimen,
1361 4216 1505 4289 quod
1534 4219 1723 4274 transit
1764 4219 1815 4273 in
1860 4220 2121 4285 sobolem,

529 4320 638 4361 non
681 4312 861 4363 tamen
907 4308 959 4364 in
1007 4310 1444 4380 nuptiis’:sicut
1482 4327 1513 4366 e
1556 4312 1805 4382 regione,
1849 4312 2124 4368 hominum

528 4410 735 4457 natura!
778 4401 1034 4472 applicas,
1068 4418 1175 4458 non
1213 4402 1434 4475 ﬂagitio:
1469 4405 1536 4461 Et
1579 4404 1699 4460 ideo
1726 4404 1879 4476 ﬁngis
1925 4416 1976 4463 te
2004 4407 2125 4478 qui-

528 4490 652 4550 dem
702 4493 917 4551 laudare
964 4495 1311 4564 connubium,
1365 4512 1433 4553 ne
1473 4506 1657 4568 aperte
1706 4498 2126 4569 deprehenderis

527 4578 888 4651 Manichmus;
937 4586 1033 4643 sed
1080 4588 1353 4658 vituperas
1400 4596 1667 4663 naturam,
1707 4590 1792 4653 cui
1830 4598 1883 4645 et
1926 4590 2125 4645 malum

528 4674 728 4741 inesse,
759 4686 809 4731 et
840 4676 908 4732 de
940 4692 1042 4748 qua
1068 4678 1347 4749 prepagari
1374 4680 1570 4735 malum
1600 4680 1801 4737 fateris.
1846 4680 2124 4753 Nunquam

530 4764 694 4835 igitur
721 4767 904 4822 audire
945 4768 1161 4838 potuisti
1186 4768 1561 4839 disputationis
1602 4773 1812 4842 regulas
1853 4782 1908 4828 et
1948 4773 2125 4827 sanis-

527 4855 679 4911 simaa
703 4857 990 4914 constituta
1031 4860 1297 4916 rationis?
1327 4860 1383 4916 ln
1409 4865 1660 4922 omnibus
1689 4866 1829 4919 enim
1860 4865 2126 4937 praedica-

527 4949 725 5004 mentis
748 4948 867 5017 plus
890 4951 1285 5020 amplectuntur
1307 4970 1526 5026 genera,
1553 4971 1712 5026 quam
1736 4957 1976 5027 species;
2005 4956 2127 5011 inde

527 5048 710 5097 autem
756 5043 914 5098 etiam
966 5045 1098 5101 ﬁunt
1150 5064 1346 5119 genera
1385 5051 1689 5106 subalterna
1734 5052 1899 5118 :plus
1947 5060 2126 5107 autem

466 5128 473 5135 ’
530 5136 761 5209 species,
788 5152 947 5210 quam
979 5140 1180 5208 atomi;
1212 5152 1444 5213 suntque
1469 5158 1665 5214 genera
1692 5143 1888 5211 quibus
1918 5145 2128 5214 species

528 5227 891 5297 continentur,
936 5233 1145 5303 species
1184 5241 1360 5288 autem
1406 5234 1667 5305 speciales
1694 5234 1888 5305 quibus
1926 5235 2124 5291 indivi-

530 5319 635 5377 dua
680 5322 1088 5379 concluduntur.
1129 5322 1393 5379 Minorum
1442 5340 1570 5398 ergo
1617 5328 1909 5397 quassatio,
1960 5342 2128 5399 supe-

530 5412 673 5469 riora
708 5426 818 5471 non
844 5414 1049 5485 quatit;
1091 5414 1367 5486 superiora
1390 5431 1519 5472 vero
1545 5418 1757 5475 casibus
1782 5420 1894 5475 suis
1922 5422 2124 5489 omnia,

530 5523 653 5579 qua:
687 5506 1202 5579 complectebantur,
1241 5509 1537 5566 involvunt.
1588 5511 1746 5567 Verbi
1771 5512 1960 5584 gratia,
2005 5513 2125 5567 ani-
2182 5518 2191 5525 '

527 5694 629 5800 Me’
650 5687 1085 5814 Μ
1094 5688 1225 5742 male
1244 5702 1340 5756 quo
1357 5689 1594 5755 manu;
1615 5690 1900 5755 addidimus,
1912 5704 2043 5752 cum,
2062 5704 2129 5743 ex

598 5812 627 5885 ἶ
651 5811 816 5885 99d”
838 5811 990 5885 Ρόνὲιῑ
1025 5826 1121 5864 ηοη
1151 5819 1311 5867 me“
1351 5812 1406 5867 ίη
1425 5814 1636 5881 nptias.
1674 5822 1816 5868 Forte
1837 5814 2127 5881 legendum,

535 5882 632 5923 non
653 5876 813 5924 τωπεη

1182 416 1427 477 OPERIS
1462 414 1876 472 iMPERFECTl
1916 412 2192 468 CONTRA
2227 410 2586 473 JULIANUM.
2728 411 3098 473 AUGUSTlNl

3673 406 3808 464 N60

2211 525 2320 579 mal
2345 539 2513 594 genus
2545 534 2628 580 est
2656 542 2669 578 :
2700 524 2794 580 sed
2825 510 3102 581 latitudine
3130 539 3241 579 sua:
3281 524 3693 596 signiﬁcationis
3721 520 3808 582 di-

2210 631 2396 672 versas
2437 618 2644 688 species
2682 618 3109 689 comprehendit,
3140 617 3342 674 scilicet
3367 617 3627 686 hominis,
3662 619 3805 690 equi,

2212 708 2387 774 bovis,
2428 718 2532 765 etc.
2563 707 2619 765 Si
2648 724 2775 780 ergo
2816 718 3002 781 pereat
3050 725 3151 765 una
3192 709 3423 780 species,
3467 724 3642 781 genus
3684 709 3807 765 illud

2214 817 2321 856 non
2352 802 2515 857 sentit
2540 800 2759 856 exitium
2790 818 2806 856 :
2835 799 2919 858 fac
2944 802 3085 857 enim
3113 812 3173 857 ut
3212 801 3279 857 de
3305 801 3487 867 rebus,
3516 801 3680 856 boum
3718 815 3810 855 na-

2214 904 2333 950 tura
2363 893 2611 961 deﬁciat;
2639 908 2807 964 genus
2846 893 3096 949 nimirum
3139 896 3517 964 interemptum
3559 908 3665 947 non
3709 901 3807 960 est,

2215 986 2440 1042 aliorum
2473 985 2781 1042 animalium
2806 995 3154 1057 permanente
3192 994 3398 1041 natura.
3431 985 3496 1040 At
3525 993 3740 1052 contra,
3766 987 3811 1039 si

2216 1078 2320 1133 hoc
2361 1077 2504 1150 quod
2554 1088 2637 1133 est
2683 1077 2903 1145 animal,
2953 1076 3224 1134 auferatur
3266 1077 3335 1134 de
3380 1077 3577 1143 rebus;
3626 1090 3812 1133 omnes

2216 1168 2334 1224 sine
2358 1169 2520 1224 dubio
2544 1169 2776 1240 species,
2806 1184 2926 1240 qua:
2972 1168 3076 1225 hoc
3099 1184 3299 1239 genere
3327 1162 3809 1235 concluckbantur,

2218 1262 2525 1318 intereunt:
2552 1262 2695 1319 nulla
2736 1262 2880 1319 enim
2917 1262 3220 1319 remanebit
3256 1263 3465 1333 species
3499 1260 3809 1329 animantis,

2218 1355 2435 1411 animali
2475 1358 2684 1428 penitus
2713 1357 3052 1433 interempto.
3101 1356 3178 1412 Ea
3219 1371 3350 1428 ergo
3375 1371 3495 1428 quae
3539 1357 3813 1427 superiora

2220 1459 2367 1513 sunt,
2398 1459 2623 1505 eventus
2649 1464 2777 1506 suos
2796 1459 2956 1521 atque
2987 1449 3177 1505 merita
3202 1449 3504 1519 speciebus,
3535 1463 3674 1520 quas
3702 1464 3813 1503 am-

2220 1543 2545 1614 plectuntur,
2586 1543 2897 1613 impertiunt
2927 1560 2940 1596 :
2967 1557 3072 1597 non
3103 1552 3280 1598 tamen
3311 1541 3569 1605 recurrit,
3611 1550 3672 1595 ut
3697 1556 3813 1610 spe-

2176 1702 2181 1705 ,
2221 1636 2427 1693 cierum
2487 1650 2706 1691 suarum
2754 1634 2906 1707 quasi
2957 1633 3417 1690 necessitudinum
3466 1633 3829 1705 quarumdam,

2221 1727 2568 1782 varietatibus
2600 1735 2987 1797 permutentur.
3020 1726 3194 1796 thue
3212 1724 3285 1781 ad
3313 1741 3532 1781 caus~~m
3559 1724 3816 1781 referatur

2222 1819 2525 1889 exemplum
2570 1836 2583 1873 :
2629 1826 2830 1874 natura:
2875 1817 3121 1875 humana:
3156 1818 3482 1891 generalitas
3529 1818 3814 1875 institutio-

2222 1911 2386 1967 num‘
2417 1909 2550 1965 infra
2600 1926 2659 1968 se
2704 1910 2993 1965 locatorum
3040 1925 3211 1983 genus
3248 1909 3515 1982 quoddam
3564 1919 3681 1975 est;
3712 1911 3816 1965 haec

2221 2001 2371 2057 velut
2407 2000 2614 2073 species
2641 1992 2823 2069 habet,
2855 2001 2908 2057 in
2952 2004 3079 2067 situ,
3117 2003 3167 2058 in
3214 2000 3490 2068 membris,
3526 2000 3577 2054 in
3619 2000 3818 2055 ordini-

2223 2091 2345 2160 bus,
2389 2095 2441 2148 in
2472 2094 2727 2161 motibus,
2757 2094 2840 2150 vel
2869 2094 2987 2151 aliis
3033 2094 3085 2149 id
3129 2110 3316 2166 genus.
3345 2092 3668 2161 Qualitatem
3698 2107 3821 2162 ergo

2223 2201 2374 2243 suam
2394 2187 2643 2242 omnibus
2662 2186 2952 2259 suppositis
2980 2186 3262 2257 speciebus
3287 2185 3531 2256 impertit
3560 2202 3573 2238 :
3609 2200 3718 2240 non
3748 2194 3823 2238 ta-

2224 2295 2345 2334 men
2376 2279 2757 2335 obnoxiaretur
2794 2279 2936 2343 sui’,
2970 2289 3027 2332 ut
3069 2274 3333 2333 minorum
3365 2292 3392 2327 a
3433 2293 3491 2330 se
3519 2290 3702 2331 rerum
3735 2290 3823 2345 pe-

2224 2371 2407 2427 riculis
2442 2371 2750 2427 misceatur.
2784 2369 2842 2427 Si
2870 2387 3000 2442 ergo
3037 2380 3228 2426 natura
3253 2370 3610 2439 vituperetur,
3651 2379 3708 2426 et
3733 2369 3825 2423 ob-

2228 2465 2389 2520 noxia
2434 2463 2648 2519 diabolo
2702 2479 2901 2535 reaque
2944 2462 3217 2528 credatur,
3262 2462 3568 2532 conjugium
3616 2476 3824 2532 quoque

2226 2555 2377 2628 quod
2402 2556 2503 2612 sub
2548 2556 2635 2612 illa
2676 2565 2779 2621 est,
2818 2564 2873 2612 et
2917 2555 3233 2622 fecunditas,
3282 2562 3340 2611 et
3384 2553 3681 2609 substantia
3720 2561 3824 2608 tota

2227 2651 2595 2719 damnabitur.
2637 2651 2755 2708 Non
2804 2661 2981 2724 potest
3020 2665 3150 2722 ergo
3198 2650 3401 2705 laudari
3455 2649 3818 2717 connubium,

2226 2746 2369 2816 quod
2410 2744 2467 2801 ﬁt
2511 2746 2809 2802 secundum
2850 2755 3120 2813 naturam,
3165 2745 3211 2801 si
3252 2754 3447 2801 natura
3477 2745 3593 2815 ipsa
3648 2760 3825 2815 repre-

2227 2837 2499 2894 henditur.
2537 2838 2933 2895 Commoriatur
2974 2853 3196 2894 necesse
3236 2848 3319 2892 est
3360 2837 3526 2893 radici
3564 2852 3678 2893 sua!
3701 2852 3826 2907 ger-

2229 2931 2434 2987 minum
2484 2932 2813 2987 succisorum
2842 2943 3092 2987 venustas
3117 2950 3129 2985 :
3159 2941 3214 2987 et
3252 2940 3310 2985 ttt
3358 2948 3470 2986 rem
3512 2931 3677 3001 ipsam
3716 2931 3829 3001 pla-

2228 3025 2351 3080 nius
2393 3026 2640 3096 eloquar,
2679 3039 2784 3079 non
2816 3032 2994 3095 potest
3036 3024 3139 3079 dici
3171 3024 3373 3081 bonum
3422 3024 3694 3094 negotium
3734 3040 3830 3079 nu-

2230 3117 2481 3189 ptiarum,
2523 3117 2568 3171 si
2609 3115 2920 3171 commixtio
2962 3116 3223 3171 naturalis
3260 3115 3534 3187 arguitur;
3574 3114 3829 3187 quoniam

2230 3208 2372 3280 quod
2412 3207 2747 3278 depretiatur
2775 3208 2828 3263 in
2853 3224 3069 3281 genere,
3103 3209 3188 3265 eui
3230 3208 3629 3264 indivisibiliter
3657 3207 3832 3263 adluu-

2230 3308 2334 3367 ret,
2378 3299 2428 3353 in
2456 3298 2637 3368 specie
2678 3298 2863 3368 nequit
2906 3298 3178 3354 honorari.
3215 3299 3382 3354 Porro
3410 3313 3534 3353 cum
3565 3297 3709 3353 mala
3737 3314 3831 3352 vo-

2231 3391 2407 3447 luntas
2434 3391 2803 3447 instrumentis
2829 3390 3163 3447 naturalibus
3201 3391 3269 3447 ad
3296 3390 3495 3461 ﬂagitia
3534 3391 3731 3457 utitur,
3757 3391 3833 3444 vis

2231 3482 2322 3538 illa
2357 3483 2645 3554 voluptatis
2670 3490 2727 3539 et
2768 3482 3010 3550 seminis,
3043 3499 3163 3553 qua:
3192 3498 3467 3554 nunquam
3504 3497 3607 3553 pro
3633 3497 3832 3538 coeno.

2230 3576 2362 3631 tium
2390 3575 2663 3631 voluntate
2692 3576 2946 3643 variatur,
2989 3576 3190 3631 nullam
3225 3576 3425 3647 patitur
3460 3574 3712 3629 criminis
3751 3587 3834 3628 so-

2232 3669 2516 3733 cietatem;
2546 3667 2643 3724 sed
2680 3669 2957 3723 materiam
2986 3668 3097 3723 Deo
3125 3676 3345 3738 praestat
3379 3668 3649 3738 aperanti,
3680 3666 3831 3738 flagi-

2232 3761 2469 3833 tiumque
2495 3759 2847 3817 adulterantis
2866 3759 3206 3816 solummodo
3229 3762 3405 3832 arguit
3423 3760 3707 3829 meritum,
3729 3774 3831 3815 non

2230 3863 2458 3909 naturae.
2513 3851 2647 3909 Cum
2700 3854 2858 3925 igitur
2910 3853 2979 3909 de
3026 3842 3357 3908 naturalibus
3403 3851 3825 3923 disputaremus,

2230 3945 2557 4016 perobtunse
2614 3953 2860 4001 naturam
2907 3944 3203 4015 reprobans
3248 3943 3516 3999 connubia
3562 3941 3827 4005 laudasti;

2231 4052 2352 4092 eum
2393 4034 2796 4093 irrefutabiliter
2818 4045 3029 4092 constet
3065 4051 3235 4108 genus
3268 4035 3549 4106 speciebus
3574 4035 3691 4090 suis
3713 4048 3834 4104 par-

2236 4129 2480 4202 ticipare,
2515 4126 2772 4200 quidquid
2794 4130 3104 4200 exceperit:
3138 4137 3193 4183 et
3221 4128 3343 4184 ideo
3368 4137 3461 4183 aut
3490 4142 3640 4195 usus,
3674 4142 3830 4198 quem

2236 4223 2532 4279 naturalem
2575 4223 2867 4295 Apostolus
2901 4223 3050 4289 dicit,
3085 4221 3260 4279 bonus
3295 4223 3671 4295 legitimusque
3709 4237 3832 4278 ceu-

2234 4315 2459 4379 sebitur,
2505 4323 2560 4369 et
2596 4324 2754 4369 erunt
2796 4312 3021 4369 honesta
3065 4314 3336 4386 conjugia,
3375 4312 3691 4384 nullumque
3736 4312 3833 4368 erit

2190 4468 2197 4475 _
2235 4404 2478 4460 naturale
2507 4416 2823 4477 peccatum;
2856 4414 2946 4460 aut
2974 4406 3020 4460 si
3063 4402 3304 4460 creditur
3330 4413 3520 4460 natura
3562 4418 3686 4460 esse
3714 4403 3828 4459 dia-

2234 4494 2429 4564 bolica,
2481 4508 2538 4553 ut
2579 4499 2649 4555 sit
2689 4498 2949 4570 originale
2990 4507 3292 4570 peccatum,
3335 4498 3590 4555 connubii
3620 4513 3831 4570 quoque

2233 4607 2365 4648 usus
2393 4590 2712 4647 damnabilis
2736 4591 3188 4662 pronuntiabitur.
3235 4589 3305 4645 Et
3338 4606 3457 4667 nou
3491 4589 3712 4661 quidem
3742 4604 3830 4645 so-

2235 4687 2369 4755 brie,
2410 4702 2475 4744 ex
2506 4695 2692 4759 aperto
2723 4690 2898 4742 tamen
2929 4687 3346 4743 Manichmorum
3378 4685 3574 4756 dogma
3601 4684 3828 4754 suscipi-

2238 4791 2362 4836 tur:
2395 4780 2538 4852 quod
2582 4781 2833 4851 quoniam
2890 4782 3159 4835 funestum
3214 4788 3320 4844 est,
3366 4792 3467 4834 nec
3519 4776 3663 4848 apud
3714 4777 3832 4833 illos

2235 4871 2525 4944 quidquam
2562 4881 2645 4927 est
2669 4879 2763 4927 aut
2788 4870 3049 4940 veritatis,
3077 4879 3169 4926 aut
3192 4869 3513 4934 honestatis,
3540 4879 3634 4924 aut
3674 4869 3829 4934 ﬁdei;

2236 4965 2375 5036 apud
2410 4965 2586 5021 nullos
2611 4975 2788 5021 autem
2815 4966 2950 5021 alios
2987 4964 3167 5036 Opinio
3200 4972 3376 5035 potest
3416 4963 3678 5020 naturalis
3718 4976 3834 5019 esse

2238 5059 2477 5130 peccati;
2524 5066 2584 5113 ut
2629 5072 2727 5114 nos
2772 5056 3094 5121 catholicos,
3125 5056 3200 5113 ita
3224 5071 3320 5112 vos
3343 5064 3555 5112 constat
3579 5071 3703 5112 esse
3723 5055 3833 5112 Ila-

2236 5153 2437 5208 chaeos.

2310 5244 2443 5300 Avo.
2477 5242 2556 5298 Tu
2592 5252 2738 5299 certe
2766 5243 2832 5299 de
2867 5242 3059 5298 arbore
3088 5242 3298 5298 locutus
3327 5258 3426 5311 es,
3474 5252 3529 5298 et
3571 5240 3831 5298 fructibus

2236 5352 2304 5392 ex
2327 5336 2519 5408 quibus
2544 5335 2706 5392 arbor
2731 5336 3037 5408 agnoscitur
3055 5378 3072 5403 ,
3113 5350 3236 5390 cum
3268 5335 3321 5390 in
3357 5334 3459 5391 hac
3486 5333 3835 5391 similitudine

2237 5430 2540 5502 coniugium
2573 5430 2880 5501 prolemque
2914 5428 3308 5500 intelligendam
3338 5437 3617 5499 putasses,
3647 5428 3833 5483 exc-lu.

2302 5569 2320 5601 ί
2356 5567 2494 5628 ΕΔΜ,
2525 5565 2868 5620 irﬁtationum.
2893 5573 3044 5618 vetus
3070 5566 3229 5617 codex
3251 5571 3363 5615 Mar.
3383 5601 3397 5625 ,
3429 5564 3739 5628 irratiomugt.
3784 5570 3835 5613 At

2237 5630 2379 5701 infra,
2389 5624 2510 5701 cap.
2534 5631 2621 5691 4ον
2637 5629 3301 5701 ζῃιιᾳξῳηαᾳῆιμςιεᾳῃὶιιὶ
3339 5624 3470 5679 hunc
3490 5629 3651 5691 πω
3675 5624 3837 5677 boum

2236 5694 2430 5744 citantis
2451 5692 2625 5743 Omnes
2646 5692 2758 5742 libri
2781 5692 2981 5751 habent,
3008 5692 3371 5742 institutionum.

2301 5757 2322 5787 ί
2354 5756 2514 5805 Codex
2554 5762 2698 5814 Port.,
2722 5753 2931 5804 comta
2944 5749 3109 5814 rm
3140 5753 3231 5803 sui.
3248 5776 3311 5814 -ε
3328 5750 3492 5814 Morel,
3515 5749 3833 5814 ﬂung-it,

2236 5812 2787 5931 summa:
2817 5812 3031 5927 rw
3065 5813 3304 5868 rm
3321 5820 3439 5875 ουκ
3458 5812 3613 5864 Mr
3636 5812 3835 5864 *θεων
