3980 6492
239 414 371 478 εισι

1584 407 1786 466 LIBER
1823 400 2142 475 QUINTUS.

3371 398 3514 461 H6!

237 544 328 585 sus
359 528 503 593 inde,
533 526 658 600 quia
684 525 824 583 etde
851 525 1133 585 concubitu
1161 523 1461 581 adulterino
1498 529 1674 594 potest
1708 502 1828 574 talis
1935 522 2315 573 commixtione
2334 558 2351 586 ,
2398 516 2495 574 sed
2528 529 2598 573 ex
2641 525 2841 572 nostra:
2873 502 3254 587 depravatione
3294 524 3517 573 naturae.

242 624 472 681 existere
498 622 734 685 fructus,
776 620 842 675 ad
869 629 1113 675 naturam
1149 614 1349 690 fugisti.
1394 613 1505 673 Nec
1532 614 1699 669 latere
1728 626 1828 666 nos

243 716 494 789 fugientis
534 714 790 770 transitus
818 712 991 784 potuit
1021 732 1037 768 :
1068 713 1120 768 in
1148 711 1326 768 verbis
1353 710 1495 766 enim
1523 708 1628 763 tuis
1646 748 1662 773 ,
1708 719 1830 777 quae

244 824 385 866 nunc
411 807 847 865 commemorabo
868 849 884 875 ,
929 807 1061 863 satis
1086 805 1361 863 evidenter
1385 800 1647 874 apparuit.
1697 796 1833 853 Aisti

242 902 386 958 enim
415 901 638 971 loquens
676 898 743 955 ad
782 914 868 955 me
909 899 1081 970 ipsum
1112 916 1127 953 :
1161 917 1183 952 ‹
1216 895 1385 954 Simili
1422 893 1670 949 acumine
1705 889 1837 945 illud

243 1008 457 1064 quoque
497 988 819 1049 labefactare
858 992 1107 1057 conaris,
1158 988 1297 1061 quod
1344 986 1483 1054 dixi,
1531 983 1838 1042 testimonio

244 1083 572 1154 evangelico,
591 1096 658 1138 ex
680 1082 940 1139 fructibus
959 1084 1068 1137 suis
1088 1080 1281 1137 debere
1297 1078 1541 1133 arborem
1557 1072 1834 1147 cognosci;

246 1185 310 1233 ut
328 1174 700 1239 ostenderem,
737 1191 756 1227 ι
811 1175 1019 1245 inquis,
1056 1190 1076 1224 ‹
1109 1170 1250 1242 quod
1281 1169 1482 1225 clarum
1511 1176 1594 1224 est
1614 1210 1628 1235 ,
1658 1166 1840 1222 doceri

251 1269 394 1325 bona
416 1280 520 1323 non
560 1281 716 1337 posse
742 1266 1020 1335 conjugis;
1058 1263 1169 1318 imo
1211 1262 1381 1333 ipsam
1409 1271 1652 1315 naturam
1678 1302 1691 1325 ,
1724 1274 1842 1327 quae

255 1360 620 1431 coniugiorum
667 1358 980 1428 operatione
1025 1348 1341 1426 suppletur,
1392 1368 1493 1407 nec
1544 1350 1638 1406 Dei
1684 1364 1843 1421 posse

255 1453 423 1523 operi
446 1450 707 1507 vindicari
728 1491 745 1518 ,
790 1449 834 1504 si
869 1448 938 1505 de
975 1464 1038 1503 ea
1065 1447 1374 1502 dicerentur
1410 1444 1635 1500 crimina
1666 1441 1843 1511 pullu-

248 1545 381 1600 lare.
417 1556 439 1597 ι
487 1543 584 1599 llis
614 1544 719 1598 tuis
760 1541 918 1597 dictis
934 1538 1196 1611 aperuisti
1234 1537 1372 1608 fugae
1396 1545 1501 1592 tum
1540 1535 1840 1597 transitum,

248 1635 537 1692 nominatis
555 1633 821 1706 coniugiis
842 1632 1086 1688 addendo
1111 1640 1166 1688 et
1203 1629 1459 1695 dicendo,
1492 1647 1511 1680 ε
1542 1628 1650 1682 imo
1678 1626 1846 1699 ipsam

249 1740 497 1787 naturam
522 1772 539 1798 ,
584 1744 704 1802 quae
746 1727 1117 1799 coniugiOrum
1142 1724 1454 1797 operatione
1482 1723 1781 1793 Suppletur.
1823 1736 1844 1771 ι

254 1821 549 1880 Distinxisti
589 1836 716 1894 ergo
754 1821 863 1877 duo
907 1821 1044 1887 ista,
1093 1819 1334 1888 satisque
1379 1815 1662 1874 ostendisti
1704 1812 1851 1869 aliud

252 1930 375 1975 esse
399 1926 666 1982 naturam,
696 1914 843 1970 aliud
869 1913 1137 1983 coniugia,
1162 1925 1392 1981 quorum
1416 1907 1727 1979 operatione
1757 1920 1854 1960 na-

255 2019 373 2066 tura
401 2008 697 2079 suppletur.
741 2005 878 2076 Quid
918 2013 1001 2060 est
1026 2016 1155 2075 ergo
1197 2000 1341 2074 quod
1371 2011 1558 2071 postea
1595 2008 1850 2054 naturam
1886 2012 1887 2017 π

256 2114 462 2173 genus,
502 2101 727 2171 eiusique
766 2098 999 2169 speciem
1029 2096 1111 2151 vis
1138 2112 1259 2152 esse
1297 2094 1644 2165 coniugium?
1688 2092 1854 2147 Num-

256 2193 384 2266 quid
418 2193 581 2247 ullum
606 2202 776 2263 genus
811 2189 1011 2260 speciei
1036 2203 1148 2245 sua:
1186 2189 1346 2244 ullius
1384 2185 1697 2256 operatione
1722 2198 1854 2254 sup-

258 2285 476 2358 pietur?
521 2283 636 2340 Non
676 2283 861 2354 utique
889 2298 903 2335 :
929 2292 1105 2353 neque
1143 2282 1284 2337 enim
1328 2279 1557 2343 animal,
1603 2277 1744 2348 quod
1773 2285 1857 2332 est

258 2392 431 2453 genus
454 2421 470 2449 ,
501 2378 779 2451 suppletur
814 2376 1123 2448 operatione
1163 2374 1428 2438 hominis,
1470 2364 1703 2442 vel‘cqui
1729 2412 1743 2436 ,
1771 2370 1857 2425 vel

258 2472 414 2529 bovis
432 2514 449 2540 ,
476 2471 559 2527 vel
595 2470 816 2526 alterius
839 2469 1066 2539 alicuius
1088 2465 1298 2537 pecoris
1320 2507 1335 2531 ,
1367 2463 1510 2536 quod
1541 2463 1748 2533 species
1776 2469 1859 2517 est

264 2563 476 2636 generis
524 2562 665 2618 illius
708 2580 725 2616 :
766 2559 1198 2632 quandoquidem
1244 2558 1453 2614 etiamsi
1502 2556 1642 2613 desit
1684 2556 1857 2625 aliqua

266 2655 492 2726 species,
521 2653 894 2723 aufer-aterque
918 2652 986 2707 de
1013 2651 1209 2716 rebus;
1254 2656 1436 2705 manet
1461 2657 1637 2704 tamen
1666 2661 1857 2718 genus,

271 2747 415 2819 quod
452 2754 673 2804 caeteras
706 2745 1044 2816 amplectitur
1082 2743 1327 2815 species,
1364 2740 1503 2797 sicut
1545 2740 1705 2795 etiam
1746 2738 1862 2808 ipse

269 2840 570 2911 disputasti.
615 2837 771 2908 Quod
805 2851 971 2908 genus
1009 2837 1194 2907 utique
1234 2834 1501 2905 integrum
1531 2846 1638 2887 non
1670 2845 1862 2885 mane-

262 2940 389 2999 ret,
431 2931 476 2986 si
505 2930 814 3000 operatione
851 2926 1085 2998 speciei,
1112 2939 1232 2997 quae
1257 2924 1432 2979 ablata
1458 2929 1559 2986 est,
1587 2920 1863 2992 supplere-

265 3031 358 3082 tur
389 3042 404 3081 :
430 3038 534 3079 non
559 3024 702 3079 enim
732 3021 903 3092 magis
927 3026 1010 3076 est
1030 3034 1235 3090 genus,
1283 3019 1326 3073 si
1363 3017 1578 3087 plures;
1607 3022 1659 3070 et
1686 3014 1865 3068 minus

268 3123 358 3174 est
386 3129 558 3188 genus
580 3157 595 3177 .
644 3114 692 3170 si
735 3114 944 3185 species
973 3111 1166 3168 habeat
1193 3109 1474 3180 pauciores
1501 3124 1516 3160 :
1545 3105 1791 3179 quamvis
1818 3104 1863 3160 si

267 3225 459 3267 omnes
498 3207 810 3263 auferantur
854 3205 1065 3276 species
1084 3243 1100 3270 ,
1142 3216 1256 3258 nec
1283 3214 1453 3272 genus
1492 3199 1632 3265 erit;
1679 3210 1868 3268 quem-

267 3302 559 3359 admodum
588 3314 788 3372 genere
812 3298 1043 3366 ablato,
1070 3297 1214 3352 nulla
1245 3296 1347 3351 erit
1372 3294 1601 3364 species.
1643 3292 1758 3348 Non
1784 3301 1868 3347 est

268 3391 769 3464 igitureonuubium
795 3389 1021 3460 species,
1048 3398 1321 3459 genusque
1341 3394 1554 3451 natura,
1596 3383 1640 3437 si
1665 3397 1869 3438 connu-

276 3477 491 3533 biorum
529 3491 701 3548 opere
726 3483 912 3530 natura
953 3473 1231 3544 suppletur
1262 3488 1275 3525 :
1305 3472 1443 3526 sicut
1479 3484 1586 3524 non
1613 3478 1698 3524 est
1724 3468 1868 3539 agri-

269 3570 482 3628 cultura
509 3568 720 3641 species
734 3569 951 3640 segetis,
972 3565 1223 3638 quoniam
1243 3564 1521 3633 suppletur
1539 3575 1693 3633 seges
1707 3576 1870 3631 opere

270 3663 630 3733 agricultura.
675 3660 883 3717 Deinde
908 3661 955 3715 si
980 3666 1227 3714 neutram
1250 3670 1457 3727 genus,
1495 3654 1718 3725 eiusque
1741 3668 1869 3725 spe-

274 3756 415 3813 ciem
450 3754 593 3810 dicis
614 3768 737 3810 esse
762 3752 1103 3823 coniugium;
1140 3750 1325 3821 procul
1362 3748 1529 3804 dubio
1564 3748 1742 3804 dicere
1774 3763 1872 3802 eo-

275 3847 456 3920 gcris,
495 3845 638 3918 quod
666 3853 857 3900 natura
889 3844 961 3899 sit
982 3857 1144 3898 omne
1169 3840 1500 3912 coniugium.
1532 3838 1658 3895 Ideo
1678 3839 1873 3910 quippe

275 3940 458 3997 omnis
482 3952 657 4010 erutus
683 3936 879 3992 animal
906 3943 1008 3999 est,
1035 3936 1135 3991 etsi
1151 3949 1258 3991 non
1278 3947 1438 3989 omne
1456 3932 1655 3988 animal
1672 3948 1871 4003 equus;

273 4034 400 4105 quia
432 4033 647 4104 species
669 4041 754 4086 est
785 4044 986 4101 equus,
1020 4027 1216 4083 animai
1249 4041 1438 4099 genus.
1471 4024 1620 4098 Ergo
1642 4041 1742 4083 nec
1771 4027 1790 4059 ί
1816 4026 1876 4082 iit

277 4128 351 4183 ab
375 4127 595 4183 homine
622 4125 800 4196 aliqua
828 4132 1019 4178 natura
1040 4138 1057 4177 τ
1078 4123 1320 4193 quamvis
1336 4123 1501 4184 enim,
1528 4130 1590 4177 ut
1617 4122 1874 4192 scriptum

280 4227 404 4287 est,
443 4234 474 4274 a
499 4217 729 4273 Domino
751 4216 1005 4286 jungatur
1035 4214 1226 4269 mulier
1252 4213 1369 4267 viro
1395 4210 1577 4285 (Prov.
1610 4227 1708 4268 xix
1728 4254 1745 4279 ,
1774 4213 1873 4277 Η,

285 4325 388 4365 ses.
431 4308 631 4381 LXX);
666 4308 937 4379 quoniam
985 4306 1086 4361 nisi
1137 4303 1425 4376 adiuvante
1475 4305 1592 4375 ipso
1639 4319 1744 4360 non
1793 4302 1875 4373 fit,

287 4400 503 4472 quando
518 4408 674 4457 recte
694 4399 755 4455 ﬁt
781 4417 796 4455 :
824 4398 946 4471 quis
973 4408 1146 4453 tamen
1187 4397 1390 4453 nesciat
1410 4411 1570 4468 opera
1602 4397 1876 4452 hominum

290 4508 417 4551 esse
458 4494 740 4567 coniugia?
788 4493 961 4549 Porro
996 4490 1043 4548 si
1084 4499 1332 4547 naturam
1374 4505 1484 4547 non
1526 4490 1655 4551 facit
1692 4489 1873 4556 homo,

291 4601 403 4642 non
448 4595 535 4643 est
579 4595 765 4641 natura
817 4584 1162 4655 coniugium;
1219 4582 1340 4653 quia
1393 4580 1703 4652 coniugium
1754 4580 1881 4637 facit

286 4678 475 4734 homo.
514 4681 592 4733 Ac
618 4692 715 4749 per
736 4675 843 4732 hoc
860 4717 873 4740 ,
914 4676 1041 4746 quia
1066 4673 1377 4744 coniugium
1403 4678 1592 4726 natura
1618 4686 1728 4727 non
1761 4679 1877 4737 est;

286 4768 531 4841 profecto
582 4778 788 4825 naturae
836 4767 1082 4838 species,
1132 4774 1387 4836 tanquam
1442 4763 1535 4818 illa
1581 4762 1651 4817 sit
1688 4777 1879 4831 genus,

287 4863 439 4918 nullo
476 4878 599 4919 esse
638 4871 800 4934 pacto
844 4868 1040 4931 potest.
1088 4856 1347 4928 Coniugia
1398 4855 1557 4926 igitur
1594 4854 1661 4910 ad
1701 4868 1884 4910 mores

286 4955 569 5011 hominum
596 4956 886 5025 pertinent,
916 4953 1015 5023 ipsi
1042 4959 1221 5006 autem
1249 4948 1498 5005 homines
1518 4947 1585 5002 ad
1613 4956 1881 5001 naturain.

286 5045 446 5103 Licet
486 5048 668 5118 itaque
707 5046 866 5101 nobis
906 5045 1048 5103 mala
1085 5043 1285 5099 vitiatas
1309 5040 1617 5110 vituperare
1655 5046 1877 5103 naturae,

288 5150 346 5195 et
369 5140 590 5194 laudare
614 5152 792 5194 mores
814 5138 949 5193 bene
964 5145 1179 5196 utentes
1197 5134 1353 5190 bonis
1374 5132 1633 5202 malisque
1658 5141 1882 5187 naturre.

288 5231 478 5288 Laudo
502 5246 631 5303 ergo
660 5229 904 5302 coniugia
938 5246 951 5284 :
982 5227 1121 5284 absit
1146 5235 1324 5297 autem
1343 5234 1400 5280 ut
1421 5222 1632 5281 laudem
1660 5225 1879 5290 malum,

290 5339 402 5398 quo
410 5336 539 5381 caro
561 5322 894 5393 σίνηαιρίωῆ
908 5320 1164 5377 adversus
1179 5320 1423 5391 spiritum
1447 5334 1463 5384 ;
1488 5317 1607 5373 sine
1620 5332 1728 5389 quo
1744 5318 1886 5373 malo

217 5447 223 5451 -
293 5419 578 5491 quisquam
603 5416 882 5477 hominum
909 5430 1014 5471 non
1035 5422 1209 5485 potest
1234 5412 1383 5469 nasci
1407 5428 1424 5479 ;
1445 5409 1598 5482 cuius
1628 5409 1755 5465 mali
1778 5425 1886 5464 rea.

296 5520 386 5565 tus
408 5552 426 5575 ,
468 5510 571 5565 nisi
596 5507 929 5564 renascendo
951 5549 968 5576 ,
1013 5521 1119 5565 non
1158 5513 1335 5577 potest
1363 5504 1535 5570 solvi;
1581 5502 1738 5574 cuius
1763 5503 1885 5557 mali

295 5602 474 5659 bonus
497 5618 628 5658 usus
657 5601 904 5657 laudatur
926 5600 979 5656 in
1009 5600 1293 5657 concubitu
1320 5597 1605 5671 coniugali.
1655 5597 1890 5653 Proinde

294 5696 566 5768 originale
605 5703 883 5767 peccatum
905 5734 925 5762 ,
971 5693 1112 5764 quod
1155 5707 1260 5748 non
1290 5691 1562 5748 trahitur'
1587 5704 1657 5748 ex
1700 5690 1891 5747 alienae

368 5833 388 5865 ³
419 5829 584 5882 codex
606 5835 752 5891 Fort,
778 5837 973 5892 ergone,

366 5897 390 5928 ³
424 5894 715 5958 Vignierius,
736 5884 1115 5952 iwn'mﬁa’tur.

1938 622 2045 664 non
2096 607 2280 663 dicunt
2323 607 2635 677 Manichaai,
2683 607 2779 665 sed
2823 607 3008 666 dicunt
3048 606 3309 665 Catholici
3336 624 3353 663 :
3379 605 3530 693 quod

1940 712 2037 755 vos
2061 701 2308 772 negando
2334 702 2464 759 estis
2492 701 2754 759 haeretici.

2014 806 2183 869 XXV.
2209 811 2328 869 Jun.
2374 814 2457 868 Ad
2483 811 2635 885 cuius
2663 813 2894 871 nominis
2921 813 3213 871 cavendam
3248 808 3527 879 invidiam,

1943 902 2143 961 frustra
2187 905 2407 959 omnino
2436 902 2770 962 diversarum
2815 904 2947 963 facis
2986 906 3264 963 haereseon
3303 906 3531 961 mentio-

1945 1016 2090 1054 nem.
2117 999 2211 1054 Ais
2235 999 2400 1068 enim,
2429 1017 2449 1052 ι
2484 996 2634 1055 Sicut
2659 1000 2843 1058 Ariani
2870 1000 3173 1055 Catholicos
3196 997 3531 1054 Sabellianos

1946 1101 2174 1161 vocant,
2219 1092 2461 1164 quamvis
2501 1102 2703 1148 certam
2743 1108 3094 1167 personarum
3136 1091 3533 1149 distinctionem

1949 1184 2163 1250 iaciant,
2196 1193 2398 1240 naturae
2437 1194 2615 1239 tamen
2653 1184 3028 1240 communione
3052 1193 3292 1249 servata;
3323 1184 3394 1239 ita
3423 1192 3478 1239 et
3505 1199 3540 1238 a

1950 1278 2104 1351 nobis
2150 1276 2559 1333 Manichaeorum
2598 1277 2749 1332 vobis
2778 1294 2973 1333 nomen
3018 1277 3251 1349 imponi;
3291 1292 3415 1333 cum
3441 1290 3541 1331 vos

1951 1387 2058 1427 non
2099 1370 2288 1428 dicatis
2318 1371 2515 1425 malum
2541 1385 2661 1426 esse
2688 1371 2933 1441 nuptias,
2980 1370 3121 1442 quod
3149 1369 3334 1425 dicunt
3373 1367 3541 1424 Mani-

1952 1462 2089 1518 clnei
2117 1506 2132 1530 ,
2165 1463 2259 1519 sed
2294 1461 2483 1518 dicatis
2522 1462 2718 1517 malum
2759 1462 2812 1516 in
2840 1477 3028 1517 omnes
3067 1461 3309 1515 homines
3336 1468 3545 1513 naturae

1953 1555 2260 1612 conditione
2315 1556 2543 1611 transire
2575 1575 2593 1608 ι
2628 1552 2731 1627 (De
2758 1552 2966 1627 Nuptiis
3012 1563 3059 1608 et
3106 1552 3540 1624 Concupiscentia,

1956 1645 2043 1699 lib.
2069 1645 2106 1700 2
2125 1688 2137 1712 ,
2170 1665 2221 1701 n.
2251 1644 2365 1719 '58).
2394 1646 2516 1701 Haec
2534 1657 2709 1701 autem
2741 1654 3051 1715 argumenta
3083 1652 3169 1698 tua
3200 1642 3547 1713 prudentibus

1957 1755 2063 1792 non
2104 1738 2315 1811 ambigo
2343 1739 2557 1795 irrisum
2589 1739 2653 1794 iri
2687 1757 2701 1794 :
2734 1755 2856 1794 nam
2887 1746 2945 1793 ut
2973 1738 3155 1794 Ariani
3198 1736 3334 1792 falso
3354 1734 3550 1792 Catho-

1959 1831 2095 1890 licos
2135 1828 2470 1889 Sabellianos
2505 1830 2721 1898 dicunt,
2759 1845 2878 1885 cum
2924 1845 2950 1881 a
2995 1829 3147 1884 nobis
3186 1838 3239 1883 et
3288 1826 3460 1883 Patris
3497 1834 3555 1882 et

1959 1927 2083 1983 Filii
2105 1928 2159 1983 et
2182 1925 2414 1997 Spiritus
2443 1923 2615 1979 saneti
2645 1938 2991 1994 personarum
3021 1921 3112 1975 fiat
3140 1921 3256 1976 sine
3284 1922 3389 1976 ulla
3415 1935 3547 1977 con—

1960 2018 2171 2074 fusione
2199 2026 2254 2072 et
2282 2016 2398 2071 sine
2440 2015 2733 2069 mutatione
2763 2013 3073 2069 substantia:
3098 2012 3401 2080 distinctio,
3447 2012 3551 2066 illi-

1962 2126 2067 2182 que
2103 2106 2449 2165 hebetissime
2492 2105 2882 2163 calumnientur
2906 2145 2920 2168 ,
2968 2104 3106 2175 inter
3146 2118 3306 2156 unum
3351 2110 3406 2158 et
3446 2111 3554 2158 tres

1964 2201 2096 2256 nihil
2140 2201 2402 2255 interesse
2435 2216 2450 2253 :
2486 2196 2559 2253 ita
2599 2198 2761 2253 etiam
2797 2194 3058 2251 Catholici
3098 2196 3217 2266 iure
3256 2193 3555 2265 meritoque

1963 2307 2060 2348 vos
2101 2288 2423 2347 Manichaeos
2462 2304 2585 2346 esse
2625 2288 3008 2359 pronuntiant;
3059 2288 3181 2358 quia
3234 2286 3285 2341 id
3331 2302 3360 2339 a
3398 2285 3557 2343 nobis

1965 2385 2070 2442 dici
2116 2384 2250 2439 fides
2294 2395 2472 2440 vestra
2513 2381 2805 2453 compellit.
2855 2381 3115 2435 Asserunt
3154 2364 3350 2450 quippe
3391 2375 3559 2433 Mani-

1966 2477 2101 2534 cluei
2146 2474 2390 2531 naturale
2430 2484 2706 2546 peccatum
2749 2491 2762 2526 :
2804 2486 2900 2528 vos
2937 2471 3115 2527 dicitis
3157 2471 3419 2526 naturale.
3470 2468 3562 2524 Di-

1968 2578 2099 2625 cunt
2142 2566 2419 2624 Manicbtei
2473 2565 2747 2620 libidinem
2795 2578 3079 2635 corporum
3119 2579 3150 2617 a
3188 2561 3403 2618 diabolo
3440 2578 3560 2619 esse

1970 2663 2260 2734 plantatam
2287 2678 2302 2717 :
2336 2668 2388 2716 tu
2415 2657 2466 2714 id
2497 2657 2848 2729 multiplicata
2865 2655 3225 2728 disputatione
3251 2656 3559 2712 conﬁrmas.

1967 2738 2317 2809 Contendant
2346 2750 2419 2806 illi
2443 2766 2539 2822 per
2563 2748 2793 2806 liberum
2823 2748 3101 2803 arbitrium
3127 2762 3235 2811 non
3264 2763 3423 2819 posse
3452 2763 3565 2803 ma-

1967 2843 2078 2898 lum
2104 2844 2315 2912 caveri,
2353 2844 2551 2916 quippe
2578 2841 2720 2913 quod
2743 2840 2985 2896 naturale
3010 2840 3079 2896 sit
3108 2859 3123 2896 :
3146 2849 3203 2899 tu
3231 2856 3443 2912 quoque
3468 2840 3565 2896 iis-

1969 2936 2091 2992 dem
2115 2936 2455 2991 sermonibus
2482 2935 2708 2990 liberum
2735 2933 3120 2989 commentaris
3148 2933 3447 3001 arbitrium,
3471 2935 3570 2991 sed

1969 3020 2068 3100 per
2098 3025 2240 3099 quod
2284 3026 2486 3083 malum
2523 3025 2640 3081 fieri
2689 3008 2854 3095 possit
2881 3027 2898 3058 ¹
2924 3068 2938 3091 ,
2990 3042 3021 3080 a
3055 3026 3199 3080 malo
3241 3034 3419 3082 autem
3459 3042 3571 3082 non

1971 3121 2143 3191 possit
2185 3119 2398 3177 desisti.
2448 3119 2584 3175 Dicit
2631 3118 2958 3174 Manichtcus
3002 3133 3186 3174 semen
3231 3134 3352 3174 esse
3398 3118 3570 3174 male-

1974 3212 2174 3269 dictum
2206 3231 2222 3268 :
2251 3220 2306 3267 tu
2336 3210 2388 3268 id
2435 3210 2833 3282 Scripturarun:
2879 3211 3197 3265 auctoritate
3230 3208 3456 3281 probare
3480 3225 3573 3265 co-

1975 3304 2139 3359 naris.
2161 3302 2300 3359 Dicit
2319 3300 2642 3357 Maniclueus
2670 3298 3132 3357 inconvertibilem
3146 3317 3266 3356 esse
3278 3298 3531 3356 malitiam
3552 3319 3569 3357 :

1975 3407 2035 3451 tu
2060 3397 2140 3453 sic
2163 3410 2287 3453 esse
2314 3394 2643 3451 vociferaris.
2695 3392 2803 3450 Sed
2832 3393 2967 3449 dicis
2999 3402 3054 3448 tu
3081 3392 3254 3449 Adam
3284 3394 3456 3449 solum
3480 3410 3576 3448 na-

1975 3498 2112 3545 tura;
2142 3489 2305 3569 fuisse
2347 3488 2586 3543 melioris
2618 3505 2632 3540 :
2664 3487 2794 3542 dicit
2818 3487 2979 3542 etiam
3020 3485 3345 3541 Manichzeus
3375 3485 3440 3541 ad
3466 3486 3573 3542 Pa-

1978 3583 2213 3648 tricium,
2243 3580 2521 3635 meliorem
2552 3580 2702 3635 illum
2728 3580 2929 3637 secutis
2947 3577 3091 3634 credi
3123 3589 3397 3650 oportere,
3422 3581 3574 3648 quasi

1977 3673 2045 3729 de
2074 3673 2260 3744 prima:
2285 3683 2593 3727 concretum
2629 3669 2768 3725 ﬂore
2792 3669 3125 3725 substantiae.
3173 3669 3319 3725 Dicis
3347 3679 3403 3725 tu
3429 3686 3576 3725 com-

1980 3768 2290 3823 mixtiouem
2345 3772 2565 3835 propter
2615 3762 2885 3818 naturales
2936 3771 3115 3817 motus
3164 3777 3286 3817 esse
3344 3761 3570 3818 diaboli-

1979 3873 2134 3922 cam,
2190 3866 2350 3928 atque
2393 3855 2641 3912 homines
2682 3870 2711 3910 a
2751 3854 2966 3910 diabolo
2999 3854 3149 3926 quasi
3188 3852 3397 3909 fruticis
3444 3871 3472 3909 a
3516 3870 3575 3911 se

1980 3949 2200 4022 plantati
2247 3947 2451 4004 fructus
2484 3947 2603 4018 iure
2639 3946 2853 4017 decerpi
2887 3964 2899 3999 :
2933 3944 3063 4002 dicit
3107 3949 3267 4021 etiam
3317 3945 3417 4001 hoc
3465 3946 3543 4001 lla

1981 4043 2259 4110 nichmus,
2313 4040 2508 4112 quippe
2537 4054 2566 4094 a
2590 4052 2698 4111 quo
2736 4036 2793 4095 id
2816 4037 3039 4095 credere
3079 4047 3132 4094 et
3174 4038 3440 4095 affirmare
3492 4038 3578 4093 di-

1982 4134 2180 4192 dicisti.
2228 4133 2368 4191 Dicit
2412 4131 2740 4189 Manicharu's
2778 4138 2834 4188 et
2870 4142 3114 4187 naturam
3141 4140 3197 4188 et
3222 4134 3433 4203 nuptias
3467 4149 3580 4189 ma-

1984 4229 2064 4285 las
2110 4243 2280 4285 esse:
2314 4236 2369 4283 tu
2409 4235 2588 4282 autem
2638 4227 2807 4283 bonas
2846 4225 3096 4296 nuptias,
3148 4224 3243 4281 sed
3286 4241 3430 4281 ream
3481 4241 3579 4280 na-

1986 4330 2183 4378 turam.
2237 4318 2354 4374 Non
2381 4325 2438 4374 tu
2478 4317 2567 4374 hic
2609 4317 2908 4388 religiosior
2929 4320 2971 4383 ,'
2997 4315 3091 4372 sed
3126 4316 3217 4373 ille
3243 4316 3576 4388 prudentior.

1985 4410 2267 4480 Quomodo
2317 4424 2448 4481 ergo
2497 4407 2691 4465 falsum
2743 4415 2863 4475 est,
2920 4407 3064 4480 quod
3116 4406 3303 4463 dicunt
3355 4410 3574 4476 Ariani,

1986 4504 2297 4563 Catholicos
2348 4501 2681 4561 Sabellianos
2724 4516 2845 4557 esse
2894 4519 2907 4555 :
2951 4501 3022 4556 ita
3062 4501 3403 4557 verissimum
3457 4510 3578 4568 est,

1988 4595 2130 4669 quod
2176 4596 2359 4653 dicunt
2396 4593 2696 4660 Catholici,
2733 4591 3098 4648 Traducianos
3136 4606 3242 4648 non
3283 4605 3402 4648 esse
3438 4591 3581 4648 aliud

1988 4707 2149 4764 quam
2200 4690 2560 4756 Manichacus;
2608 4686 3011 4745 distinctionem
3064 4695 3245 4743 autem
3294 4685 3436 4742 inter
3487 4702 3584 4742 vos

1988 4782 2285 4839 ilinsoriam
2326 4780 2541 4853 quidem
2569 4822 2584 4847 ,
2628 4793 2735 4835 non
2766 4777 2872 4836 ﬁde
2914 4784 3133 4847 vestra,
3185 4776 3583 4850 sed'imperitia

1991 4876 2302 4947 contigisse.
2342 4873 2516 4931 Unius
2555 4887 2685 4945 ergo
2725 4870 2850 4928 ﬁdei
2892 4879 2948 4927 tu
2989 4880 3045 4927 et
3090 4870 3417 4927 Manicharus
3448 4889 3460 4925 :
3490 4870 3584 4926 sed

1992 4968 2080 5025 ille
2119 4968 2295 5024 minus
2326 4963 2644 5038 impudens,
2693 4978 2852 5037 quam
2894 4972 2984 5020 tua
3014 4964 3246 5035 gravitas
3276 4963 3580 5028 invenitur,-

1992 5077 2165 5133 neque
2210 5061 2352 5117 enim
2397 5036 2553 5116 facile
2588 5036 2914 5114 Manichacus
2951 5066 3047 5113 aut
3069 5056 3319 5112 Melitidis
3344 5056 3479 5111 alter
3502 5054 3565 5111 of-

1993 5153 2252 5223 fenditur,
2305 5155 2394 5227 qui
2423 5153 2566 5210 dicat
2605 5169 2665 5210 se
2689 5152 2947 5211 damnare
2993 5161 3239 5208 naturam
3282 5148 3567 5206 hominum
3628 5142 3633 5159 ί

1994 5250 2089 5307 sed
2112 5265 2216 5305 non
2246 5249 2506 5305 infamare
2531 5248 2798 5321 coniugia.

2064 5340 2204 5400 Auc.
2244 5339 2350 5399 Cur
2372 5357 2473 5414 ego
2510 5341 2739 5397 Arianos
2765 5349 2821 5397 et
2844 5338 3181 5397 Sabellianos
3196 5349 3588 5395 commemora-

1995 5436 2186 5503 verim,
2215 5435 2307 5506 qui
2332 5435 2525 5490 librum
2548 5433 2696 5488 illum
2726 5445 2907 5487 meum
2934 5430 3238 5501 intelligens
3267 5427 3430 5498 legit,
3459 5440 3584 5481 mox

1994 5530 2237 5596 invenit;
2285 5537 2442 5599 teque
2471 5525 2720 5599 pervidet
2745 5523 2933 5581 dolose
2955 5538 3114 5595 agere
3138 5564 3153 5589 ,
3198 5521 3288 5592 qui
3335 5518 3579 5576 eamdem

1994 5636 2212 5679 causam
2237 5627 2405 5676 totam
2424 5630 2847 5676 commemorare
2868 5614 3105 5672 noluisti.
3128 5611 3248 5670 Tibi
3272 5610 3415 5668 extim
3436 5610 3545 5667 dixi
3570 5628 3583 5663 :

2007 5790 3396 5922 mmau‘msusss'ausawm'
3330 5788 3591 5915 "33“
