4070 6516
471 389 622 451 “63

491 522 512 554 ι
545 501 698 558 Sicut
724 497 908 556 Ariani
937 497 1066 553 dum
1097 493 1432 551 Sabellianos
1453 490 1691 562 fugiunt,
1719 490 1772 544 in
1797 485 1948 558 pejus
1976 481 2078 538 ali-

487 593 618 664 quid
649 591 990 658 inciderunt,
1026 588 1150 659 quia
1176 581 1452 640 Trinitatis
1471 583 1588 638 ausi
1615 590 1740 636 sunt
1759 596 1865 634 non
1893 592 2081 648 perso-

481 698 583 739 nas
610 682 918 737 discernere
941 719 956 745 ,
985 676 1082 734 sed
1109 685 1330 734 naturas
1359 692 1375 731 :
1401 675 1476 729 ita
1499 671 1769 742 Pelagiani
1809 669 1934 726 dum
1963 667 2080 723 Ma-

483 772 816 828 nichzeorum
845 778 1053 840 pestem
1075 769 1128 824 in
1148 781 1460 838 perversum
1487 765 1657 820 vitare
1681 771 1942 818 conantur
1961 802 1976 828 ,
2017 759 2085 814 de

486 864 792 934 nuptiarum
868 861 1046 919 fructu
1129 861 1259 932 ipsis
1325 859 1633 915 Manicbaais
1695 858 2086 914 convincuntur

487 953 874 1030 perniciosiora
922 954 1122 1010 sentire
1153 994 1170 1022 ,
1225 951 1493 1008 credendo
1547 951 1798 1023 parvulos
1871 947 2085 1004 Christo

489 1047 702 1103 medico
731 1061 838 1101 non
870 1061 1030 1118 egere
1066 1063 1086 1097 ι
1133 1043 1273 1115 (Lib.
1315 1043 1351 1098 2
1379 1042 1444 1098 de
1483 1040 1695 1113 Nuptiis
1741 1051 1786 1095 et
1832 1038 2086 1109 Concupi—

481 1141 702 1204 scentia,
733 1137 932 1210 21.38).
978 1137 1104 1193 Haec
1150 1137 1314 1193 verba
1367 1151 1486 1192 mea
1537 1135 1635 1190 tibi
1687 1131 2081 1206 proposuisses,

481 1229 571 1284 vel
631 1239 778 1286 certe
827 1230 963 1286 hanc
995 1224 1316 1286 sententiam
1361 1244 1571 1296 meam,
1609 1227 1655 1282 si
1694 1225 1823 1282 mihi
1873 1238 2086 1296 quoquo

479 1321 647 1377 modo
682 1321 1012 1392 respondere
1041 1321 1307 1378 voluisses
1338 1339 1352 1376 :
1381 1321 1576 1392 quibus
1614 1317 1986 1390 praetermissis
2007 1315 2088 1371 di-

483 1413 564 1468 cis
595 1415 687 1468 tibi
714 1415 830 1484 ipse
850 1414 992 1486 quod
1021 1414 1122 1482 vis,
1145 1423 1204 1470 ut
1227 1414 1379 1480 mihi,
1411 1429 1518 1470 non
1545 1429 1610 1469 ea
1635 1428 1754 1484 quae
1777 1427 1806 1466 a
1836 1426 1923 1467 me
1943 1411 2086 1467 dicta

483 1513 614 1560 sunt
651 1505 946 1562 refellendo
969 1548 984 1574 ,
1031 1507 1127 1563 sed
1151 1521 1256 1564 non
1289 1505 1518 1562 tacendo
1545 1504 1886 1576 respondisse
1907 1504 2082 1559 videa-

481 1598 582 1653 ris.
615 1597 682 1653 Et
707 1599 1014 1669 nunc,quod
1041 1614 1106 1655 ea
1130 1615 1218 1656 me
1241 1599 1441 1655 sentire
1465 1597 1600 1654 dicis
1624 1641 1638 1666 ,
1669 1614 1790 1669 qua:
1813 1597 2080 1653 sentiunt‘

485 1689 800 1760 Maniclimi,
847 1693 1072 1747 multum
1111 1693 1346 1758 falleris;
1392 1691 1476 1747 vel
1520 1691 1697 1762 potius
1746 1705 1881 1762 quos
1935 1697 2086 1762 potes

483 1780 648 1837 fallis.
687 1781 822 1838 Nam
851 1782 1132 1839 Manichazi
1159 1783 1360 1839 malum
1387 1794 1715 1840 coaeternum
1739 1783 1849 1838 Deo
1869 1825 1883 1847 ,
1917 1783 2086 1838 idem-

485 1887 596 1942 que
622 1874 642 1904 ¹
669 1873 870 1928 malum
896 1889 1016 1930 esse
1055 1875 1404 1932 substantiam
1423 1917 1438 1942 ,
1463 1883 1518 1932 et
1543 1875 1772 1930 alienam
1797 1874 2082 1946 quamdam

486 1963 676 2020 dicunt
703 1980 822 2021 esse
851 1975 1118 2034 naturam,
1163 1983 1283 2038 quae
1307 1968 1362 2022 in
1383 1967 1586 2023 bonum
1611 1968 1802 2022 mutari
1825 2010 1838 2027 .
1867 1982 1967 2023 nec
1991 1983 2085 2038 per

485 2071 550 2111 se
578 2057 782 2128 ipsam,
813 2073 914 2114 nec
937 2075 968 2114 a
995 2059 1138 2116 bono
1169 2060 1280 2115 Deo
1313 2060 1484 2132 possit
1507 2061 1728 2116 omnino
1757 2079 1770 2116 :
1802 2060 1954 2132 cujus
1981 2060 2085 2114 im-

487 2148 764 2204 mutabilis
790 2149 914 2204 mali
941 2152 1326 2208 commixtione
1351 2151 1394 2220 ³,
1423 2151 1656 2207 animam
1678 2152 1895 2218 bonam,
1924 2165 2084 2222 quam

485 2241 710 2298 credere
737 2242 936 2299 audent
971 2245 1100 2301 boni
1128 2245 1225 2301 Dei
1268 2261 1391 2302 esse
1427 2255 1672 2302 naturam
1696 2288 1712 2312 ,
1757 2247 2085 2318 inquinatam

483 2335 773 2406 perhibent
817 2347 978 2410 atque
1023 2349 1368 2410 corruptam;
1415 2349 1469 2395 et
1509 2340 1579 2396 ob
1618 2340 1721 2396 hoc
1764 2341 1816 2396 in
1852 2340 2090 2412 qualibet

483 2423 724 2483 hominis
752 2439 909 2486 :etate
935 2432 1296 2488 necessarium
1329 2431 1531 2488 habere
1557 2432 1896 2499 salvatorem,
1927 2447 1958 2488 a
1979 2447 2087 2503 quo

485 2517 746 2573 mundata
772 2530 827 2574 et
855 2519 1214 2592 redintegrata
1235 2529 1397 2592 atque
1425 2535 1456 2576 a
1489 2521 1578 2576 tali
1597 2523 1903 2592 captivitate
1933 2533 2086 2580 eruta

483 2608 768 2667 liberetur.
821 2613 927 2668 Vos
953 2623 1133 2682 autem
1176 2613 1303 2670 dum
1340 2615 1396 2670 in
1428 2631 1738 2686 perversum
1775 2617 1954 2689 fugitis
1975 2616 2087 2672 Ma-

485 2703 727 2759 nichazos
749 2747 764 2772 ,
809 2704 862 2758 in
891 2705 985 2760 has
1013 2705 1303 2776 impietatis
1340 2707 1590 2764 tenebras
1617 2708 1877 2764 incidistis
1898 2751 1911 2774 ,
1940 2717 1998 2762 ut
2020 2707 2088 2764 ab

485 2797 635 2852 omni
679 2795 824 2853 malo
863 2800 1156 2856 asserendo
1200 2803 1451 2872 parvulos
1494 2803 1706 2872 salvos,
1751 2802 2083 2860 Salvatorem

486 2893 706 2950 miseris
739 2897 1105 2952 necessarium
1148 2913 1254 2953 non
1295 2899 1526 2969 putetis;
1578 2906 1633 2954 et
1669 2897 1984 2967 adjuvandis
2009 2896 2087 2952 eis

486 2985 654 3056 ipsis,
700 3001 837 3057 quos
873 2988 1050 3058 fugitis
1074 3031 1090 3058 ,
1141 2987 1448 3044 Manichaeis
1475 2989 1658 3046 nescio
1696 2989 1965 3059 quomodo
1991 3004 2088 3059 per

486 3079 772 3134 circuitum
798 3081 960 3135 vestri
989 3082 1285 3136 occurratis
1313 3082 1514 3136 erroris
1534 3123 1550 3148 ,
1600 3079 1847 3152 negando
1885 3081 2084 3136 malum

487 3169 690 3223 vitiata-2
735 3179 940 3225 naturae
998 3181 1226 3237 nostrae;
1279 3181 1338 3226 ut
1381 3170 1639 3242 quidquid
1689 3172 1954 3228 malorum
2003 3173 2085 3228 vel

489 3269 643 3316 recte
693 3261 962 3328 “creditur,
1021 3263 1106 3320 vel
1155 3272 1341 3333 aperte
1390 3263 1660 3318 invenitur
1709 3265 1762 3318 in
1819 3265 2086 3335 parvulis,

488 3351 861 3408 commixtioni
916 3352 1096 3425 (quod
1143 3354 1333 3410 volunt
1379 3355 1522 3426 ipsi)
1573 3363 1779 3411 natura:
1829 3359 2091 3413 tribuatur

487 3441 700 3497 alienas.
747 3441 1023 3499 Catholica
1063 3459 1193 3501 vero
1235 3453 1295 3499 ut
1329 3445 1653 3504 Manichzeos
1693 3433 1747 3503 εἰ
1777 3447 2092 3519 Pelagianos

491 3533 729 3602 devitet,
773 3535 976 3591 nullam
1015 3545 1258 3592 naturam
1284 3546 1445 3609 atque
1473 3540 1824 3596 substantiam
1865 3556 1985 3598 esse
2010 3541 2092 3597 di-

489 3627 567 3682 cit
611 3628 812 3684 malum
843 3646 856 3681 :
887 3627 982 3684 sed
1023 3629 1326 3686 voluntario
1373 3632 1550 3699 malo,
1599 3634 1740 3703 quod
1785 3650 1880 3706 per
1926 3651 2090 3692 unum

488 3717 768 3774 hominem
795 3719 851 3774 in
879 3736 1065 3776 omnes
1092 3721 1338 3778 homines
1361 3725 1692 3794 pertransiit,
1727 3735 1963 3782 nostram
1997 3743 2092 3783 na-

488 3819 664 3867 turam
687 3822 846 3885 atque
868 3814 1221 3872 substantiam
1251 3817 1372 3874 ideo
1398 3818 1708 3875 mutabilem
1735 3827 1759 3852 ⁶
1779 3862 1794 3888 ,
1837 3821 1963 3893 quia
1991 3822 2090 3878 Dei

490 3915 684 3962 natura
715 3922 820 3962 non
847 3916 948 3973 est,
975 3923 1082 3963 non
1109 3919 1270 3981 negat
1291 3925 1412 3968 esse
1439 3912 1678 3968 vitiatam
1701 3929 1716 3979 ;
1739 3915 1896 3985 eique
1922 3915 2088 3983 malo,

489 3997 634 4067 quod
665 3998 958 4055 insanabile
1004 4001 1116 4056 Deo
1143 4018 1249 4056 non
1277 4012 1361 4059 est
1385 4045 1402 4072 ,
1441 4013 1502 4060 ut
1539 4005 1749 4062 absumi
1793 4008 1995 4078 possit,
2037 4009 2091 4064 in

488 4091 744 4150 omnibus
768 4096 1015 4151 aetatibus
1045 4095 1380 4154 Salvatorem
1397 4101 1760 4156 necessarium
1781 4103 2088 4158 confitetur.

487 4185 722 4252 Proinde
748 4203 849 4242 nec
874 4187 940 4242 de
965 4198 1186 4258 peccato
1216 4190 1466 4257 naturali,
1493 4207 1593 4247 nec
1623 4191 1691 4246 de
1721 4191 1940 4248 libidine
1969 4209 2091 4248 cor-

489 4295 684 4350 porum
709 4323 726 4350 ,
753 4295 854 4337 nec
894 4281 962 4335 de
989 4281 1159 4337 libero
1187 4282 1410 4338 arbitrio
1435 4324 1449 4348 ,
1485 4298 1586 4339 nec
1609 4283 1676 4338 de
1695 4285 1902 4342 semine
1927 4285 2093 4341 male-

492 4370 638 4425 dicto
661 4413 678 4439 ,
719 4386 822 4427 nec
851 4371 920 4425 de
967 4372 1356 4428 inconvertibili
1385 4373 1588 4430 malitia
1611 4415 1627 4441 ,
1679 4389 1780 4432 nec
1805 4375 1876 4431 de
1901 4385 2090 4432 natura

487 4462 652 4534 primi
679 4462 947 4532 hominis,
979 4477 1080 4518 nec
1105 4463 1172 4519 de
1201 4465 1583 4522 commixtione
1619 4482 1842 4524 sexuum
1861 4510 1875 4536 ,
1905 4483 2005 4524 nec
2023 4469 2090 4525 de

487 4563 756 4626 potestate
785 4555 1044 4612 diabolica
1065 4555 1119 4610 in
1136 4556 1405 4625 homines,
1436 4557 1623 4614 eadem
1646 4573 1764 4630 qua:
1788 4559 2087 4628 Manichrei,

489 4647 673 4706 dicere
712 4664 1040 4720 possumus;
1084 4649 1176 4720 qui
1218 4649 1351 4706 duas
1381 4659 1597 4708 naturas
1637 4661 1798 4724 atque
1838 4654 2089 4710 substan-

486 4742 628 4808 tias,
661 4755 822 4796 unam
845 4741 968 4796 boni
993 4784 1010 4810 ,
1042 4743 1267 4798 alteram
1297 4743 1460 4808 mali,
1493 4744 1608 4800 sine
1651 4744 1802 4800 initio
1835 4747 2090 4818 temporis

487 4833 870 4902 sempiternas,
901 4841 955 4888 et
978 4849 1040 4890 ex
1069 4833 1299 4904 quodam
1329 4834 1479 4892 initio
1500 4837 1756 4906 temporis
1771 4839 2089 4894 commixtas

489 4939 615 4980 esse
659 4941 768 4978 non
814 4923 1074 4992 dicimus;
1123 4941 1194 4982 ne
1220 4927 1240 4959 "
1271 4927 1410 4984 inter
1447 4929 1614 4984 multa
1654 4929 1884 4986 absurda
1929 4941 2089 5004 atque

487 5031 688 5074 vesana
707 5059 723 5085 ,
749 5017 912 5073 etiam
934 5017 1030 5074 Dei
1065 5028 1312 5076 naturam
1335 5021 1787 5092 coinquinabilem
1817 5023 2088 5094 corrupti-

485 5108 767 5181 ltilemque
812 5109 1074 5166 dicamus.
1118 5111 1275 5179 Quod
1309 5119 1490 5167 autem
1518 5127 1606 5168 me
1645 5113 1819 5168 solum
1848 5113 2088 5170 affirmas

487 5201 674 5258 dicere
714 5201 884 5258 bonas
930 5205 1140 5274 nuptias
1165 5243 1180 5269 ,
1233 5217 1487 5274 raamque
1525 5212 1772 5260 naturam
1803 5223 1816 5260 :
1851 5215 1908 5262 ut
1953 5206 2090 5263 alios

549 5363 568 5393 ³
605 5361 678 5410 Sic
697 5365 806 5410 Mss.
835 5367 886 5410 tu
907 5361 1068 5423 Vign.,
1113 5359 1292 5424 sentire
1327 5357 1470 5422 dicis,
1497 5359 1626 5424 quod
1650 5359 1838 5414 dictant.

549 5425 571 5456 ³
603 5424 680 5474 sic
699 5429 810 5472 Mss.
835 5431 888 5471 1n
905 5421 1067 5484 vitam,
1093 5421 1319 5484 denique.

550 5485 572 5552 ξ
603 5485 742 5552 editi,
770 5481 1174 5552 commix'tionem.
1213 5481 1267 5533 Et
1289 5485 1434 5552 paulo
1459 5495 1584 5552 post,
1624 5487 1812 5552 pietatis
1850 5488 2088 5540 tenebras.

550 5501 572 5518 ο
605 5501 742 5544 natu,
770 5501 1174 5533 commutwuem.
1213 5501 1267 5533 ut
1289 5501 1434 5548 paulo
1521 5501 1584 5550 St,
1624 5501 1812 5552 premas
1850 5501 2088 5540 tenebras.

482 5553 538 5622 Et
551 5547 807 5622 infra‘pro,
827 5557 1055 5622 rediitque
1073 5551 1327 5622 naturam,
1349 5501 1595 5622 αξξ-(δείξω,
1621 5564 1823 5622 eamque
1845 5558 2088 5622 naturam.

485 5611 638 5718 Hisret
657 5608 764 5658 aliis
787 5609 838 5658 in
861 5609 954 5656 ista
969 5611 1290 5671 responsione
1315 5612 1434 5662 locis
1457 5608 1788 5666 emendantur
1809 5614 1869 5662 ad
1891 5621 2092 5664 veteres

485 5683 560 5720 col
577 5685 698 5721 tces.

483 5683 896 5818 fogugsg'ﬁierius,
919 5731 1031 5782 ideo
1048 5745 1151 5784 esse
1173 5734 1470 5786 mutabilem.
1518 5739 1688 5801 abest,
1726 5749 1848 5810 εδδεξ
1873 5751 1902 5788 ³
1923 5749 2092 5789 ¹Ῑ¹³¹¹¹¹’

479 5803 692 5857 scriptis.

549 5862 572 5888 ο
609 5856 905 5922 vignierius,
923 5869 1034 5905 nec.
1061 5864 1189 5920 uss,
1204 5871 1290 5910 ne.
1483 5909 1504 5950 ﬁ.

1463 5947 1504 5988 ξ
1597 5977 1606 5988 .

1159 373 1406 438 OPERIS
1443 371 1854 432 IMPERFECTI
1887 365 2164 426 CONTRA
2199 363 2560 454 JULlANlJM,
2601 363 2662 422 S.
2701 358 3080 460 AUGUSTlNI

3579 258 3614 269 -

3635 361 3782 424 ιω

2191 490 2394 536 taceam
2417 521 2432 546 ,
2461 480 2529 536 do
2555 480 2648 538 tibi
2673 481 2900 538 Paulum
2925 475 3224 552 apostolum
3241 521 3258 547 ,
3287 495 3452 553 quem
3475 486 3540 538 tu
3563 495 3778 552 quoque

2189 573 2520 632 laudatorem
2545 575 2803 646 praedicas
2823 575 3126 646 nuptiarum
3148 617 3164 644 ,
3210 573 3476 632 dicentem
3501 582 3685 632 tamen
3711 574 3774 631 de

2190 675 2394 722 natura:
2422 667 2696 740 originalis
2719 675 2736 705 ι
2783 676 2932 723 reatu
2951 708 2966 736 ,
2997 683 3190 740 corpus
3215 675 3485 722 mortuum
3514 682 3638 724 esse
3659 681 3754 738 pro

2191 768 2311 830 pter
2348 769 2623 832 peccatum
2655 758 2831 834 (Rom.
2862 776 2983 826 γιιι,
3017 759 3130 832 10).
3181 759 3260 816 Do
3289 759 3384 816 tibi
3421 759 3654 816 alterum
3685 759 3754 814 bu

2187 851 2278 924 jus
2311 852 2698 910 intellectorem
2721 895 2736 918 ,
2785 868 3072 924 meumque
3109 853 3416 917 doctorem,
3456 853 3778 908 catholicum

2193 945 2532 1024 Ambrosium
2559 987 2574 1010 ,
2631 946 2721 1017 qui
2771 961 2891 1002 cum
2949 945 3131 1002 laudet
3181 945 3518 1016 coniugalem
3571 945 3776 1016 pudici-

2191 1040 2317 1094 tiam
2338 1081 2354 1108 ,
2402 1039 2530 1096 dicit
2553 1049 2732 1096 tamen
2763 1060 2778 1095 :
2817 1059 2837 1094 (
2867 1039 3070 1096 Omnes
3097 1039 3198 1094 sub
3237 1048 3458 1110 peccato
3488 1039 3772 1104 nascimur,

2191 1145 2416 1201 quorum
2445 1129 2559 1202 ipse
2582 1139 2731 1186 ortus
2751 1130 2804 1186 in
2842 1130 2970 1186 vitio
2995 1140 3076 1186 est
3105 1148 3124 1182 ι
3161 1129 3262 1200 (De
3299 1127 3611 1185 Paenitentia
3633 1170 3650 1195 ,
3682 1129 3764 1182 lib.

2192 1223 2246 1289 l,
2267 1223 2530 1294 cap.2vet
2557 1223 2636 1295 5).
2679 1223 3039 1290 Calumniose,
3075 1223 3472 1290 contentiose’,
3517 1221 3774 1293 linguose,

2191 1314 2320 1386 quid
2341 1315 2538 1386 quaeris
2565 1315 2833 1386 amplius?

2265 1407 2452 1464 XXVI.
2497 1408 2616 1464 Jun.
2665 1407 2863 1464 Verum
2905 1407 3188 1464 adversum
3231 1407 3346 1464 haec
3380 1407 3612 1464 ludibria
3651 1411 3773 1464 satis

2193 1509 2371 1556 actum
2397 1510 2481 1556 est
2509 1519 2524 1557 :
2555 1502 2832 1558 veniamus
2859 1500 2928 1556 ad
2953 1515 3092 1567 eam,
3127 1515 3286 1572 quam
3311 1499 3634 1570 supradixi,
3663 1516 3778 1571 per-

2191 1593 2554 1664 plexissimam
2586 1595 2938 1665 quaestionem
2961 1637 2978 1663 ,
3021 1609 3140 1666 quae
3178 1594 3354 1666 ipsum
3395 1605 3778 1666 praceptorem

2193 1695 2342 1740 tuum
2380 1686 2462 1742 sui
2499 1687 2792 1742 subtilitate
2822 1686 3054 1758 decepit.
3085 1685 3420 1758 Oppositioni
3453 1687 3653 1758 quippe
3681 1703 3775 1742 no-

2191 1788 2317 1835 stra:
2336 1822 2352 1848 ,
2383 1777 2524 1836 haud
2549 1779 2866 1850 exponendo
2889 1820 2906 1848 ,
2935 1779 3030 1835 sed
3057 1779 3204 1835 aliud
3241 1778 3510 1836 difficilius
3535 1779 3780 1850 ponendo

2191 1879 2414 1928 conatus
2443 1887 2503 1928 es
2527 1887 2832 1928 occurrere.
2865 1871 3000 1928 Cum
3031 1873 3174 1928 enim
3199 1871 3506 1928 docuissem
3527 1913 3544 1938 ,
3576 1873 3702 1944 quia
3729 1873 3779 1927 in

2193 1962 2496 2020 hominibus
2540 1964 2871 2033 perfectioris
2911 1963 3086 2019 aetatis
3125 1964 3324 2018 malum
3365 1975 3558 2034 suapte
3597 1964 3782 2020 volun-

2191 2064 2300 2112 tate
2342 2056 2363 2088 ³
2408 2058 2754 2128 operantibus
2775 2098 2790 2125 ,
2835 2066 2891 2114 et
2925 2058 3154 2114 innocua
3195 2066 3400 2114 naturae
3437 2057 3785 2114 laudarentur

2192 2149 2432 2218 exordia,
2459 2159 2516 2206 et
2539 2151 2809 2208 actionum
2831 2151 3145 2208 diverticula
3167 2150 3288 2222 jure
3317 2151 3781 2223 vituperat-eatur;

2189 2241 2406 2314 duoque
2445 2259 2581 2310 esse,
2633 2259 2754 2316 qua:
2801 2244 3010 2316 possint
3055 2245 3340 2300 contrariis
3385 2245 3684 2314 applicari;
3733 2247 3786 2302 in

2190 2335 2425 2406 parvulis
2454 2347 2632 2392 autem
2662 2351 2826 2392 unum
2852 2381 2868 2405 ,
2901 2337 2954 2392 id
2981 2347 3094 2406 est,
3123 2346 3367 2392 naturam
3389 2379 3402 2402 ,
3439 2339 3568 2408 quia
3597 2338 3786 2394 volun-

2191 2437 2274 2484 tas
2301 2444 2408 2484 non
2437 2438 2614 2496 esset;
2658 2429 2894 2501 illudque
2929 2446 3095 2486 unum
3136 2440 3230 2486 aut
3267 2431 3409 2498 Deo,
3435 2440 3530 2486 aut
3557 2431 3786 2488 daemoni

2191 2535 2312 2577 esse
2339 2521 2692 2592 reputandum
2719 2539 2733 2576 :
2765 2523 3065 2594 collegique
3089 2521 3111 2554 ⁸
3133 2563 3150 2590 ,
3179 2531 3240 2578 ιιι
3267 2522 3312 2578 si
3357 2537 3454 2594 per
3489 2523 3662 2578 Deum
3691 2539 3786 2578 na-

2192 2623 2312 2670 tura
2365 2615 2726 2683 subsisteret,
2769 2631 2874 2672 non
2927 2625 3112 2687 posset
3155 2632 3278 2673 esse
3315 2619 3372 2672 in
3411 2633 3478 2674 ea
3531 2619 3788 2689 originale

2191 2708 2428 2776 malum;
2457 2708 2503 2763 si
2527 2717 2706 2764 autem
2729 2709 2942 2765 diabolo
2981 2693 3430 2766 transcriberetur
3459 2725 3556 2780 per
3585 2710 3788 2781 ingeni-

2193 2807 2304 2854 tum
2335 2799 2538 2856 malum
2559 2841 2574 2866 ,
2605 2799 2736 2855 nihil
2767 2809 2914 2856 esset
2940 2815 3035 2870 per
3057 2801 3201 2871 quod
3233 2801 3394 2856 homo
3431 2799 3614 2856 divino
3638 2801 3788 2872 operi

2194 2893 2558 2950 vindicaretur
2589 2913 2602 2948 :
2631 2909 2754 2950 eum
2783 2910 2912 2966 ergo
2952 2893 3020 2950 ad
3046 2909 3106 2950 ea
3138 2895 3476 2965 pervenisses
3501 2895 3616 2950 loca
3639 2937 3654 2964 ,
3697 2911 3786 2952 ne-

2193 2985 2476 3057 spondisti,
2509 2985 2612 3042 fide
2637 2986 2814 3054 solita,
2853 2999 2940 3041 me
2971 2986 3250 3058 collegisse
3275 3002 3500 3052 verum;
3527 2985 3622 3042 sed
3648 2993 3704 3042 et
3731 2986 3786 3042 in

2193 3080 2428 3150 parvulis
2453 3079 2560 3134 duo
2589 3095 2726 3145 esse,
2753 3078 2806 3134 id
2827 3088 2930 3146 est,
2959 3088 3204 3134 naturam
3231 3087 3286 3135 et
3309 3087 3612 3150 peccatum.
3633 3078 3786 3148 Quod

2195 3183 2370 3228 tamen
2400 3181 2674 3243 peccatum
2695 3214 2712 3240 ,
2753 3180 2814 3227 ut
2843 3172 3080 3244 priorum
3116 3171 3488 3230 definitionum
3533 3173 3785 3229 recorde-

2193 3264 2307 3330 ris,
2355 3263 2488 3319 nihil
2533 3273 2616 3319 est
2659 3265 2823 3332 aliud,
2879 3280 3038 3336 quam
3088 3265 3336 3320 voluntas
3389 3265 3656 3322 retinendi
3705 3267 3788 3321 vel

2194 3356 2505 3412 admittendi
2537 3355 2680 3427 quod
2707 3355 2910 3427 justitia
2942 3365 3124 3422 vetat,
3171 3367 3228 3412 et
3269 3357 3411 3414 unde
3439 3358 3672 3414 liberum
3709 3369 3788 3416 est

2194 3451 2483 3505 abstinere.
2513 3449 2820 3506 Constituto
2843 3465 2972 3521 ergo
3001 3459 3278 3520 peccatum
3307 3451 3438 3506 nihil
3469 3466 3596 3508 csse
3623 3451 3784 3518 aliud,

2194 3559 2352 3615 quam
2381 3559 2556 3613 prava:
2577 3543 2869 3599 voluntatis
2895 3542 3246 3610 electionem;
3279 3544 3630 3614 respondisti,
3659 3543 3788 3615 Epi-

2195 3652 2326 3692 cure
2354 3637 2522 3692 nostri
2552 3636 2830 3708 temporis,
2857 3637 2912 3692 in
2937 3636 3172 3706 parvulis
3199 3645 3480 3706 peccatum
3505 3651 3664 3704 esse,
3695 3651 3788 3692 vo-

2195 3729 2454 3784 luntatem
2483 3743 2594 3784 non
2629 3743 2751 3785 esse
2780 3747 2794 3783 :
2825 3728 2967 3800 quod
3008 3730 3163 3800 cujus
3187 3729 3258 3784 sit
3283 3729 3568 3786 dedecoris
3589 3771 3608 3798 ,
3653 3729 3790 3788 liber

2189 3819 2301 3892 jam
2327 3829 2548 3892 quartus
2571 3819 2824 3876 ostendit.
2851 3819 2910 3874 In
2937 3819 3023 3875 his
3043 3835 3172 3891 ergo
3201 3821 3334 3877 locis
3358 3837 3482 3877 cum
3507 3823 3786 3888 dixissem,

2193 3911 2251 3968 Si
2275 3928 2344 3968 ex
2367 3913 2642 3968 voluntate
2679 3923 2761 3968 est
2805 3921 3080 3983 peccatum
3103 3953 3118 3978 ,
3165 3912 3306 3968 mala
3346 3913 3593 3968 voluntas
3617 3955 3633 3983 ,
3671 3929 3788 3986 qua:

2195 4013 2474 4074 peccatum
2505 4003 2660 4070 facit;
2691 4003 2738 4058 si
2763 4018 2832 4059 ex
2864 4013 3072 4071 natura,
3101 4005 3243 4060 mala
3271 4014 3484 4072 natura,
3515 4023 3636 4076 quae
3661 4021 3788 4078 pec-

2193 4105 2372 4152 catum
2417 4095 2544 4152 facit
2575 4115 2589 4150 :
2622 4110 2684 4151 ea
2732 4096 3031 4167 quaestione
3065 4111 3124 4152 es
3161 4095 3295 4152 mihi
3333 4107 3560 4154 conatus
3597 4114 3786 4156 occur-

2195 4204 2316 4244 rere
2337 4229 2353 4257 ,
2383 4203 2542 4260 quam
2569 4203 2598 4242 a
2642 4198 2694 4244 te
2733 4188 3094 4259 excogitatam
3134 4205 3242 4244 non
3283 4203 3408 4246 esse
3439 4191 3784 4248 manifestum

2194 4293 2298 4339 est.
2329 4283 2464 4338 Nam
2495 4298 2618 4338 cum
2647 4289 2772 4338 ante
2797 4283 2897 4338 hos
2925 4298 3102 4338 annos.
3117 4297 3361 4339 essemus
3391 4284 3731 4358 Carthagini,
3757 4301 3786 4340 a

2195 4375 2430 4448 quodam
2473 4375 2606 4431 mihi
2656 4374 2931 4432 Honorato
2979 4375 3196 4432 nomine
3239 4375 3262 4407 '
3307 4377 3616 4432 necessario
3659 4383 3784 4444 tuo,

2194 4467 2490 4524 Manichaeo
2517 4484 2670 4539 teque
2689 4509 2704 4534 ,
2751 4467 2892 4524 sicut
2919 4467 3162 4538 epistolae
3199 4477 3396 4522 vestra:
3427 4467 3702 4535 indicant,
3735 4467 3784 4523 id

2195 4562 2370 4633 ipsum
2401 4561 2732 4633 propositum
2759 4569 2860 4616 est.
2893 4559 3055 4630 Cujus
3081 4559 3158 4614 rei
3185 4557 3254 4614 ad
3283 4557 3386 4614 hoc
3417 4558 3786 4615 tantummodo

2195 4657 2298 4714 feci
2329 4657 2654 4714 mentionem
2672 4697 2688 4722 ,
2719 4664 2777 4710 ut
2804 4653 3033 4710 elareret
3071 4653 3210 4708 hanc
3248 4668 3370 4709 esse
3399 4651 3750 4724 quaestionem
3769 4694 3784 4718 ,

2195 4767 2316 4822 quae
2343 4761 2399 4806 et
2435 4751 2642 4807 Manem
2671 4758 2725 4806 et
2763 4749 3088 4804 Marcionem
3117 4757 3243 4803 ante
3281 4756 3362 4804 tot
3391 4747 3590 4803 saecula
3619 4746 3780 4804 dece-

2195 4842 2381 4913 pisset.
2412 4841 2500 4898 Sic
2539 4856 2668 4913 ergo
2711 4839 2948 4911 loqueris
2971 4847 3160 4894 contra
3187 4838 3290 4894 hoc
3317 4837 3464 4910 quod
3503 4853 3606 4910 ego
3639 4838 3788 4894 dixe-

2193 4947 2332 5000 ram,
2359 4933 2415 4988 Si
2441 4941 2718 5002 peccatum
2745 4931 2798 4986 in
2828 4937 3093 4998 naturam,
3121 4927 3264 4984 mala
3291 4938 3484 4985 natura
3511 4945 3638 5000 qua:
3665 4943 3784 5001 pec.

2193 5036 2371 5082 catum
2401 5023 2530 5080 facit
2558 5041 2572 5078 :
2607 5041 2626 5076 ι
2659 5023 2854 5092 Quaero
2887 5021 2954 5076 ab
2983 5020 3074 5076 illo
3096 5061 3114 5089 ,
3145 5019 3190 5074 si
3222 5029 3402 5091 potest
3427 5021 3788 5092 respondeat,

2259 5182 2276 5213 ι
2313 5186 2470 5241 Forte,
2491 5175 2736 5242 originali.

2257 5243 2281 5274 ⁸
2311 5216 3060 5300 i556?£é£¢”é’:iii3ie,vigmerms
3081 5235 3420 5296 substituet-at,
3437 5235 3791 5300 commissae.

2261 5306 2284 5338 ³
2316 5295 2464 5363 Εᾱὶιῖ,
2483 5307 2658 5414 suath
2677 5295 2870 5350 natura:
2896 5299 3069 5348 Verius
3083 5304 3192 5348 Mss.
3207 5329 3223 5359 ,
3241 5295 3414 5362 suapte
3441 5295 3701 5350 mimanta.

2259 5366 2283 5398 ι
2315 5373 2472 5414 Forte.
2499 5364 2574 5414 col
2611 5375 2771 5414 atque.

2315 5373 2472 5416 Forte.
2499 5373 2771 5416 cantatque.

2259 5376 2283 5464 ἔ
2315 5376 2961 5487 ἕὲἷέἑίἰῗὲνέἓὲἇῖἕθὶιοηβηε-
2995 5429 3061 5472 Ac
3101 5419 3248 5485 paulo
3279 5429 3404 5487 νοει,
3433 5421 3564 5487 sicut
3585 5421 3800 5487 ερεειοιω

2197 5498 2374 5542 nostra:
2403 5484 2639 5540 indicant.
2679 5484 3004 5534 Emendantur
3038 5484 3114 5534 ex’
3133 5484 3492 5546 manum'iptis.
3516 5484 3799 5546 inodoratus

2199 5568 2344 5617 porro
2356 5553 2552 5617 amicus
2577 5549 2849 5617 Augustini,
2883 5546 3262 5617 qui__tuanichazis_
3305 5545 3562 5617 aliquando
3587 5547 3798 5617 inhaesit,

2199 5607 2479 5666 notissimus
2496 5619 2575 5662 est
2592 5607 2669 5660 ex'
2682 5609 2806 5658 libro
2819 5607 2884 5658 de
2902 5607 3122 5659 Utilitate
3144 5607 3377 5659 credendi
3388 5607 3450 5656 ad
3473 5619 3588 5656 eum
3601 5611 3798 5669 scripto.

2199 5685 2334 5728 Hunc
2365 5674 2582 5726 Julianus
2603 5673 2720 5722 satis
2759 5670 2938 5734 indicat
2971 5670 3202 5734 eumdem
3239 5672 3400 5734 ipsum
3423 5681 3556 5734 esse,
3581 5673 3668 5732 qui
3686 5677 3800 5734 αι*-
3851 5687 3856 5706 ι

2201 5740 2403 5800 thagiue
2422 5735 2777 5800 quaestionibus
2809 5733 2972 5800 missis
3015 5733 3074 5782 ad
3119 5729 3470 5800 έοιιιειιξῑιξιιιιιιιἸ
3497 5729 3632 5778 illam
3655 5731 3719 5780 ab
3743 5743 3802 5800 eo

2201 5793 2370 5850 contra
2391 5793 2949 5862 VPélagianoseximia‘m,
2973 5808 3084 5862 quae
3107 5794 3172 5845 de
3191 5793 3350 5844 Gratia
3359 5793 3476 5844 Novi
3499 5799 3804 5844 Testamenta

2201 5857 2782 5926 mscribiturfepistolatu
2806 5857 2896 5913 140
2917 5857 3122 5921 acuepit.
