3980 6502
228 422 377 484 “85

228 537 374 591 sicut
402 533 739 590 manifestum
762 539 846 590 est
863 575 880 602 ,
907 547 976 590 ex
1001 532 1273 591 voluntate
1299 534 1440 591 mala
1479 544 1732 606 tanquam
1759 552 1825 592 ex

227 627 428 683 arbore
452 626 593 681 mala
620 626 820 683 fructus
845 629 962 697 ejus
991 626 1105 683 ﬁeri
1127 627 1306 683 omnia
1337 643 1501 698 opera
1527 629 1661 684 mala
1687 645 1701 694 ;
1746 630 1826 684 sic

228 721 404 792 ipsam
430 705 771 776 voluntatem
814 721 1045 790 malam,
1091 722 1144 778 id
1175 731 1294 791 est,
1345 723 1514 793 ipsam
1554 721 1821 780 fructuum

229 813 498 868 malorum
526 812 773 868 arborem
802 815 997 869 malam
1028 815 1170 871 unde
1200 815 1342 872 dicat
1369 826 1633 872 exortam.
1667 816 1724 872 Si
1755 833 1819 873 ex

224 905 458 976 angelo;
484 904 611 974 quid
635 912 750 961 erat
772 906 887 977 ipse
907 908 1148 978 angelus,
1180 909 1280 963 nisi
1306 909 1502 964 bonum
1528 923 1661 979 opus
1688 910 1822 965 Dei?

225 995 288 1052 Si
318 1012 386 1053 ex
413 997 658 1064 homine;
688 998 816 1069 quid
839 1010 955 1055 erat
983 1001 1096 1071 ipse
1122 1000 1305 1067 homo,
1337 1000 1439 1055 nisi
1465 1002 1660 1056 bonum
1687 1017 1820 1072 opus

225 1087 371 1144 Dei?
417 1088 529 1144 lmo
569 1089 694 1160 quia
737 1092 982 1147 voluntas
1019 1093 1156 1147 mala
1196 1109 1264 1148 ex
1290 1094 1478 1164 angelo
1518 1094 1728 1164 angeli,
1766 1104 1822 1151 et

225 1194 298 1235 ex
323 1180 536 1236 homine
561 1181 791 1238 hominis
818 1191 936 1238 orta
960 1191 1075 1249 est;
1107 1183 1231 1254 quid
1260 1194 1413 1239 erant
1439 1185 1552 1241 haec
1574 1186 1700 1251 duo,
1725 1203 1821 1242 air-

227 1280 443 1345 tequam
467 1273 520 1328 in
546 1274 626 1329 eis
655 1276 752 1329 ista
794 1275 932 1330 mala
968 1276 1270 1341 orirentur,
1303 1276 1406 1332 nisi
1449 1277 1646 1333 bonum
1685 1293 1820 1349 opus

232 1367 355 1436 Dei,
377 1375 427 1423 et
442 1367 580 1422 bona
592 1375 752 1439 atque
768 1369 1029 1424 laudanda
1044 1380 1230 1426 natura
1247 1371 1270 1424 ?
1286 1370 1426 1442 Ecce
1443 1387 1570 1443 ergo
1591 1388 1656 1428 ex
1678 1372 1820 1428 bono

227 1461 401 1515 oritur
420 1461 639 1528 malum,
673 1476 772 1517 nec
800 1460 898 1516 fuit
917 1463 1136 1520 omnino
1164 1464 1304 1520 unde
1331 1466 1459 1520 oriri
1490 1479 1691 1536 posset,
1717 1468 1818 1523 nisi

223 1565 296 1606 ex
321 1551 493 1619 bono;
525 1552 691 1622 ipsam
723 1551 844 1608 dico
883 1555 1211 1610 voluntatem
1253 1556 1478 1624 malam,
1507 1574 1665 1627 quam
1695 1559 1817 1613 nul-

223 1645 340 1702 lum
381 1648 656 1717 praecessit
702 1648 932 1715 malum;
967 1665 1074 1704 non
1113 1665 1276 1720 opera
1317 1651 1453 1706 mala
1479 1693 1493 1718 ,
1541 1668 1663 1722 qua:
1711 1668 1817 1708 non

220 1748 354 1796 sunt
374 1741 478 1797 nisi
506 1758 572 1797 ex
597 1741 868 1799 voluntate
887 1743 1047 1810 mala,
1076 1752 1322 1814 tanquam
1346 1760 1412 1800 ex
1439 1744 1631 1800 arbore
1652 1747 1814 1801 mala.

223 1834 338 1892 Nec
368 1835 488 1892 ideo
528 1845 704 1892 tamen
732 1852 798 1891 ex
828 1836 969 1892 bono
1003 1837 1176 1908 potuit
1203 1838 1330 1892 oriri
1360 1839 1609 1894 voluntas
1638 1839 1775 1893 mala
1794 1880 1812 1907 ,

219 1929 345 2000 quia
393 1928 588 1983 bonum
639 1928 836 1984 factum
877 1937 959 1984 est
999 1944 1028 1983 a
1068 1929 1179 1984 Deo
1219 1929 1390 1995 bono;
1437 1929 1532 1985 sed
1576 1929 1699 2000 quia
1749 1929 1816 1986 de

217 2021 388 2077 nihilo
431 2021 622 2076 factum
655 2029 736 2076 est
756 2063 771 2088 ,
804 2035 910 2075 non
937 2019 1005 2077 de
1033 2021 1163 2076 Deo.
1206 2020 1343 2088 Quid
1386 2030 1471 2077 est
1511 2035 1639 2092 ergo
1672 2021 1815 2092 quod

217 2112 369 2176 dicit,
402 2109 458 2167 Si
486 2121 674 2166 natura
700 2126 834 2181 opus
863 2121 947 2167 est
971 2111 1086 2178 Dei,
1128 2129 1222 2183 per
1251 2107 1508 2184 opus‘Dei
1534 2129 1668 2183 opus
1695 2113 1814 2168 dia-

214 2203 331 2260 boli
356 2205 588 2260 transire
618 2220 724 2259 non
743 2204 969 2260 sinitur?
990 2205 1178 2261 Nonne
1199 2221 1334 2277 opus
1356 2205 1576 2272 diaboli,
1601 2206 1814 2276 quando

215 2297 277 2352 in
310 2297 498 2368 angelo
527 2297 616 2366 qui
642 2297 887 2352 diabolus
916 2297 1086 2353 factus
1117 2305 1239 2366 est,
1290 2299 1439 2369 prius
1477 2307 1654 2353 ortum
1695 2307 1809 2366 est,

216 2391 274 2445 in
304 2405 463 2460 opere
489 2391 584 2445 Dei
609 2399 782 2445 ortum
814 2390 940 2446 est?
965 2391 1300 2462 Quapropter
1340 2392 1383 2446 si
1430 2391 1628 2447 malum
1670 2391 1812 2462 quod

215 2481 439 2535 omnino
469 2496 726 2550 nusquam
753 2490 870 2537 erat
898 2482 950 2535 in
982 2496 1146 2552 Opere
1186 2481 1279 2537 Dei
1312 2481 1441 2540 oriri
1471 2482 1673 2552 potuit;
1715 2497 1813 2538 cur

216 2572 418 2627 malum
453 2571 594 2642 quod
621 2572 814 2627 alicubi
840 2573 952 2643 jam
979 2580 1094 2627 erat
1115 2615 1129 2640 ,
1173 2589 1270 2643 per
1297 2588 1431 2643 opus
1459 2573 1550 2627 Dei
1585 2573 1812 2629 transire

215 2679 328 2718 non
368 2663 574 2734 potuit?
614 2663 881 2734 Numquid
919 2664 1168 2721 homines
1207 2679 1316 2720 non
1357 2672 1481 2720 sunt
1505 2679 1640 2736 opus
1671 2665 1813 2721 Dei?

214 2757 538 2814 Pertransiit
565 2772 694 2830 ergo
725 2767 1002 2829 peccatum
1034 2774 1129 2829 per
1159 2758 1424 2825 homines,
1451 2759 1552 2815 hoc
1572 2769 1673 2828 est,
1698 2759 1811 2814 dia-

193 2837 332 2904 ‘boli
361 2865 495 2920 opus
525 2865 620 2920 per
648 2865 784 2920 opus
811 2850 940 2916 Dei;
983 2858 1142 2920 atque
1174 2859 1231 2904 ut
1260 2850 1367 2905 alio
1394 2850 1552 2906 modo
1580 2851 1810 2922 idipsum

210 2941 387 2996 dicam
410 2982 424 3008 ,
471 2957 602 3012 opus
631 2941 726 2997 Dei
764 2957 860 3012 per
898 2956 1034 3011 opus
1062 2941 1242 3012 operis
1271 2942 1366 2998 Dei
1403 2960 1423 2994 ι
1465 2940 1567 3016 (De
1597 2941 1810 3014 Nuptiis

211 3043 263 3086 et
284 3031 530 3102 Concup.,
561 3034 650 3087 lib.
673 3033 725 3100 2,
756 3051 809 3087 η.
837 3032 948 3105 48).
974 3033 1100 3088 Haec
1121 3043 1226 3088 tam
1254 3035 1441 3102 multa,
1475 3051 1592 3106 qua:
1612 3035 1680 3091 de
1707 3035 1810 3092 tuis

209 3125 550 3181 sermonibus
579 3127 770 3195 posui,
817 3135 1145 3196 aperuerunt
1188 3127 1406 3183 omnino
1450 3128 1619 3198 ipsum
1652 3137 1810 3198 caput

209 3225 269 3273 et
295 3216 493 3272 fontem
523 3218 722 3272 erroris
751 3217 955 3288 antiqui
987 3235 1000 3272 :
1032 3217 1164 3272 nihil
1189 3218 1242 3273 in
1271 3218 1428 3274 dictis
1454 3219 1556 3273 tuis
1577 3221 1805 3286 acutius,

209 3310 346 3366 nihil
376 3312 429 3365 in
459 3310 774 3367 disserendo
803 3311 1110 3394 perplexius
1150 3313 1408 3378 attulisti;
1450 3320 1563 3366 toto
1588 3313 1808 3366 omnino
1850 3359 1856 3364 .

208 3420 401 3476 campo
429 3404 805 3476 disputationis
834 3406 1084 3477 agitatus,
1110 3421 1172 3460 ac
1193 3405 1261 3460 de
1287 3405 1432 3460 omni
1454 3405 1593 3472 loco,
1628 3405 1681 3459 in
1703 3419 1809 3475 quo

208 3504 516 3553 tentaveras
541 3497 835 3552 subsistere
855 3539 868 3562 ,
901 3497 1066 3551 armis
1109 3496 1317 3552 infestae
1349 3497 1594 3551 veritatis
1620 3495 1810 3566 expul-

209 3604 327 3657 sus,
361 3591 654 3662 pervenisti
687 3588 901 3645 tandem
933 3588 1000 3643 ad
1025 3588 1174 3643 illum
1206 3603 1452 3658 specum,
1481 3603 1640 3658 quem
1669 3587 1809 3642 inter

208 3697 380 3754 opaca
433 3683 788 3754 quaestionum
838 3680 1161 3736 Manichacus
1221 3679 1450 3735 foderat.
1509 3679 1808 3735 Reddidisti

209 3776 565 3848 propositioni
595 3776 720 3830 huic
759 3774 1125 3830 testimonium
1166 3772 1499 3828 difﬁcultatis
1524 3787 1635 3827 suae
1660 3813 1675 3838 ,
1721 3771 1808 3827 di-

210 3885 346 3927 cens
369 3912 384 3936 ,
418 3889 437 3922 (
473 3870 665 3936 Quaero
690 3869 758 3923 ab
784 3868 876 3922 illo
896 3909 911 3935 ,
941 3875 1002 3922 ut
1025 3865 1072 3921 si
1102 3874 1278 3936 potest
1305 3865 1630 3936 respondeat
1659 3883 1672 3920 :
1707 3883 1726 3916 ›
1757 3873 1812 3920 et

207 3960 335 4018 ideo
362 3961 612 4032 quoniam
652 3959 903 4015 convenit
945 3959 1085 4013 inter
1123 3965 1411 4028 utrumque
1447 3967 1689 4011 nostrum
1731 3956 1812 4011 lo-

208 4071 334 4112 cum
361 4069 483 4111 esse
511 4052 807 4120 difﬁcilem,
835 4060 894 4108 ut
921 4059 1035 4107 toto
1057 4050 1237 4106 animo
1262 4050 1402 4106 adsit
1425 4050 1597 4105 lector
1622 4049 1810 4105 admo-

208 4164 338 4204 neo.
383 4147 760 4204 Distinctiones
789 4161 886 4216 pro
912 4147 992 4201 rei
1024 4145 1331 4202 conditione
1374 4146 1600 4201 subtiles
1621 4187 1635 4210 ,
1677 4161 1810 4216 quas

212 4242 500 4312 adjuvante
519 4240 735 4296 Christo
756 4240 967 4296 conﬁdo
987 4240 1357 4312 pinguescere,
1382 4240 1530 4312 prius
1552 4241 1808 4308 intentus,

217 4347 353 4387 mox
383 4347 600 4387 securus
627 4331 889 4403 sequitur.
920 4331 1170 4398 Quaesisti
1200 4346 1363 4401 ergo,
1398 4331 1538 4386 unde
1566 4333 1758 4386 malum
1793 4347 1808 4386 :

218 4423 533 4494 interrogo,
575 4422 717 4494 quod
758 4424 958 4478 malum
986 4423 1171 4491 dicas;
1213 4438 1496 4479 commune
1535 4425 1676 4480 enim
1709 4424 1813 4480 hoc

220 4529 427 4571 nomen
454 4525 535 4570 est
560 4515 729 4585 culpa:
755 4523 810 4570 et
835 4514 1118 4581 vindictae;
1146 4522 1402 4570 caeterum
1428 4515 1648 4571 abusive
1678 4531 1809 4586 sup-

216 4605 440 4676 plicium
462 4606 657 4661 malum
679 4615 921 4672 vocatur,
943 4621 1065 4661 cum
1091 4606 1353 4677 gravitate
1379 4605 1494 4676 ejus
1515 4622 1621 4678 quo
1646 4607 1812 4662 infer-

217 4708 314 4754 tur
334 4699 520 4770 judicii
555 4700 871 4756 vindicetur.
911 4699 1262 4771 Respondes,
1300 4700 1368 4757 de
1393 4709 1613 4772 peccato
1643 4710 1693 4756 te
1730 4701 1812 4756 di-

209 4808 362 4862 cere,
389 4809 496 4852 non
522 4795 589 4852 de
619 4795 902 4866 supplicio.

284 4886 420 4943 Auc.
453 4887 724 4957 Aperuisti
751 4887 972 4942 omnino
999 4885 1282 4941 stultitiam
1326 4893 1470 4941 tuam
1496 4927 1512 4952 ,
1555 4895 1810 4957 quantum

212 4977 456 5050 potuisti,
483 4977 575 5048 qui
602 4978 802 5032 malum
830 4976 1104 5032 conﬁteris
1123 4991 1244 5032 esse
1271 4991 1511 5046 peccare,
1538 4985 1592 5031 et
1611 4977 1811 5033 malum

211 5085 325 5126 non
351 5086 472 5126 esse
499 5070 634 5128 dicis
651 5114 666 5138 ,
696 5071 790 5126 sed
817 5071 1035 5127 abusive
1065 5071 1265 5126 malum
1291 5071 1507 5136 vocari,
1540 5072 1802 5142 supplicio

210 5165 529 5236 sempiterni
550 5165 686 5236 ignis
713 5164 922 5222 ardere.
951 5165 1058 5221 Sed
1085 5174 1248 5220 tantae
1277 5165 1625 5220 absurditatis
1646 5167 1810 5222 ratio-

211 5272 340 5312 nem
362 5255 544 5312 reddis
573 5258 885 5328 egregiam:
920 5276 940 5310 ι
977 5257 1231 5325 Abusive,
1271 5276 1290 5310 ι
1327 5256 1524 5328 inquis,
1560 5277 1579 5310 ι
1615 5259 1812 5330 suppli-

211 5350 358 5411 cium
384 5349 584 5404 malum
614 5357 853 5412 vocatur,
885 5363 1003 5404 cum
1028 5351 1286 5420 gravitate
1311 5347 1430 5420 ejus
1457 5365 1562 5421 quo
1588 5350 1814 5406 infertur

205 5442 401 5514 judicii
429 5440 751 5497 vindicetur.
798 5460 818 5493 ›
857 5441 914 5496 Si
944 5456 1071 5512 ergo
1094 5483 1109 5508 ,
1145 5451 1202 5495 ut
1230 5441 1334 5497 hoc
1363 5442 1510 5498 dicas
1533 5483 1546 5508 ,
1576 5443 1812 5498 damnati

211 5551 434 5606 pinnam
479 5551 588 5591 non
642 5551 708 5591 ex
765 5535 978 5590 miseria
1031 5533 1301 5605 patientis,
1356 5533 1448 5589 sed
1494 5550 1559 5590 ex
1607 5535 1809 5606 justitia

213 5627 525 5683 damnantis
553 5626 848 5696 appendis;
879 5625 966 5682 dic
990 5626 1228 5694 apertius
1250 5667 1264 5691 ,
1293 5625 1493 5680 bonum
1523 5642 1643 5681 esse
1680 5641 1830 5719 sup-I

215 5721 438 5792 plicium
462 5762 478 5785 ,
527 5719 668 5792 quod
707 5719 928 5774 abusive
955 5718 1088 5773 dicis
1126 5718 1324 5772 malum
1352 5719 1554 5773 vocari.
1589 5718 1807 5790 Suppli-

211 5826 360 5868 cium
380 5820 462 5868 est
490 5813 634 5868 enim
656 5825 813 5882 poena
840 5810 1062 5882 peccati,
1090 5818 1145 5864 et
1161 5810 1304 5880 justa
1332 5818 1416 5864 est
1440 5810 1619 5881 utique
1650 5826 1806 5881 paena

213 5904 425 5973 peccati
455 5922 470 5961 :
497 5905 704 5977 justum
723 5912 805 5961 est
825 5904 1002 5975 itaque
1028 5901 1382 5975 supplicium;
1411 5911 1464 5957 et
1485 5917 1642 5959 omne
1662 5905 1805 5976 quod

1578 421 1778 480 LIBER
1814 421 2132 496 QUINTUS.

1924 537 2128 608 justum
2159 546 2261 609 est,
2287 541 2488 599 bonum
2517 550 2601 599 est
2633 561 2646 599 :
2677 556 2876 602 bonum
2905 553 2989 605 est
3015 563 3147 622 ergo
3171 551 3516 624 supplicium.

1929 631 2118 689 Nonne
2143 638 2317 693 cernis
2338 679 2353 705 ,
2383 639 2486 695 nisi
2515 641 2586 696 ita
2615 642 2926 702 damnatum
2952 665 2983 704 a
3007 649 3296 711 damnante
3320 654 3515 714 distin-

1928 734 2169 794 guasrut
2190 726 2359 797 ipsam
2390 731 2808 803 damnationem,
2838 739 2979 809 quod
3003 743 3322 814 supplicium
3350 758 3432 803 est
3458 759 3516 806 et

1928 829 2086 887 paena
2136 822 2380 888 peccati,
2443 822 2639 880 bonum
2691 829 2905 898 quidem
2949 847 3084 903 opus
3135 851 3254 892 esse
3301 853 3510 898 asseras

1927 908 2248 978 damnantis,
2294 914 2389 969 sed
2433 915 2669 974 damnati
2711 922 2928 978 exitium
2965 911 3163 983 malum
3195 947 3208 983 :
3238 947 3342 985 non
3369 973 3385 999 ,
3425 933 3513 988 in-

1927 1017 2107 1072 quam,
2137 1005 2334 1074 cernis,
2367 1007 2473 1063 nisi
2503 1009 2618 1067 haec
2644 1028 2707 1068 ea
2737 1016 2943 1072 ratione
2972 1017 3288 1092 distinguas,
3317 1024 3383 1080 ad
3411 1025 3513 1082 hoc

1928 1101 1980 1149 te
2003 1094 2217 1165 perduci
2244 1106 2301 1151 ut
2329 1097 2496 1169 dicas,
2521 1100 2764 1159 homines
2786 1108 2941 1163 malis
2967 1111 3214 1180 operibus
3240 1115 3368 1180 suis,
3403 1132 3511 1173 non

1925 1187 1992 1241 ad
2019 1187 2156 1242 mala
2184 1205 2303 1260 quae
2331 1193 2600 1261 patiantur
2620 1198 2889 1267 graviora,
2914 1203 3055 1272 quod
3080 1220 3266 1263 verum
3291 1219 3392 1274 cst,
3415 1211 3512 1267 sed

1926 1279 1992 1333 ad
2031 1279 2168 1336 bona
2199 1283 2378 1354 potius
2410 1288 2725 1357 pervenire,
2766 1293 2908 1362 quod
2937 1302 3044 1350 tam
3074 1296 3262 1354 falsum
3293 1310 3375 1357 est
3398 1343 3414 1368 ,
3455 1311 3511 1358 et

1926 1381 2072 1428 tanta
2101 1375 2332 1431 vanitate
2360 1377 2554 1434 dicitur
2577 1422 2592 1447 ,
2635 1390 2692 1436 ut
2716 1382 2814 1438 ista
2845 1399 3036 1456 sapere
3065 1396 3270 1446 tantum
3297 1393 3364 1447 sit
3393 1409 3512 1448 ma-

1924 1467 2054 1537 lum,
2085 1477 2342 1540 quantum
2373 1482 2457 1528 est
2476 1474 2636 1530 etiam
2664 1477 2844 1534 cordis
2867 1481 2994 1536 caeci
3022 1485 3336 1554 supplicium
3361 1487 3385 1540 ?
3413 1487 3512 1557 lgi-

1927 1569 2013 1614 tur
2040 1576 2147 1617 non
2175 1562 2394 1620 abusive
2422 1576 2643 1624 vocatur
2670 1570 2905 1640 malum;
2936 1574 3030 1630 sed
3059 1591 3281 1646 prorsus
3311 1580 3510 1638 malum

1923 1661 2009 1708 est
2032 1655 2252 1724 patienti
2283 1674 2295 1711 :
2337 1659 2535 1714 bonum
2567 1670 2649 1717 est
2675 1671 2852 1719 autem
2887 1665 3134 1733 facienti,
3165 1671 3284 1740 quia
3310 1671 3512 1742 justum

1923 1756 2007 1803 est
2041 1763 2256 1819 poenam
2288 1752 2524 1824 irrogarc
2550 1757 2815 1826 peccanti.
2866 1758 2923 1814 Si
2959 1758 3192 1817 delirare
3238 1778 3344 1818 non
3386 1764 3466 1820 vis
3493 1803 3511 1831 ,

1924 1840 2025 1896 ista
2053 1842 2339 1914 distingue.

1993 1929 2210 1989 XXVII.
2261 1935 2379 1990 Jun.
2412 1936 2618 2005 Quaeris
2659 1956 2786 2013 ergo
2834 1944 2974 2000 unde
3016 1945 3086 2000 sit
3128 1947 3232 2003 hoc
3269 1949 3466 2004 malum
3493 1993 3510 2018 ,

1921 2027 2062 2098 quod
2094 2029 2284 2085 merito
2311 2031 2509 2086 malum
2535 2043 2756 2089 vocatur
2777 2077 2794 2104 ,
2838 2036 2891 2092 id
2917 2047 3033 2105 est,
3074 2049 3378 2110 peccatum.
3401 2043 3512 2100 Re-

1921 2120 2181 2190 spondeo,
2210 2121 2458 2192 imperite
2491 2124 2650 2185 nimis
2677 2128 2852 2198 rogari
2881 2130 3141 2200 originem
3170 2132 3244 2187 rei
3271 2175 3286 2199 ,
3317 2132 3385 2189 de
3412 2148 3511 2190 cu-

1915 2211 2003 2282 jus
2043 2212 2219 2268 adhuc
2255 2213 2565 2271 deﬁnitione
2599 2233 2708 2273 non
2753 2221 3014 2275 constitit.
3048 2222 3336 2280 Videamus
3376 2241 3506 2297 ergo

1920 2303 2066 2372 prius
2095 2311 2271 2358 utrum
2299 2306 2388 2373 sit,
2415 2317 2540 2361 tunc
2565 2308 2689 2378 quid
2712 2310 2800 2378 sit,
2830 2311 3074 2367 ultimum
3107 2315 3247 2371 unde
3266 2316 3354 2371 sit.
3380 2316 3510 2373 Fcci

1919 2391 2022 2448 hoc
2048 2394 2262 2464 quidem
2290 2396 2342 2449 in
2367 2397 2540 2467 primo
2563 2400 2844 2467 praesentis
2867 2403 3047 2472 operis
3071 2404 3250 2460 libello
3276 2445 3288 2468 ,
3316 2405 3411 2462 sed
3436 2407 3510 2464 ibi

1918 2499 1987 2539 ex
2027 2484 2204 2555 aliqua
2254 2496 2403 2556 parte
2439 2502 2657 2545 securus
2689 2491 3030 2563 :ambigatur
3069 2509 3198 2566 ergo
3231 2510 3410 2552 utrum
3439 2499 3514 2555 sit

1918 2577 2138 2632 malum.

1988 2673 2124 2728 Anc.
2157 2669 2215 2728 Si
2245 2681 2300 2728 tu
2329 2687 2448 2730 esse
2473 2673 2673 2730 malum
2697 2674 2907 2733 diceres
2926 2720 2942 2746 ,
2988 2693 3088 2750 ego
3123 2689 3300 2736 autem
3348 2699 3509 2756 nega-

1918 2777 2031 2817 rcm
2057 2781 2071 2828 ;
2103 2772 2228 2820 tunc
2255 2763 2394 2821 inter
2420 2781 2518 2822 nos
2545 2767 2770 2836 quaestio
2796 2778 3091 2825 verteretur
3113 2813 3129 2840 ,
3163 2781 3338 2829 utrum
3365 2785 3510 2834 esset

1916 2857 2117 2912 malum
2138 2899 2154 2926 ,
2199 2858 2251 2912 in
2282 2873 2384 2929 qua
2424 2861 2721 2930 quaestione
2750 2863 3052 2933 susciperes
3081 2865 3364 2923 ostendere
3389 2883 3507 2925 ma-

1916 2947 2028 3004 lum
2051 2965 2193 3016 esse,
2226 2951 2350 3021 quia
2382 2951 2433 3005 id
2462 2967 2491 3005 a
2519 2967 2606 3007 me
2638 2961 2889 3022 negatum
2917 2963 3060 3010 esset
3092 2972 3107 3010 :
3137 2971 3260 3011 cum
3295 2973 3425 3014 vero
3454 2959 3510 3015 id

1915 3050 2107 3096 neuter
2137 3051 2375 3097 nostrum
2400 3052 2576 3114 neget,
2607 3055 2796 3099 neuter
2823 3044 2946 3100 hinc
2971 3047 3234 3117 ambigat;
3262 3049 3386 3120 quid
3416 3065 3512 3119 po-

1916 3133 2021 3188 scis
2051 3143 2106 3188 ut
2132 3134 2430 3205 ambigatur
2455 3135 2595 3189 unde
2623 3152 2730 3190 non
2759 3139 3048 3210 mubigitur
3066 3180 3082 3206 ,
3126 3141 3228 3194 nisi
3257 3141 3511 3212 loquendi

1915 3225 2168 3293 libidine;
2198 3236 2256 3281 ut
2283 3243 2390 3282 non
2425 3228 2708 3282 verborum
2740 3244 2984 3284 meorum
3013 3231 3347 3288 convictione
3371 3273 3386 3299 ,
3415 3233 3512 3289 sed

1915 3319 2170 3375 librorum
2204 3330 2414 3376 tuorum
2440 3321 2775 3377 multitudine
2799 3323 3083 3392 glorieris?

1940 3476 1941 3479 η
1987 3410 2227 3467 XXVIII.
2258 3412 2378 3467 ιω..
2406 3415 2477 3468 At
2506 3413 2557 3468 id
2587 3429 2707 3468 esse
2733 3423 2997 3470 testantur
3020 3415 3352 3487 frequentata
3381 3419 3512 3474 vitia

1915 3511 1970 3558 et
1997 3518 2183 3558 severa
2202 3503 2402 3573 judicia
2435 3520 2450 3558 :
2479 3504 2720 3559 constitit
2744 3520 2873 3576 ergo
2893 3520 3013 3562 esse
3034 3518 3332 3576 peccatum.
3355 3509 3514 3577 Qum;

1917 3594 2086 3650 rimus
2113 3594 2238 3666 quid
2283 3595 2384 3661 sit;
2436 3604 2614 3649 utrum
2653 3609 2851 3665 corpus
2881 3597 3097 3667 aliquod
3121 3598 3228 3666 sit,
3275 3600 3412 3669 quod
3444 3615 3510 3656 ex

1919 3688 2098 3742 multis
2119 3685 2144 3719 ἰ
2172 3688 2527 3758 compositum
2552 3688 2828 3755 videatur;
2853 3704 2920 3744 an
2947 3691 3212 3762 singulare
3233 3693 3508 3763 quiddam,

1916 3779 2055 3834 sicut
2082 3795 2248 3834 unum
2276 3779 2494 3850 aliquod
2521 3781 2871 3849 elementum,
2901 3782 2986 3837 vel
3015 3798 3111 3854 per
3135 3785 3510 3856 cogitationem

1917 3887 1948 3927 a
1973 3873 2292 3945 reliquorum
2323 3875 2699 3931 communione
2729 3884 3028 3948 purgatum.
3056 3878 3223 3933 Porro
3249 3879 3379 3933 nihil
3407 3880 3509 3934 ho-

1918 3985 2035 4024 rum
2063 3978 2167 4025 est.
2198 3969 2336 4038 Quid
2365 3979 2447 4024 est
2479 3971 2647 4041 ergo?
2675 3970 2956 4041 Appetitus
2982 3970 3166 4026 libera:
3195 3972 3506 4042 voluntatis,

1918 4075 2078 4131 quem
2123 4059 2369 4131 prohibet
2400 4060 2604 4130 justitia
2636 4078 2648 4116 :
2679 4062 2799 4129 vel,
2847 4070 2905 4116 ut
2942 4061 3252 4119 definitione
3295 4075 3514 4120 utamur

1919 4154 2119 4224 priore,
2150 4153 2410 4213 Voluntas
2437 4152 2664 4208 faciendi
2695 4153 2836 4224 quod
2860 4154 3062 4224 justitia
3092 4163 3255 4223 vetat,
3286 4165 3341 4211 et
3367 4157 3510 4213 unde

1919 4244 2147 4300 liberum
2191 4253 2272 4300 est
2310 4244 2598 4300 abstinere.
2640 4244 2932 4300 Considera
2958 4262 3108 4317 ergo,
3141 4257 3320 4303 utrum
3361 4258 3512 4304 extra
3575 4283 3578 4286 -

1922 4337 2177 4394 terminos
2216 4337 2540 4393 definitionis
2570 4337 2730 4409 hujus
2769 4348 3046 4410 peccatum
3089 4352 3320 4409 nequeat
3361 4344 3508 4400 inve-

1920 4429 2045 4494 niri,
2078 4444 2146 4484 ne
2173 4429 2300 4484 alibi
2326 4438 2581 4500 vagetur,
2613 4431 2756 4501 quod
2797 4447 2893 4487 nos
2929 4434 3376 4503 comprehensum
3406 4452 3508 4506 pu-

1922 4530 2112 4576 tamus.
2141 4520 2496 4578 Consulamus
2523 4538 2650 4594 ergo
2673 4524 2934 4594 justitiam
2955 4525 3265 4595 judicantis,
3294 4537 3353 4582 ut
3377 4523 3432 4585 et
3457 4529 3516 4584 il-

1919 4612 2022 4668 lius
2052 4614 2360 4670 testimonio
2391 4615 2628 4682 elareat,
2661 4625 2838 4671 utrum
2880 4617 3017 4673 bene
3062 4619 3295 4674 cinctum
3329 4621 3399 4676 sit
3426 4620 3512 4677 his

1921 4705 2176 4762 limitibus
2201 4722 2368 4778 genus
2393 4723 2553 4763 omne
2577 4709 2599 4740 ³
2627 4709 2852 4779 peccati.
2881 4710 3179 4780 lmputatne
3203 4711 3345 4769 Deus
3366 4714 3512 4784 quod

1920 4799 2022 4854 scit
2049 4815 2157 4854 non
2185 4814 2340 4870 posse
2371 4799 2567 4855 vitari?
2596 4801 2665 4855 At
2692 4801 2834 4856 nulla
2857 4802 3061 4872 justitia
3089 4812 3194 4872 est,
3225 4813 3280 4859 et
3302 4819 3515 4862 summa

1921 4892 2233 4949 deformitas
2265 4912 2279 4949 :
2309 4894 2417 4949 imo
2452 4895 2495 4948 si
2523 4893 2626 4949 hoc
2656 4894 2765 4962 ﬁat,
2797 4910 2901 4950 non
2935 4898 3230 4965 puniuntur
3256 4909 3472 4969 peccata
3494 4942 3510 4969 ,

1920 4983 2012 5043 sed
2040 4992 2308 5041 crescunt.
2335 4985 2379 5040 A
2406 4986 2550 5054 justo
2576 4986 2718 5041 enim
2742 4985 2924 5056 judice
2942 4988 3100 5059 culpa
3128 4992 3305 5060 puniri
3331 4993 3469 5048 solet
3495 5013 3510 5049 :

1920 5093 1984 5134 ea
2014 5079 2058 5133 si
2082 5079 2135 5132 in
2167 5079 2336 5148 ipsum
2366 5079 2625 5134 arbitrum
2655 5079 2675 5110 ³
2698 5079 2922 5149 justitia:
2951 5084 3294 5153 corruptione
3324 5101 3514 5155 perva-

1921 5167 2031 5236 dat,
2073 5168 2338 5224 vindicata
2365 5180 2448 5226 est
2477 5169 2546 5225 de
2582 5169 2765 5240 judice
2791 5213 2805 5238 ,
2841 5187 2964 5228 non
2997 5174 3199 5244 punita.
3240 5175 3356 5230 Non
3383 5192 3512 5246 ergo

1920 5263 2143 5334 imputat
2165 5263 2372 5333 justitia
2400 5263 2452 5318 in
2484 5273 2761 5334 peccatum
2788 5307 2804 5332 ,
2837 5267 2937 5320 nisi
2983 5267 3128 5321 unde
3163 5267 3388 5324 liberum
3425 5278 3509 5324 est

1918 5355 2207 5411 abstinere.
2239 5355 2489 5432 Liberum
2519 5365 2698 5412 autem
2728 5355 2832 5411 dici
2861 5373 2970 5412 non
3002 5367 3208 5426 potest,
3239 5359 3341 5414 nisi
3366 5359 3510 5429 quod

1919 5449 2034 5505 sine
2077 5436 2254 5520 aliquo
2297 5447 2590 5504 inevitabili
2640 5449 2961 5504 naturalium
3014 5458 3200 5503 coactu
3229 5491 3243 5515 ,
3292 5449 3346 5503 in
3389 5450 3512 5520 jure

1917 5540 2263 5610 emancipatae
2305 5540 2608 5617 constiterit
2646 5539 2954 5595 voluntatis.
3004 5539 3217 5610 Optime
3257 5555 3385 5612 ergo
3423 5551 3510 5600 est

1919 5635 2124 5691 ﬁnitum
2164 5644 2220 5692 et
2263 5635 2419 5705 plene
2471 5651 2486 5689 :
2529 5635 2810 5690 Peccatum
2859 5642 2942 5688 est
2985 5633 3232 5692 voluntas
3279 5633 3511 5696 faciendi

1981 5792 1998 5860 ξ
2034 5791 2234 5860 sicttss.
2253 5795 2317 5860 at
2339 5789 2476 5860 editi,
2495 5802 2561 5840 ex
2583 5785 2819 5860 omnibus.

1979 5855 2000 5885 ³
2021 5854 2103 5915 'Sic
2117 5857 2225 5901 Mss.
2251 5859 2304 5915 In,
2322 5854 2481 5915 vign.,
2506 5854 2676 5915 anulis.
2931 5913 2933 5915 ι

1986 5917 2006 5949 ³
2037 5914 2175 5980 Editi,
2199 5913 2467 5968 arbitrium.
2493 5913 2660 5965 Melius
2680 5920 2808 5974 Mss,
2831 5913 3086 5968 arnttrwn.

3380 447 3517 505 “66
3602 485 3608 491 ο
