3980 6490
613 377 751 439 “67

614 492 759 567 quod
784 491 984 565 justitia
1022 497 1188 557 vetat,
1232 497 1287 545 et
1332 486 1473 543 unde
1519 486 1747 541 liberum
1784 496 1867 541 est
1906 486 2192 542 abstinere.

619 588 719 644 llis
748 603 873 658 ergo
903 583 1139 657 partibus
1161 581 1442 646 absolutis,
1473 587 1747 651 qumratur
1775 578 1916 634 unde
1942 579 2030 644 sit,
2058 575 2199 659 quod

619 678 1078 751 perturbatissime
1106 684 1229 731 ante
1262 672 1359 730 bas
1387 672 1726 728 definitiones
1769 672 1939 726 fuerat
1976 670 2200 741 inquisi-

619 750 753 825 tum.
782 760 933 826 Unde
958 775 1040 823 est
1063 781 1190 839 ergo
1216 765 1530 838 peccatum?
1555 761 1895 835 Respondeo,
1928 762 2004 818 De
2035 750 2200 817 libera

616 862 887 917 voluntate
911 855 1172 916 facientis.

690 958 824 1012 Anc.
860 953 1003 1009 ltaue
1019 969 1145 1008 vero
1164 951 1233 1008 de
1254 950 1415 1007 libera
1429 949 1699 1007 voluntate
1717 948 1958 1005 facientis
1988 956 2090 1015 est,
2115 947 2203 1002 ubi

623 1045 844 1111 dicitur,
878 1040 1117 1099 Siautem
1137 1042 1271 1116 quod
1286 1041 1402 1098 nolo
1428 1060 1540 1116 ego,
1571 1042 1665 1097 hoc
1679 1041 1833 1113 facio,
1853 1042 1968 1111 jam
1991 1057 2091 1095 non
2114 1055 2203 1112 ego

622 1153 801 1207 operor
823 1134 1074 1200 illud,sed
1096 1133 1232 1203 quod
1255 1135 1446 1190 habitat
1462 1135 1516 1189 in
1533 1151 1611 1188 me
1636 1142 1892 1205 peceatum
1911 1130 2084 1204 (Rom.
2107 1146 2200 1197 vn,

630 1227 752 1293 20)?
782 1227 1008 1283 Videsne
1036 1243 1156 1283 cuni
1182 1228 1378 1298 qumris
1407 1227 1549 1283 unde
1590 1226 1659 1282 sit
1702 1234 1975 1295 peccatum
1998 1266 2011 1290 ,
2045 1232 2205 1293 atque

623 1320 947 1394 respondes,
983 1340 1001 1374 ι
1037 1323 1112 1377 De
1140 1322 1303 1376 libera
1333 1321 1603 1375 voluntate
1632 1316 1905 1382 facientis,
1938 1334 1957 1369 ι
1994 1316 2121 1370 illud
2154 1325 2205 1371 te

618 1415 853 1485 Cogitare
881 1423 1176 1483 peccatum,
1194 1412 1335 1484 quod
1368 1429 1471 1466 non
1493 1421 1577 1467 est
1595 1411 1751 1466 etiam
1778 1424 1932 1480 paena
1955 1407 2154 1481 peccati
2186 1424 2200 1461 :

624 1507 728 1563 hoc
763 1515 937 1561 autem
983 1506 1072 1561 ubi
1114 1504 1233 1561 facit
1270 1503 1429 1560 homo
1459 1503 1599 1576 quod
1637 1518 1741 1558 non
1771 1503 1915 1569 vult,
1945 1512 1998 1557 et
2024 1509 2203 1556 tamen

621 1608 897 1670 peccatum
936 1614 1054 1655 esse
1084 1599 1369 1669 Apostolus
1400 1597 1629 1662 clamat,
1657 1594 1723 1650 ad
1756 1594 1890 1650 hanc
1933 1602 2073 1649 tuam
2114 1608 2203 1648 re-

621 1691 962 1761 sponsionem
1002 1690 1221 1745 minime
1260 1689 1525 1760 pertinere
1549 1729 1563 1751 ,
1589 1703 1686 1742 nec
1729 1687 1795 1742 ad
1840 1685 1983 1740 illam
2016 1682 2205 1740 defini-

619 1785 849 1848 tionem,
895 1798 1055 1854 quam
1098 1781 1525 1838 commemorasti
1567 1779 1781 1845 dicens,
1824 1778 2105 1834 Peccatum
2151 1775 2203 1831 id

619 1889 769 1942 esse,
800 1875 941 1946 quod
980 1881 1062 1929 est
1086 1875 1327 1929 voluntas
1355 1872 1578 1927 faciendi
1618 1871 1763 1944 quod
1798 1870 1999 1941 jnstitia
2029 1876 2201 1934 vetat,

619 1974 675 2022 et
696 1964 835 2022 unde
857 1965 1078 2020 liberum
1101 1972 1182 2020 est
1202 1962 1506 2020 abstinere?
1525 1962 1803 2034 Quomodo
1817 1963 1958 2039 enim
1979 1961 2201 2016 liberum

619 2067 701 2114 est
736 2058 1032 2126 abstinere,
1079 2057 1167 2113 ubi
1211 2054 1498 2124 clamatur,
1532 2048 1682 2124 Quod
1726 2053 1878 2121 nolo,
1912 2053 2005 2107 hoc
2036 2051 2205 2125 facio?

624 2146 793 2205 Aliter
821 2166 950 2220 ergo
979 2159 1168 2204 natura
1198 2146 1427 2203 humana
1454 2147 1726 2221 peccavit,
1759 2143 1971 2217 quando
1996 2143 2043 2199 ei
2071 2142 2202 2199 libe-

614 2256 735 2297 rum
759 2239 856 2296 fuit
888 2241 1157 2297 abstinere
1184 2256 1213 2294 a
1236 2249 1456 2311 peccato
1489 2256 1501 2292 :
1535 2237 1689 2293 aliter
1715 2252 1854 2292 nunc
1878 2244 2060 2307 peccat
2083 2249 2204 2305 per-

617 2331 725 2388 dita
754 2331 1017 2398 libertate,
1038 2330 1250 2403 quando
1275 2341 1395 2403 eget
1421 2330 1722 2385 liberatoris
1741 2329 1957 2384 auxilio.
1981 2327 2049 2383 Et
2074 2326 2203 2382 illud

614 2424 983 2481 tantummodo
1002 2434 1277 2499 peccatum
1290 2431 1405 2479 erat
1424 2440 1436 2476 :
1454 2418 1559 2479 hoc
1578 2433 1751 2477 autem
1768 2422 1926 2477 etiam
1948 2428 2032 2476 est
2047 2433 2201 2491 pmna

613 2515 840 2584 peccati.

690 2607 883 2663 XXIX.
911 2607 1031 2665 Jun.
1062 2607 1171 2664 Sed
1204 2606 1511 2675 videamus,
1539 2615 1717 2662 utrum
1758 2605 1896 2660 istud
1936 2603 2079 2674 quod
2107 2602 2204 2659 de-

617 2694 787 2757 finitio
822 2702 1095 2773 praemissa
1129 2692 1386 2765 confecit,
1411 2694 1649 2754 omnium
1687 2698 1999 2753 assensione
2027 2694 2205 2751 firme-

612 2799 721 2847 tur.
761 2789 919 2848 Certe
958 2807 1059 2848 nec
1103 2790 1335 2863 prudens
1372 2789 1500 2847 hinc
1543 2789 1686 2845 ullus
1737 2796 1945 2861 potest,
1980 2802 2079 2842 nec
2116 2801 2206 2841 ca-

612 2882 844 2941 tholicus
882 2883 1157 2953 dubitare,
1197 2882 1251 2940 id
1294 2891 1415 2949 est,
1459 2899 1558 2939 nec
1609 2891 1885 2954 peccatum
1935 2895 2055 2937 esse
2103 2879 2206 2937 nisi

612 2976 756 3050 quod
796 2984 973 3049 potest
1007 2972 1214 3044 caveri,
1244 2991 1345 3031 nec
1381 2975 1642 3046 justitiam
1676 2989 1796 3030 esse
1833 2974 1933 3028 nisi
1959 2986 2079 3043 qua).
2104 2966 2208 3028 hoc

612 3062 841 3140 imputet
864 3067 943 3122 illi
966 3082 1126 3138 quem
1160 3067 1331 3138 punit,
1364 3065 1506 3137 quod
1536 3065 1703 3121 libera
1729 3064 1999 3120 voluntate
2029 3078 2123 3133 per
2148 3077 2207 3118 se

613 3157 732 3229 ipse
750 3158 1038 3226 commisit,
1061 3172 1182 3212 cum
1211 3158 1472 3228 potuisset
1498 3170 1709 3211 cavere.

687 3251 823 3306 Ave.
869 3246 983 3303 Hoc
1034 3248 1347 3321 imputatum
1392 3256 1474 3303 est
1528 3246 1703 3319 primo
1762 3244 2010 3314 homini,
2065 3244 2208 3310 quod

614 3352 798 3412 posset
849 3356 1075 3409 cavere,
1129 3340 1175 3395 si
1230 3341 1391 3397 vellet
1442 3358 1455 3394 :
1504 3337 1602 3395 sed
1645 3337 1763 3410 ejus
1818 3345 2040 3409 peccato
2084 3337 2206 3392 uni-

610 3448 770 3490 versa
820 3432 981 3488 etiam
1031 3433 1084 3487 in
1160 3418 1388 3503 posteris
1441 3443 1630 3486 natura
1683 3432 1867 3486 vitiata
1926 3429 2209 3487 Salvatore

611 3538 750 3596 opus
780 3522 937 3580 habet
963 3566 978 3591 ,
1011 3532 1067 3580 ut
1095 3524 1266 3596 possit
1292 3539 1485 3580 cavere
1514 3532 1731 3596 peccata
1750 3565 1765 3591 ,
1795 3524 2012 3595 quando
2047 3526 2207 3581 etiam

612 3626 745 3673 aetas
779 3616 1096 3685 accesserit,
1123 3631 1227 3687 qua
1266 3614 1341 3670 uti
1382 3615 1551 3685 possit
1579 3615 1801 3670 rationis
1830 3614 2008 3675 ofﬁcio
2037 3634 2050 3669 :
2082 3623 2208 3672 ante

613 3706 755 3765 banc
778 3723 906 3765 vero
932 3716 1144 3766 aetatem
1172 3706 1313 3764 inest
1339 3723 1405 3764 ex
1432 3708 1637 3778 origine
1662 3716 1842 3764 reatus
1866 3707 2210 3779 generatione

611 3802 956 3866 contractus,
1011 3804 1417 3871 regeneratione
1471 3798 1852 3855 detrahendus.
1907 3798 2061 3868 Quod
2112 3818 2208 3856 vos

613 3888 901 3961 negando,
935 3888 1275 3962 apertissime
1320 3888 1498 3946 dicitis
1549 3888 1819 3946 Christum
1872 3890 2057 3947 Jesum
2100 3907 2207 3948 non

613 3994 736 4037 esse
760 3974 947 4037 Jesum
988 3978 1262 4053 parvulis;
1286 3981 1377 4052 qui
1422 3986 1703 4052 propterea
1737 3989 1873 4038 teste
1901 3981 2109 4053 Angelo
2132 3983 2210 4038 sic

613 4082 873 4143 Vocatur,
909 4075 1032 4146 quia
1073 4072 1271 4130 saluum
1304 4074 1455 4147 faciet
1495 4071 1746 4146 pupulum
1787 4088 1936 4130 suum
1963 4074 2061 4149 (in
2102 4091 2208 4147 quo

614 4166 814 4247 populo
858 4167 1107 4240 parvulos
1156 4182 1277 4224 esse
1310 4181 1418 4223 non
1457 4166 1618 4223 vultis
1647 4167 1668 4238 )
1705 4182 1738 4222 a
1775 4169 1993 4239 peccatis
2033 4180 2208 4223 eorum

617 4256 834 4332 (Matth.
862 4275 911 4328 ι,
935 4257 1051 4333 21).
1334 4251 1345 4256 ’

688 4346 859 4407 XXX.
882 4350 1004 4407 Jun.
1031 4349 1139 4407 Sed
1164 4338 1222 4405 ut
1245 4350 1399 4406 nobis
1414 4349 1523 4422 jam
1547 4349 1647 4407 ista
1677 4365 1785 4406 non
1816 4348 2078 4407 lubricam
2097 4394 2111 4414 .
2136 4351 2207 4408 ita

617 4456 651 4500 a
673 4438 965 4500 Manicha’o
998 4451 1051 4499 et
1077 4438 1413 4498 Traduciano
1441 4440 1660 4513 Paribus
1701 4440 1892 4497 animis
1933 4441 2207 4514 repellun-

619 4542 729 4592 tur.
760 4534 1046 4592 Videamus
1067 4550 1195 4607 ergo
1219 4532 1345 4606 quid
1372 4533 1473 4606 ipsi
1502 4532 1700 4591 dicant.
1724 4532 2049 4591 Manichaeus
2072 4538 2207 4593 scri-

619 4618 700 4683 bit
720 4627 960 4683 naturale
987 4640 1107 4682 esse
1134 4626 1407 4696 peccatum
1438 4643 1453 4679 :
1482 4627 1670 4681 annuit
1696 4626 2021 4698 Augustinus
2050 4636 2206 4683 natu-

616 4720 730 4775 rale
750 4732 871 4775 esse
895 4725 1189 4789 peccatum.
1212 4703 1385 4773 Ambo
1414 4732 1542 4787 ergo
1567 4718 1635 4775 ab
1655 4733 1738 4783 ea,
1766 4734 1923 4789 quam
1949 4720 2210 4790 praemisi-

613 4825 770 4877 mus,
793 4808 1103 4867 definitione
1134 4806 1457 4866 dissentiunt
1478 4852 1493 4873 ,
1524 4810 1824 4883 habentque
1854 4811 1905 4867 in
1947 4811 2209 4867 naturalis

616 4904 818 4976 peccati
836 4904 1231 4976 nuncupatione
1250 4905 1861 4978 collegium.Videamus
1881 4906 2006 4977 quid
2031 4906 2209 4961 dicant

616 4995 776 5052 etiam
821 4994 889 5051 de
933 4994 1131 5067 genere
1171 4996 1404 5065 peccati,
1439 4992 1492 5051 id
1533 4996 1643 5061 est,
1669 4997 1810 5067 quod
1863 5004 2045 5066 putant
2087 4994 2209 5054 esse

616 5088 893 5158 peceatum
912 5130 926 5154 ,
957 5086 1097 5157 quod
1128 5086 1287 5142 ambo
1316 5088 1560 5143 naturale
1588 5086 1944 5153 confirmant,
1970 5094 2045 5143 ‘ne
2072 5088 2209 5145 forte

616 5177 703 5235 vel
727 5178 779 5234 in
811 5187 1069 5251 sequente
1092 5179 1259 5250 gradu
1295 5178 1630 5235 dissentiant.
1660 5176 1797 5246 Quid
1829 5179 2016 5235 scribit
2040 5180 2207 5235 Mani-

618 5269 804 5327 chacus
845 5266 911 5326 ad
960 5266 1161 5326 ﬁliam?
1185 5262 1686 5341 Concupiscentiam
1730 5271 1939 5337 carnis,
1971 5282 2026 5327 et
2065 5271 2207 5327 illam

617 5361 946 5433 voluptatem
976 5360 992 5394 ¹
1022 5356 1358 5419 fecunditatis
1397 5362 1545 5432 Operi
1588 5362 1905 5419 destinatam
1931 5407 1947 5432 ,
1981 5380 2075 5434 per
2109 5365 2212 5422 hoc

619 5456 836 5529 probari
888 5452 1204 5511 diabolicam
1233 5497 1249 5523 ,
1275 5460 1372 5525 per
1415 5452 1556 5527 quod
1608 5472 1741 5527 opus
1790 5457 1906 5529 ejus
1939 5459 2208 5531 publicum

621 5549 756 5605 vitet
794 5557 1089 5619 aspectum.
1117 5546 1254 5617 Quid
1284 5546 1657 5619 Augustinus?
1685 5549 1833 5607 idem
1865 5566 1960 5623 per
1987 5553 2162 5608 omnia
2194 5572 2207 5607 :

630 5650 651 5695 ι
698 5640 792 5698 Illa
853 5641 1280 5714 concupiscentia
1344 5642 1521 5699 carnis
1589 5642 1765 5703 frutex
1821 5655 1905 5702 est
1969 5644 2209 5716 diaboli;

691 5795 870 5871 13.4.“!
904 5795 1041 5871 109°,
1077 5794 1393 5871 υοζυρέααηέ
1425 5798 1756 5863 manium.
1785 5813 1987 5871 operam
2024 5814 2045 5857 ε
2066 5816 2212 5868 repu-

1266 373 1510 432 oesms
1545 372 1965 440 IMPE'RFECTI
1996 370 2277 433 coms
2307 368 2666 436 malum,
2706 368 2765 426 s.
2806 368 3189 429 AUGUSTINI
3707 386 3795 447 im

2316 501 2334 534 ι
2379 496 2538 538 causa
2566 523 2583 549 ,
2611 480 2694 535 lex
2726 482 2962 550 peccati,
2990 496 3109 551 quae
3141 479 3342 548 evitat,
3370 495 3390 532 ι
3420 480 3603 554 intulit,
3629 505 3647 542 t
3666 489 3796 566 tibiun

2314 593 2335 627 ι
2371 582 2797 644 conspectum,et
2818 575 3006 644 qumrit
3024 572 3288 657 pudendo
3316 579 3687 652 secretarium:
3702 584 3798 660 Νιρ.

2310 668 2390 722 tiis
2437 676 2483 721 et
2529 665 2944 740 Concupiscentia
2970 709 2987 735 ,
3012 652 3100 722 lib.
3196 707 3215 730 ν
3241 684 3297 719 η-
3325 663 3397 722 96
3422 709 3437 733 ν
3465 679 3510 724 ει
3528 687 3575 725 η·
3597 670 3627 729 8
3648 675 3680 745 lo

2312 778 2416 819 nec
2440 763 2508 819 de
2532 762 2713 834 priore
2731 802 2746 828 ,
2779 778 2879 820 nec
2905 762 2970 817 de
2999 746 3270 833 sequente
3297 762 3419 816 mali
3456 764 3637 824 ratione
3664 746 3802 830 discoi.

2312 854 2460 911 dant.
2509 854 2646 924 Quid
2674 854 2947 911 tertium?
2996 852 3133 909 Cum
3189 854 3311 924 jam
3361 860 3599 924 quatritur
3634 861 3805 923 eodem

2313 947 2510 1004 malum
2536 966 2551 1015 ;
2582 948 2904 1004 Manichazus
2930 991 2944 1016 ,
2972 948 3046 1004 De
3072 957 3273 1003 natura
3293 988 3311 1014 ,
3338 947 3533 1020 inquit,
3557 953 3803 1012 tenebrarum

2312 1050 2533 1097 acterna.
2560 1041 2694 1109 Quid
2732 1041 3099 1112 Augustinus?
3128 1039 3347 1106 Nimio,
3374 1038 3573 1112 inquit,
3600 1043 3711 1101 istud
3738 1067 3805 1106 ω-

2310 1134 2475 1206 gister
2502 1150 2673 1203 meus,
2701 1135 2790 1207 qui
2816 1144 2967 1207 putat
2991 1136 3198 1193 malum
3226 1152 3498 1208 nunquam
3514 1140 3806 1210 capiamur-

2314 1228 2392 1298 pit
2420 1244 2515 1298 per
2549 1229 2708 1300 primi
2734 1228 2966 1284 hominis
2991 1229 3334 1297 voluntatem
3361 1269 3379 1294 ,
3406 1228 3511 1283 imo
3543 1229 3638 1300 jam
3663 1247 3731 1302 per
3753 1252 3804 1291 suo

2311 1324 2539 1394 perioris
2587 1334 2792 1380 natura;
2822 1365 2841 1390 ,
2891 1324 2945 1381 id
2992 1334 3116 1391 est,
3178 1325 3485 1396 angelicae;
3531 1326 3652 1382 sed‘
3694 1344 3740 1384 ex
3771 1348 3806 1386 et

2316 1424 2557 1487 tempore
2632 1418 2825 1473 factum
2899 1424 2983 1474 est
3058 1417 3369 1474 naturale.
3414 1416 3676 1475 Everberat
3736 1437 3803 1477 eum

2314 1507 2564 1562 nimirum
2595 1517 2892 1579 praeceptor
2929 1524 3058 1567 suus
3076 1548 3094 1576 ,
3122 1516 3184 1564 et
3221 1508 3277 1564 in
3299 1507 3389 1579 jus
3414 1510 3803 1568 aucloritatissime'

2311 1598 2493 1655 trahit.
2516 1600 2651 1669 Quid
2673 1601 3009 1672 judicaturus
3034 1611 3118 1657 est
3148 1587 3299 1656 inter
3324 1599 3427 1656 hos
3452 1600 3805 1658 catholicus”:-

2312 1689 2574 1746 nichceum
2615 1691 2827 1761 quidem
2856 1692 2971 1747 sine
2994 1690 3162 1747 dubio
3186 1691 3585 1748 stolidissimum
3603 1734 3617 1759 ,
3638 1694 3705 1763 qui
3720 1704 3804 1763 putri

2312 1784 2557 1839 naturale
2586 1792 2897 1855 peccatum;
2925 1782 3021 1839 sed
3047 1798 3173 1837 cum
3207 1782 3490 1853 Augustini
3519 1783 3699 1854 ingenio
3717 1800 3803 1840 con-

2313 1875 2542 1945 positum
2571 1915 2588 1942 ,
2620 1883 2929 1945 peracutum
2966 1873 3162 1929 videri.
3203 1871 3415 1941 Quibus
3456 1874 3586 1929 enim
3618 1877 3803 1931 conveniat

2312 1966 2551 2022 naturale
2595 1981 2714 2021 esse
2747 1974 3049 2036 peccatum,
3101 1975 3274 2034 atque
3303 1963 3408 2020 hoc
3445 1975 3686 2036 peccatum
3715 1969 3804 2021 unius

2311 2061 2508 2130 speciei
2547 2075 2668 2118 esse
2710 2059 2997 2126 fateantur,
3021 2075 3050 2114 a
3074 2074 3189 2131 quo
3229 2074 3395 2115 omne
3432 2074 3589 2131 genus
3622 2059 3800 2114 hominum

2312 2151 2578 2222 possideri
2621 2152 2841 2223 putent?
2867 2149 2977 2209 Sed
3005 2160 3128 2223 post
3158 2151 3285 2206 haec
3312 2150 3492 2206 dicere
3517 2150 3683 2205 audere

2312 2243 2516 2313 pulum,
2546 2242 2597 2299 in
2623 2258 2732 2299 uno
2756 2249 2958 2299 tantum
2992 2259 3097 2301 non
3126 2257 3255 2298 esse
3282 2242 3541 2308 naturale,
3564 2241 3680 2313 quod
3698 2244 3800 2298 omni
3834 2262 3837 2265 δ

2312 2333 2413 2390 bus
2459 2334 2689 2389 fateatur
2722 2335 3052 2405 ingenitum;
3080 2334 3389 2405 puerilibus
3430 2334 3542 2389 sine
3577 2334 3801 2388 dubitatioie

2312 2426 2627 2482 verberibus
2657 2425 2970 2481 infamatum
2992 2468 3006 2493 ,
3037 2425 3278 2482 subdcnt
3301 2440 3425 2481 eum
3450 2425 3670 2495 magistro
3686 2440 3799 2479 corso-

2313 2517 2563 2589 quentius
2590 2516 2997 2588 blasphemanti.
3028 2517 3136 2573 Sed
3170 2527 3460 2587 utrumque
3478 2516 3633 2579 simul,
3651 2514 3796 2585 discipu-

2313 2609 2424 2664 lum
2448 2618 2504 2665 et
2523 2610 2856 2680 magistrum,
2877 2624 2906 2662 a
2925 2618 3193 2664 conventu
3226 2607 3634 2663 cxterminabunt
3653 2607 3793 2677 piorum.

2313 2698 2451 2755 Vide
2496 2715 2624 2771 ergo
2668 2699 2796 2770 quid
2844 2699 3245 2771 indulgeamus.
3276 2698 3396 2754 Non
3427 2698 3516 2753 tibi
3557 2696 3695 2768 placet
3717 2697 3795 2766 quoi

2313 2788 2443 2846 dicit
2490 2789 2847 2859 Manichacus,
2892 2788 3092 2845 malum
3123 2805 3253 2846 esse
3295 2786 3611 2845 naturale‘:
3644 2786 3794 2855 diceigo

2314 2882 2586 2938 neminem
2627 2898 2778 2937 reum
2824 2880 3013 2949 nasci,
3044 2889 3099 2937 et
3144 2880 3401 2948 evasisti,
3432 2893 3615 2950 negans
3648 2876 3794 2948 profecto

2314 2972 2575 3044 originale
2619 2980 2917 3044 peccatum.
2962 2969 3069 3029 Sed
3112 2987 3227 3029 non
3273 2970 3449 3037 dicis;
3477 2967 3697 3026 confiteris
3721 2982 3794 3036 ergo

2316 3080 2416 3121 nec
2445 3080 2475 3119 a
2517 3065 2772 3137 magistro
2802 3073 2853 3119 te
2881 3063 3021 3119 velle
3048 3063 3317 3120 desistere
3338 3105 3356 3133 ,
3388 3077 3483 3119 nec
3510 3046 3793 3117 catholicis»

2315 3155 2509 3229 pulari.

2387 3246 2523 3304 Auo.
2567 3244 2835 3319 Numquid
2880 3255 3164 3318 propterea
3213 3245 3401 3303 dicere
3449 3260 3547 3301 non
3593 3240 3790 3297 debemus.

2315 3339 2459 3411 quod
2507 3340 2679 3396 bonus
2718 3338 2859 3394 Deus
2886 3336 3072 3395 fecerit
3109 3338 3372 3396 mundum
3395 3380 3411 3405 ,
3442 3335 3555 3407 quia
3595 3333 3673 3387 hoc
3701 3331 3789 3383 etiam

2316 3430 2447 3486 dicit
2472 3430 2837 3487 Manichacus?
2864 3428 2968 3487 Sed
2995 3446 3116 3486 cum
3145 3430 3408 3503 quaeritur
3435 3426 3563 3482 unde
3585 3423 3735 3486 fecerit,
3752 3422 3787 3472 ili

2315 3520 2690 3579 diseernimur.
2714 3520 2822 3579 Nos
2847 3524 2988 3579 enim
3003 3524 3254 3593 dicimus,
3275 3523 3356 3579 Ex
3383 3522 3463 3578 bis
3476 3535 3581 3592 quae
3595 3533 3678 3573 non
3689 3522 3787 3571 erant

2315 3616 2567 3685 quoniam
2627 3616 2740 3685 ipse
2767 3600 2918 3683 dixit,
2951 3624 3006 3671 et
3032 3613 3166 3671 facta
3198 3624 3325 3674 sunt
3353 3611 3514 3689 (Psal.
3546 3604 3785 3671 curaui):

2317 3706 2404 3762 ille
2434 3714 2635 3772 autem,
2666 3706 2744 3762 Ex
2772 3704 2978 3763 duabus
3002 3707 3210 3762 naturis
3232 3749 3247 3773 ,
3282 3706 3408 3763 boni
3439 3703 3619 3775 scilicet
3640 3693 3785 3753 ctmali.

2316 3816 2435 3871 qua)
2474 3815 2581 3855 non
2620 3798 2795 3856 solum
2831 3799 2942 3872 jam
2982 3806 3171 3866 erant,
3201 3790 3296 3855 sed
3338 3810 3538 3868 semper
3565 3784 3785 3848 erantliec

2316 3907 2444 3963 ergo
2459 3907 2578 3964 qua!
2597 3908 2707 3967 non,
2721 3893 2875 3948 simul
2894 3890 3253 3958 dicimus,non
3282 3894 3460 3948 sinunt
3483 3902 3587 3943 esse
3600 3897 3675 3939 nos
3686 3878 3785 3933 socios

2316 4000 2501 4040 eorum
2543 4000 2606 4041 ex
2656 3984 2746 4040 illo
2791 3982 2933 4058 quod
2978 3985 3134 4039 simul
3175 3978 3421 4041 dicimus.
3453 3982 3569 4037 Item
3591 3972 3626 4031 si
3646 3974 3785 4028 intem

2314 4091 2503 4147 gemur
2529 4080 2702 4130 utrum
2725 4076 2794 4131 sit
2822 4076 2999 4141 Deus;
3033 4084 3088 4132 et
3117 4092 3218 4132 nos
3245 4083 3301 4133 et
3322 4070 3577 4131 Manichzei
3597 4060 3785 4135 responde

2314 4185 2456 4235 mus,
2488 4166 2584 4223 Est
2613 4167 2755 4224 Deus
2788 4188 2801 4224 :
2832 4174 2887 4224 et
2925 4169 2978 4223 in
3010 4168 3111 4225 hoc
3148 4169 3361 4242 utrique
3388 4174 3657 4239 separamur
3673 4156 3718 4210 ab
3734 4151 3782 4205 ῐηθ

2314 4261 2483 4318 stulto
2509 4304 2524 4328 ,
2556 4262 2648 4332 qui
2691 4262 2822 4318 dixit
2850 4263 2903 4316 in
2946 4262 3098 4317 corde
3133 4280 3259 4330 suo,
3289 4261 3409 4318 Non
3440 4267 3506 4315 est
3534 4254 3643 4310 Deut
3663 4249 3676 4319 (
3698 4245 3781 4301 Ρωίι
3840 4284 3841 4289 η

2315 4370 2435 4423 xui,
2468 4353 2522 4428 1)
2553 4374 2566 4409 :
2599 4352 2693 4411 sed
2742 4371 2863 4411 cum
2892 4357 3150 4427 quaeritur
3176 4357 3349 4428 qualis
3374 4354 3441 4411 sit
3465 4353 3615 4411 Deus,
3637 4358 3659 4397 a
3680 4336 3779 4395 itani-

2314 4450 2585 4505 chzeorum
2633 4449 2832 4506 nefaria
2882 4451 3307 4524 fabula,magna
3349 4445 3633 4505 discretione
3666 4430 3781 4524 distin-
3838 4452 3839 4524 ξ

2313 4543 2545 4613 guimur.
2572 4540 2682 4599 Nos
2707 4544 2848 4598 enim
2888 4541 3117 4599 dicimus
3143 4538 3575 4612 incorruptibilem
3597 4522 3777 4635 οωξεάθ

2314 4631 2618 4697 fendimus;
2647 4634 2723 4690 illi
2754 4650 2884 4690 vero
2929 4634 3233 4690 fabulantur
3279 4625 3634 4701 corruptibilem
3664 4617 3776 4672 Deum-

2316 4724 2394 4781 De
2418 4724 2532 4796 ipsa
2559 4741 2769 4797 quoque
2794 4725 3052 4782 Trinitate
3074 4725 3398 4798 interrogati,
3422 4706 3773 4807 utriquegdiciiam.

2314 4817 2527 4874 Patrem
2577 4828 2632 4874 et
2682 4819 2872 4874 Filium
2903 4828 2957 4875 et
2985 4818 3244 4890 Spiritum
3288 4822 3510 4875 sanctum
3550 4805 3672 4863 unius
3696 4805 3774 4865 ei“?

2314 4909 2546 4982 denique
2574 4925 2695 4967 esse
2738 4916 2941 4966 natura:
2970 4930 2983 4964 :
3012 4928 3111 4967 nec
3142 4911 3262 4968 ideo
3299 4918 3461 4967 tamen
3481 4901 3552 4958 vel
3572 4908 3648 4953 nos
3664 4896 3773 4982 ξυωξδ

2314 4973 2594 5077 Manichmi
2618 5044 2634 5071 ,
2666 5001 2749 5058 vel
2799 4992 2897 5073 ipsi
2948 5000 3232 5070 catholici;
3275 5003 3446 5058 dicunt
3484 4973 3772 5084 enim-allatis

2318 5074 2473 5151 Patre
2504 5104 2557 5150 et
2585 5064 2720 5150 Filio
2757 5064 3039 5168 et-Spiritu
3078 5064 3284 5161 sancto,
3316 5095 3365 5148 in
3392 5088 3560 5160 quibus
3581 5076 3634 5133 ab
3660 5071 3712 5126 eis
3726 5064 3771 5117 δῖ’

2316 5191 2613 5246 versissimi
2643 5191 2826 5262 eisque
2854 5188 3218 5245 adversissimi
3247 5199 3436 5245 sumus.
3466 5174 3592 5235 Unde
3614 5170 3685 5262 ista
3703 5169 3766 5262 illi

2319 5282 2478 5337 simul
2507 5261 2773 5348 dicimus,
2799 5282 3060 5338 adversus
3093 5280 3315 5336 aliorum
3358 5261 3767 5359 errores‘qni

2317 5382 2465 5445 gant,
2492 5372 2718 5429 fidenter
2738 5372 3031 5429 asserimus
3064 5393 3076 5428 :
3113 5389 3211 5429 nec
3230 5375 3459 5428 timemus
3484 5374 3540 5417 ne
3553 5343 3764 5451 Μθηξοδξῗ

2320 5438 2420 5520 nos
2445 5462 2747 5536 appellent,
2775 5472 2829 5519 et
2858 5480 2915 5519 se
2943 5464 3069 5521 inde
3096 5465 3383 5543 praeferant
3409 5452 3568 5515 nobis,
3588 5438 3677 5514 (Ιιιί³
3696 5438 3763 5486 ω

2384 5668 2403 5699 ι
2438 5666 2730 5729 vignierius,
2749 5666 2811 5718 si.
2836 5675 2962 5730 Mss,
2986 5666 3094 5721 sed.

2383 5730 2407 5761 ¹
2437 5733 2486 5776 In
2513 5736 2641 5788 Mss,
2663 5729 3010 5781 auctorissime.

2384 5793 2405 5825 ι
2436 5793 2511 5839 sic
2531 5797 2638 5839 uss.
2662 5798 2711 5839 In
2735 5794 2894 5839 vim“
2934 5793 3371 5839 dicam-uicimus.
3402 5773 3583 5839 putarat!
3612 5761 3754 5820 α’*

2324 5793 2511 5909 ϐαλεῖς)
2531 5797 2638 5842 ιιεε.
2662 5798 2711 5842 ιο
2735 5794 2894 5856 νῆειιη
2934 5793 3055 5848 dicit
3069 5795 3371 5852 xm
