3980 6496
1642 349 1755 375 eoa--
1788 367 1868 377 ςφα-

232 494 386 554 μω
786 538 791 542 .

231 609 552 667 manu
573 609 817 673 dicimus,
838 608 988 680 quod-
1007 608 1107 677 ipui
1133 608 1382 679 quoniam
1409 608 1597 663 nolunt
1622 606 1826 668 dicere,

229 711 529 774 propterea
571 701 963 773 redarguuntur
1002 716 1035 757 a
1063 702 1237 758 nobis.
1269 701 1419 757 Sicut
1443 716 1572 771 ergo
1602 700 1830 754 Ariauus

233 793 366 848 ideo
412 800 498 849 est
541 791 829 848 haretieus
855 834 875 858 ,
899 794 1023 864 quia
1066 794 1349 850 nobiscum
1378 807 1485 848 non
1511 791 1640 846 dicit
1669 805 1828 844 unam

227 884 521 941 Trinitatis
544 886 833 941 essentiam
856 927 872 952 ,
898 886 1043 958 quod
1070 886 1348 942 nobiscum
1378 885 1508 941 dicit
1533 885 1693 940 etiam
1722 884 1832 938 Ma-

223 976 581 1043 nichaeosﬁta
598 987 652 1034 et
666 993 762 1033 vos
778 978 1013 1035 heretici
1030 980 1292 1045 estis,non
1308 977 1535 1034 dicendo
1550 976 1827 1032 nobiscum

226 1070 491 1126 naturale
512 1081 794 1141 peceatum
814 1112 833 1137 ,
857 1072 999 1144 quod
1032 1071 1306 1126 nobiseum
1328 1070 1459 1125 dicit
1481 1070 1641 1124 etiam
1657 1068 1826 1124 Mani-

221 1160 419 1217 chacus
438 1160 565 1217 :seti
583 1178 697 1218 non
712 1162 1035 1219 idsomus
1055 1161 1351 1229 Manichaai;
1369 1162 1513 1233 quod
1533 1161 1675 1218 enim
1702 1162 1830 1217 dicit

223 1254 398 1309 etiam
421 1251 532 1319 ille,
547 1269 661 1310 non
682 1239 759 1310 ita
775 1255 999 1311 dicimus
1013 1256 1152 1311 sicut
1173 1256 1277 1310 ille.
1294 1254 1403 1311 Nos
1415 1255 1557 1311 enim
1584 1262 1825 1310 naturam

228 1352 477 1401 nostram
502 1347 705 1403 boum
731 1347 1035 1402 voluntario
1058 1354 1281 1419 peccato
1314 1346 1460 1402 illius
1487 1361 1552 1403 ex
1579 1362 1689 1418 quo
1715 1348 1825 1402 nati

226 1449 444 1501 mnus,
456 1435 819 1493 ﬁnitumasse
839 1438 1098 1504 vitiatam,
1122 1438 1266 1494 unde
1282 1448 1475 1494 omnes
1489 1439 1591 1493 sub
1608 1446 1826 1508 peccato

224 1530 535 1593 mscimur,
558 1538 613 1586 et
638 1530 757 1600 ipse
772 1539 957 1586 noster
984 1541 1133 1586 ortus
1157 1532 1211 1586 in
1235 1531 1365 1586 vitio
1384 1540 1468 1587 est
1485 1572 1500 1599 ,
1526 1531 1667 1601 quod
1695 1531 1827 1587 dicit

224 1621 553 1678 Ambrosius
598 1619 721 1696 {De
766 1621 1105 1691 Pamitentia,
1131 1623 1218 1678 lib.
1244 1623 1271 1678 l
1300 1663 1317 1689 ,
1345 1636 1461 1693 cap.
1497 1622 1535 1678 2
1579 1624 1656 1678 νει
1691 1623 1777 1696 δ’)
1806 1642 1821 1679 :

226 1715 328 1770 ille
372 1724 553 1770 auem
596 1722 842 1791 naturam
884 1716 1085 1772 malum
1124 1716 1281 1772 nobis
1308 1725 1484 1787 portat
1509 1716 1526 1749 ¹
1551 1716 1780 1773 alienam
1804 1758 1822 1786 ,

219 1807 397 1880 cuius
432 1822 534 1864 nos
577 1807 811 1865 afﬁrmat
850 1809 1235 1865 comunixtione
1276 1822 1520 1880 peccare.
1546 1810 1782 1879 Denique
1805 1850 1822 1878 ,

223 1914 341 1956 nos
362 1898 616 1956 suum
640 1909 845 1957 nostra
871 1902 1032 1956 etiam
1056 1900 1309 1972 parvulos
1332 1899 1606 1957 eﬂerimus
1635 1899 1823 1957 Salva-

222 1994 339 2049 σοτὶ
370 2010 391 2050 :
419 1994 509 2051 ille
537 2000 717 2052 autem
745 1994 1019 2052 Christum
1049 2010 1163 2051 non
1187 1995 1311 2051 ideo
1336 1996 1605 2052 existim
1632 2008 1822 2051 neces-

224 2085 479 2153 sarium,
503 2093 857 2142 ornatui-aus
885 2096 1123 2142 nostram
1154 2096 1313 2142 sanet
1340 2087 1403 2143 in
1422 2087 1577 2142 nobis
1598 2126 1615 2154 ,
1643 2086 1739 2143 sed
1764 2094 1826 2141 ut

226 2176 464 2233 alienam
511 2177 757 2249 seiunget
796 2186 829 2232 s
869 2178 1045 2234 nobis.
1076 2177 1273 2235 Cernis
1307 2194 1537 2250 nempe,
1569 2186 1625 2233 et
1664 2178 1717 2232 in
1757 2192 1824 2233 eo

222 2269 377 2340 quod
404 2278 687 2340 peceatum
704 2272 947 2327 namle
972 2271 1133 2327 simul
1157 2271 1408 2337 dicionis,
1432 2281 1629 2341 (planta
1646 2269 1827 2326 diver-

224 2362 390 2418 sihte
408 2360 689 2418 dictemus.
718 2361 1049 2419 Similiteret
1069 2363 1131 2417 iur
1144 2378 1212 2419 eo
1230 2363 1551 2434 quodsimul
1571 2363 1819 2428 dicimus,

226 2456 427 2511 malam
453 2470 575 2512 esse
596 2457 1083 2527 concupiscentiam
1114 2458 1311 2523 carnis,
1344 2472 1446 2528 qua
1472 2472 1600 2512 caro
1628 2472 1825 2512 concu-

229 2547 391 2617 piscit
407 2547 677 2604 adversus
695 2550 943 2618 spiritum
961 2590 977 2615 ,
1004 2564 1135 2604 cum
1155 2551 1416 2620 quaeritur
1444 2549 1596 2605 unde‘
1627 2549 1728 2605 hoc
1755 2552 1823 2606 sit

229 2642 485 2709 mittar,
510 2641 877 2698 discretissitui
928 2643 1229 2712 reperimus
1247 2646 1291 2697 ⁸.
1337 2642 1445 2699 Nos
1498 2646 1649 2699 enim
1697 2659 1819 2698 cum

227 2735 781 2803 Ambrosiodicimus,
814 2736 955 2792 hanc
976 2735 1179 2792 tedam
1206 2737 1537 2792 discordiam
1557 2738 1735 2792 carnis
1768 2746 1824 2792 et

226 2827 455 2897 spiritus
468 2836 563 2899 per
580 2829 1079 2900 pravarieationem
1089 2829 1244 2898 primi
1265 2829 1494 2884 hominis
1513 2830 1571 2883 in
1583 2838 1820 2884 nostram

224 2919 457 2975 vertisse
483 2929 727 2975 naturam
754 2920 915 2992 (Lib.
938 2921 977 2976 7
994 2922 1049 2975 in
1074 2919 1206 2975 Luc?
1223 2936 1329 2987 an,
1348 2920 1455 2986 55)
1486 2939 1499 2973 :
1528 2921 1819 2976 illeautem

220 3026 350 3067 cum
383 3012 495 3067 suis
522 3012 679 3078 dicit,
701 3021 761 3069 ut
792 3012 1023 3068 inuicem
1048 3012 1404 3068 adversentur
1430 3016 1558 3067 eaeo
1582 3021 1637 3067 et
1663 3012 1820 3082 spiri-

220 3113 337 3171 tus,
363 3104 601 3161 alium
612 3104 791 3173 nobis,
817 3120 943 3177 qua
961 3118 1176 3175 sulpur
1198 3105 1336 3160 mala
1365 3106 1462 3159 fuit
1482 3148 1507 3171 ,.
1525 3106 1819 3161 adhaesisse

222 3205 494 3251 neutram
544 3194 695 3252 Unde
748 3211 848 3253 nos
894 3197 1173 3266 poscimus
1211 3196 1542 3253 Salvam-ein
1566 3236 1582 3263 ,
1617 3208 1672 3252 ut
1716 3197 1818 3252 hoc

224 3289 413 3344 vitium
456 3297 700 3345 nostrum
730 3299 949 3345 sanetur
977 3308 990 3344 :
1021 3290 1109 3344 ille
1132 3304 1281 3352 vero,
1305 3297 1416 3343 uta
1447 3290 1601 3344 nobis
1641 3291 1817 3346 aliena

223 3390 417 3440 natura
445 3425 461 3450 ,
498 3399 621 3455 qua
658 3384 837 3440 sanari
882 3366 1107 3439 omnino
1148 3394 1257 3438 nou
1295 3388 1490 3452 potest,
1519 3382 1813 3438 aufer-amr.

227 3480 409 3534 Etiam
431 3478 517 3534 hic
544 3492 640 3534 cur
664 3492 779 3534 non
800 3477 1055 3542 mutuis,
1085 3478 1226 3532 in-eo
1246 3476 1389 3546 quod
1412 3478 1597 3531 carnis
1615 3490 1814 3530 concu-

225 3569 538 3641 piscendam
563 3568 772 3639 spiritui
797 3569 1136 3624 resistentem
1162 3566 1323 3621 simul
1339 3566 1534 3621 malam
1565 3566 1811 3633 dicimus,

222 3670 421 3731 quanta
452 3660 883 3717 dissimilitudine
910 3658 1257 3729 separemur?
1278 3657 1386 3713 Cur
1414 3673 1531 3712 non
1547 3659 1776 3713 attendis
1794 3700 1815 3725 ,

227 3767 335 3807 nec
355 3767 454 3807 nos
478 3767 600 3809 esse
637 3752 961 3808 Manichacus
977 3791 994 3818 ,
1016 3752 1140 3821 quia
1161 3750 1182 3783 ³
1210 3765 1339 3806 συσπ
1361 3751 1441 3804 eis
1469 3750 1643 3820 aliqua
1685 3750 1817 3805 diei-

228 3857 380 3908 mus;
398 3852 453 3899 et
479 3858 581 3898 res
596 3859 719 3900 esse
743 3842 1049 3907 hereticos,
1070 3842 1320 3912 quoniam
1341 3856 1463 3897 cum
1493 3842 1570 3895 eis
1596 3841 1685 3895 illa
1704 3854 1811 3895 non

225 3934 440 3990 dicitis?
465 3936 527 3991 Si
542 3936 689 3991 enim
716 3950 837 3990 cum
862 3935 975 3991 illis
994 3933 1247 3989 timeretis
1269 3948 1389 3988 esse
1417 3932 1675 3988 naturalia
1697 3947 1816 3987 ma-

226 4027 275 4082 la
296 4069 311 4095 ,
335 4037 389 4082 et
418 4027 695 4081 nobiscum
731 4034 917 4082 contra
948 4026 1069 4081 illos
1095 4024 1345 4081 diceretis
1371 4024 1512 4080 unde
1540 4026 1647 4079 sint
1674 4025 1775 4080 ista
1796 4066 1813 4091 ,

224 4118 349 4189 quia
383 4126 642 4174 nonsunt
674 4118 743 4173 de
767 4117 942 4173 aliena
974 4125 1167 4171 natura
1187 4117 1295 4172 Deo
1324 4125 1591 4172 eoaeterna
1618 4156 1634 4181 ,
1664 4115 1818 4172 Pela-

226 4210 366 4281 giani
384 4210 743 4267 hareticinon
760 4210 950 4265 essetis
970 4228 989 4264 :
1005 4224 1145 4266 nunc
1161 4208 1810 4278 verdeoncupiscentiam,

232 4314 339 4370 qua
358 4315 483 4356 caro
504 4300 835 4373 concupiscit
847 4307 1031 4355 contra
1050 4300 1319 4371 spiritum,
1348 4300 1592 4371 negando
1620 4300 1813 4354 malam

231 4404 355 4447 esse
369 4432 387 4457 ,
407 4400 463 4446 et
479 4391 545 4447 de
563 4392 755 4448 vitiata
772 4401 960 4447 natura
990 4399 1173 4447 nostra
1197 4390 1319 4447 esse
1338 4431 1353 4457 ,
1379 4390 1550 4447 facitis
1571 4400 1628 4446 ut
1652 4391 1729 4445 illi
1748 4406 1815 4445 ex

232 4483 403 4543 aliena
430 4500 550 4542 esse
574 4486 895 4542 concludant
916 4500 1027 4552 ;-ae
1042 4485 1120 4541 sic
1142 4495 1203 4540 et
1220 4484 1459 4541 haeretici
1488 4485 1611 4541 novi
1643 4485 1775 4540 estis
1795 4527 1812 4551 ,

231 4585 289 4632 et
307 4575 591 4635 hereticos
606 4586 835 4647 veteres,
853 4588 988 4649 quos
1004 4591 1257 4648 perversa
1286 4575 1487 4647 fugitis,
1502 4561 1811 4647 adiuvetis".

234 4670 428 4727 Desine
455 4687 583 4743 ergo
607 4672 749 4728 mihi
777 4685 1052 4743 opponere
1082 4671 1392 4742 magistrum
1423 4668 1774 4724 Manichaeum
1794 4710 1810 4735 ,

231 4760 325 4817 sed
368 4776 581 4818 mecum
610 4762 795 4834 potius
825 4774 1059 4833 sequere
1092 4760 1435 4816 Ambrosium
1460 4777 1475 4825 ;
1504 4768 1558 4816 et
1586 4759 1815 4815 Arianos

227 4852 453 4919 intuere,
480 4867 681 4924 eosque
709 4854 767 4909 in
786 4868 853 4909 eo
877 4853 1089 4918 saltem,
1111 4850 1259 4923 quod
1283 4861 1335 4907 te
1364 4851 1553 4906 melius
1579 4852 1812 4921 sapiunt,

227 4943 459 5009 imitare;
483 4945 572 5014 qui
605 4958 703 4999 nos
727 4942 1189 4999 Manichcose’sse
1206 4957 1317 4997 non
1336 4941 1542 5008 dicunt,
1572 4943 1815 5012 quamvis

226 5034 667 5093 cumManielmis
681 5035 923 5092 dicamus
951 5049 1113 5090 unam
1140 5034 1314 5089 Patris
1339 5041 1395 5088 et
1421 5032 1541 5089 Filii
1571 5041 1625 5087 et
1641 5033 1814 5103 Spiri-

229 5136 310 5182 tus
337 5127 507 5182 sancti
541 5140 673 5184 esse
690 5136 941 5184 naturain
957 5166 975 5195 ,
999 5126 1103 5182 ubi
1130 5125 1287 5181 nobis
1325 5124 1816 5181 contemiosissime

227 5217 619 5273 contradicunt.

294 5307 486 5364 XXXI.
514 5309 637 5366 ius.
656 5309 855 5367 Verum
879 5308 1251 5366 vehementem
1276 5306 1631 5378 objectionem
1658 5314 1816 5361 nuta-

290 5508 306 5579 ἶ
342 5504 771 5579 Ρρπιβτίυιιὶρῐφε·
954 5564 986 5579 ,.

287 5570 307 5600 ³
338 5569 412 5617 sic
456 5564 561 5618 ass.
594 5564 718 5619 Μία
748 5579 897 5626 vero,
932 5564 1271 5617 discretisime
1301 5564 1586 5630 reperimus.

290 5631 310 5662 ο
341 5631 615 5662 vindmia“:
655 5628 738 5662 ηηδ
772 5632 862 5662 Μὰρ
928 5628 1047 5662 Iul-in

289 5631 310 5723 ἶ
341 5631 638 5765 ἔὲιῗῖῗῗῗῗυῗέἑ
654 5628 1116 5765 σὶῗριμείῗῗρῖἶῗῗέδε
1142 5688 1410 5765 ίαάίιιραιίρε
1447 5695 1503 5765 μ
1533 5695 1662 5765 ωδε-η
1700 5699 1817 5765 Ws

226 5766 446 5827 ρεηενξε
468 5751 753 5827 amur
764 5760 858 5827 εεξν
884 5751 1244 5827 iuvenemve
1263 5751 1512 5825 tendendo
1533 5764 1671 5827 sum
1694 5751 1815 5827 θείει-

227 5812 285 5867 'su
310 5829 372 5864 ex
398 5812 765 5888 lib'rolsecundo
807 5815 871 5885 de
910 5812 1093 5876 Nuptiis
1131 5822 1183 5863 et
1203 5812 1625 5888 runcupiscentm.
1655 5827 1707 5888 n_.
1726 5812 1814 5888 ςᾷὃ,

225 5890 387 5939 supra,
405 5891 510 5988 cap.
523 5877 603 5938 25,
622 5878 817 5936 dicitur,
837 5877 887 5927 in
912 5888 1200 5946 perversum.
1211 5877 1638 5937 vim’conamur;
1655 5883 1707 5926 et
1724 5877 1816 5925 ibi-

228 5941 341 5988 dem
368 5952 459 5988 uau
479 5952 510 5988 ο
534 5946 657 5988 post.
680 5950 734 5988 tu
757 5952 1037 5988 nerversum
1059 5936 1240 5988 fumus.

228 5936 341 5993 dein
366 5936 510 6004 paulo
532 5936 657 6003 post,
680 5950 734 5991 tn
757 5936 1037 6004 perversum
1058 5936 1240 6001 fugitis.

1568 490 1766 548 LIBER
1805 487 2121 557 QUINTUS.

1919 368 2020 387 -,-~.
2051 369 2141 384 _.,_,.
2164 370 2172 377 ι

3388 498 3521 557 “70

1939 604 2028 670 sti,
2058 613 2115 659 ut
2159 605 2365 664 diceres
2401 608 2545 667 unde
2578 610 2632 665 in
2672 610 2789 681 ipso
2833 610 3005 680 primo
3031 612 3047 645 ¹
3074 608 3290 668 homine
3333 611 3415 665 vel
3468 611 3523 666 in

1936 696 2150 753 diabolo
2176 703 2264 770 qui
2290 703 2510 773 angelus
2530 702 2702 760 lactus
2724 704 2913 771 fuerat,
2939 705 3074 759 mala
3106 704 3397 759 exstitisset
3423 718 3519 758 vo-

1937 788 2150 846 luntas:
2181 804 2337 861 (piam
2379 804 2559 848 tamen
2599 795 2678 850 ais
2720 795 2838 850 ideo
2880 811 2999 850 esse
3042 804 3214 851 ortam
3262 795 3314 849 in
3359 810 3523 865 opere

1938 879 2062 947 Dei,
2092 881 2145 936 id
2168 891 2251 937 est
2271 924 2287 949 ,
2315 884 2398 938 vel
2430 883 2487 940 in
2511 886 2700 955 angelo
2719 929 2732 951 ,
2766 888 2847 944 vel
2879 887 2931 942 in
2970 887 3219 953 homine,
3246 902 3354 941 non
3397 886 3521 957 quia

1935 970 2033 1028 Dei
2075 986 2210 1042 opus
2238 982 2390 1041 erat,
2414 975 2508 1030 sed
2549 976 2671 1047 quia
2698 977 2766 1033 de
2805 977 2974 1032 nihilo
3009 976 3181 1033 factus
3224 985 3358 1032 erat.
3390 976 3520 1031 Vide

1932 1076 2065 1133 ergo
2098 1076 2171 1119 ne
2203 1072 2260 1119 et
2304 1074 2358 1119 tu
2398 1081 2495 1136 per
2517 1067 2712 1123 alteras
2750 1068 2863 1122 vias
2893 1076 3149 1122 aeternam
3178 1067 3325 1122 dicas
3355 1066 3519 1122 fuisse

1934 1154 2059 1209 mali
2101 1156 2494 1213 necessitatem.
2526 1158 2661 1214 Nam
2687 1159 2732 1214 si
2766 1158 2882 1215 haec
2916 1159 3016 1215 fuit
3051 1176 3209 1216 causa
3238 1159 3514 1216 exoriendi

1935 1246 2063 1303 mali
2088 1247 2143 1303 in
2167 1264 2331 1319 opere
2359 1250 2489 1318 Dei,
2518 1253 2768 1321 quoniam
2795 1252 2862 1308 de
2889 1252 3057 1308 nihilo
3086 1253 3137 1307 id
3166 1251 3360 1308 factum
3397 1267 3518 1307 esse

1931 1338 2257 1408 constabat;
2284 1350 2569 1413 antequam
2610 1342 2762 1400 ﬁeret
2810 1351 2987 1399 autem
3025 1343 3167 1413 quod
3213 1350 3394 1409 esset,
3419 1341 3518 1398 hoc

1932 1433 2161 1490 nihilum
2183 1450 2397 1506 semper
2425 1436 2553 1504 luit,
2582 1437 2633 1494 id
2657 1447 2773 1505 est,
2802 1446 3085 1507 antequam
3112 1435 3264 1492 ﬁeret
3292 1434 3344 1490 id
3374 1433 3516 1506 quod

1929 1537 2106 1595 esset,
2139 1540 2411 1600 tulitquam
2447 1530 2649 1602 aliquid
2683 1531 2817 1598 fuit,
2841 1540 2895 1587 et
2933 1530 3035 1586 hoc
3074 1529 3214 1602 quod
3248 1542 3518 1597 nunquam

1930 1616 2064 1686 fuit,
2095 1620 2228 1676 nihil
2271 1621 2433 1678 fuisse
2470 1622 2666 1678 dicitur
2694 1640 2707 1677 :
2738 1623 2806 1679 ab
2847 1633 3048 1678 aeterno
3084 1637 3212 1693 ergo
3246 1635 3519 1691 nunquam

1929 1708 2048 1774 fuit,
2081 1712 2222 1782 quod
2251 1727 2359 1768 non
2387 1712 2486 1769 fuit
2510 1722 2792 1785 antequam
2824 1714 2975 1770 ﬁeret
2994 1731 3023 1767 a
3048 1714 3189 1778 Deo,
3215 1713 3369 1783 cujus
3391 1712 3522 1768 sub-

1929 1802 2124 1859 stantia
2164 1803 2278 1859 sola
2321 1805 2440 1861 sine
2485 1806 2744 1877 principio
2772 1816 2854 1862 cst
2883 1825 2896 1860 :
2926 1806 3028 1861 hoc
3073 1821 3201 1877 ergo
3242 1806 3432 1869 inane,
3465 1803 3518 1860 id

1929 1903 2037 1962 est,
2066 1895 2219 1962 nihil,
2247 1905 2534 1968 antequam
2567 1913 2662 1968 per
2688 1912 2868 1953 rerum
2897 1896 3138 1953 ﬁniretur
3159 1895 3516 1963 existentiam,

1929 2000 2146 2059 semper
2187 1988 2307 2044 fuit.
2342 1988 2456 2045 Non
2498 2006 2627 2061 ergo
2657 1989 2849 2048 factum
2887 1989 3097 2046 esthoc
3125 1989 3347 2045 nihilum
3379 2006 3394 2041 :
3423 1986 3518 2044 sed

1929 2068 2084 2136 ﬂictze
2108 2091 2235 2138 sunt
2260 2092 2609 2150 creatum,et
2636 2083 2764 2149 illud
2794 2082 2926 2138 nihil
2953 2098 3073 2140 esse
3101 2082 3342 2139 cessavit.
3377 2080 3432 2136 In
3453 2095 3518 2143 ea

1929 2188 2058 2244 ergo
2086 2182 2489 2246 oreatura,qute
2512 2176 2646 2232 facta
2675 2175 2743 2230 de
2773 2176 2938 2229 nihilo
2967 2183 3069 2239 est,
3102 2184 3158 2229 tu
3180 2174 3298 2241 ideo
3319 2173 3516 2229 malum

1926 2269 2306 2324 commentaris
2332 2280 2604 2338 exortum,
2634 2271 2885 2340 quoniam
2910 2268 2977 2325 de
3004 2269 3172 2323 nihilo
3200 2267 3337 2323 facta
3365 2276 3501 2321 erat.

1927 2356 2122 2414 Malum
2151 2376 2281 2430 ergo
2321 2362 2373 2415 in
2409 2360 2625 2418 homine
2662 2370 2907 2416 exortum
2939 2361 3128 2430 origini
3169 2359 3513 2431 reputavisti;

1928 2460 2089 2521 atque
2109 2452 2281 2523 origo,
2308 2452 2360 2508 id
2386 2461 2507 2517 est,
2532 2453 2780 2519 nihilum,
2806 2452 3001 2507 dicitur
3029 2469 3056 2506 a
3091 2460 3143 2507 te
3168 2465 3323 2505 causa
3355 2449 3518 2504 fuisse

1932 2543 2160 2610 peccati.
2192 2542 2513 2610 Noneuim,
2537 2543 2744 2613 inquis,
2773 2551 3050 2612 propterea
3078 2542 3132 2596 in
3162 2540 3380 2596 homine
3407 2554 3520 2595 ma-

1927 2633 2038 2688 lum
2084 2643 2327 2689 exortum
2357 2644 2465 2699 est,
2499 2635 2753 2704 quoniam
2781 2650 2810 2689 a
2835 2634 2954 2688 Deo
2984 2633 3154 2688 lactus
3184 2631 3390 2696 fuerat;
3422 2631 3516 2687 sed

1928 2726 2051 2794 quia
2090 2726 2163 2783 de
2204 2726 2374 2782 nihilo
2430 2726 2600 2783 factus
2645 2725 2836 2782 fuerat.
2875 2726 2931 2783 Si
2979 2742 3109 2797 ergo
3159 2726 3277 2781 ideo
3319 2727 3517 2781 malum

1929 2826 2174 2872 exortum
2225 2829 2308 2873 est
2339 2857 2357 2885 ,
2400 2818 2525 2888 quia
2576 2819 2814 2875 conditio
2867 2817 3018 2873 nihili
3073 2818 3421 2889 praecedentis
3463 2817 3519 2873 id

1926 2908 2144 2979 exegit;
2173 2908 2278 2965 hoc
2306 2917 2484 2966 autem
2514 2910 2737 2971 nihilum
2765 2918 3025 2966 aeternum
3054 2910 3153 2966 luit
3181 2929 3195 2966 :
3228 2910 3520 2967 immutatis

1927 3002 2132 3056 semitis
2171 3001 2401 3056 incidisti
2424 3003 2468 3067 ’,
2494 3012 2545 3058 et
2575 3002 2778 3073 pendes
2813 3002 3034 3057 omnino
3072 3003 3125 3057 in
3169 3001 3518 3072 praeceptoris

1929 3093 2004 3150 tui
2026 3093 2238 3164 laqueo,
2262 3103 2320 3155 ut
2350 3094 2547 3149 malum
2576 3095 2734 3149 ambo
2761 3094 2828 3148 ab
2853 3102 3055 3165 aeterno
3080 3109 3199 3151 esse
3223 3093 3516 3149 fateamini.

1927 3186 2031 3241 Sed
2076 3187 2126 3240 in
2171 3187 2275 3241 hoc
2314 3202 2529 3257 quoque
2572 3187 2662 3241 ille
2705 3187 3340 3257 prudentiorzinducens
3375 3188 3519 3244 enim

1926 3277 2172 3333 naturale
2198 3286 2477 3348 peccatum
2497 3318 2515 3345 ,
2535 3276 2671 3332 dixit
2693 3287 2947 3332 aeternam
2976 3277 3140 3333 fuisse
3168 3277 3520 3335 substantiam

1926 3368 2304 3435 tenebrarum,
2336 3384 2455 3438 qua:
2497 3370 2616 3444 sine
2659 3369 2932 3424 voluntate
2977 3370 3277 3438 peccatoris
3318 3369 3520 3426 malum

1926 3459 2031 3515 hoc
2060 3461 2239 3514 inesse
2267 3463 2634 3528 compelleret.
2667 3462 2765 3514 Rei
2796 3478 2923 3530 ergo
2943 3503 2959 3526 ,
2988 3462 3143 3530 cujus
3171 3460 3398 3517 faciebat
3420 3477 3521 3531 rte-

1924 3551 2253 3617 cessitatem,
2279 3559 2553 3607 auctorem
2588 3550 2757 3615 dedit,
2785 3561 2846 3606 ut
2872 3552 3067 3605 malum
3101 3550 3240 3627 quod
3267 3551 3517 3609 substan-

1925 3645 2030 3699 tias
2057 3642 2405 3713 pervadebat,
2427 3643 2698 3701 videretur
2721 3643 2919 3700 habere
2945 3630 3222 3714 cogentem
3259 3661 3272 3697 :
3305 3653 3361 3699 tu
3389 3659 3517 3699 vero

1928 3736 2147 3805 plumbo
2176 3734 2373 3805 ingenii
2405 3750 2510 3793 non
2553 3732 2799 3801 ferendo,
2821 3736 3107 3792 conﬁrmas
3144 3737 3515 3792 necessitatem

1925 3829 2092 3895 mali,
2122 3828 2216 3883 sed
2247 3843 2411 3899 negas
2450 3828 2785 3883 necessitatis
2828 3841 3119 3883 auctorem.
3156 3818 3228 3884 Et
3278 3828 3417 3886 sicut
3460 3831 3517 3886 in
3549 3862 3558 3870 -

1927 3920 2195 3992 parvulis,
2222 3921 2293 3975 ita
2339 3922 2391 3981 iu
2432 3921 2550 3991 ipso
2597 3920 2779 3991 priore
2821 3920 3027 3992 peccati
3064 3928 3345 3991 operatore
3376 3937 3518 3994 opus

1926 4010 2237 4082 relinquis;
2285 4026 2353 4067 ac
2420 4012 2553 4068 dicis
2616 4010 2799 4067 nescio
2861 4011 2988 4081 quid
3051 4028 3303 4082 magnum
3360 4029 3519 4084 posse

1925 4103 2183 4175 intelligi,
2212 4111 2269 4159 ut
2300 4103 2426 4159 illud
2456 4104 2585 4159 nihil
2617 4094 2847 4160 valuerit
2874 4103 3163 4175 plurimum
3183 4144 3201 4172 ,
3232 4120 3354 4160 cum
3380 4106 3518 4162 nihil

1924 4204 2089 4250 esset.

1995 4286 2133 4342 Anc.
2175 4284 2316 4341 Nihil
2344 4286 2517 4353 vales,
2557 4286 2653 4342 sed
2699 4296 2776 4356 tu,
2820 4285 3113 4356 asserendo
3158 4285 3299 4358 quod
3347 4286 3514 4355 nihil,

1923 4394 2046 4433 cum
2091 4380 2162 4433 sit
2210 4379 2361 4445 nihil,
2409 4380 2582 4435 valeat
2629 4379 2825 4451 aliquid
2868 4398 2881 4433 :
2930 4394 3030 4435 nec
3074 4379 3345 4451 intelligis,
3391 4394 3515 4435 cum

1925 4468 2121 4524 dicitur
2158 4470 2300 4526 Deus
2347 4469 2417 4527 de
2460 4472 2628 4528 nihilo
2676 4471 2866 4527 iecisse
2909 4487 3029 4542 quae
3078 4471 3220 4536 fecit,
3266 4488 3371 4528 non
3411 4471 3516 4529 dici

1925 4561 2090 4630 aliud,
2121 4562 2222 4617 nisi
2249 4564 2370 4634 quia
2398 4564 2466 4619 dc
2493 4580 2551 4620 se
2580 4552 2695 4635 ipso
2721 4580 2827 4619 non
2860 4564 2989 4621 fecit
3018 4583 3031 4620 :
3065 4580 3171 4620 non
3200 4567 3342 4622 enim
3368 4577 3518 4623 ante-

1923 4666 2083 4721 quam
2132 4653 2329 4724 aliquid
2381 4655 2615 4717 laceret,
2659 4654 2986 4711 coaeternum
3036 4657 3110 4711 illi
3159 4667 3273 4713 erat
3318 4657 3518 4729 aliquid

1925 4741 2122 4799 facere.
2156 4745 2229 4798 De
2271 4745 2436 4799 nihilo
2466 4754 2547 4801 est
2577 4761 2738 4817 ergo,
2770 4749 2913 4818 quod
2941 4764 3045 4803 non
3076 4757 3161 4805 est
3197 4750 3264 4804 de
3292 4750 3471 4820 aliquo
3499 4770 3514 4806 :

1925 4838 2047 4908 quia
2075 4838 2172 4893 etsi
2212 4836 2335 4894 fecit
2366 4839 2507 4895 Deus
2545 4839 2720 4910 aliqua
2763 4840 2831 4895 de
2856 4841 2976 4895 aliis
3012 4842 3173 4897 rebus
3197 4880 3212 4909 ,
3245 4842 3342 4896 has
3372 4844 3518 4913 ipsas

1923 4928 1993 4983 de
2020 4928 2210 4999 quibus
2241 4945 2302 4984 ea
2345 4929 2498 4993 fecit,
2530 4929 2597 4985 dc
2638 4930 2799 4985 nullis
2846 4931 3045 4987 fecerat
3075 4933 3252 4987 rebus.
3285 4933 3519 4989 Peccare

1924 5029 2104 5075 autem
2135 5020 2276 5074 nulla
2307 5036 2393 5077 res
2426 5032 2623 5091 posset,
2653 5023 2696 5078 si
2728 5022 2798 5077 de
2827 5031 3016 5078 natura
3049 5024 3142 5079 Dei
3174 5023 3307 5079 facta
3335 5034 3515 5085 esset;

1892 5128 2026 5167 'uec
2062 5113 2172 5183 jam
2224 5113 2356 5167 facta
2400 5124 2545 5169 esset
2568 5114 2611 5181 ³,
2654 5114 2749 5170 sed
2793 5113 2862 5170 de
2902 5114 2995 5170 illo
3039 5126 3215 5180 esset,
3261 5116 3522 5186 quidquid

1925 5214 2101 5268 esset,
2132 5215 2187 5259 et
2227 5203 2331 5259 hoc
2373 5205 2515 5276 quod
2547 5206 2634 5261 ille
2676 5212 2859 5263 esset:
2892 5205 3032 5263 sicut
3074 5214 3158 5263 est
3184 5205 3207 5238 ⁸
3247 5206 3435 5273 Filius,
3468 5218 3524 5265 et

1925 5294 2154 5364 Spiritus
2180 5304 2417 5362 sanctus,
2445 5301 2694 5368 quoniam
2724 5297 2792 5354 de
2822 5298 2914 5353 illo
2942 5306 3089 5361 sunt,
3112 5292 3224 5353 hoc
3251 5298 3394 5369 quod
3428 5301 3518 5356 ille

1923 5396 2083 5453 sunt,
2127 5386 2265 5442 alius
2305 5389 2603 5456 nascendo,
2646 5390 2782 5446 alius
2820 5389 3200 5461 procedendo;
3242 5399 3402 5460 atque
3446 5393 3518 5448 ita

1990 5561 2397 5643 ilignie’iust‘."
2418 5563 2523 5630 ίνεο
2542 5564 2750 5619 W-
2765 5565 3058 5629 Αάὶθσίωιιδ,
3076 5561 3251 5628 primo,
3264 5577 3329 5616 ex
3351 5579 3518 5617 mauu-
3575 5591 3591 5643 τδ

1923 5630 2226 5760 “iiiis...
2250 5687 2855 5760 addidimusﬁncidisti.
2958 5750 2973 5760 _
3012 5754 3024 5760 Δ
3073 5758 3076 5760 λ
3218 5744 3225 5757 ,
3372 5748 3389 5760 *Α
3570 5668 3591 5708 ά

1989 5748 2010 5779 ³
2033 5755 2130 5817 Hoc
2149 5750 2270 5817 item
2292 5749 2399 5801 loco
2418 5748 3171 5817 auctoritateimautualptorum
3193 5748 3512 5817 restituimus,

2045 5811 2156 5871 jam
2192 5811 2326 5873 facta
2344 5821 2500 5877 esset;
2543 5824 2600 5865 ac
2622 5812 2767 5878 paulo
2809 5820 2937 5877 post,
2960 5811 3007 5864 ἀ
3044 5812 3139 5887 hoc
3172 5815 3315 5897 quod‘
3338 5811 3515 5868 ille“;

1990 5942 2012 5965 ο
2045 5940 2202 5997 Forte,
2226 5942 2289 5986 ct.
