4070 6510
537 399 664 454 H7!

535 521 660 566 sunt
687 511 754 568 de
783 511 906 576 illo,
941 518 1001 566 ut
1029 525 1298 582 nunquam
1329 509 1489 565 fuerit
1533 509 1648 578 ipse
1693 505 1838 576 prior
1882 503 2009 558 illis.
2061 503 2128 556 Et

535 605 656 660 ideo
703 605 801 658 ista
833 611 1019 658 natura
1063 619 1170 658 non
1219 609 1394 672 potest
1421 601 1643 657 omnino
1685 613 1947 670 peccare;
2000 595 2124 666 quia

533 713 640 752 non
689 705 862 766 potest
903 711 964 752 se
1011 696 1125 766 ipsa
1171 695 1453 754 deserere.
1499 709 1602 749 nec
1643 691 1920 746 meliorem
1965 687 2126 742 habet

531 791 617 844 cui
647 789 842 844 debeat
869 787 1130 842 inhaarere
1149 828 1166 854 ,
1195 795 1252 842 et
1275 786 1426 856 cujus
1453 785 1624 855 possit
1653 781 1956 838 desertione
1995 793 2124 849 pec-

529 899 674 938 care.
703 881 814 936 Nec
853 887 1032 936 tamen
1075 880 1150 934 ita
1175 879 1452 935 rationalis
1479 887 1564 932 est
1591 877 1730 931 facta
1758 881 2000 930 creatura
2018 914 2032 937 ,
2065 879 2126 926 ut

529 973 754 1030 haberet
783 971 1039 1043 peccandi
1083 971 1456 1028 necessitatem
1485 987 1498 1022 :
1531 967 1628 1024 sed
1659 981 1758 1022 nec
1795 963 2122 1036 possibilita-

531 1077 638 1122 tem
667 1065 925 1134 haberet,
959 1066 1002 1120 si
1033 1073 1222 1120 natura
1251 1064 1345 1119 Dei
1385 1071 1567 1128 esset;
1598 1059 1850 1132 quoniam
1887 1057 1980 1112 Dei
2019 1069 2122 1110 na-

530 1169 646 1214 tura
679 1175 900 1229 peccare
931 1174 1028 1214 nec
1055 1157 1168 1212 vult
1190 1171 1350 1226 posse
1369 1198 1384 1220 ,
1413 1171 1514 1212 nec
1539 1161 1714 1226 potest
1743 1152 1902 1208 velle.

599 1250 820 1305 XXXII.
859 1249 979 1305 Jun.
1021 1248 1134 1303 Hoc
1170 1247 1312 1302 enim
1351 1246 1523 1313 nihil,
1563 1247 1632 1302 de
1673 1261 1778 1317 quo
1821 1243 1958 1298 facta
1997 1249 2123 1296 sunt

527 1343 728 1410 omnia,
756 1341 991 1396 affirmas
1015 1355 1230 1395 causam
1257 1338 1425 1394 fuisse
1451 1337 1675 1408 peccati.
1707 1335 1934 1391 Tantum
1963 1334 2122 1404 igitur

525 1435 654 1489 facit
679 1433 819 1502 apud
859 1441 912 1488 te
953 1431 1102 1486 nihili
1147 1429 1306 1502 hujus
1351 1430 1622 1500 potentia,
1669 1435 1928 1499 quantum
1977 1425 2119 1496 apud

526 1523 874 1580 Manichaeum
897 1523 1154 1594 principis
1179 1521 1545 1579 tenebrarum.
1570 1521 1742 1576 Ambo
1765 1535 1894 1591 ergo
1917 1519 2114 1586 dicitis,

527 1621 686 1674 etiam
731 1619 887 1688 primi
931 1619 1060 1673 mali
1103 1619 1481 1674 necessitatem
1525 1615 1734 1672 fuisse:
1767 1615 1862 1672 sed
1891 1615 1985 1670 dat
2027 1613 2118 1670 ille

523 1711 846 1766 soliditatem
879 1710 960 1766 vel
996 1711 1230 1778 malam;
1279 1719 1332 1766 tu
1375 1701 1716 1774 inanitatem,
1749 1723 1901 1779 atque
1936 1716 2115 1763 tamen

521 1803 762 1860 malam:
805 1803 898 1860 ille
941 1819 1072 1876 ergo
1113 1805 1244 1860 dicit
1281 1805 1571 1860 violentam
1617 1804 2010 1868 substantiam;
2057 1811 2114 1858 tu

520 1895 812 1950 violentum
842 1909 1029 1966 aeque,
1062 1895 1160 1951 sed
1199 1895 1443 1951 nihilum.
1477 1895 1612 1952 Vide
1653 1909 1782 1966 ergo
1819 1894 2116 1967 syllogismi

520 1989 598 2044 tui
629 1987 788 2044 finem
817 2007 830 2044 :
859 1987 1088 2046 nihilum
1133 2005 1360 2062 nempe,
1390 2005 1512 2046 cum
1549 1988 1778 2046 necdum
1823 1988 2114 2060 quidquam

519 2091 664 2136 esset
701 2089 940 2137 creatum
959 2123 976 2152 ,
1005 2091 1222 2138 aeterna:
1251 2091 1368 2138 erat
1395 2081 1666 2138 inanitatis
1691 2080 1947 2137 indicium
1973 2097 1989 2148 ;
2017 2079 2112 2135 sed

519 2171 624 2228 hoc
653 2171 828 2244 ipsum
875 2173 1130 2238 nihilum,
1163 2173 1216 2228 id
1245 2181 1361 2240 est,
1393 2173 1624 2229 inanitas
1647 2215 1661 2240 ,
1704 2171 1999 2260 orientibus
2030 2179 2116 2228 est

521 2263 670 2319 ﬁnita
699 2266 958 2321 creaturis
987 2283 1001 2319 :
1031 2265 1224 2322 desivit
1252 2265 1396 2322 enim
1427 2265 1560 2320 nihil
1605 2279 1758 2332 esse,
1789 2279 1914 2320 cum
1951 2265 2116 2335 erepit

519 2353 717 2426 aliquid
763 2369 902 2412 esse.
956 2356 1134 2426 Ipsum
1160 2371 1291 2428 ergo
1333 2355 1560 2412 nihilum
1606 2357 1766 2412 etiam
1805 2369 1930 2412 cum
1973 2365 2110 2423 erat,

518 2461 628 2502 non
657 2454 812 2513 erat;
844 2447 1098 2518 quoniam
1129 2457 1254 2504 tunc
1283 2448 1594 2520 intelligitur
1617 2447 1804 2514 fuisse,
1833 2463 1958 2504 cum
1985 2463 2114 2506 nec-

518 2535 647 2592 dum
677 2537 878 2609 aquuid
917 2547 1054 2595 erat.
1083 2538 1275 2595 Postea
1301 2555 1430 2596 vero
1455 2555 1616 2611 quam
1645 2540 1800 2596 factae
1833 2555 1922 2597 res
1965 2549 2110 2609 sunt,

517 2631 624 2688 hoc
645 2633 916 2689 inanitatis
955 2633 1206 2690 indicium
1234 2635 1278 2702 ί,
1309 2633 1360 2689 id
1385 2643 1501 2700 est,
1533 2633 1788 2702 nihilum,
1819 2637 1958 2690 sicut
1981 2635 2113 2691 sub-

518 2727 772 2782 stantiam
817 2741 1088 2799 nunquam
1137 2727 1419 2796 habuerat,
1471 2727 1543 2783 ita
1590 2729 1750 2784 etiam
1791 2729 2112 2784 vocabulum

519 2831 676 2874 suum
705 2817 971 2888 perdidit;
1019 2817 1324 2890 factumque
1367 2827 1476 2886 est,
1515 2827 1574 2874 ut
1601 2818 1745 2890 quod
1787 2819 1838 2873 in
1881 2833 1942 2875 re
1969 2834 2112 2874 nun-

519 2925 680 2982 quam
705 2912 983 2979 extiterat,
1011 2913 1172 2968 etiam
1202 2914 1376 2984 ipsum
1403 2929 1597 2970 nomen
1625 2914 1914 2970 amitteret.
1943 2913 2114 2984 Hujus

519 3019 648 3074 ergo
691 3012 746 3057 tu
771 3004 1028 3060 violentia
1067 3005 1269 3060 malum
1306 3007 1441 3062 etin
1485 3005 1676 3078 angelo
1703 3015 1760 3062 et
1801 3007 1854 3061 in
1897 3005 2120 3062 homine

519 3095 900 3151 commentaris
939 3107 1184 3152 exortum
1214 3115 1229 3152 :
1257 3113 1363 3169 quo
1404 3097 1534 3168 quid
1573 3098 1826 3153 furiosius
1867 3095 1972 3154 dici
2018 3113 2114 3170 po-

517 3193 624 3242 test
642 3185 666 3240 ?

591 3279 729 3334 Auc.
773 3277 851 3333 'I‘u
879 3280 1056 3349 potius
1085 3278 1442 3335 maledicendi
1479 3278 1657 3335 studio
1685 3279 1864 3336 furere
1891 3281 2112 3338 videris.

517 3367 634 3440 Ego
664 3385 770 3426 non
797 3371 907 3426 dixi
935 3372 1228 3428 violentum
1261 3371 1393 3428 nihil
1422 3389 1436 3426 :
1469 3388 1576 3428 non
1605 3373 1748 3428 enim
1777 3383 1862 3427 est
1888 3373 2112 3444 aliquid,

516 3461 662 3530 quod
694 3461 863 3531 possit
890 3477 1012 3517 esse
1041 3465 1356 3518 violentum.
1386 3462 1497 3518 Nec
1537 3463 1758 3535 angelus
1777 3505 1793 3532 ,
1823 3481 1925 3520 nec
1951 3465 2115 3522 homo

515 3550 571 3606 vi
599 3551 776 3622 aliqua
820 3567 1050 3622 peccare
1073 3553 1096 3584 ⁸
1123 3553 1431 3624 compulsus
1472 3563 1556 3610 est
1576 3569 1606 3621 ;.
1639 3570 1740 3610 nec
1775 3568 2112 3627 peccassent,

517 3643 564 3699 si
603 3659 829 3714 peccare
871 3644 1204 3712 noluissent,
1246 3646 1339 3717 qui
1378 3646 1540 3704 etiam
1581 3647 1722 3704 nolle
1765 3650 2111 3720 potuissent:

517 3749 702 3790 verum
731 3743 787 3792 et
823 3751 984 3807 posse
1010 3751 1232 3808 peccare
1263 3753 1375 3794 non
1412 3738 1470 3794 in
1507 3738 1592 3795 his
1631 3749 1809 3808 esset,
1841 3743 1882 3796 si
1925 3753 2112 3798 natura

518 3827 612 3884 Dei
637 3837 840 3886 essent.

593 3917 836 3974 XXXIII.
867 3920 989 3976 ἔω..
1017 3921 1283 3994 Magnam,
1311 3923 1510 3996 inquis,
1537 3926 1646 3982 vim
1673 3925 1856 3984 habuit
1879 3944 1968 3985 res
1993 3945 2114 4002 qua:

523 4026 631 4066 non
660 4019 797 4081 erat,
821 4012 889 4068 ob
915 4012 1020 4069 hoc
1043 4015 1238 4082 solum,
1263 4017 1386 4087 quia
1413 4033 1685 4089 nunquam
1713 4021 1901 4091 fuerat,
1925 4039 2112 4080 verum

522 4115 634 4160 tum
661 4121 822 4176 posse
857 4107 1144 4178 plurimum
1173 4109 1372 4180 coepit,
1401 4120 1682 4182 postquam
1715 4123 1770 4170 et
1807 4115 1981 4186 ipsum
2011 4131 2112 4172 no-

522 4215 648 4254 men
674 4199 890 4266 amisit;
937 4201 1294 4272 sortitumque
1335 4211 1418 4258 est
1459 4204 1564 4260 hoc
1599 4206 1824 4262 nihilum
1867 4225 2112 4280 magnam

521 4289 962 4358 dominationem,
1005 4301 1282 4362 postquam
1325 4295 1489 4350 etiam
1527 4299 1814 4369 appellatio
1857 4301 1974 4371 ejus
2025 4303 2112 4358 in-

517 4385 684 4440 teriit.

589 4483 727 4537 Auc.
769 4478 826 4536 Si
854 4479 906 4536 id
935 4479 1076 4552 quod
1105 4480 1241 4536 nihil
1265 4490 1383 4552 est,
1419 4483 1620 4556 aliquid
1658 4493 1835 4555 esset,
1875 4489 2014 4560 apud
2061 4497 2112 4546 te

517 4571 788 4628 diceretur
812 4574 1061 4629 sortitum
1101 4589 1349 4646 magnam
1379 4576 1798 4635 dominationem
1829 4598 1841 4634 :
1871 4583 2114 4652 quamle-

519 4664 732 4734 quidcm
761 4665 998 4732 vanitas,
1031 4667 1145 4723 sive
1183 4667 1384 4724 falsitas
1405 4713 1420 4738 ,
1453 4669 1524 4726 ita
1553 4671 1646 4726 tibi
1687 4672 2024 4742 dominatur,
2057 4687 2115 4733 ut

519 4756 718 4810 tamdiu
745 4765 796 4812 te
822 4760 920 4813 ista
949 4759 1122 4814 inania
1149 4763 1350 4832 garrire
1379 4765 1684 4834 compellat.

589 4847 831 4904 XXXIV.
873 4847 993 4904 Jun.
1035 4851 1206 4908 Macte
1251 4856 1446 4912 virtute
1488 4858 1795 4928 sapientiae,
1829 4862 1920 4932 qui
1960 4879 2114 4918 nova:

517 4946 572 4992 et
608 4953 638 4992 a
669 4947 722 4993 te
757 4937 778 4969 ³
814 4939 1044 4996 inventa:
1088 4943 1319 5013 primum
1350 4947 1724 5018 disputationis
1766 4953 1992 5024 regulis,
2025 4972 2116 5012 sc-

519 5029 692 5084 cunda
719 5031 1016 5099 primorum
1045 5035 1328 5104 negatione
1365 5041 1771 5108 complecteris,
1799 5053 1852 5098 et
1885 5059 2112 5114 corpora

521 5119 785 5191 capitibus
825 5129 1016 5176 trunca
1046 5127 1344 5194 componis.
1373 5127 1488 5182 Non
1517 5129 1814 5188 invidemus
1843 5135 2114 5191 subtilita-

521 5213 662 5267 tibus
693 5211 796 5266 tuis
828 5229 840 5266 :
884 5212 1010 5282 quin
1055 5213 1162 5268 imo
1199 5215 1488 5272 christiana
1521 5219 1852 5280 humanitate
1893 5227 2116 5298 misera-

521 5321 670 5372 mur,
695 5307 840 5377 quod
879 5307 1096 5378 dignum
1127 5311 1370 5382 reperiSti
1402 5313 1603 5369 exitum
1635 5315 1865 5388 dogmati
1902 5329 2024 5384 tuo,
2059 5331 2116 5378 ut

521 5397 794 5466 profectus
819 5413 852 5454 a
882 5400 1196 5458 criminibus
1235 5403 1602 5478 innocentum,
1634 5409 1700 5465 ad
1727 5409 1952 5468 nihilum
1985 5431 2109 5486 per-

519 5503 750 5547 venires.

585 5713 605 5784 ξ
638 5713 714 5784 sic
733 5719 844 5784 htss.
867 5721 920 5766 tn
941 5718 1100 5784 vlgn.,
1123 5719 1376 5784 (indictum.

583 5775 610 5852 ξ
637 5777 910 5852 statuam
928 5775 1097 5852 διεξίῃ
1125 5783 1178 5834 in
1215 5785 1382 5850 aliqua
1405 5801 1624 5852 peccare.

587 5835 612 5866 ⁸
643 5837 800 5900 vtgn.,
825 5835 1138 5906 mtate.'Mss.,
1160 5852 1206 5898 et
1228 5835 1342 5898 ate.

1211 393 1454 454 OPERIS
1477 389 1890 450 IMPERFECTI
1925 386 2201 446 CONTRA
2239 385 2601 458 JULIANUM,
2639 389 2698 446 S.
2737 388 3110 448 AUGUSTINI

3673 385 3826 446 H72

2309 501 2442 558 Anc.
2483 501 2562 557 Ad
2593 501 2816 558 nihilum
2847 515 2902 559 tu
2927 505 3106 576 potius
3133 507 3453 578 pervenisti,
3481 507 3628 580 quod
3657 519 3710 567 te
3751 515 3828 571 ita

2233 591 2497 663 delectat,
2529 605 2586 650 ut
2629 595 2753 652 inde
2781 596 3070 666 recedere,
3101 599 3186 656 vel
3211 601 3390 658 redire
3425 601 3606 658 adhuc
3635 605 3780 660 nolis
3815 625 3830 660 :

2232 689 2320 758 qui
2349 703 2438 744 me
2469 699 2750 760 propterea
2779 690 2914 746 dicis
2939 691 2991 747 id
3021 691 3164 763 quod
3189 693 3318 749 nihil
3341 703 3446 761 est,
3477 695 3682 752 dixisse
3705 711 3834 752 esse

2233 781 2453 850 aliquid,
2485 791 2540 836 ut
2567 790 2674 838 tam
2707 783 2929 839 multum
2959 795 3018 839 tu
3045 785 3253 842 diceres
3281 785 3440 842 nihil.

2303 872 2524 929 XXXV.
2565 873 2684 930 Jun.
2725 873 2772 931 0
2807 877 3111 945 sanitatem,
3139 893 3174 932 ο
3201 877 3520 948 elegantiam
3547 879 3832 950 disputan-

2231 965 2337 1021 tis!
2373 985 2394 1018 ι
2424 965 2540 1022 Non
2569 967 2692 1026 ideo
2713 1008 2728 1034 ,
2765 985 2784 1020 ι
2819 969 3028 1039 inquit,
3061 988 3084 1022 ‹
3115 970 3316 1026 malum
3353 979 3600 1028 exortum
3647 983 3734 1028 est
3773 973 3828 1028 in

2229 1055 2468 1126 homine,
2501 1058 2624 1130 quia
2669 1073 2700 1114 a
2743 1059 2853 1116 Deo
2899 1061 3097 1118 factum
3141 1071 3245 1130 est,
3289 1062 3384 1118 sed
3429 1063 3552 1119 Ideo
3591 1063 3718 1134 quia
3763 1065 3828 1120 de

2228 1149 2396 1204 nihilo
2429 1169 2448 1203 ι
2489 1149 2592 1222 (De
2611 1149 2830 1222 Nuptiis
2855 1161 2906 1207 et
2929 1150 3354 1224 Concupiscentia
3373 1196 3390 1222 ,
3419 1153 3595 1222 M2,
3621 1171 3678 1208 η.
3699 1154 3826 1226 48).

2225 1238 2572 1296 Ostendimus
2593 1241 2704 1312 jam
2731 1257 2980 1310 acumen,
3005 1259 3112 1314 quo
3137 1245 3216 1300 vis
3239 1245 3474 1302 maxima
3503 1245 3632 1302 huic
3655 1245 3828 1302 nihilo

2225 1331 2510 1403 subrogata
2561 1343 2644 1388 est
2689 1349 2704 1388 :
2749 1349 2890 1389 nunc
2941 1335 3070 1390 illud
3121 1335 3424 1403 admoneo,
3471 1337 3620 1408 quod
3663 1339 3824 1394 etiam

2225 1423 2471 1491 superior
2499 1423 2780 1480 conﬂictus
2811 1425 2936 1481 fecit
2973 1425 3228 1498 intelligi,
3259 1443 3362 1483 nec
3391 1429 3410 1460 ι
3443 1427 3678 1498 primu
3701 1445 3823 1484 ma-

2225 1515 2334 1570 lum
2375 1517 2642 1586 peccantis
2689 1517 2854 1574 fuisse
2895 1519 3172 1576 voluntate
3213 1531 3554 1593 susceptum,
3599 1525 3648 1579 si
3691 1523 3826 1581 illud

2225 1607 2370 1663 nasci
2401 1608 2636 1664 conditio
2667 1609 2932 1666 venientis
2957 1611 3032 1667 de
3057 1612 3226 1669 nihilo
3249 1615 3435 1684 stirpis
3459 1617 3660 1686 exegit.

2299 1699 2432 1755 Anc.
2472 1698 2590 1756 Non
2617 1701 2796 1772 exegit
2823 1713 3102 1771 peceatum
3133 1707 3277 1760 nasci
3303 1706 3410 1762 ulla
3439 1706 3678 1764 conditio
3699 1710 3824 1766 stir-

2223 1791 2306 1862 pis
2333 1790 2402 1848 de
2429 1790 2600 1848 nihilo
2619 1794 2884 1850 venientis
2909 1813 2924 1850 :
2951 1795 3384 1868 quandoquidem
3411 1799 3546 1855 illud
3571 1801 3820 1874 exigitur,

2221 1883 2366 1954 quod
2396 1885 2736 1956 compellitur
2771 1887 2922 1944 reddi
2964 1889 3052 1945 vel
3095 1889 3210 1946 ﬁeri
3241 1907 3256 1945 :
3287 1891 3542 1962 angelum
3565 1909 3700 1950 vero
3737 1895 3822 1952 vel

2223 1975 2529 2045 hominem,
2579 1993 2611 2034 a
2657 1979 2848 2050 quibus
2887 1989 2946 2038 et
2981 1983 3036 2037 in
3077 1983 3272 2054 quibus
3317 1984 3490 2056 prima
3535 1995 3665 2042 sunt
3701 1999 3824 2046 orta

2223 2080 2442 2139 peccata
2465 2113 2480 2138 ,
2509 2087 2736 2142 peccare
2764 2073 2912 2129 nulla
2939 2091 3028 2132 res
3055 2077 3351 2147 compulit;
3399 2077 3496 2134 sed
3523 2079 3698 2136 libera
3727 2097 3822 2139 vo-

2223 2161 2428 2218 luntate
2455 2176 2750 2234 peccarunt
2779 2185 2794 2222 :
2823 2163 2967 2238 quod
2995 2178 3054 2226 et
3091 2169 3236 2226 nolle
3269 2179 3530 2242 possent,
3569 2173 3698 2244 quia
3725 2189 3824 2231 nec

2219 2255 2548 2325 cogebantur
2591 2265 2648 2312 ut
2673 2257 2912 2324 vellent;
2957 2269 3012 2316 et
3055 2269 3234 2318 tamen
3259 2261 3398 2319 velle
3425 2277 3534 2318 non
3575 2275 3820 2334 possent,

2222 2345 2270 2400 si
2311 2345 2381 2403 de
2423 2347 2536 2404 Deo
2575 2355 2821 2406 naturam
2862 2349 3146 2421 haberent,
3197 2367 3308 2410 non
3358 2353 3428 2411 de
3477 2353 3652 2412 nihilo
3697 2355 3824 2414 facti

2221 2451 2426 2498 essent.

2291 2531 2534 2589 XXXVI.
2555 2533 2674 2590 Jun.
2695 2535 2900 2592 Dedisti
2919 2535 3081 2608 igitur
3103 2545 3158 2593 et
3181 2537 3372 2608 pri'mi'
3403 2547 3652 2596 naturam
3671 2541 3820 2610 mali,

2221 2625 2318 2681 sed
2345 2625 2642 2682 inaniorem
2686 2643 2846 2700 quam
2873 2627 3216 2698 Manichaeus,
3245 2645 3400 2702 atque
3441 2639 3628 2688 tamen
3665 2643 3824 2690 aiter-

2223 2732 2372 2774 nam.
2411 2718 2762 2790 Pugnandum
2787 2735 2952 2792 super
2979 2721 3082 2778 hoc
3108 2737 3216 2778 non
3245 2731 3332 2780 est
3359 2742 3374 2778 :
3407 2725 3576 2781 claret
3603 2727 3824 2782 omnino

2219 2809 2343 2880 quia
2366 2819 2582 2867 maneat
2606 2811 2748 2868 inter
2773 2827 2872 2870 vos
2898 2812 3074 2870 ftedus
3092 2855 3108 2878 ,
3137 2815 3283 2886 quod
3321 2815 3580 2872 naturalis
3616 2817 3742 2872 mali
3769 2827 3824 2873 et

2221 2905 2406 2962 merui
2433 2904 2560 2959 mali
2595 2915 2788 2961 catena
2811 2908 3096 2964 connectit.

2292 2997 2430 3053 ABG.
2469 2995 2850 3067 lnsulsissime,
2885 3013 2992 3055 non
3019 3009 3198 3070 potest
3237 3011 3498 3058 aeternum
3529 3017 3646 3060 esse
3673 3004 3824 3074 quod

2221 3088 2354 3144 nihil
2399 3097 2502 3158 est,
2543 3105 2650 3145 non
2699 3101 2875 3162 potest
2919 3101 3180 3148 aeternum
3209 3109 3332 3151 esse
3361 3095 3504 3166 quod
3547 3095 3694 3152 nulla
3735 3113 3824 3153 res

2221 3189 2345 3246 est,
2418 3189 2690 3252 postremo
2750 3199 2858 3240 non
2931 3193 3108 3256 potest
3167 3201 3288 3242 esse
3349 3197 3616 3244 aeternum
3677 3189 3824 3260 qod

2222 3287 2329 3328 non
2374 3283 2476 3328 est.

2293 3363 2562 3421 XXXVII.
2587 3365 2708 3420 Jun.
2735 3365 2832 3438 Egi
2859 3377 3028 3436 certe,
3059 3379 3118 3425 ut
3139 3369 3300 3426 fidem
3325 3371 3710 3444 disputationis
3735 3375 3826 3430 de-

2223 3453 2418 3521 cebat;
2462 3457 2698 3530 illudque
2749 3460 2894 3531 quod
2923 3469 2980 3517 tu
3007 3463 3433 3534 argumentando
3455 3465 3742 3534 elfeceras,
3773 3467 3826 3523 id

2223 3557 2306 3601 est
2329 3587 2345 3614 ,
2375 3547 2498 3603 ideo
2523 3550 2578 3605 in
2607 3565 2772 3621 opere
2793 3552 2892 3608 Dei
2919 3563 3093 3610 ortam
3115 3557 3444 3614 voluntatem
3473 3560 3674 3616 malam
3705 3563 3824 3633 quia

2223 3637 2414 3695 fuisset
2443 3639 2603 3696 homo
2627 3653 2842 3700 creatus
2865 3660 2932 3700 ex
2959 3645 3147 3714 nihilo,
3173 3649 3312 3704 ratio
3335 3661 3674 3720 perscrutata
3697 3669 3824 3709 con-

2224 3731 2406 3798 trivit;
2447 3734 2738 3792 ostendens
2781 3737 3067 3808 videlicet,
3113 3750 3168 3802 te
3211 3741 3508 3800 immutatis
3549 3746 3824 3802 vocabulis

2223 3819 2364 3878 idem
2395 3823 2592 3882 dixisse
2615 3868 2632 3893 ,
2663 3828 2806 3898 quod
2835 3827 3162 3888 Manichacus
3191 3833 3344 3890 ﬁnxit
3374 3842 3430 3890 et
3469 3836 3704 3892 credidit
3725 3879 3742 3904 ,
3771 3838 3822 3892 id

2221 3925 2326 3982 est,
2359 3917 2586 3985 primum
2617 3935 2830 3994 quoque
2877 3923 3155 3992 peccatum
3199 3936 3524 3985 internarum
3569 3931 3824 3988 tenebra-

2222 4021 2341 4062 rum
2372 4009 2621 4066 violentia
2646 4009 2905 4082 genitum.

2293 4099 2432 4157 Anc.
2475 4101 2594 4156 Jam
2624 4111 2676 4159 te
2705 4106 2952 4176 superius
2981 4107 3354 4168 admonuimus
3373 4153 3390 4182 ,
3421 4123 3690 4170 aeternum
3721 4132 3824 4172 non

2221 4205 2382 4261 posse
2409 4207 2550 4259 esse,
2577 4195 2720 4264 quod
2759 4211 2866 4252 non
2895 4207 2980 4255 est
3007 4217 3020 4254 :
3051 4201 3180 4273 quid
3211 4212 3298 4259 est
3335 4219 3466 4277 ergo
3493 4209 3642 4279 quod
3665 4207 3822 4276 dic'n,

2223 4283 2346 4338 ideo
2385 4301 2472 4341 me
2509 4289 2926 4358 comparandum
2973 4309 3094 4352 esse
3139 4295 3466 4368 Manichazo,
3499 4303 3630 4372 quia
3656 4303 3826 4358 Mani-

2223 4373 2404 4430 cbmus
2429 4386 2752 4435 :eternarum
2781 4385 3122 4442 tenebrarum
3145 4389 3396 4445 violentia
3424 4393 3668 4462 genitum
3697 4396 3826 4452 dixit

2224 4467 2454 4535 primum
2499 4485 2620 4527 esse
2668 4477 2986 4543 peccatum?
3026 4479 3222 4549 quibus
3269 4483 3506 4538 tenebris
3549 4485 3706 4542 dedit
3741 4489 3826 4544 ille

2224 4559 2580 4618 substantiam
2606 4581 2622 4630 ;
2654 4579 2756 4638 ego
2780 4576 2957 4622 autem
2989 4569 3157 4626 nihilo
3181 4571 3312 4628 dare
3337 4575 3694 4632 substantiam
3725 4593 3824 4634 non

2225 4653 2405 4720 potui,
2436 4663 2494 4708 ut
2519 4655 2588 4710 ob
2615 4655 2718 4712 hoc
2751 4667 2806 4714 et
2828 4675 2929 4730 ego
2957 4663 3112 4732 quasi
3149 4666 3536 4724 constituerem
3579 4671 3828 4727 tenebras

2225 4753 2478 4812 aeternas,
2518 4755 2779 4804 aeternum
2825 4752 3030 4808 scilicet
3077 4754 3231 4811 nihil.
3277 4755 3428 4813 Sicut
3469 4771 3654 4816 autem
3701 4763 3826 4818 sub-

2227 4837 2498 4903 stantiam,
2531 4839 2604 4894 ita
2635 4841 2944 4900 violentiam
2973 4845 3060 4902 vel
3104 4849 3458 4908 aeternitatem
3501 4853 3633 4910 dare
3661 4856 3828 4912 nihilo

2227 4943 2332 4983 non
2371 4931 2562 5001 potui:
2593 4933 2740 4989 nullo
2779 4935 2977 5007 quippe
3017 4939 3218 5008 modo,
3261 4942 3346 4997 vel
3387 4943 3720 5014 violentum,
3751 4949 3828 5004 vel

2225 5029 2484 5077 aeternum
2509 5065 2525 5090 ,
2557 5025 2695 5080 sicut
2728 5027 2838 5096 jam
2875 5027 3110 5086 diximus
3124 5045 3146 5098 ,‘
3167 5043 3346 5103 potest
3373 5051 3498 5092 esse
3523 5039 3670 5108 quod
3699 5041 3828 5098 nihil

2225 5123 2328 5168 est.
2379 5114 2596 5170 Frustra
2647 5117 2806 5187 igitur
2849 5117 3110 5179 adversus
3153 5141 3240 5182 me
3281 5127 3498 5184 voluisti
3553 5129 3832 5204 disputare

2224 5207 2364 5276 quod
2395 5207 2524 5262 nihil
2554 5217 2656 5264 est.

2295 5299 2580 5356 XXXVIII.
2621 5301 2742 5360 JUL.
2789 5304 2986 5362 Verum
3027 5325 3095 5365 ne
3135 5321 3190 5367 tu
3221 5312 3496 5370 detectum
3541 5327 3716 5375 temet
3747 5321 3826 5374 in-

2224 5395 2484 5463 spiciens,
2539 5397 2630 5450 illo
2677 5405 2853 5456 tentes
2899 5415 3186 5474 erumpere
3213 5448 3227 5474 ,
3271 5415 3328 5462 ut
3373 5409 3578 5466 referas
3625 5428 3734 5468 non
3781 5423 3828 5468 te

2224 5485 2442 5550 dixisse,
2469 5487 2594 5543 Ideo
2623 5491 2818 5545 malum
2848 5503 3024 5548 ortum
3049 5505 3132 5549 est
3157 5495 3212 5550 in
3233 5513 3397 5568 opere
3425 5499 3544 5568 Dei,
3569 5505 3824 5572 quoniam

2223 5593 2288 5634 ex
2317 5580 2483 5636 nihilo
2511 5580 2705 5637 factum
2739 5593 2860 5652 est;
2907 5585 3036 5654 sed,
3069 5586 3195 5646 Ideo
3224 5591 3400 5660 potuit
3433 5593 3673 5662 aboriri,
3703 5597 3826 5668 quia

2223 5737 2556 5862 im;
2575 5747 2818 5792 Portarum
2833 5743 2986 5794 codex
3007 5747 3322 5809 praecedente
3347 5753 3608 5814 coniuncto
3651 5755 3828 5820 verba,

2290 5865 2309 5894 ³
2343 5868 2391 5910 tn
2411 5862 2568 5925 editis,
2590 5863 2817 5926 primunt.

3383 5919 3588 5942 ‘—
