3980 6490
187 466 216 522 1
231 458 343 523 4⁵73

187 594 265 636 ex
301 576 469 633 nihilo
499 571 692 629 factum
719 578 803 626 est
830 586 842 623 :
885 564 1272 625 ostendendum
1301 571 1382 619 est
1405 603 1419 627 ,
1450 566 1648 631 quanto
1680 557 1799 609 vio—

191 666 522 725 lcntioribus
550 661 755 736 laqueis
782 659 1020 733 illigeris.
1053 658 1113 715 Si
1142 657 1284 713 enim
1313 653 1510 710 dixeris
1534 646 1805 721 possibili-

193 771 371 819 tatem
398 768 452 815 te
479 756 637 818 mali.
665 770 771 811 non
801 752 1175 810 necessitatem
1197 791 1213 819 ,
1246 746 1436 805 aeterni
1476 742 1618 800 illius
1645 738 1800 796 nihili

90 878 115 937 ξ
196 855 413 910 viribus
446 851 738 922 imputasse
767 866 781 904 :
823 862 922 904 nos
956 846 1272 910 referimus,
1302 839 1445 915 quod
1475 836 1646 937 potuit
1672 831 1805 890 oriri

196 947 352 1002 mala
376 944 620 1001 voluntas
648 941 703 996 in
731 940 969 1006 homine,
997 954 1106 994 non
1133 945 1216 994 est
1243 943 1397 992 certe
1424 934 1441 965 ¹
1474 927 1618 985 aliud
1644 940 1804 1000 quam

197 1037 492 1093 arbitrium
539 1034 768 1089 liberum
799 1051 813 1089 :
845 1031 967 1088 ideo
994 1031 1138 1088 enim
1179 1027 1352 1099 potuit
1380 1022 1509 1079 oriri
1536 1019 1677 1077 mala
1705 1032 1805 1074 vo-

199 1131 425 1195 luntas,
454 1133 514 1182 ut
540 1124 669 1181 oriri
698 1131 883 1195 posset
918 1130 973 1179 et
1001 1122 1159 1176 bona.
1194 1118 1322 1173 llaec
1358 1115 1580 1171 libertas
1607 1118 1719 1176 est,
1751 1107 1806 1162 in

201 1238 317 1295 qua
348 1236 407 1277 se
444 1219 581 1274 ratio
608 1224 866 1282 exercet,
897 1221 1115 1287 propter
1138 1208 1280 1282 quod
1303 1206 1372 1263 ad
1402 1205 1684 1276 imaginem
1713 1198 1809 1295 Dei

209 1292 378 1369 homo
424 1308 913 1383 factus/asseritur,
961 1321 1055 1378 per
1098 1316 1258 1375 quam
1303 1296 1563 1356 creaturis
1601 1292 1812 1350 caeteris

209 1385 789 1473 antecellitySi’ergo
834 1398 978 1472 quod
1020 1399 1071 1453 in
1120 1395 1335 1452 homine
1378 1391 1517 1448 mala
1562 1388 1810 1444 voluntas

210 1500 395 1571 potuit
421 1496 651 1563 exoriri,
681 1494 813 1551 nihil
836 1502 921 1550 est
944 1491 1087 1547 aliud
1111 1504 1270 1562 quam
1310 1484 1518 1543 arbitrii
1553 1482 1808 1553 libertas;

209 1570 272 1648 et
298 1592 401 1647 hoc
424 1597 631 1646 tantum
645 1597 762 1656 est,
794 1595 852 1641 ut
884 1600 981 1657 per
1005 1582 1121 1656 ejus
1159 1579 1387 1653 insignia
1427 1575 1638 1633 caeteris
1670 1570 1812 1628 anti-

210 1691 327 1740 stet
366 1679 725 1738 animantibus
755 1695 770 1731 :
800 1686 858 1753 tu
898 1676 991 1749 qui
1020 1675 1158 1730 hanc
1197 1669 1602 1744 possibilitatem
1646 1663 1814 1738 profi-

1550 441 1751 500 LIBER
1786 428 2104 507 QUINTUS.

3357 430 3499 497 M71

1906 549 2033 620 quid
2077 563 2325 620 possem;
2372 565 2493 607 cum
2539 552 2641 607 hoc
2666 562 2766 623 ego
2811 551 2969 623 longe
3013 556 3138 607 ante
3180 550 3234 605 in
3281 565 3368 615 eo,
3402 553 3490 607 cui

1905 639 2215 704 reluctaris,
2245 641 2382 698 libro
2411 644 2705 714 posuerim.
2749 643 2890 699 Dicis
2915 644 3088 711 enim,
3121 662 3142 696 ε
3172 640 3377 698 referre
3403 657 3494 697 me

1906 747 2084 805 posse,
2129 749 2235 790 non
2274 752 2361 793 me
2402 737 2642 807 dixisse,
2686 737 2813 794 Ideo
2855 738 3051 795 malum
3095 745 3271 793 ortum
3317 745 3399 792 est
3435 735 3493 791 in

1905 840 2069 897 opere
2100 826 2223 893 Dei,
2257 828 2510 897 quoniam
2539 844 2611 885 ex
2640 830 2807 886 nihilo
2830 830 3027 887 factum
3054 841 3172 898 est;
3216 830 3333 898 sed,
3367 829 3496 886 Ideo

1907 917 2080 989 potuit
2107 918 2329 989 aboriri,
2360 920 2482 992 quia
2510 936 2576 977 ex
2600 920 2770 979 nihilo
2798 921 2994 979 factum
3022 932 3123 979 est.
3155 941 3175 975 ι
3206 922 3320 978 Ηοε
3345 937 3499 992 pror-

1908 1022 2000 1065 sus
2025 1006 2170 1076 dixi,
2203 1008 2329 1065 Ideo
2355 1011 2529 1082 potuit
2568 1013 2771 1069 oboriri
2798 1012 2914 1069 dixi
2939 1054 2954 1080 ,
2984 1028 3093 1069 non
3120 1012 3241 1069 ideo
3269 1012 3379 1069 dixi
3403 1028 3498 1068 or-

1911 1112 2023 1156 tum
2067 1119 2082 1156 :
2124 1102 2530 1183 pgssibilitatem
2557 1104 2929 1183 _malif__dedi
2977 1105 3101 1162 huic
3150 1120 3346 1175 causas,
3389 1120 3502 1165 non

2764 1178 2875 1190 "“--~'
2897 1184 2959 1193 ναι-
2976 1184 3035 1195 ριν-η
3048 1188 3057 1193 .

1911 1194 2306 1277 ηεεεεεξιεέεῃιτ
2329 1196 2628 1253 Rationalis
2650 1188 3106 1270 quippeﬁcr‘eaiura
3127 1190 3253 1256 cum
3266 1188 3502 1272 initiata

1955 1264 2201 1291 WrOW‘WJW
2212 1266 2231 1275 ει
2250 1266 2269 1275 σι

1912 1280 2046 1343 Ειῖῐει
2090 1296 2192 1357 εει,
2237 1289 2311 1344 ita
2358 1290 2491 1345 facta
2521 1299 2624 1358 est,
2671 1298 2729 1346 ut
2769 1292 2819 1347 si
2858 1305 3081 1363 peccare
3122 1292 3309 1360 nollet,
3360 1291 3504 1348 nulla

1872 1392 1885 1457 ι
1914 1379 2233 1436 necessitate
2258 1390 2537 1452 urgeretur
2566 1391 2623 1437 ut
2646 1382 2830 1452 vellet,
2854 1393 2947 1441 aut
2973 1384 3134 1441 etiam
3159 1399 3266 1440 non
3293 1385 3503 1457 volens,

1913 1471 1968 1527 id
2009 1481 2111 1541 est,
2158 1473 2321 1530 invita
2367 1473 2635 1546 peccaret,
2681 1484 2738 1532 et
2778 1491 2887 1532 non
2934 1476 3077 1548 quod
3103 1476 3263 1532 vellet
3304 1475 3506 1533 faceret

1915 1560 2134 1630 bonum,
2164 1563 2258 1620 sed
2289 1561 2488 1620 malum
2512 1564 2656 1636 quod
2685 1566 2873 1633 nollet,
2904 1566 3007 1622 hoc
3032 1573 3215 1637 ageret
3241 1582 3256 1622 .-
3283 1565 3373 1621 ubi
3393 1564 3507 1636 jam

1916 1669 2023 1710 non
2050 1664 2327 1728 peccatum
2365 1656 2497 1712 illud
2534 1656 2677 1728 quod
2704 1657 3021 1728 simpliciter
3056 1664 3335 1728 peccatum
3370 1656 3510 1714 dici-

212 1776 350 1833 teris
376 1774 497 1831 ideo
520 1766 689 1829 fuisse
720 1772 775 1827 in
804 1744 1041 1839 homine,
1069 1782 1176 1823 non
1201 1765 1324 1838 quia
1350 1779 1380 1819 a
1408 1764 1539 1827 Deo,
1568 1758 1661 1817 sed
1692 1758 1815 1830 quia
1855 1765 1887 1809 Ι
1919 1756 2023 1817 tur,
2063 1744 2161 1806 sed
2189 1750 2351 1805 etiam
2381 1765 2538 1821 poena
2567 1753 2771 1823 peccati
2800 1761 2902 1808 est.
2949 1750 3328 1808 Verumtamen
3368 1752 3512 1807 male

212 1869 289 1928 de
326 1870 494 1928 nihilo
533 1869 705 1926 factus
748 1862 887 1933 est,‘
917 1881 1060 1922 novo
1105 1862 1368 1934 dogmatis
1411 1856 1654 1932 prodigio
1683 1853 1815 1911 illud
1850 1894 1862 1925 ι

213 1963 377 2032 nihil,
402 1962 457 2019 id
481 1969 582 2029 est,
614 1960 887 2032 antiquam
916 1957 1225 2012 inanitatem
1244 1995 1262 2023 ,
1293 1952 1426 2008 tanti
1454 1948 1605 2018 boni,
1635 1948 1688 2003 id
1712 1953 1812 2013 est,

216 2056 379 2114 liberi
420 2044 633 2111 arbitrii
685 2069 900 2110 causam
955 2048 1288 2122 pronuntias.
1341 2040 1581 2115 Denique
1626 2050 1684 2097 ut
1730 2052 1819 2095 res

214 2148 371 2206 brevi
395 2147 813 2221 interrogatione
838 2145 1110 2198 lucescat:
1133 2139 1239 2195 hoc
1262 2136 1405 2210 quod
1426 2132 1632 2199 dixisti,
1662 2150 1681 2184 ε
1708 2130 1819 2187 Nec

218 2244 348 2300 ideo
392 2228 569 2299 tamen
614 2239 788 2312 potuit
826 2237 955 2293 oriri
994 2235 1243 2291 voluntas
1288 2231 1425 2286 mala
1450 2271 1465 2297 ,
1498 2227 1619 2299 quia
1649 2240 1680 2281 a
1707 2225 1820 2280 Deo

219 2336 398 2392 factus
422 2345 506 2392 est
535 2335 700 2390 homo
723 2375 738 2400 ,
766 2330 877 2402 sed
906 2330 1026 2387 idco
1068 2329 1190 2401 quia
1235 2325 1303 2382 de
1334 2323 1502 2399 nihilo
1541 2321 1711 2376 factus
1737 2326 1822 2376 est

221 2429 387 2485 homo
411 2445 427 2494 ;
448 2446 468 2481 ι
495 2427 619 2495 hoc,
646 2426 883 2497 inquam,
908 2424 1079 2495 ipsum
1106 2418 1248 2493 quod
1281 2416 1450 2491 potuit
1478 2414 1607 2471 oriri
1631 2413 1823 2469 velim-

223 2531 332 2588 tas,
376 2521 575 2577 bonum
613 2534 758 2584 esse,
802 2533 869 2573 an
914 2517 1111 2572 malum
1156 2511 1376 2569 credis?
1423 2510 1475 2565 id
1506 2517 1607 2573 est,
1650 2508 1820 2579 ipsam

225 2612 530 2668 facultatem
571 2609 808 2667 oriendae
846 2606 1136 2664 voluntatis
1160 2648 1174 2673 ,
1207 2618 1365 2676 quam
1398 2599 1569 2657 nihilo
1598 2607 1819 2670 reputa-

225 2706 391 2774 visti,
422 2705 639 2778 probam
687 2701 1002 2768 arbitraris,
1045 2716 1112 2757 an
1144 2694 1477 2771 pessimam?
1520 2693 1577 2751 Si
1624 2693 1819 2748 bonam

223 2798 427 2854 dixeris
455 2816 468 2852 :
502 2813 631 2870 ergo
656 2812 765 2852 non
794 2794 933 2851 Deus
956 2803 1042 2850 est
1066 2792 1191 2848 boni
1216 2805 1376 2847 causa
1397 2831 1412 2855 ,
1443 2786 1541 2845 sed
1571 2784 1818 2842 nihilum.

223 2889 321 2945 Sin
351 2898 529 2946 autem
553 2930 569 2956 ,
614 2888 717 2945 hoc
758 2902 878 2944 esse
920 2884 1319 2942 insanissimum
1360 2880 1548 2938 videns
1572 2921 1588 2946 ,
1624 2879 1821 2934 malam

225 2998 348 3039 eam
394 2982 869 3056 pronuntiaveris;
921 2979 1120 3052 quippe
1164 2992 1325 3050 quam
1371 2974 1507 3031 dicis
1554 2988 1660 3029 non
1709 2972 1821 3028 Deo

225 3073 576 3145 reputandam
602 3088 743 3141 esse,
772 3070 867 3128 sed
899 3069 1066 3126 nihilo
1094 3086 1110 3126 :
1141 3066 1525 3141 protestaberis
1563 3078 1663 3121 nos
1686 3061 1822 3118 nihil

227 3164 513 3220 adversum
546 3172 599 3220 te
639 3164 921 3234 collegisse
948 3170 1191 3228 versute,
1224 3159 1318 3216 sed
1345 3158 1488 3214 bona
1517 3154 1823 3227 disputandi

228 3256 337 3313 ﬁde
363 3257 555 3312 malam
586 3255 746 3312 ﬁdem
793 3254 868 3310 tui
908 3251 1173 3323 dogmatis
1216 3250 1510 3308 subruisse.
1539 3247 1657 3304 Stat
1694 3262 1824 3319 ergo

228 3352 608 3408 inconcussum
629 3349 771 3422 quod
791 3348 1018 3420 egimus,
1040 3355 1090 3401 te
1105 3342 1358 3401 videlicet
1377 3352 1431 3397 et
1448 3341 1820 3407 Manichaaum,

228 3446 392 3502 etiam
437 3444 595 3517 primi
639 3442 872 3500 hominis
909 3441 1237 3499 voluntatem
1280 3435 1474 3492 malam
1517 3430 1825 3491 necessitati

230 3546 447 3593 aeternae
473 3534 695 3607 originis
724 3535 1038 3606 imputasse.

305 3630 439 3687 Auc.
478 3626 616 3697 Quid
653 3627 745 3684 tibi
784 3621 1099 3698 responderi
1125 3628 1340 3695 posset,
1368 3617 1829 3692 qualitercumque

229 3721 412 3786 vidisti
462 3740 476 3777 :
521 3719 620 3777 sed
666 3719 860 3776 frustra
908 3733 968 3774 es
1014 3723 1239 3773 conatus
1286 3712 1549 3768 obsistere
1594 3707 1827 3773 veritati,

236 3814 390 3884 quasi
434 3811 764 3885 respondens
808 3808 986 3866 verbis
1037 3807 1193 3874 meis,
1239 3814 1295 3862 et
1343 3818 1451 3860 non
1497 3800 1831 3873 respondens

237 3903 417 3961 verbis
445 3907 599 3964 meis.
629 3903 718 3961 Sic
742 3902 886 3959 enim
911 3893 1195 3973 disputasti
1213 3939 1229 3965 ,
1263 3906 1516 3975 tanquam
1555 3909 1655 3964 ego
1678 3891 1831 3947 dixe-

236 3994 365 4064 rim,
390 3993 501 4051 Nec
525 3993 647 4050 ideo
674 4002 853 4050 tamen
879 4002 992 4049 orta
1019 4000 1102 4047 est
1128 4006 1195 4046 ex
1222 3989 1364 4045 bono
1388 3987 1634 4043 voluntas
1661 3984 1829 4051 mala;

236 4087 381 4161 quod
422 4103 523 4159 ego
563 4101 671 4143 non
713 4085 866 4141 dixi:
899 4082 995 4140 sed
1038 4082 1168 4150 dixi,
1203 4101 1223 4135 ‹
1248 4080 1371 4162 Νεε¹
1396 4077 1518 4134 ideo
1546 4087 1725 4132 tamen
1767 4090 1834 4130 cx

238 4180 384 4235 bono
422 4178 597 4250 potuit
631 4176 760 4233 oriri
790 4175 928 4231 mala
955 4174 1231 4241 voluntas,
1260 4172 1381 4244 quia
1407 4171 1605 4226 bonum
1637 4169 1834 4223 factum

245 4279 331 4326 est
352 4284 382 4325 a
411 4268 523 4325 Deo
546 4269 711 4336 bono,
757 4267 854 4323 sed
881 4268 1005 4338 quia
1034 4265 1102 4321 de
1131 4264 1297 4320 nihilo
1337 4259 1532 4318 factum
1571 4267 1677 4326 est,
1723 4274 1831 4315 non

248 4362 318 4420 de
344 4362 452 4419 Deo
483 4382 502 4416 ι
531 4360 632 4435 (De
659 4360 867 4430 Nuptiis
892 4369 939 4413 et
958 4356 1376 4429 Concupiscentia
1396 4396 1410 4422 ,
1439 4354 1528 4409 lib.
1550 4351 1614 4419 2,
1638 4369 1693 4407 η.
1718 4350 1835 4424 48).

249 4455 401 4514 Sicut
437 4456 619 4512 eadem
649 4454 812 4512 verba
853 4470 972 4510 mea
1012 4452 1173 4508 etiam
1203 4451 1317 4522 ipse
1355 4448 1581 4520 posuisti
1613 4443 1833 4519 (Supra,

250 4567 367 4623 cap.
393 4547 507 4621 26).
534 4547 668 4618 Quid
695 4557 776 4604 est
804 4563 931 4619 ergo
956 4545 1098 4618 quod
1128 4545 1199 4599 ita
1228 4540 1660 4613 respondendum
1686 4549 1839 4610 puta-

249 4644 341 4711 sti,
366 4644 517 4716 quasi
541 4659 639 4715 ego
662 4641 914 4708 dixerim,
944 4639 1055 4696 Nec
1078 4638 1198 4695 ideo
1226 4646 1400 4693 tamen
1424 4644 1544 4691 orta
1567 4644 1685 4699 cst;
1715 4647 1835 4688 cum

245 4754 348 4811 ego
395 4737 616 4794 dixerim
638 4779 654 4806 ,
677 4736 787 4792 Nec
810 4734 933 4809 ideo
959 4741 1136 4788 tamen
1160 4729 1289 4787 oriri
1317 4727 1523 4800 potuit;
1556 4734 1611 4783 et
1639 4724 1840 4785 tamdiu

246 4830 456 4888 locutus
500 4846 559 4887 es
602 4829 861 4886 adversus
889 4842 1012 4884 eum
1038 4867 1054 4893 ,
1086 4824 1176 4896 qui
1205 4820 1581 4880 necessitatem
1614 4819 1739 4875 mali
1780 4827 1841 4874 ut

246 4925 479 4981 oriretur
503 4939 569 4980 ex
605 4922 770 4989 bono,
817 4936 882 4976 ex
922 4919 1027 4975 hoc
1052 4917 1183 4973 dixit
1212 4916 1453 4983 irruisse,
1497 4914 1620 4985 quia
1663 4913 1837 4985 ipsum

246 5015 446 5071 bonum
471 5030 503 5070 a
532 5010 737 5069 Deo'de
760 5011 928 5067 nihilo
953 5010 1150 5066 factum
1177 5018 1279 5077 est,
1308 5020 1415 5063 non
1445 5005 1512 5062 de
1538 5007 1683 5072 Deo;
1715 5020 1838 5060 cum

249 5121 348 5177 ego
373 5121 478 5159 non
507 5100 881 5159 necessitatem
908 5100 1187 5157 tribuerim
1224 5099 1317 5155 tali
1346 5112 1522 5154 causa:
1544 5140 1560 5167 ,
1590 5096 1685 5177 sed
1710 5112 1838 5177 pos:

248 5158 556 5275 sibilitatem
582 5182 709 5250 mali
735 5212 750 5260 ;
777 5194 900 5266 quia
934 5209 1038 5249 non
1080 5192 1190 5249 dixi
1216 5191 1338 5275 idep
1361 5206 1483 5248 esse
1513 5158 1839 5259 orum

252 5258 828 5433 inﬁma
862 5286 1119 5361 erg-bono
1165 5262 1409 5347 malum?
1468 5283 1538 5340 Et
1578 5282 1838 5354 accusasti

253 5377 452 5433 tamdiu
478 5377 529 5433 ni
577 5397 589 5433 ι
618 5419 634 5433 .
658 5388 714 5433 ει
731 5378 1023 5433 violentum
1051 5374 1222 5433 fecisti
1247 5375 1378 5431 nihil
1403 5392 1417 5433 :
1445 5376 1595 5433 euasi
1619 5389 1838 5433 peccare

253 5377 452 5434 tamdiu
478 5374 634 5446 nihil,
658 5388 714 5435 et
731 5378 1023 5435 violentum
1051 5374 1222 5433 fecisti
1247 5375 1378 5431 nihil
1403 5392 1417 5441 ;
1445 5376 1595 5447 quasi
1619 5389 1841 5446 peccare

253 5472 499 5543 angelum
526 5480 581 5528 et
605 5470 880 5527 hominem
906 5470 1195 5526 inevitabili
1223 5468 1541 5525 necessitate
1563 5468 1842 5538 compule-

254 5564 325 5620 rit
351 5564 501 5620 nihil.
530 5564 685 5621 Nunc
708 5579 839 5637 ergo
862 5563 928 5620 ad
953 5579 1073 5620 mea
1096 5563 1257 5619 verba
1293 5562 1507 5618 tandem
1532 5562 1678 5629 redi,
1706 5562 1844 5618 sicut

255 5654 434 5711 redire
461 5656 692 5727 coepisti.
738 5655 1000 5727 Proponis
1023 5654 1166 5710 enim
1196 5653 1287 5709 tibi
1323 5640 1693 5725 quaestionem,
1723 5661 1843 5708 tan-

180 5824 183 5831 η
254 5758 417 5817 quam
465 5745 561 5803 tibi
604 5746 783 5803 subito
824 5745 1058 5801 venisset
1097 5744 1152 5799 in
1195 5753 1464 5810 mentem,
1514 5743 1844 5815 respondere

321 5902 343 5937 ί
375 5903 668 5968 vlgnierius,
693 5907 741 5954 et
769 5914 868 5968 non
891 5908 962 5954 est
1013 5904 1161 5953 certe.
1198 5898 1447 5951 Bedundat
1480 5897 1743 5964 particula,
1778 5904 1845 5966 et,

255 5976 357 6021 nec
376 5966 528 6022 esiin
561 5966 916 6030 musarptis.

1901 1840 2117 1912 “aliquid
2142 1841 2317 1910 velle,
2360 1843 2446 1899 vel
2486 1843 2612 1899 mali
2650 1844 2848 1915 aliquid
2878 1844 3037 1900 etiam
3080 1844 3270 1901 nolens
3310 1843 3508 1914 facere,

1918 1935 2140 1991 omnino
2170 1949 2275 1991 non
2302 1945 2509 2007 posset,
2539 1938 2639 1993 nisi
2662 1936 2732 1993 de
2753 1937 2924 1994 nihilo
2951 1936 3091 1995 facta
3119 1947 3295 2007 esset,
3326 1938 3379 1994 id
3404 1946 3510 2009 est,

1920 2028 1967 2083 si
1995 2028 2088 2085 Dei
2133 2037 2323 2085 natura
2349 2038 2511 2086 esset.
2558 2029 2683 2087 Sola
2721 2030 2866 2086 enim
2892 2030 2990 2087 Dei
3026 2040 3215 2087 natura
3245 2031 3315 2087 de
3340 2029 3511 2087 nihilo

1920 2119 2061 2176 facta
2091 2136 2195 2177 non
2223 2131 2328 2188 est,
2360 2122 2480 2193 quia
2506 2137 2606 2178 nec
2629 2121 2767 2179 facta
2798 2134 2917 2188 eSt;
2957 2130 3013 2179 et
3032 2122 3154 2179 ideo
3181 2121 3327 2179 nullo
3355 2137 3514 2194 pror-

1920 2228 2013 2270 sus
2052 2215 2212 2270 modo
2254 2216 2447 2271 mutari
2498 2224 2694 2287 potest.
2744 2216 2896 2286 Quod
2940 2231 3063 2274 cum
3111 2217 3358 2285 dicimus»,
3403 2228 3513 2273 non

1920 2307 2062 2363 vires
2093 2307 2258 2365 nihilo
2288 2309 2505 2378 damus,
2535 2310 2687 2380 quasi
2716 2310 2950 2381 potuerit
2978 2309 3152 2366 facere
3175 2308 3395 2381 aliquid,
3424 2307 3512 2365 vel

1921 2398 2105 2455 fecerit
2133 2401 2363 2473 aliquid,
2394 2417 2514 2458 cum
2552 2402 2623 2457 sit
2663 2402 2794 2457 nihil
2826 2420 2838 2456 :
2874 2403 2969 2459 sed
3005 2411 3251 2459 naturam
3278 2403 3373 2461 Dei
3404 2417 3514 2459 non

1920 2505 2042 2547 esse
2070 2491 2324 2559 dicimus,
2351 2509 2469 2564 quae
2488 2476 2721 2564 pcecare
2752 2493 2940 2566 p'otnit.
2969 2495 3220 2566 Sequitur
3244 2503 3422 2551 autem
3452 2474 3513 2559 ιιί

1922 2596 2110 2642 natura
2154 2603 2273 2658 qua:
2317 2588 2413 2644 Dei
2457 2596 2645 2643 natura
2692 2604 2798 2645 non
2847 2598 2967 2656 est,
3018 2588 3161 2659 facta
3186 2589 3291 2656 sit;
3341 2604 3516 2661 neque

1923 2681 2065 2737 enim
2091 2681 2203 2737 Deo
2239 2691 2506 2737 eoa-terna
2542 2691 2626 2737 est
2665 2700 2678 2737 :
2720 2690 2775 2739 et
2817 2683 2863 2737 si
2906 2682 3045 2739 facta
3090 2691 3197 2753 est,
3240 2683 3307 2739 de
3349 2683 3517 2741 nihilo

1924 2771 2064 2828 facta
2107 2774 2215 2840 sit;
2260 2773 2382 2844 quia
2412 2782 2467 2830 et
2496 2773 2600 2830 illa:
2643 2782 2848 2829 natura:
2885 2790 3004 2846 quac
3045 2774 3114 2830 de
3152 2775 3273 2831 aliis
3313 2775 3518 2831 naturis

1925 2861 2081 2919 facta:
2105 2870 2248 2931 sunt,
2278 2863 2503 2935 stirpem
2529 2863 2597 2920 de
2627 2863 2796 2920 nihilo
2819 2863 3058 2932 ducunt;
3087 2865 3339 2937 quoniam
3364 2873 3519 2921 natu-

1922 2969 1999 3010 rae
2043 2954 2112 3012 de
2159 2955 2353 3027 quibus
2382 2957 2552 3012 'factac
2597 2965 2742 3025 sunt,
2789 2965 3074 3029 antequam
3124 2956 3334 3022 ﬁerent,
3385 2956 3521 3014 nihil

1922 3046 2158 3116 fuerunt,
2187 3049 2290 3105 hoc
2315 3058 2433 3116 est,
2462 3051 2683 3105 omnino
2712 3064 2818 3105 non
2865 3049 3095 3106 fuerunt.
3144 3048 3288 3119 Sed,
3316 3049 3519 3120 inquis,

1929 3157 1950 3192 ι
1982 3139 2109 3196 Ideo
2135 3142 2306 3211 potuit
2344 3142 2475 3198 oriri
2503 3142 2748 3197 voluntas
2786 3143 2947 3209 mala,
2987 3151 3049 3198 ut
3089 3142 3216 3197 oriri
3261 3151 3443 3212 posset
3466 3149 3523 3198 et

1923 3232 2083 3288 bona.
2117 3252 2137 3285 ι
2166 3232 2333 3301 Quasi
2358 3247 2466 3289 non
2501 3248 2623 3289 cum
2657 3234 2795 3290 bona
2826 3234 3100 3291 voluntate
3141 3233 3313 3290 factus
3342 3234 3412 3289 sit
3435 3234 3522 3290 vel

1925 3326 2145 3397 angelus
2187 3327 2276 3382 vel
2318 3326 2500 3382 homo.
2552 3326 2748 3383 Factus
2786 3328 2809 3360 ³
2847 3335 2932 3383 εει
2970 3337 3180 3393 rectus,
3213 3327 3351 3383 sicut
3389 3325 3525 3382 dixit

1927 3415 2204 3482 Scriptura
2232 3412 2427 3484 (Eccle.
2451 3433 2557 3482 vn,
2590 3417 2697 3490 30)
2728 3435 2743 3473 :
2774 3433 2880 3473 non
2908 3433 3035 3488 ergo
3062 3418 3320 3487 quaeritur
3337 3456 3353 3483 ,
3380 3417 3524 3470 unde

1928 3505 1981 3560 in
2028 3505 2121 3561 illo
2151 3505 2379 3575 potuerit
2406 3504 2536 3561 oriri
2570 3505 2709 3560 bona
2738 3505 2986 3560 voluntas
3005 3546 3021 3574 ,
3052 3520 3174 3561 cum
3204 3520 3305 3576 qua
3354 3505 3524 3560 factus

1931 3606 2052 3663 est;
2094 3596 2187 3652 sed
2218 3595 2361 3651 unde
2389 3595 2527 3650 mala
2549 3636 2566 3663 ,
2598 3610 2719 3650 cum
2746 3610 2851 3666 qua
2880 3594 3051 3652 factus
3078 3610 3185 3651 non
3213 3602 3313 3651 est.
3360 3595 3427 3651 Et
3466 3602 3522 3652 tu

1934 3690 2066 3747 dicis
2088 3732 2103 3758 ,
2135 3703 2243 3744 non
2281 3689 2565 3745 attendens
2591 3687 2717 3759 quid
2757 3687 2924 3754 dicas,
2959 3706 2979 3740 ι
3011 3686 3137 3744 ideo
3174 3688 3346 3759 potuit
3386 3688 3517 3744 oriri

1933 3784 2180 3838 voluntas
2225 3781 2405 3847 mala,
2451 3789 2508 3836 ut
2553 3779 2682 3835 oriri
2727 3788 2911 3851 posset
2952 3787 3006 3835 et
3051 3780 3235 3835 bona:
3275 3799 3296 3833 ι
3324 3787 3380 3836 ει
3422 3767 3527 3836 hoc

1934 3885 2090 3948 putas
2119 3875 2184 3930 ad
2223 3882 2467 3931 naturam
2509 3871 2665 3928 liberi
2695 3872 2899 3928 arbitrii
2926 3871 3231 3943 pertinere,
3260 3878 3319 3926 ut
3360 3870 3528 3942 possit

1936 3978 2244 4038 utrumque,
2277 3975 2332 4023 et
2358 3980 2585 4039 peccare
2613 3964 2836 4031 scilicet,
2878 3972 2934 4020 et
2957 3979 3062 4019 non
3095 3979 3352 4035 peccare;
3393 3958 3528 4021 etin

1937 4063 2040 4118 hoc
2083 4061 2358 4118 existimas
2410 4059 2682 4115 hominem
2730 4057 2927 4114 factum
2974 4058 3042 4114 ad
3084 4058 3368 4129 imaginem
3407 4057 3524 4126 Dei,

1936 4172 2059 4213 cum
2104 4156 2245 4211 Deus
2289 4154 2405 4227 ipse
2444 4169 2550 4209 non
2593 4152 2762 4224 possit
2806 4160 3110 4223 utrumque.
3158 4149 3342 4222 Neque
3381 4150 3529 4206 enim

1941 4248 2024 4304 vel
2054 4246 2278 4303 demens
2315 4246 2597 4317 quisquam
2626 4243 2841 4311 dixerit,
2875 4244 3043 4300 Deum
3077 4257 3239 4316 posse
3265 4257 3526 4315 peccare;

1937 4348 2030 4396 aut
2076 4348 2133 4395 tu
2174 4339 2354 4395 dicere
2392 4337 2579 4405 audes,
2622 4336 2797 4407 Deum,
2833 4336 3059 4393 liberum
3102 4335 3380 4392 arbitrium
3422 4351 3532 4392 non

1940 4431 2157 4487 habere.
2214 4430 2307 4486 Dei
2354 4444 2516 4515 ergo,
2569 4428 2890 4515 nonwnihili,
2938 4437 3259 4515 manusuest
3300 4426 3531 4497 liberum

1939 4506 2495 4599 arbitrium-{sedi};
2531 4506 3101 4592 ipso'Deo-Msummum
3132 4506 3220 4575 est
3258 4519 3486 4575 liberum
3508 4517 3533 4551 ³
3554 4535 3593 4557 ’δ’

1922 4620 2218 4707 κενὺίιτίυιῐι
2240 4659 2256 4688 ,
2283 4618 2373 4690 qui
2406 4631 2629 4697 peccare
2656 4614 2804 4670 nullo
2832 4613 2993 4669 modo
3027 4621 3219 4684 potest.
3268 4612 3533 4682 Quoniam

1942 4712 1988 4770 si
2019 4711 2249 4782 iniustus
2290 4724 2410 4766 esse
2453 4702 2633 4780 posset
2652 4746 2670 4775 ,
2697 4707 2858 4762 etiam
2893 4705 3030 4762 Deus
3059 4719 3166 4761 non
3197 4720 3319 4762 esse
3347 4703 3534 4775 utique

1943 4814 2171 4878 posset:
2217 4805 2263 4861 si
2306 4804 2448 4860 enim
2491 4803 2634 4858 Deus
2662 4806 2778 4869 est,
2807 4798 3323 4871 censequentissime
3357 4797 3537 4868 justus

1944 4908 2028 4955 est
2078 4916 2091 4954 :
2137 4907 2190 4952 et
2241 4895 2363 4952 ideo
2411 4908 2619 4950 summe
2666 4892 3007 4962 maximeque
3053 4890 3259 4947 habens
3302 4888 3537 4971 liberum

1943 4988 2246 5055 arbitrium,
2273 5000 2501 5058 peccare
2529 4994 2702 5040 tamen
2728 4982 2752 5016 ⁵
2776 4992 2881 5038 non
2909 4991 3085 5054 potest
3108 4982 3274 5038 Deus.
3303 4980 3537 5052 Angelus
3561 4982 3571 5058 ζ

1947 5101 2074 5157 ergo
2100 5083 2183 5141 vel
2212 5050 2377 5139 homo
2404 5087 2687 5152 prepterea
2716 5050 2938 5150 peccare
2965 5077 3156 5148 potuit,
3186 5076 3239 5131 id
3265 5050 3538 5146 est,vpro-

1949 5154 2131 5248 pterca
2159 5175 2263 5230 isto
2288 5173 2384 5229 Dei
2416 5185 2661 5235 munere,
2693 5167 2834 5242 quod
2859 5176 2942 5223 est
2983 5166 3208 5223 liberum
3236 5163 3535 5231 arbitrium,
3572 5154 3577 5227 ξ

1946 5270 2087 5327 male
2115 5268 2188 5324 uti
2214 5258 2406 5339 potuit,
2437 5264 2559 5336 quia
2593 5277 2697 5318 non
2726 5268 2811 5317 est
2830 5260 2988 5327 Deus,
3022 5260 3123 5314 hoc
3146 5266 3249 5323 est,
3275 5257 3343 5312 de
3370 5254 3537 5311 nihilo
3578 5290 3583 5311 ε

1947 5363 2117 5423 factus
2146 5356 2245 5417 est‘
2255 5375 2285 5413 a
2314 5340 2445 5427 Deo,
2474 5372 2584 5413 non
2614 5356 2682 5412 de
2707 5355 2826 5426 ipso
2856 5354 2990 5410 Deo.
3022 5352 3279 5422 lntellige,
3302 5357 3358 5405 et
3386 5357 3534 5404 tace'

1948 5465 2041 5512 aut
2069 5454 2212 5527 quod
2239 5449 2587 5518 intellexeris,
2616 5461 2723 5504 non
2751 5453 2931 5502 autem
2955 5442 3098 5517 quod
3126 5457 3236 5501 non
3261 5441 3512 5498 intellexe

1948 5551 2055 5617 ris,
2085 5549 2323 5619 loquere.
2913 5585 2925 5600 .

2019 5636 2264 5697 XXXIX.
2292 5637 2412 5694 Jun.
2442 5635 2641 5693 Verum
2683 5648 2792 5690 non
2817 5648 2927 5689 uno
2963 5630 3123 5687 modo
3161 5628 3355 5687 vicisse
3392 5642 3533 5685 con-

2015 5775 2033 5806 ί
2058 5780 2109 5824 ιιι
2128 5771 2275 5822 editis
2289 5771 2537 5828 omissum,
2561 5766 2700 5819 mali.
2722 5772 2885 5819 Exstat
2902 5768 2952 5816 in
2974 5763 3328 5828 manusa'lpth.

2012 5836 2034 5868 ³
2065 5833 2399 5896 Codex_Port..
2423 5844 2534 5883 cum
2553 5831 2726 5896 factus.

2014 5896 2037 5929 ³
2065 5897 2168 5956 me,
2189 5893 2412 5954 liberm,
2436 5906 2501 5944 ex
2522 5892 2627 5943 Mss.
2654 5892 2939 5957 adiecimus.
3018 5916 3021 5919 -

2017 5957 2042 5991 δ
2072 5959 2146 6009 sic
2162 5966 2266 6010 tum.
2292 5963 2344 6008 tn
2358 5959 2518 6021 νίκα,
2543 5961 2719 6007 mitem.
