3980 6542
478 547 682 603 tentus,
711 529 1008 606 argumenti
1035 529 1131 596 tui,
1173 528 1325 602 cuius
1354 523 1683 601 impietatem
1716 515 1948 598 prodidi,
1971 529 2063 578 co-

478 645 697 704 arguam
728 628 1032 686 falsitatem.
1063 623 1196 682 Cum
1240 634 1369 694 ergo
1411 616 1696 678 scriberes,
1727 630 1750 664 ‹
1781 610 1898 704 Non
1943 607 2066 704 ideo

478 701 648 794 potuit
687 718 816 774 oriri
854 717 1102 776 voluntas
1130 711 1270 770 mala
1298 711 1350 766 in
1390 723 1555 781 opere
1582 706 1700 775 Dei,
1739 701 1861 778 quia
1895 717 1926 756 a
1955 701 2067 760 Deo

475 813 670 876 factum
713 817 828 872 est;
860 805 1106 862 sed‘ideo
1154 803 1278 875 quia
1318 800 1387 857 de
1435 798 1610 860 nihilo
1661 795 1862 856 factum
1897 799 1982 858 est
2038 809 2059 846 ι

478 901 598 974 (De
625 897 834 970 Nuptiis
870 905 918 952 et
951 891 1390 966 Concupiscentia,
1420 889 1508 947 lib.
1535 887 1592 958 2,
1634 905 1688 942 η.
1717 885 1820 962 δὸ)
1843 902 1858 939 :
1881 882 2069 940 videre

481 991 767 1056 debueras.
797 1003 958 1062 quam
979 985 1220 1048 t‘alenter
1239 982 1466 1042 aliarum
1489 989 1858 1062 creaturarum
1883 989 2070 1032 exem-

478 1082 566 1161 pla
597 1079 1029 1150 praescriberent,
1075 1092 1194 1150 qua:
1220 1074 1444 1137 totidem
1486 1071 1758 1144 productae
1782 1068 1850 1126 de
1869 1067 2062 1133 nihilo,

477 1177 636 1242 malae
665 1185 846 1236 tamen
878 1172 1164 1234 voluntatis
1205 1182 1431 1246 capaces
1472 1181 1576 1228 non
1605 1171 1750 1228 sunt.
1792 1162 2072 1222 Postremo

479 1267 596 1340 ipsa
624 1268 908 1330 elementa,
937 1279 1056 1340 quae
1083 1277 1209 1319 vere
1238 1269 1364 1317 sunt
1387 1259 1521 1314 facta
1551 1273 1618 1314 ex
1643 1254 1830 1321 nihilo,
1855 1267 1964 1310 non
1983 1250 2073 1327 ali.

480 1359 634 1438 cujus
661 1357 950 1422 voluntatis
979 1353 1363 1420 conscientiam
1387 1360 1594 1423 queunt
1618 1351 1840 1416 habere,
1865 1354 1923 1402 ut
1949 1361 2070 1412 m9-

481 1455 626 1520 tihns
664 1453 820 1516 malis
863 1457 1228 1528 protestentur
1255 1446 1476 1516 originis
1509 1461 1622 1506 suae
1665 1441 2069 1502 necessitatem.

484 1547 802 1611 Animantes
827 1551 1030 1614 autem,
1053 1549 1108 1604 et
1127 1540 1328 1619 reliqua
1353 1537 1504 1614 queis
1519 1535 1770 1613 impletus
1791 1541 1876 1588 est
1901 1531 2068 1599 orbis,

481 1619 593 1704 non
623 1635 690 1696 de
732 1635 922 1702 nihilo,
971 1641 1228 1710 coactorum
1259 1629 1373 1705 jam
1403 1644 1469 1690 ex
1510 1628 1690 1698 aliquo
1734 1623 2069 1700 prodierunt.

487 1727 594 1786 Ubi
625 1737 710 1788 est
751 1741 878 1805 ergo
901 1725 980 1793 vis
1003 1723 1274 1787 inanitatis
1311 1721 1563 1800 antiquae,
1593 1734 1711 1790 qua:
1739 1717 1932 1774 malam
1976 1730 2073 1774 vo-

487 1822 748 1884 luntatem
779 1818 954 1890 coegit
971 1819 1238 1882 existere;
1267 1830 1391 1875 cum
1416 1820 1610 1888 printer
1629 1809 1944 1894 rationabile
1966 1807 2074 1864 ani-

489 1913 622 1979 mal,
651 1911 920 1975 neminem
939 1922 1166 1991 peccare
1183 1920 1345 1982 posse
1367 1903 1706 1968 matiiiestum
1731 1901 1845 1961 sit?

563 2005 699 2062 Anc.
733 2003 928 2062 Posses
944 2009 1131 2074 putare
1156 2013 1244 2058 me
1275 1996 1426 2078 argui
1457 1995 1723 2060 falsitatis,
1756 1994 1802 2050 si
1823 2008 1946 2048 cum
1971 2006 2072 2064 ego

482 2094 767 2160 dixissem,
795 2083 914 2148 ideo
939 2107 1096 2164 posse
1119 2099 1305 2150 nostra
1343 2103 1570 2160 corpora
1611 2085 1902 2154 vulnerari,
1949 2084 2074 2162 quia

485 2185 763 2244 terrestria
809 2193 966 2254 sunt,
1012 2181 1327 2242 ostenderes
1357 2190 1410 2236 tu
1455 2169 1679 2255 corpora
1707 2178 1872 2234 multa
1899 2186 2075 2244 terre-

485 2280 788 2351 stria,—qua:
813 2285 1084 2350 nequeant
1114 2273 1400 2332 vulnerari.
1423 2272 1543 2328 Non
1567 2271 1712 2328 enim
1735 2286 1857 2327 esse
1885 2270 2078 2326 vulnus

485 2381 689 2456 potest,
727 2371 829 2440 nisi
861 2370 914 2425 in
945 2383 1172 2442 corpore
1209 2366 1516 2434 animantis,
1545 2380 1664 2434 quae
1707 2379 1834 2420 caro
1861 2362 2075 2418 dicitur.

487 2451 594 2520 Ubi
627 2470 676 2530 te
701 2460 992 2516 admonere
1021 2458 1297 2525 deberem,
1325 2455 1466 2532 quod
1495 2455 1678 2510 videre
1703 2469 1812 2509 non
1836 2451 2078 2524 potueris

487 2555 808 2614 Sententiam
857 2553 1010 2609 istam
1051 2567 1156 2608 non
1183 2565 1462 2608 recurrere
1501 2548 1662 2618 :quia
1695 2562 1800 2603 non
1831 2546 1972 2602 sicut
1995 2561 2080 2602 ve-

487 2663 612 2714 rum
637 2656 740 2717 est,
768 2645 942 2705 Omne
975 2644 1116 2718 quod
1141 2637 1320 2716 potest
1343 2643 1632 2712 vulnerari,
1666 2650 1920 2698 terrestre
1951 2655 2076 2696 oor-

487 2756 594 2822 pus
610 2749 722 2808 est;
753 2741 827 2798 ita
861 2739 1024 2796 etiam
1054 2753 1241 2795 verum
1279 2746 1382 2804 est,
1412 2734 1582 2792 Omne
1609 2745 1864 2792 terrestre
1884 2749 2080 2806 corpus

493 2835 777 2906 vulnerari,
803 2842 997 2906 potest.
1027 2831 1138 2895 Cur
1163 2847 1294 2910 ergo
1325 2831 1380 2886 in
1411 2830 1704 2888 dialecticis
1732 2829 2080 2901 jactanticula

495 2935 590 2986 tua
619 2928 837 2990 solertia
857 2925 1199 2995 dormitavit,
1249 2933 1307 2983 ut
1345 2940 1449 2980 non
1479 2923 1818 2990 adverteres,
1857 2922 1948 2980 ubi
1971 2921 2082 2980 dixi

493 3019 619 3078 ideo
651 3005 950 3083 creaturam
981 3017 1296 3079 rationalem
1323 3030 1551 3088 peccare
1577 3015 1834 3085 potuisse,
1862 3013 1986 3092 quia
2015 3028 2082 3072 cx

487 3112 662 3176 nihilo
709 3111 848 3175 facta
894 3118 1008 3180 est,
1040 3124 1128 3166 me
1157 3107 1382 3179 intelligi
1428 3106 1698 3174 voluisse,
1743 3120 1902 3163 omne
1937 3102 2084 3182 quod

489 3219 720 3280 peccare
763 3212 956 3274 potest,
1008 3217 1076 3256 ex
1115 3200 1282 3256 nihilo
1322 3199 1520 3256 factum
1564 3213 1706 3272 esse,
1755 3213 1875 3264 non
1903 3207 2084 3258 autem

495 3309 659 3360 omne
678 3293 821 3368 quod
847 3309 910 3350 ex
932 3291 1100 3348 nihilo
1117 3289 1316 3349 factum
1337 3298 1442 3358 est,
1470 3305 1628 3359 posse
1651 3289 1911 3362 peccare?
1930 3287 2086 3361 Quod

495 3395 750 3456 tanquam
777 3381 1056 3452 dixissem,
1085 3383 1155 3438 ita
1181 3381 1314 3446 mihi
1338 3380 1580 3462 objeciSti
1609 3394 1698 3436 res
1718 3379 1881 3446 alias.
1897 3389 1951 3434 et
1969 3379 2084 3445 ipsa

489 3473 683 3532 mundi
715 3475 977 3527 elementa
996 3512 1012 3537 ,
1044 3489 1165 3541 quae
1185 3489 1312 3524 cum
1335 3482 1400 3523 ex
1428 3465 1594 3524 nihilo
1622 3465 1760 3522 facta
1799 3467 1928 3534 sint,
1957 3483 2084 3540 pec-

493 3581 621 3629 care
649 3581 755 3626 non
777 3570 1042 3636 possunt;
1075 3561 1326 3632 quoniam
1353 3559 1526 3616 solum
1556 3569 1728 3630 potest
1769 3559 1970 3616 animal
2001 3575 2086 3624 ra-

490 3657 690 3726 tionale
733 3670 979 3728 peccare.
1025 3653 1178 3718 Nunc
1229 3669 1358 3729 ergo
1399 3652 1615 3727 evigila,
1657 3662 1820 3725 atque
1865 3654 2082 3726 aspice,

497 3764 658 3808 omne
684 3747 824 3822 quod
875 3761 1100 3824 peccare
1149 3753 1345 3824 potest,
1393 3745 1462 3802 de
1487 3745 1660 3804 nihilo
1695 3745 1890 3809 factum
1921 3761 2082 3819 esse;

499 3858 600 3906 nec
621 3840 738 3903 ideo
767 3840 1009 3912 sequitur
1033 3839 1194 3912 etiam
1223 3853 1384 3907 omne
1411 3839 1554 3914 quod
1600 3838 1668 3894 de
1694 3838 1862 3899 nihilo
1888 3837 2086 3896 factum

482 3915 601 4004 est,
629 3947 790 4003 posse
819 3946 1063 4002 peccare.
1091 3929 1206 3990 Non
1235 3931 1396 4004 igitur
1429 3930 1562 3986 mihi
1589 3928 1932 4006 proferantur
1959 3930 2084 3999 alia,

499 4040 622 4098 qua:
647 4023 714 4080 de
753 4021 924 4078 nihilo
955 4020 1092 4078 facta
1119 4031 1276 4092 sunt,
1318 4031 1374 4078 et
1414 4036 1638 4094 peccare
1672 4037 1779 4076 non
1818 4029 2084 4096 possunt:

503 4115 754 4188 quoniam
793 4130 898 4178 non
925 4111 1068 4184 dico,
1103 4112 1275 4170 Omne
1313 4113 1452 4186 quod
1475 4129 1540 4168 ex
1569 4111 1736 4168 nihilo
1756 4112 1954 4192 factum
1981 4125 2084 4182 est,

501 4195 726 4282 peccare
763 4215 972 4284 potest;
1003 4205 1095 4262 sed
1115 4205 1238 4262 dico
1257 4247 1270 4272 ,
1288 4204 1460 4260 Omne
1479 4203 1621 4282 quod
1642 4219 1868 4276 peccare
1886 4212 2086 4278 potest,

502 4317 572 4358 ex
621 4300 790 4356 nihilo
834 4299 1030 4354 factum
1059 4307 1142 4354 est
1173 4315 1187 4350 :
1215 4305 1466 4375 tanquam
1497 4297 1542 4354 si
1581 4296 1858 4363 dixissem,
1901 4293 2088 4358 Omnis

501 4392 603 4460 bos
631 4391 827 4448 animal
847 4400 950 4459 est,
985 4407 1089 4446 non
1119 4390 1302 4462 utique
1341 4389 1624 4451 adversum
1653 4403 1737 4446 me
1763 4403 2090 4448 commemo-

504 4486 614 4544 rari
641 4483 940 4544 debuerunt
967 4482 1131 4539 multa
1153 4480 1424 4562 animalia,
1455 4496 1574 4552 qua:
1603 4497 1708 4542 non
1736 4490 1859 4558 sunt
1885 4479 2086 4560 boves;

501 4577 752 4650 quoniam
783 4593 891 4632 non
934 4573 1183 4642 dixerim,
1228 4571 1401 4633 Omne
1439 4565 1634 4628 animal
1663 4571 1762 4648 bos
1799 4581 1918 4640 est,
1949 4570 2045 4632 sed
2068 4613 2086 4640 ,

501 4671 690 4740 Omnis
709 4673 812 4730 bos
837 4671 1033 4731 animal
1063 4680 1166 4728 est.
1197 4669 1394 4730 lterum
1415 4685 1547 4742 ergo
1573 4667 1714 4742 dico,
1747 4661 1917 4734 Omne
1945 4669 2090 4742 quod

505 4780 730 4846 peccare
770 4773 984 4836 potest,
1031 4779 1098 4822 ex
1138 4756 1310 4844 nihilo
1353 4763 1550 4820 factum
1597 4773 1679 4820 est
1707 4781 1722 4832 ;
1754 4778 1916 4821 omne
1961 4777 2090 4845 ergo

509 4855 649 4934 quod
669 4872 736 4914 ex
761 4855 929 4912 nihilo
949 4856 1144 4914 factum
1167 4865 1250 4912 est
1273 4897 1288 4924 ,
1311 4865 1490 4930 potest
1519 4871 1770 4931 peccare,
1799 4871 1906 4922 non
1931 4853 2088 4924 dico;

505 4945 648 5018 quod
673 4945 818 5014 velut
845 4945 1094 5018 dixerim,
1125 4945 1288 5002 multa
1311 4962 1720 5012 commemoras,
1750 4947 1997 5018 quamvis
2021 4961 2093 5004 ex.

505 5036 675 5099 nihilo
698 5035 862 5105 facta,
885 5054 1006 5110 quae
1033 5047 1209 5097 tamen
1236 5053 1462 5112 peccare
1485 5055 1588 5093 non
1610 5048 1852 5110 possunt.
1876 5038 2091 5095 Callidi-

505 5138 670 5192 tatem
699 5139 844 5196 tuam
871 5129 1000 5204 tolle
1017 5131 1090 5194 de
1110 5123 1309 5201 medio,
1336 5147 1440 5204 qua
1458 5131 1622 5196 tardis
1643 5132 1821 5194 illudis
1837 5132 2086 5206 ingeniis;

505 5234 599 5283 aut
639 5223 956 5294 caecitatem,
986 5239 1092 5296 qua
1133 5221 1414 5288 manifesta
1445 5239 1550 5278 non
1589 5223 1788 5286 cernis.
1819 5224 1954 5298 Cum
1994 5239 2090 5282 au-

509 5327 617 5382 tem
642 5318 764 5379 dico
780 5360 796 5389 ,
823 5317 1020 5378 Natura
1047 5333 1169 5398 quae
1192 5315 1468 5380 rationalis
1495 5327 1673 5380 creata
1699 5325 1800 5388 est,
1831 5317 1952 5376 ideo
1972 5334 2091 5394 pec-

503 5426 631 5472 care
674 5410 874 5490 potuit,
913 5409 1038 5484 quia
1082 5409 1152 5468 de
1196 5408 1364 5466 nihilo
1393 5408 1528 5465 facta
1560 5418 1662 5482 est,
1695 5425 1802 5472 non
1847 5409 1915 5466 de
1940 5411 2084 5478 Deo;

503 5499 720 5558 attende
761 5499 888 5574 quid
911 5499 1108 5568 dicam,
1135 5517 1204 5558 ne
1229 5501 1360 5557 mihi
1389 5517 1574 5558 rursus
1600 5501 1742 5557 inani
1769 5501 2088 5580 loquacitate

489 5595 735 5674 _ventiles
753 5593 909 5664 nihil,
934 5603 990 5650 et
1015 5608 1104 5651 me
1127 5593 1326 5664 dixisse
1351 5593 1586 5652 afﬁrmes
1616 5594 1720 5656 vim
1747 5589 1974 5654 faciendi
1994 5594 2090 5649 ali-

503 5687 631 5757 quid
661 5676 1054 5760 babere,’qnod
1079 5685 1212 5744 nihil
1247 5695 1350 5743 est.
1389 5683 1504 5743 Hoc
1537 5686 1658 5742 dico
1681 5677 1802 5758 ego,
1845 5695 2088 5743 naturam

402 5777 410 5786 '
504 5793 626 5849 quae
653 5779 931 5838 rationalis
945 5791 1126 5838 creata
1149 5788 1254 5850 est,
1287 5789 1570 5854 propterea
1583 5793 1809 5852 peccare
1829 5781 2086 5852 potuisse,

499 5871 630 5942 quia
653 5887 722 5930 ex
739 5875 908 5930 nihilo
948 5875 1087 5942 facta
1109 5884 1196 5937 est
1225 5893 1240 5932 :
1271 5874 1416 5947 quod
1440 5873 1586 5932 aliud
1625 5874 1760 5948 quid
1781 5883 1899 5946 est,
1926 5891 2088 5948 quam

1146 412 1388 477 OPERIS
1423 401 1836 471 IMPERFECTI
1871 401 2142 467 CONTRA
2181 387 2542 466 JULIANUM,
2581 399 2638 456 ε.
2673 387 3040 458 Αὐευετιιΐι

2173 519 2456 584 propterea
2477 526 2701 586 peccare
2729 513 2985 584 potuisse,
3013 510 3140 584 quia
3161 518 3353 568 natura
3377 508 3482 568 Dei
3507 525 3622 567 non
3641 514 3759 567 est!

2175 597 2235 658 Si
2253 600 2396 658 enim
2426 602 2493 660 de
2522 603 2688 660 nihilo
2715 603 2852 660 facta
2880 597 2986 661 non
3015 610 3180 672 esset,
3205 603 3276 661 de
3304 603 3419 659 Deo
3443 603 3763 661 naturaliter

2175 707 2354 765 esset,
2383 696 2641 770 quidquid
2681 707 2825 754 esset
2853 716 2866 751 :
2897 697 2944 754 si
2977 697 3288 756 naturaliter
3329 695 3404 756 de
3447 685 3571 753 Deo
3595 705 3761 762 esset,

2175 787 2273 860 Dei
2301 796 2490 846 natura
2534 799 2719 847 esset:
2750 791 2796 846 si
2825 789 2918 848 Dei
2947 802 3136 846 natura
3174 798 3348 859 esset,
3380 805 3622 864 peccare
3663 806 3764 847 nou

2176 889 2380 958 posset.
2411 880 2535 938 Ideo
2557 882 2715 956 igitur
2745 898 2963 960 peccare
2984 883 3176 956 potuit,
3193 883 3443 956 quamvis
3479 881 3631 938 facta
3652 884 3765 939 sita

2177 973 2309 1040 Deo,
2349 974 2560 1048 quiade
2587 975 2754 1032 nihilo
2782 975 2918 1034 facta
2944 984 3062 1045 cst,
3091 993 3196 1035 non
3225 977 3296 1034 de
3319 975 3458 1034 Deo.
3495 975 3620 1032 Hoc
3641 984 3700 1031 tu
3726 979 3766 1031 si

2177 1053 2523 1140 intellexeris,
2569 1078 2624 1132 et
2664 1069 2874 1128 veritati
2918 1086 3214 1146 repugnare
3257 1071 3540 1138 nolueris,
3567 1069 3642 1126 ab
3677 1068 3773 1125 hac

2176 1161 2518 1222 contentione
2538 1163 2591 1218 in
2615 1161 2715 1222 hac
2742 1164 3037 1238 quaestione
3062 1165 3320 1221 cessabis.
3487 1156 3496 1162 ’

2197 1319 2200 1322 ,
2259 1256 2369 1322 XL.
2401 1256 2520 1324 Jun.
2543 1257 2676 1332 Cum
2705 1273 2832 1330 ergo
2856 1257 2959 1314 hoc
2981 1267 3091 1314 eam
3113 1273 3364 1336 magnum
3394 1265 3660 1335 apertum
3687 1271 3770 1314 es-

2178 1363 2284 1422 set,
2313 1353 2438 1426 quid
2479 1351 2608 1408 illud
2651 1351 2767 1416 fuit,
2795 1351 2939 1424 quod
2969 1351 3062 1408 tibi
3093 1351 3357 1422 persuasit
3378 1393 3396 1421 ,
3430 1349 3771 1408 utcrederes

2177 1446 2383 1516 antiqui
2440 1444 2590 1500 nihili
2639 1440 2946 1526 violentiam
2994 1459 3209 1500 causam
3264 1444 3431 1500 malae
3479 1441 3774 1500 voluntatis

2178 1537 2382 1598 fuisse?
2406 1535 2651 1600 Profecto
2678 1545 2736 1592 ut
2757 1535 3170 1608 intelligeremus
3193 1551 3314 1604 nos,
3334 1535 3530 1592 omnia
3564 1543 3642 1608 te,
3667 1551 3777 1610 qua

2179 1639 2304 1698 sunt
2326 1630 2458 1684 facta
2486 1627 2554 1688 de
2579 1628 2769 1693 nihilo,
2802 1643 2893 1685 rea
2918 1627 3155 1700 credere,
3185 1637 3241 1684 et
3271 1624 3602 1684 universum
3629 1643 3778 1684 mun-

2179 1721 2308 1786 dum
2333 1720 2554 1786 diabolo
2573 1721 2896 1794 mancipare.
2927 1719 3186 1788 Quoniam
3207 1721 3368 1796 igitur
3392 1719 3538 1797 mihi
3567 1719 3777 1790 claruit,

2177 1811 2451 1883 antiquam
2493 1812 2634 1867 inter
2672 1801 2768 1867 vos
2790 1810 3097 1884 dogmatum
3129 1827 3353 1868 manere
3377 1807 3781 1880 concordiam;

2177 1896 2308 1963 hinc
2329 1904 2438 1976 jam
2467 1903 2560 1960 tibi
2590 1902 2791 1976 pariter
2819 1909 2876 1959 et
2911 1902 3203 1960 Mauichao
3243 1903 3589 1977 respondeo.
3633 1903 3788 1970 Qua-

2180 1996 2302 2056 ritis
2321 2005 2489 2064 certe,
2515 2001 2575 2051 ut
2597 1996 2685 2067 qni
2722 2010 2859 2070 nego
2879 1995 3006 2050 mali
3032 2009 3151 2052 esse
3177 2003 3454 2068 naturam,
3487 1994 3538 2052 si
3565 2009 3789 2069 poss

2180 2087 2570 2160 reSpoudeam,
2611 2087 2754 2144 unde
2803 2088 2917 2160 ipsa
2964 2087 3106 2144 mala
3146 2087 3398 2144 voluntas
3455 2087 3514 2143 in
3569 2085 3792 2145 homine

2175 2180 2356 2257 primo
2373 2181 2543 2252 potuit
2557 2181 2776 2236 exoriri.
2805 2181 2878 2236 At
2903 2195 3003 2252 ego
3024 2179 3198 2238 refero
3223 2196 3332 2238 non
3349 2196 3453 2238 vos
3480 2181 3793 2253 intelligam

2181 2272 2307 2347 quid
2332 2272 2540 2332 dicatis.
2569 2273 2824 2330 Voluntas
2851 2274 2996 2331 enim
3019 2273 3151 2334 nihil
3175 2283 3260 2332 est
3279 2275 3456 2346 aliud,
3478 2291 3660 2348 quam
3679 2289 3794 2332 mo-

2181 2373 2272 2420 tus
2293 2363 2482 2436 animi,
2502 2375 2733 2437 cogente
2755 2363 2926 2422 nullo.
3145 2363 3170 2390 "

2277 2459 2416 2514 Anc.
2443 2455 2620 2512 Motus
2669 2456 2834 2514 animi
2879 2457 3008 2531 quid
3049 2447 3135 2514 est
3160 2501 3176 2528 ,
3217 2459 3324 2516 nisi
3370 2469 3567 2516 motus
3637 2467 3792 2518 nata-

2183 2563 2258 2605 rae
2297 2547 2414 2623 (a)?
2442 2549 2667 2606 Animus
2708 2551 2852 2606 enim
2890 2549 3008 2608 sine
3034 2549 3369 2610 dubitatione
3420 2561 3634 2608 natura
3665 2563 3791 2612 est:

2183 2639 2410 2714 proinde
2449 2637 2698 2698 voluntas
2719 2653 2902 2700 motus
2944 2652 3029 2700 est
3057 2653 3281 2710 naturai,
3309 2647 3582 2716 quoniam
3615 2658 3792 2703 motus

2185 2743 2268 2790 est
2295 2733 2484 2790 animi.
2506 2734 2587 2790 Tu
2625 2744 2802 2792 autem
2829 2751 2951 2794 cum
2977 2737 3223 2809 superius
3252 2747 3513 2794 naturam
3537 2750 3796 2815 tanquam

2183 2843 2354 2906 genus
2399 2843 2646 2898 poneres,
2680 2829 2836 2908 eique
2863 2831 3286 2915 generi-species
3322 2848 3455 2890 suas
3502 2835 3792 2904 subderes,

2185 2918 2265 2976 sic
2299 2929 2447 2975 certe
2477 2919 2686 2978 locutus
2724 2935 2822 2976 es:
2856 2941 2875 2974 ι
2909 2921 3144 2992 Naturae,
3181 2943 3202 2976 ι
3236 2923 3436 2998 inquis,
3477 2945 3500 2978 ι
3541 2925 3794 2982 humana

2181 3011 2522 3088 generalitas,
2571 3013 2964 3076 institutionum
3005 3015 3140 3072 infra
3179 3031 3238 3071 se
3288 3016 3596 3074 locatarum
3623 3033 3794 3090 genus

2185 3101 2452 3176 quoddam
2479 3113 2563 3160 est
2591 3121 2605 3158 :
2643 3103 2761 3161 haec
2803 3105 2948 3162 velut
2993 3105 3203 3178 species
3232 3106 3424 3174 habet,
3453 3107 3515 3162 in
3559 3109 3676 3173 situ
3697 3151 3715 3176 ,
3745 3109 3792 3164 iu

2187 3195 2465 3266 membris,
2497 3197 2551 3252 in
2595 3197 2892 3268 ordinibus,
2934 3199 2988 3254 in
3035 3197 3290 3266 motibus,
3321 3197 3410 3256 vel
3438 3199 3570 3256 aliis
3617 3199 3678 3256 id
3704 3216 3795 3274 ge-

2187 3303 2290 3344 nus
2317 3289 2335 3321 ¹
2371 3308 2390 3342 ι
2427 3288 2644 3368 (Supra,
2685 3307 2800 3359 cap.
2825 3287 2941 3360 24).
2985 3286 3088 3343 ista
3117 3304 3246 3368 ergo
3287 3297 3376 3346 tua
3413 3290 3792 3364 disputatione

2187 3390 2366 3435 motus
2392 3388 2596 3436 naturae
2620 3380 2859 3458 speciem
2888 3384 3172 3444 asseruiin
3211 3399 3334 3443 esse
3361 3396 3582 3442 natura:
3607 3405 3625 3442 :
3654 3388 3794 3444 unde

2192 3479 2243 3527 te
2268 3471 2525 3542 sequitur,
2557 3466 2700 3544 quod
2727 3489 2831 3530 non
2859 3473 2960 3543 vis,
2979 3483 3037 3531 ut
3061 3486 3248 3534 natura
3277 3477 3348 3538 sit
3371 3479 3561 3536 omnis
3586 3492 3792 3538 natura:

2189 3575 2388 3634 motus,
2419 3567 2464 3640 si
2499 3576 2686 3622 natura
2715 3583 2916 3642 genus,
2945 3569 3170 3642 ejusque
3207 3571 3418 3642 species
3454 3583 3548 3632 est
3586 3585 3790 3636 nauita:

2189 3667 2402 3728 motus;
2428 3654 2876 3732 quemadmodum
2920 3662 3118 3718 animal
3157 3673 3243 3722 est
3286 3667 3464 3728 omnis
3492 3681 3706 3740 equus,
3730 3683 3789 3726 eo

2189 3748 2333 3826 quod
2375 3752 2572 3808 animal
2613 3768 2784 3826 genus
2803 3765 2918 3822 est,
2970 3757 3183 3826 species
3209 3773 3339 3814 vero
3367 3758 3536 3832 hujus
3573 3761 3788 3833 generis

2191 3857 2380 3921 equus.
2407 3845 2484 3921 Ac
2511 3860 2608 3916 per
2631 3844 2739 3902 hoc
2763 3847 3028 3924 velum,
3055 3848 3308 3928 quoniam
3334 3859 3516 3907 motus
3545 3862 3636 3909 est
3675 3853 3787 3908 ani-

2189 3935 2285 4004 mi,
2316 3944 2372 3990 et
2396 3935 2522 3991 inde
2552 3935 2856 3992 ostenditur
2879 3948 3057 3994 motus
3085 3954 3206 3996 esse
3233 3951 3460 4012 naturae,
3491 3952 3547 3997 te
3578 3943 3655 4001 ita
3685 3942 3789 4000 dis-

2189 4019 2412 4110 putante
2437 4033 2624 4084 natura
2649 4036 2732 4084 est
2755 4045 2770 4096 ;
2804 4030 2927 4100 quia
2951 4039 3156 4087 naturae
3178 4040 3427 4104 tanquam
3455 4035 3650 4105 generi
3681 4050 3790 4111 spe-

2191 4121 2304 4176 cies
2331 4121 2636 4193 huiusmodi
2663 4121 3096 4180 subdidisti.‘Cur
3115 4140 3244 4198 ergo
3267 4121 3628 4198 reprehendis
3647 4129 3790 4208 quod

2191 4211 2387 4269 dicitur
2416 4215 2658 4271 naturale
2686 4224 2985 4286 peccatum,
3004 4215 3146 4288 quod
3183 4216 3308 4274 fecit
3331 4215 3590 4284 voluntas
3613 4221 3789 4290 mala,

2191 4323 2350 4379 quam
2364 4309 2382 4340 ¹
2402 4308 2569 4380 ipsam
2587 4308 2912 4368 voluntatem
2931 4319 2984 4366 tu
2999 4309 3178 4368 dicere
3191 4313 3531 4375 convincaris
3551 4330 3682 4374 esse
3701 4332 3793 4374 na-

2193 4401 2408 4458 turam?
2435 4399 2541 4458 Sed
2564 4399 2754 4458 natura
2773 4419 2880 4459 non
2906 4403 2977 4462 sit
2990 4403 3238 4462 voluntas
3259 4423 3274 4459 :
3305 4416 3455 4463 certe
3482 4416 3672 4466 tamen
3693 4410 3790 4470 nisi

2192 4489 2246 4548 in
2261 4499 2449 4575 natura
2470 4509 2576 4550 non
2599 4503 2777 4574 potest
2807 4511 2962 4568 esse;
2995 4507 3252 4573 quantum
3279 4501 3424 4556 enim
3457 4503 3697 4576 pertinet
3726 4504 3792 4560 ad

2193 4582 2488 4660 hominem,
2526 4599 2702 4646 motus
2745 4599 2830 4647 est
2871 4592 3056 4661 animi,
3095 4591 3416 4670 animusque
3451 4607 3648 4660 natura
3686 4610 3788 4660 est.

2193 4681 2319 4738 Sine
2343 4681 2474 4754 jam,
2501 4697 2706 4759 quaeso,
2731 4683 2802 4739 ita
2823 4683 2925 4740 dici
2944 4682 3186 4743 naturale
3202 4698 3504 4758 peccatum,
3532 4692 3788 4762 quoniam

2193 4789 2314 4828 cum
2334 4772 2500 4830 homo
2521 4783 2726 4848 peccat,
2752 4769 2936 4830 natura
2957 4777 3142 4854 utique
3161 4787 3379 4850 peccat;
3409 4780 3573 4837 homo
3588 4783 3790 4856 quippe

2195 4872 2384 4920 natura
2415 4875 2498 4922 est
2527 4884 2540 4920 :
2574 4865 3038 4946 quemadmodum
3071 4877 3219 4928 recte
3245 4869 3352 4927 dici
3398 4883 3581 4943 potest
3623 4875 3789 4930 etiam

2194 4957 2468 5030 spirituale
2506 4967 2807 5032 peccatum,
2839 4975 2963 5019 cum
3003 4960 3222 5036 spiritus
3252 4973 3462 5035 peccat.
3491 4965 3614 5022 Non
3641 4967 3786 5026 enim

2193 5049 2391 5106 erravit
2409 5051 2716 5122 Apostolus,
2738 5050 2830 5106 ubi
2843 5051 2936 5120 ait,
2957 5053 3257 5128 spiritualia
3279 5053 3518 5132 nequitire
3537 5055 3783 5136 :(Epher.

2191 5156 2266 5212 vi,
2299 5139 2390 5213 l2)
2409 5157 2423 5196 :
2441 5157 2560 5218 quae
2589 5141 2887 5221 epiritnalia
2909 5146 3094 5217 procul
3115 5145 3279 5206 dubio
3301 5149 3571 5209 naturalia
3595 5160 3725 5208 sunt
3741 5154 3777 5216 ';

2257 5320 2276 5384 ἓ
2311 5321 2470 5384 Forte.
2489 5331 2654 5384 qutun-

2255 5383 2277 5448 ξ
2307 5381 2446 5448 editi,
2459 5381 2645 5436 πωπω
2659 5389 2788 5436 m.
2815 5385 2978 5448 Aptius
2995 5391 3124 5446 κα..
3403 5391 3535 5440 ειη.

2255 5443 3782 5518 (φμδεεοεεηιειξηιεηεέιίρεςωηρωωμξιωηιιεωφιω

2189 5510 2308 5582 citat
2329 5506 2512 5582 Agatho
2535 5521 2654 5582 papa
2671 5506 2940 5582 qupistola
2963 5506 3188 5582 synodica
3208 5511 3271 5561 ad
3306 5506 3667 5582 imperatis:
3675 5506 3782 5582 qua:

2189 5569 2834 5648 ξιξεςξεὲρβεέξέιξφξίξίεε
3076 5571 3218 5648 κιεαιο
3249 5580 3346 5648 εει»
3369 5569 3708 5648 Ῐᾼπευειίηάιιῖ
3729 5581 3782 5648 in

2189 5631 2303 5690 hac
2318 5631 2472 5700 verba
2489 5632 2834 5700 eouunetidans
2853 5631 3160 5700 attigerimus
3177 5631 3587 5700 madenti-simus
3611 5641 3783 5700 prodi.

2198 5713 2224 5745 α
2245 5701 2376 5764 αξιοι*
2397 5693 3164 5764 beatus_Augustinns,_in"quinto
3179 5693 3429 5764 volumine
3449 5693 3786 5764 disputationis

2197 5775 2224 5808 ι
2245 5756 2480 5822 adversm
2499 5756 2738 5822 Jtdiaotim
2759 5756 3146 5822 Pelagium,
3164 5758 3294 5822 quid
3327 5759 3408 5822 sit,
3426 5756 3670 5822 whims,
3711 5765 3785 5818 ιε.

2197 5818 2651 5931 am;.vee;bisz
2691 5825 2840 5872 Motus
2877 5818 3028 5872 animi
3063 5818 3320 5885 quid—est.
3363 5821 3458 5877 nisi
3499 5818 3668 5879 metus
3703 5841 3783 5878 na-

2197 5901 2226 5931 ι
2553 5918 2566 5931 .

2193 5889 2440 5944 ιωιωγ»
2470 5889 2566 5938 ϐω.
