3980 6486
124 422 299 483 1477

129 536 279 607 quia
318 531 539 604 spiritus
589 528 707 591 sine
748 521 1100 601 ambiguitate
1136 536 1324 589 natura
1367 535 1477 595 cst,
1527 525 1639 583 sive
1682 526 1753 587 sit

130 634 401 690 creator,
430 624 544 683 sive
564 622 633 679 sit
660 631 891 679 creatus.
927 620 1036 681 Nec
1068 630 1248 676 tamen
1276 618 1418 691 quod
1457 617 1537 673 vel
1564 616 1752 701 angelo

133 719 237 773 vel
270 717 498 775 homine
524 715 737 773 volente
761 716 777 747 ί
799 713 1145 770 commissum
1168 721 1271 782 est,
1295 709 1543 785 quoniam
1567 719 1752 765 natura

132 810 404 882 peccavit
424 807 501 881 (et
529 806 755 879 angelus
779 806 925 873 enim
964 815 1019 863 et
1046 806 1211 865 homo
1242 813 1448 861 natura:
1478 799 1648 879 sunt),
1679 798 1752 857 ita

135 901 259 957 hoc
288 916 415 956 esse
444 899 671 954 dicimus
718 898 962 959 naturale
996 907 1312 973 peccatum,
1348 904 1403 953 ut
1432 892 1754 958 necessitate

135 995 362 1052 factum
390 1007 514 1055 esse
542 992 807 1060 dicamus,
836 991 979 1067 quod
1006 992 1203 1049 factum
1251 998 1332 1049 est
1376 988 1542 1044 libera
1569 986 1758 1040 volun-

138 1095 288 1142 tate.
325 1085 424 1153 Qui
454 1084 597 1151 enim
614 1094 902 1155 propterea
933 1083 1194 1154 peccavit,
1223 1081 1345 1154 quia
1377 1079 1562 1144 voluit,
1585 1079 1759 1151 potuit

140 1180 204 1227 ει
239 1171 391 1226 nolle
414 1184 644 1241 peccare
673 1187 687 1224 :
714 1177 770 1235 et
797 1168 867 1223 ita
898 1168 1057 1229 homo
1086 1177 1300 1223 creatus
1325 1171 1427 1231 est,
1453 1176 1508 1220 ut
1529 1172 1581 1219 et
1607 1164 1754 1219 nolle

141 1273 350 1338 posset
381 1272 436 1325 et
462 1264 628 1329 velle,
671 1270 726 1320 et
763 1261 1039 1333 quodlibet
1085 1259 1277 1316 horum
1311 1257 1534 1319 haberet
1575 1257 1626 1317 iu
1661 1273 1757 1327 po-

148 1364 357 1427 testate
384 1356 427 1411 ¹.
450 1355 556 1410 Sed
572 1353 719 1411 aliud
743 1362 827 1413 est
849 1352 1117 1430 originale
1142 1360 1457 1423 peccatum,
1487 1349 1628 1433 quod
1656 1348 1765 1427 etsi

149 1449 390 1511 trahunt
415 1448 533 1505 sine
561 1446 777 1518 propria
798 1444 1073 1515 voluntate
1103 1453 1385 1502 nascentes
1405 1484 1419 1509 ,
1461 1453 1636 1511 tamen
1662 1455 1762 1512 per

145 1541 495 1597 voluntatem
518 1539 679 1610 primi
709 1537 941 1603 hominis
964 1538 1079 1608 ipsa
1094 1545 1177 1594 est
1201 1536 1351 1606 origo
1381 1535 1566 1590 vitiata
1591 1533 1763 1590 :sicut

150 1632 311 1690 aliud
343 1633 505 1689 etiam
532 1632 695 1687 estin
717 1629 921 1709 majore
950 1630 1165 1689 homine
1186 1639 1408 1700 propter
1433 1628 1576 1700 quod
1597 1627 1762 1697 dicit,

151 1723 213 1781 Ν
218 1742 287 1780 an
316 1724 450 1780 enim
477 1723 616 1806 quod
654 1723 789 1792 volo,
826 1723 961 1793 facio
987 1722 1207 1789 bonum;
1236 1723 1324 1777 sed
1346 1722 1482 1795 quod
1508 1722 1626 1779 nolo
1653 1738 1764 1779 ma-

155 1818 293 1881 lum,
343 1816 439 1875 hoc
480 1832 577 1889 ago
619 1815 794 1886 (Rom.
839 1832 932 1885 vu,
963 1816 1056 1889 15)
1091 1832 1228 1873 :nec
1261 1825 1441 1880 tamen
1476 1817 1635 1873 etiam
1665 1815 1765 1871 ista
1796 1852 1799 1853 ν

155 1911 460 1969 necessitas
478 1909 791 1971 insanabilis
819 1916 902 1965 est
929 1910 1000 1977 ei,
1024 1908 1116 1965 cui
1142 1908 1357 1979 dicitur,
1384 1907 1465 1964 De
1494 1908 1764 1973 necessita-

156 2002 298 2061 tibus
333 2003 456 2061 meis
494 2018 614 2059 erue
640 2019 718 2061 me
762 2000 933 2075 (Psal.
968 2016 1127 2070 χειν,
1160 2000 1280 2074 17).

235 2095 373 2155 XLI.
409 2093 526 2153 Jun.
558 2094 808 2169 Quaeritis
837 2108 963 2167 ergo
991 2092 1362 2158 necessitatem
1384 2091 1484 2162 rei,
1507 2106 1625 2163 quae
1646 2104 1767 2148 esse

158 2202 277 2247 non
310 2193 483 2256 potest
511 2186 556 2249 si
599 2185 800 2256 patitur
820 2184 1219 2243 necessitatem.
1254 2182 1386 2240 Huic
1412 2183 1579 2238 motui
1602 2182 1768 2241 animi

158 2278 368 2348 libero,
415 2278 530 2333 sine
571 2286 760 2339 coactu
797 2275 1018 2355 originis
1048 2276 1316 2347 inquieto,
1364 2275 1407 2333 si
1450 2290 1612 2341 causa
1650 2274 1767 2347 ipso

159 2380 317 2429 motu
344 2369 501 2433 detur
523 2369 545 2401 ³
569 2369 856 2442 antiquior,
886 2384 993 2432 non
1018 2369 1249 2440 gignitur
1278 2369 1525 2437 omnino,
1547 2370 1640 2424 sed
1672 2368 1769 2425 tol-

163 2462 317 2519 litur.
350 2461 552 2516 Nomen
580 2460 722 2517 enim
750 2461 923 2533 ipsum
945 2461 1232 2517 voluntatis
1256 2460 1451 2515 nullam
1473 2461 1580 2516 vim
1609 2459 1770 2537 habet

162 2554 429 2621 alteram,
468 2567 626 2625 quam
658 2567 763 2607 non
807 2551 1006 2617 debere
1045 2551 1282 2608 materia:
1312 2551 1453 2623 quod
1500 2566 1766 2612 movetur.

168 2646 311 2711 Cum
338 2660 463 2725 ergo
490 2644 629 2709 unde
654 2653 769 2703 orta
788 2644 863 2707 sit
891 2646 1155 2725 voluntas,
1184 2645 1295 2715 ipsa
1324 2645 1598 2700 voluntate
1624 2660 1771 2715 quac-

166 2741 249 2799 ris
273 2739 573 2813 antiquius;
597 2755 702 2799 non
727 2738 1007 2795 exordium
1040 2738 1157 2810 ejus
1182 2779 1197 2806 ,
1223 2738 1316 2795 sed
1343 2738 1563 2794 exitium
1594 2737 1772 2811 requi-

166 2832 253 2890 ris
290 2849 304 2887 :
332 2832 549 2887 omnino
575 2832 721 2893 enim
750 2847 856 2886 non
889 2830 1203 2901 intelligitur
1230 2845 1381 2897 esse,
1424 2831 1471 2889 si
1502 2840 1593 2887 aut
1624 2840 1771 2885 teuc-

170 2922 288 2993 bris
313 2924 613 2997 deputetur,
642 2932 734 2980 aut
763 2923 952 2988 nihilo;
984 2938 1083 2981 nec
1106 2930 1282 3001 potest
1311 2922 1413 2979 dici
1432 2922 1545 2993 jam
1577 2921 1768 2991 volun-

172 3018 262 3077 tas
284 3052 300 3079 .
327 3027 443 3084 quae
481 3014 773 3090 Subsistere
800 3029 905 3068 non
934 3021 1145 3084 potest,
1178 3013 1279 3071 nisi
1306 3012 1358 3066 in
1388 3023 1534 3076 motu
1565 3011 1726 3067 animi
1751 3052 1770 3081 ,

172 3112 402 3177 cogente
433 3104 596 3160 nullo.
625 3105 681 3160 Si
712 3120 840 3177 ergo
866 3102 1022 3176 cegat
1049 3103 1239 3181 aliquis
1260 3145 1275 3173 ,
1308 3114 1387 3158 est
1416 3100 1629 3177 quidem
1659 3120 1774 3158 mo-

175 3205 300 3263 tus;
331 3195 425 3251 sed
455 3211 561 3250 non
587 3204 670 3250 est
693 3194 936 3250 voluntas
958 3238 972 3259 ,
1003 3196 1155 3267 cujus
1185 3193 1290 3251 vim
1331 3196 1418 3252 illa
1444 3195 1772 3251 deﬁnitionis

176 3304 304 3369 pars
332 3288 561 3345 secunda
586 3286 892 3358 complevit,
920 3285 969 3340 id
997 3295 1100 3355 est,
1130 3288 1274 3340 nullo
1296 3297 1540 3354 cogente.
1567 3287 1624 3344 Si
1646 3301 1774 3359 ergo

178 3382 424 3441 voluntas
448 3380 580 3436 nihil
606 3388 688 3436 est
717 3379 858 3445 aliud
878 3422 893 3447 ,
922 3394 1080 3450 quant
1107 3386 1284 3434 motus
1312 3378 1475 3432 animi
1500 3419 1516 3447 ,
1549 3391 1775 3448 cogente

180 3458 365 3540 nullo;
395 3473 535 3528 male
561 3457 781 3546 prorsus
815 3468 1071 3543 Quaeritur
1091 3471 1240 3541 origo
1268 3469 1345 3525 rei
1365 3511 1379 3535 ,
1407 3469 1558 3541 cujus
1587 3470 1775 3541 condi-

183 3565 301 3632 tio,
344 3565 388 3620 si
421 3564 776 3636 praevenitur,
827 3561 1027 3618 interit.
1057 3560 1313 3637 Expcnde
1358 3575 1486 3631 ergo
1536 3560 1662 3632 quid
1709 3556 1779 3615 sit

184 3658 324 3731 quod
352 3674 507 3729 roges
539 3674 555 3712 :
586 3655 767 3724 Unde,
809 3656 986 3735 inquis
1008 3697 1022 3723 ,
1060 3655 1174 3735 ipsa
1202 3654 1437 3708 voluntas
1466 3653 1601 3707 mala
1635 3653 1780 3731 quasi

186 3751 334 3805 arbor
362 3749 496 3804 mala
526 3751 579 3804 in
624 3749 790 3822 primo
819 3748 1021 3802 homine
1068 3747 1229 3819 potuit
1277 3747 1462 3800 exoriri
1512 3744 1617 3817 (De
1656 3743 1779 3800 Nu-

188 3841 308 3915 ptiis
333 3854 375 3895 et
402 3841 847 3913 Concupiscentia,
878 3839 965 3895 lib.
994 3837 1062 3908 2,
1112 3857 1166 3893 η.
1216 3837 1349 3911 48)?
1378 3838 1469 3917 qui
1509 3837 1781 3894 conﬁteris

187 3933 511 3999 voluntatem
535 3934 603 3989 de
631 3932 838 4006 origine
863 3932 1173 4003 contigisse.
1208 3930 1462 3987 Voluntas
1488 3930 1630 3988 enim
1662 3947 1781 3985 mo-

188 4035 277 4083 tus
303 4036 383 4083 est
406 4026 593 4093 animi,
621 4035 845 4097 cogente
866 4025 1031 4082 nullo.
1064 4024 1337 4085 Naturalia
1366 4033 1556 4080 cuncta
1586 4030 1785 4094 cogunt

190 4135 309 4177 esse
332 4119 474 4192 quod
517 4120 757 4192 sequitur
789 4136 802 4174 :
834 4118 1081 4175 voluntas
1117 4129 1296 4175 autem
1340 4121 1385 4175 si
1433 4118 1782 4190 praecedenti-

193 4211 294 4266 bus
320 4213 491 4273 causis
512 4222 752 4284 cogatur,
782 4212 1026 4267 voluntas
1048 4228 1167 4267 esse
1191 4228 1314 4267 mox
1339 4211 1557 4283 desinit,
1584 4220 1639 4268 et
1658 4227 1782 4284 per-

198 4304 278 4360 dit
302 4305 677 4375 conditionem,
708 4306 753 4362 si
780 4307 985 4379 accepit
1013 4306 1296 4377 originem.

271 4398 402 4454 Anc.
445 4397 502 4454 Si
541 4398 789 4454 voluntas
819 4397 939 4454 ideo
969 4414 1075 4454 non
1126 4398 1289 4455 habet
1317 4400 1578 4471 originem
1602 4441 1618 4470 ,
1663 4400 1785 4471 quia

202 4505 307 4546 non
343 4492 577 4561 cogitur;
617 4506 717 4553 nec
759 4478 872 4561 ipse
917 4490 1077 4555 homo
1126 4490 1284 4567 habet
1313 4490 1575 4561 originem
1620 4498 1676 4546 ut
1718 4490 1790 4547 sit

202 4582 401 4655 homo,
442 4583 563 4654 quia
602 4599 707 4639 non
739 4593 955 4643 coactus
1001 4591 1083 4639 est
1127 4599 1263 4638 esse.
1313 4582 1593 4661 Quomodo
1644 4583 1788 4639 enim

200 4674 315 4746 cogi
342 4686 567 4744 poterat,
594 4676 682 4747 qui
712 4693 816 4731 non
844 4675 1003 4731 erat?
1021 4676 1086 4731 Et
1110 4688 1258 4732 certe
1287 4675 1448 4731 homo
1470 4684 1656 4733 natura
1683 4686 1787 4753 est;

199 4776 358 4840 tuque
382 4769 592 4839 dixisti,
627 4770 903 4847 Naturalia
922 4782 1106 4847 cuncta
1129 4780 1311 4847 cogunt
1342 4787 1447 4826 esse
1471 4774 1606 4845 quod
1626 4772 1791 4847 sequi-

202 4869 300 4914 tur.
325 4861 473 4932 Rogo
504 4871 573 4929 te,
602 4862 817 4919 attende
847 4861 973 4935 quid
995 4861 1139 4918 diem
1168 4880 1180 4915 :
1214 4863 1319 4917 noli
1347 4862 1519 4918 oculis
1547 4861 1742 4929 clausis
1766 4862 1790 4895 ⁴

202 4952 428 5024 linguam
475 4969 724 5022 movere,
772 4954 1042 5029 quomodo
1071 4954 1161 5028 qui
1210 4954 1261 5009 in
1295 4956 1498 5011 somnis
1536 4955 1787 5028 loquitur.

202 5045 351 5103 Nulla
375 5062 485 5115 res,
516 5063 636 5118 qua:
666 5063 772 5105 non
799 5057 902 5115 est,
930 5047 1045 5119 cogi
1077 5056 1270 5118 potest.
1289 5047 1422 5103 Vide
1449 5047 1607 5102 etiam
1631 5063 1789 5119 quam

201 5143 272 5197 sit
300 5142 539 5197 insanum
563 5184 579 5209 ,
624 5157 820 5214 negare
863 5141 1060 5198 habere
1107 5142 1366 5211 originem
1404 5157 1487 5196 res
1517 5156 1636 5212 qua:
1660 5152 1792 5196 ortae

203 5244 359 5301 sunt;
385 5233 644 5305 eumipsa
676 5235 826 5308 origo
851 5234 919 5290 ab
948 5234 1173 5290 oriundo
1201 5234 1270 5289 sit
1301 5233 1462 5290 dicta.
1490 5232 1621 5289 Nam
1649 5234 1792 5306 quod

317 5390 433 5455 miti
456 5426 471 5452 ,
495 5388 700 5441 ηοιεπιε.
721 5392 1022 5455 Castigantnr
1044 5404 1109 5441 ex
1132 5392 1485 5455 manuscriptis.

269 5454 303 5518 ξ,
318 5453 391 5507 Sic
409 5465 584 5518 omnes
606 5453 937 5518 manuscripti.
963 5461 1018 5504 At
1035 5455 1267 5518 νίς-υἱετῆ
1300 5453 1467 5518 editio,
1492 5459 1545 5505 ut
1568 5453 1715 5518 possit
1745 5460 1793 5507 et

207 5512 327 5581 mlle
347 5521 392 5564 et
414 5512 552 5572 velle,
577 5519 623 5581 et
645 5512 884 5581 quodlibet
909 5512 1311 5581 [torumfhabetur
1342 5515 1393 5566 in
1430 5512 1678 5581 potestate.
1703 5525 1793 5581 lio-

243 5578 367 5625 nitur
393 5576 686 5643 Augustinus
706 5576 771 5627 de
785 5577 1001 5643 hominis
1038 5578 1192 5639 primo
1216 5576 1441 5640 peccato,
1468 5580 1596 5643 quod
1620 5580 1684 5629 ab
1705 5579 1793 5631 illo

243 5590 367 5625 nitur
393 5590 686 5640 augusunus
706 5590 771 5627 de
794 5590 1001 5628 nominis
1038 5590 1192 5639 primo
1216 5590 1430 5640 peccato,
1468 5590 1596 5643 quoq
1620 5590 1684 5629 an
1705 5590 1793 5631 tuo

205 5590 346 5694 licet
366 5639 678 5704 caninissutn
701 5653 761 5690 ea
784 5639 1033 5699 libertate,
1056 5647 1230 5704 quaet
1268 5654 1473 5704 peccare
1498 5640 1631 5692 nolle
1652 5650 1795 5704 pote»

211 5709 296 5760 rat,
322 5708 387 5769 et_
412 5698 544 5761 velle
563 5714 786 5769 peccare,
811 5714 905 5752 non
927 5698 1092 5769 auten}
1110 5701 1208 5750 ulla
1332 5698 1797 5769 necessitate,'quali

210 5765 518 5827 premebatur
536 5762 627 5827 qui
642 5763 838 5814 dicebat
856 5772 984 5827 {von
1006 5762 1135 5814 enim
1159 5763 1285 5827 quod
1309 5764 1429 5827 volo,
1449 5773 1544 5816 etc.

274 5826 295 5858 ⁸
325 5826 399 5875 sic
414 5832 526 5877 Mss.
550 5824 672 5876 Editi
690 5839 828 5886 vero,
854 5824 1052 5877 dicitur.

482 5888 891 5959 praetermittunt,
917 5887 1094 5940 clausis
1122 5901 1141 5939 :
1172 5888 1262 5939 sed
1285 5888 1468 5940 habent
1514 5897 1676 5942 tamen
1697 5905 1800 5945 ma-

1517 406 1723 467 LlBER
1760 404 2076 478 ρυυιτυε.

3321 416 3463 481 ιιιε

1860 534 1962 590 εει,
1987 536 2041 582 ει
2061 527 2319 599 originem
2342 544 2447 589 non
2476 529 2657 597 habet,
2679 545 2895 607 semper
2920 534 3037 602 fuit;
3066 535 3112 593 si
3139 542 3314 599 autem
3338 551 3453 598 non

1859 616 1991 688 fuit,
2019 628 2073 674 et
2097 629 2210 686 est,
2239 630 2417 679 ortum
2442 634 2556 691 est;
2585 625 2630 683 si
2657 636 2832 691 ortum
2860 638 2963 695 est,
2984 627 3147 689 habet
3169 628 3453 700 Origineln.

1859 707 1930 765 Et
1958 711 2198 768 voluntas
2213 728 2342 785 ergo
2373 717 2597 787 peccati,
2623 733 2741 791 quae
2765 734 2872 781 non
2900 717 3021 787 fuit.
3053 728 3232 786 etest,
3268 719 3453 790 utique

1860 810 1975 865 orta
1999 810 2081 858 est
2109 821 2122 858 :
2152 804 2198 860 si
2229 805 2371 863 enim
2400 814 2513 885 est,
2541 817 2595 863 et
2636 818 2751 865 orta
2778 825 2884 871 non
2913 820 3026 876 εει,
3060 826 3273 881 semper
3312 812 3447 880 fuit;

1860 893 1956 951 sed
1999 909 2106 953 non
2148 895 2246 950 fuit
2274 911 2524 969 semper;
2568 915 2696 973 ergo
2739 909 2855 959 orta
2893 910 2993 961 est.
3020 901 3138 961 Jam
3180 912 3239 963 tu
3281 902 3452 965 clama

1860 995 2045 1041 contra
2075 988 2466 1071 apertissimum
2494 992 2808 1059 veritatem;
2835 992 2938 1055 hoc
2957 982 3102 1055 enim
3128 993 3289 1055 decet
3308 1002 3455 1050 tuam

1860 1094 2054 1134 vanam
2086 1079 2464 1152 loquacitatem
2500 1093 2597 1141 :et
2622 1085 2744 1153 dic,
2775 1086 2905 1147 Orta
2942 1094 3026 1143 est
3064 1086 3315 1157 quidem,
3358 1085 3454 1146 scd

1863 1170 2125 1242 originem
2164 1187 2272 1228 non
2302 1172 2496 1243 habet;
2527 1185 2649 1244 aut,
2674 1176 2816 1248 quod
2845 1186 2927 1233 est
2950 1178 3189 1235 insanius
3208 1220 3224 1247 ,
3254 1178 3323 1234 Et
3349 1195 3457 1236 non

1863 1262 1960 1319 fuit
1980 1308 1994 1332 ,
2025 1275 2216 1335 etest,
2244 1275 2297 1323 et
2326 1276 2501 1327 tanien
2530 1279 2645 1326 orta
2683 1285 2790 1331 non
2812 1280 2916 1329 est.
2944 1270 3118 1331 Porro
3146 1273 3191 1329 si
3217 1272 3320 1331 hoc
3346 1289 3453 1329 non

1863 1354 2028 1425 dicis,
2075 1373 2143 1413 ne
2186 1358 2570 1423 insulsissimus
2611 1372 2665 1423 et
2692 1363 2913 1425 omnino
2941 1362 3121 1427 fatuus
3159 1363 3457 1437 judiceris;

1863 1464 2043 1523 qume
2084 1452 2226 1513 unde
2267 1462 2385 1511 orta
2428 1454 2498 1516 sit
2540 1454 2773 1517 hominis
2815 1457 3057 1517 voluntas
3080 1457 3254 1525 mala,
3296 1472 3457 1527 quant

1864 1558 2062 1614 negare
2088 1560 2194 1607 non
2216 1554 2371 1617 potes
2396 1554 2569 1607 ortam
2611 1561 2760 1612 esse,
2787 1546 2911 1621 quia
2944 1562 3143 1619 negare
3172 1562 3278 1602 non
3307 1554 3460 1621 potes

1865 1653 1975 1697 non
2014 1636 2177 1697 fuisse
2218 1648 2275 1699 et
2315 1654 2435 1699 esse
2472 1639 2703 1711 coepisse
2731 1657 2747 1697 :
2778 1654 2990 1717 quaere,
3040 1640 3292 1711 inquam,
3323 1638 3464 1701 unde

1867 1736 1985 1785 orta
2014 1729 2118 1795 sit;
2144 1736 2200 1787 et
2224 1729 2463 1787 invenies
2493 1731 2668 1802 ipsum
2706 1729 2977 1793 hominem
3008 1745 3126 1792 εει
3154 1729 3248 1789 illo
3268 1729 3464 1800 quippe

1866 1830 1983 1878 orta
2033 1829 2117 1876 est
2162 1821 2409 1879 voluntas
2453 1822 2593 1889 mala
2616 1862 2633 1890 ,
2671 1838 2791 1893 quae
2826 1822 2882 1876 in
2912 1821 3001 1877 illo
3040 1829 3164 1879 ante
3193 1836 3303 1876 non
3341 1819 3465 1877 fuit.

1866 1912 2059 1985 Qumre
2089 1913 2249 1970 etiam
2280 1914 2453 1993 qualis
2492 1923 2609 1973 erat
2646 1913 2838 1980 homo,
2883 1924 3171 1991 antequam
3220 1914 3466 1972 voluntas

1867 2008 2005 2069 mala
2033 2006 2265 2064 oriretur
2298 2023 2365 2075 ex
2389 2007 2519 2075 illo;
2546 2016 2605 2062 et
2633 2007 2873 2081 invenies
2898 2007 3101 2071 bonum
3133 2026 3147 2063 :
3174 2022 3235 2063 ea
3264 2007 3467 2078 quippe

1868 2099 2142 2159 voluntate
2162 2099 2334 2157 laetus
2353 2108 2434 2159 est
2459 2098 2653 2167 malus,
2676 2114 2795 2170 qua:
2822 2099 3372 2175 antequamloriretur
3395 2114 3467 2173 ea
3564 2093 3568 2097 ’

1869 2190 1984 2259 illo,
2012 2191 2132 2249 talis
2158 2201 2303 2261 erat,
2334 2190 2506 2263 qualis
2533 2206 2563 2249 a
2592 2191 2734 2248 bono
2758 2189 2932 2255 lactus
2958 2199 3108 2259 erat,
3138 2191 3194 2251 id
3221 2200 3304 2251 est
3325 2231 3342 2261 ,
3370 2191 3467 2251 bo-

1869 2298 1992 2345 nus.
2025 2283 2137 2340 Hoc
2178 2293 2266 2343 est
2310 2284 2474 2355 igitur
2515 2282 2659 2355 quod
2703 2284 2779 2341 ait
2825 2297 2979 2347 meus
3007 2283 3195 2339 doctor
3238 2292 3467 2355 tuusque

1870 2375 2174 2437 destructor
2195 2376 2513 2437 Ambrosius
2537 2394 2552 2435 ι
2576 2375 2658 2437 Ex
2697 2376 2840 2439 bonis
2865 2376 3023 2453 igitur
3047 2374 3186 2431 mala
3213 2384 3325 2435 orla
3349 2385 3468 2435 sunt

1872 2466 2011 2539 (Lib.
2044 2467 2106 2541 de
2135 2465 2289 2523 Isaac
2314 2475 2360 2523 et
2389 2467 2605 2535 Anima,
2633 2483 2749 2536 cap.
2779 2466 2855 2539 7).
2893 2466 3047 2535 Quod
3090 2474 3147 2525 tu
3183 2466 3426 2537 negando
3449 2507 3468 2536 ,

1871 2567 1925 2621 et
1951 2557 2199 2627 dicendo,
2232 2558 2422 2619 Rerum
2440 2559 2570 2614 ratio
2597 2574 2699 2615 non
2724 2557 2845 2613 sinit
2865 2598 2882 2625 ,
2908 2567 2963 2617 ut
2988 2558 3052 2615 de
3080 2556 3213 2621 bono
3240 2555 3433 2613 malum
3449 2597 3468 2627 ,

1871 2658 1918 2707 et
1944 2649 2006 2705 de
2017 2650 2157 2723 justo
2183 2650 2431 2722 injustam
2453 2648 2647 2720 aliquid
2671 2653 2994 2721 proferatur;
3022 2657 3226 2713 tantum
3251 2648 3471 2721 adiuvas

1871 2740 2192 2815 Manichaeos
2221 2739 2288 2796 ad
2325 2740 2767 2805 introducendam
2795 2749 3043 2804 naturam
3076 2740 3239 2807 mali,
3275 2739 3343 2795 de
3367 2755 3471 2812 qua

1872 2833 2056 2895 dicunt
2080 2833 2210 2889 oriri
2238 2832 2373 2888 mala
2396 2874 2411 2899 ,
2435 2843 2492 2890 ut
2522 2841 2572 2891 te
2608 2843 2888 2905 patronum
2919 2832 3001 2895 sui
3025 2832 3357 2911 gratulentur
3382 2847 3473 2887 cr-

1873 2925 2013 2983 roris
2035 2967 2051 2994 ,
2084 2926 2186 2982 nisi
2227 2941 2348 2985 cum
2382 2926 2461 2990 eis
2489 2934 2544 2985 et
2587 2926 2701 2999 ipse
2726 2925 2977 2999 vincaris,
3010 2923 3090 2981 Tu
3128 2940 3186 2983 es
3210 2914 3351 2983 enim
3381 2921 3474 2994 qui

1875 3018 2103 3075 mirabili
2135 3019 2471 3090 eloquentia,
2505 3019 2587 3073 vel
2636 3018 2810 3090 potius
2852 3018 3095 3081 amentia
3124 3017 3201 3084 sic
3230 3015 3474 3075 defendis

1875 3111 2155 3185 parvulos,
2181 3118 2290 3185 uta
2329 3104 2605 3183 salvatore
2628 3124 2881 3185 separes;
2928 3111 3006 3169 sic
3044 3123 3323 3190 oppugnas
3358 3108 3474 3167 lla-

1876 3204 2135 3273 itit-imos,
2165 3213 2223 3259 ut
2247 3213 2431 3260 contra
2460 3201 2794 3267 Salvatorem
2819 3204 3089 3265 subleves.
3164 3202 3169 3207 ’
3194 3278 3199 3283 η

1930 3295 2109 3370 λιιι.
2138 3294 2257 3352 Jun.
2281 3295 2416 3353 Cum
2464 3310 2595 3373 ergo
2627 3295 2770 3353 bene
2809 3294 3027 3357 deﬁnita
3073 3295 3144 3351 sit
3189 3295 3476 3365 voluntas,

1878 3385 2053 3443 Mutus
2092 3387 2290 3449 mimi.
2336 3396 2564 3461 cogente
2591 3386 2761 3455 nullo;
2810 3385 2945 3459 quid
2987 3386 3183 3457 quaeris
3222 3386 3478 3455 superius

1879 3487 2069 3531 causas
2089 3514 2104 3542 ,
2128 3488 2261 3543 quas
2287 3470 2525 3531 deﬁnitio
2554 3472 2847 3531 voluntatis
2874 3476 3139 3535 exclusit?
3179 3472 3478 3544 Expendite

1881 3564 2040 3637 igitur
2063 3564 2190 3641 quid
2218 3564 2287 3621 sit
2331 3564 2576 3621 vohmtas
2600 3605 2614 3631 ,
2646 3573 2701 3621 et
2740 3563 2997 3621 desinetis
3022 3563 3298 3635 inquirere
3334 3565 3478 3630 unde

1880 3658 1952 3714 sit
1980 3657 2246 3714 voluntas.
2285 3656 2540 3721 Voluntas
2565 3665 2650 3717 est
2670 3655 2814 3713 enim
2840 3666 3015 3718 motus
3038 3657 3226 3727 animi,
3246 3667 3479 3736 cogens

1882 3751 2028 3813 nullo
2055 3768 2068 3804 :
2098 3765 2195 3807 vos
2222 3750 2266 3809 si
2297 3750 2513 3819 tentetis
2537 3750 2620 3813 ire
2641 3748 2863 3819 dimidio
2886 3764 3061 3825 ungue
3080 3751 3350 3827 superius,
3373 3760 3483 3811 sla-

1884 3844 1977 3899 tim
1999 3843 2285 3901 constituta
2314 3842 2632 3911 convenitis.
2655 3840 2794 3911 Quid
2812 3857 2940 3919 ergo
2959 3841 3087 3905 dicit
3113 3840 3481 3907 Manichth

1885 3936 1995 4001 Sed
2021 3938 2123 3993 iste
2147 3945 2323 3994 motus
2349 3935 2472 3995 ideo
2499 3944 2723 3999 exortus
2749 3944 2832 3997 est
2850 3977 2870 4004 ,
2890 3935 3017 4014 quia
3042 3936 3111 3997 de
3136 3938 3480 4003 tenebrarum

1887 4039 2073 4084 natura
2102 4027 2263 4083 homo
2286 4027 2459 4089 factus
2483 4036 2581 4085 εει.
2612 4027 2751 4107 Quid
2776 4028 2864 4089 tu?
2890 4027 3011 4107 quia
3031 4068 3049 4101 ,
3073 4027 3271 4105 inquis,
3300 4028 3371 4091 de
3396 4029 3482 4089 ni-

1886 4120 1998 4177 hilo
2024 4120 2193 4181 factus
2221 4129 2305 4185 est
2332 4120 2511 4177 homo.
2559 4119 2858 4201 Unus'ergo
2882 4108 3044 4191 dicit,
3083 4120 3208 4179 Ideo
3238 4121 3482 4185 voluntas

1886 4216 2046 4281 mala,
2073 4216 2195 4288 quia
2222 4214 2290 4272 de
2309 4214 2477 4271 nihilo
2496 4212 2666 4273 factus
2688 4223 2775 4271 est
2796 4213 2959 4272 homo
2986 4231 3000 4273 :
3032 4214 3206 4284 alter.
3235 4213 3362 4281 Ideo
3386 4229 3481 4275 vo-
3530 4204 3559 4258 .’

1888 4307 2065 4383 lutitas
2107 4307 2246 4364 mala
2294 4308 2347 4374 in
2389 4306 2638 4383 homine,
2668 4307 2791 4383 quia
2820 4306 2887 4371 de
2928 4308 3163 4371 tenebris
3204 4307 3375 4369 factus
3400 4315 3484 4369 est

1889 4400 2071 4459 homo.
2098 4399 2322 4475 Utrique
2347 4416 2475 4472 ergo
2511 4399 2642 4461 illud
2665 4400 2954 4463 voluntatis
2976 4398 3359 4470 suppletoriutn
3389 4398 3485 4459 de.

1890 4494 2095 4568 negatis
2113 4536 2128 4561 ,
2164 4494 2215 4548 id
2241 4503 2347 4563 est,
2374 4503 2597 4563 cogente
2622 4492 2787 4553 nullo.
2817 4492 2872 4549 Si
2900 4490 3045 4555 enim
3074 4490 3341 4557 tanta-fuit
3369 4491 3484 4557 vir-

1890 4596 1976 4642 tus
2005 4587 2057 4641 in
2084 4585 2281 4652 nihilo,
2321 4594 2515 4657 quanta
2544 4587 2595 4639 in
2626 4586 2842 4655 aliquo;
2873 4602 2990 4656 quae
3020 4586 3196 4657 coegit
3222 4586 3361 4651 hanc
3385 4601 3484 4643 vo-

1890 4682 2148 4743 luntatem
2178 4681 2410 4736 existere
2431 4721 2444 4746 ,
2472 4679 2703 4743 exclusit
2719 4680 2786 4751 ab
2813 4694 2876 4743 ea
2905 4678 3267 4743 conditionem
3292 4695 3445 4755 suam
3467 4721 3483 4747 ,

1892 4789 1993 4847 qua
2018 4773 2217 4830 dictum
2262 4772 2471 4849 fuerat,
2514 4780 2741 4847 cogente
2785 4772 2953 4835 nullo.
3001 4771 3104 4829 Sed
3152 4786 3260 4833 non
3310 4772 3487 4837 minus

1891 4867 2018 4927 mali
2045 4866 2223 4938 abegit
2249 4864 2558 4931 infamiam;
2591 4878 2701 4919 non
2726 4872 2810 4929 est
2830 4864 2973 4923 enim
3005 4871 3283 4934 peccatum
3303 4906 3316 4930 ,
3344 4863 3487 4937 quod

1892 4963 1961 5027 de
1984 4972 2134 5020 motu
2171 4963 2333 5027 animi
2372 4962 2543 5025 libero
2580 4976 2687 5021 non
2720 4961 2907 5027 venit:
2944 4961 3300 5034 effectumque
3324 4971 3490 5025 estut

1893 5071 2014 5113 cum
2041 5054 2322 5127 dispendio
2341 5054 2604 5121 veritatis.
2631 5054 2792 5113 totius
2817 5053 2942 5115 mali
2969 5054 3165 5127 periret
3185 5053 3407 5123 invidia;
3433 5061 3491 5110 et

1894 5151 2107 5211 evanuit
2130 5149 2255 5205 mali
2271 5156 2464 5215 natura
2487 5189 2505 5217 ,
2532 5163 2652 5209 cum
2681 5146 2889 5205 crimen
2911 5145 3202 5203 voluntatis
3228 5145 3444 5203 evanuit
3469 5160 3487 5207 ε

1895 5247 2096 5309 crimen
2134 5255 2312 5300 autem
2338 5241 2555 5298 evanuit
2595 5239 2915 5304 voluntatis,
2956 5253 3078 5308 cuin
3117 5238 3358 5297 deﬁnitio
3397 5252 3491 5293 vo-

1893 5341 2113 5403 luntatis
2145 5346 2363 5397 exsecta
2402 5345 2505 5394 est.
2537 5335 2602 5393 Et
2646 5334 2848 5409 peccati
2896 5333 3058 5405 igitur
3101 5341 3155 5386 et
3200 5331 3490 5397 voluntatis

1894 5437 2086 5501 claruit
2118 5432 2381 5505 ejusmodi
2406 5445 2527 5493 esse
2567 5428 2962 5503 conditionem,
2994 5434 3053 5491 ut
3072 5427 3119 5487 si
3146 5425 3323 5485 causis
3349 5440 3488 5499 pran-

1892 5529 2207 5588 cedentibus
2233 5527 2547 5598 deputetur,
2579 5532 2630 5578 et
2652 5512 2784 5594 jus.‘
2813 5518 3022 5593 perdat,
3054 5527 3110 5573 et
3128 5518 3357 5585 crimen.
3385 5514 3487 5577 Ubi

1894 5640 2023 5694 ergo
2059 5621 2163 5681 erit
2202 5619 2329 5682 mali
2357 5626 2581 5685 natura,
2621 5630 2745 5675 cum
2769 5611 2969 5679 nullum
3009 5625 3118 5673 non
3143 5624 3265 5673 esse
3288 5608 3491 5675 certati-

1896 5718 2057 5777 terit?
3240 5748 3245 5755 .

1972 5813 2103 5867 Anc.
2124 5809 2233 5864 Dici
2265 5821 2367 5861 non
2392 5813 2586 5876 potest,
2605 5808 2858 5872 quantum
2886 5797 3052 5854 mirer
3075 5796 3304 5854 frontem
3327 5805 3492 5869 tuam,

1973 5950 1989 5983 ί
2026 5947 2161 6008 nditi,
2180 5952 2223 5997 et
2238 5944 2352 5997 vim.
2378 5950 2435 5995 At
2456 5948 2586 6003 ω..
2608 5938 2774 5998 etjus.
