3980 6466
641 401 780 468 H79

637 525 907 601 quomodo
943 523 1088 580 dicas
1132 529 1374 576 naturam
1409 519 1567 587 mali,
1609 519 1699 590 qui
1743 519 1940 574 malum
1990 519 2232 575 naturale

636 635 744 676 non
769 618 931 684 dicis;
959 625 1050 670 aut
1086 613 1353 685 quomodo
1381 614 1578 668 malum
1611 614 1853 668 naturale
1895 627 2001 668 non
2041 611 2186 668 dicas
2211 655 2226 682 ,

634 711 724 782 qui
762 720 1006 764 naturam
1035 707 1160 762 mali
1189 707 1345 762 dicis.
1373 706 1511 774 Quid
1541 716 1718 762 autem
1745 707 1932 762 vanius
1962 706 2228 762 definitio-

632 803 789 858 nibus
815 800 919 856 tuis
936 841 951 866 ,
981 800 1069 871 qui
1101 809 1386 870 propterea
1407 810 1560 869 putas
1597 815 1704 854 non
1731 813 1851 853 esse
1877 800 2226 871 quaerendum

631 893 773 949 unde
817 893 886 948 sit
911 893 1194 957 voluntas,
1248 892 1369 962 quia
1413 900 1590 946 motus
1638 901 1723 947 est
1762 892 1956 960 animi,
2005 899 2230 962 cogente

633 985 818 1040 nullo?
845 985 900 1040 Si
937 985 1081 1040 enim
1119 983 1356 1052 dicatur,
1387 993 1445 1039 ut
1469 992 1622 1056 putas
1646 1026 1661 1050 ,
1691 983 1831 1039 unde
1859 983 1960 1049 sit;
1993 999 2098 1039 non
2126 983 2228 1038 erit

631 1091 817 1133 verum
855 1076 996 1146 quod
1041 1076 1240 1132 dictum
1284 1085 1401 1143 est,
1447 1086 1651 1148 cogente
1693 1077 1836 1130 nullo
1877 1091 1896 1129 :
1933 1075 2055 1146 quia
2097 1075 2227 1130 illud

631 1168 776 1224 unde
805 1178 916 1234 est,
944 1183 1060 1224 eam
1088 1169 1231 1238 cogit
1258 1183 1412 1236 esse;
1443 1178 1496 1224 et
1516 1169 1635 1225 ideo
1659 1177 1870 1224 nonest
1897 1167 2144 1250 alicunde
2171 1169 2187 1200 ¹
2207 1211 2224 1236 ,

631 1277 697 1316 ne
737 1268 958 1330 cogatur
998 1275 1138 1316 esse.
1170 1257 1214 1316 Ο
1251 1261 1533 1316 stultitiam
1575 1261 1936 1332 singularem!
1983 1260 2098 1316 Non
2144 1269 2228 1317 est

633 1366 760 1420 ergo
803 1351 1053 1407 alicunde
1077 1352 1192 1421 ipse
1217 1351 1412 1418 homo,
1443 1353 1534 1424 qui
1569 1367 1676 1408 non
1703 1362 1788 1408 εει
1825 1361 2041 1409 coactus
2067 1369 2222 1418 esse;

629 1444 754 1513 quia
784 1458 892 1498 non
914 1453 1030 1498 erat
1057 1442 1150 1513 qui
1167 1453 1468 1515 cogeretur,
1499 1453 1788 1515 antequam
1809 1454 1970 1501 esset.
1999 1445 2225 1502 Prorsus

632 1543 687 1589 et
717 1534 963 1590 alicunde
990 1542 1076 1590 est
1102 1535 1349 1590 voluntas
1372 1578 1388 1604 ,
1420 1543 1475 1591 et
1515 1550 1638 1592 esse
1666 1551 1772 1591 non
1811 1537 2054 1608 cogitur;
2084 1546 2138 1593 et
2179 1537 2224 1593 si

629 1627 747 1698 ejus
777 1627 926 1698 origo
951 1628 1239 1699 quaerenda
1269 1643 1376 1684 non
1402 1637 1504 1698 est,
1529 1644 1638 1685 non
1659 1629 1780 1685 ideo
1799 1631 2086 1701 quaerenda
2116 1647 2224 1689 non

630 1727 734 1785 est,
766 1719 909 1789 quod
935 1719 1182 1775 voluntas
1211 1720 1457 1787 alicunde
1502 1735 1606 1776 non
1635 1721 1742 1790 sit,
1776 1722 1870 1777 sed
1897 1723 2019 1794 quia
2049 1725 2222 1779 mani-

631 1809 823 1866 festum
860 1820 942 1866 est
977 1811 1118 1868 unde
1146 1811 1235 1868 sit.
1257 1813 1340 1868 Ab
1367 1813 1459 1869 illo
1485 1823 1568 1870 est
1591 1816 1733 1871 enim
1763 1817 2008 1873 voluntas
2029 1859 2044 1886 ,
2071 1818 2224 1890 cujus

630 1911 712 1956 est
751 1902 1032 1969 voluntas;
1066 1903 1134 1958 ab
1158 1903 1346 1974 angelo
1389 1906 1592 1961 scilicet
1628 1907 1874 1963 voluntas
1902 1909 2112 1980 angeli,
2155 1909 2224 1966 ab

630 1992 847 2048 homine
876 1992 1145 2062 hominis,
1183 2009 1214 2050 a
1243 1995 1354 2051 Deo
1393 1995 1508 2052 Dei.
1541 1997 1612 2053 Et
1651 1999 1696 2054 si
1723 2008 1974 2070 operatur
2003 2001 2143 2057 Deus
2168 2003 2223 2057 in

629 2081 847 2138 homine
871 2083 1204 2141 voluntatem
1231 2085 1426 2142 bonam
1445 2129 1462 2154 ,
1487 2088 1540 2144 id
1565 2089 1749 2160 utique
1773 2093 1914 2163 agit,
1939 2102 1998 2148 ut
2022 2091 2224 2150 oriatur

629 2175 696 2231 ab
721 2175 812 2230 illo
835 2175 975 2231 bona
1002 2177 1269 2245 voluntas,
1298 2179 1450 2250 cujus
1477 2189 1560 2236 est
1583 2183 1848 2248 voluntas;
1872 2185 2009 2240 sicut
2035 2185 2144 2256 agit
2167 2194 2225 2241 ut

628 2265 791 2322 homo
824 2267 1025 2322 oriatur
1059 2270 1128 2324 ab
1159 2269 1375 2326 homine
1415 2287 1558 2328 :non
1587 2275 1730 2328 enim
1757 2276 1882 2346 quia
1913 2275 2054 2332 Deus
2076 2285 2224 2334 creat

629 2356 896 2413 hominem
916 2401 930 2424 ,
967 2359 1086 2416 ideo
1115 2377 1223 2417 non
1261 2362 1425 2419 homo
1453 2379 1518 2420 ex
1550 2357 1766 2424 homine
1785 2370 2043 2425 nascitur.
2073 2369 2222 2425 Mala:

628 2458 806 2504 autem
847 2450 1135 2508 voluntatis
1175 2469 1288 2510 sua:
1326 2458 1690 2530 unusquisque
1719 2467 1906 2516 auctor
1944 2473 2058 2532 est,
2100 2464 2222 2534 quia

627 2543 823 2597 malum
853 2544 984 2598 vult.
1015 2544 1123 2602 Sed
1165 2561 1286 2602 cum
1317 2550 1604 2620 quaeritur,
1646 2569 1810 2624 quare
1851 2554 2014 2612 homo
2057 2559 2224 2628 possit

627 2629 826 2690 habere
855 2633 1048 2691 malam
1073 2638 1404 2695 voluntatem
1433 2644 1680 2712 quamvis
1707 2653 1764 2700 ut
1787 2645 1980 2702 habeat
2015 2663 2122 2703 non
2153 2649 2222 2705 sit

626 2743 869 2797 necesse;
893 2745 1000 2786 non
1031 2731 1181 2804 origo
1207 2735 1464 2805 quaeritur
1485 2738 1772 2795 voluntatis
1791 2781 1807 2808 ,
1831 2741 1927 2797 sed
1957 2741 2106 2814 origo
2135 2743 2219 2814 ip-

624 2821 736 2880 sius
764 2824 1129 2893 possibilitatis
1160 2844 1174 2880 :
1206 2835 1262 2882 et
1304 2828 1573 2885 invenitur
1617 2847 1678 2887 ea
1719 2845 1838 2888 esse
1873 2849 2032 2890 causa
2053 2877 2068 2902 ,
2098 2836 2221 2907 quia

587 2949 600 2956 —
625 2917 724 2970 etsi
761 2932 1008 2988 magnum
1035 2917 1232 2974 bonum
1279 2927 1360 2977 est
1385 2923 1660 2978 rationalis
1685 2933 1927 2981 creatura
1953 2969 1967 2994 ,
1997 2942 2105 2982 non
2136 2935 2220 2983 ta-

625 3021 746 3062 men
775 3016 858 3064 est
885 3007 1026 3079 quod
1051 3019 1137 3065 est
1158 3011 1328 3078 Deus,
1357 3013 1506 3084 cujus
1534 3015 1699 3071 solius
1728 3025 1811 3072 est
1837 3017 2220 3075 inconvertibi-

625 3098 690 3153 lis
717 3101 1272 3174 incommutabilisque
1301 3115 1509 3161 natura.
1540 3107 1610 3162 Et
1636 3108 1793 3180 hujus
1815 3111 1891 3166 rei
1912 3126 2072 3167 causa
2097 3128 2218 3169 cum

527 3177 544 3186 ”
623 3191 908 3260 quteritur,
955 3191 1056 3247 hoc
1085 3193 1384 3264 invenitur,
1422 3197 1544 3266 quia
1577 3177 1781 3254 nonde
1823 3216 1883 3256 se
1912 3201 2028 3272 ipso
2051 3245 2066 3271 ,
2117 3203 2221 3260 hoc

622 3288 738 3348 est,
771 3281 839 3336 de
866 3295 962 3337 sua
989 3292 1179 3339 natura
1213 3279 1374 3356 atque
1415 3287 1712 3344 substantia
1756 3293 1971 3362 genuit,
2015 3295 2110 3350 sed
2149 3295 2219 3352 de

621 3367 790 3422 nihilo
809 3411 824 3434 ,
856 3373 960 3426 hoc
979 3381 1089 3438 est,
1128 3375 1198 3430 de
1227 3377 1372 3432 nulla
1401 3393 1460 3430 re
1483 3379 1604 3428 fecit
1625 3381 1740 3429 haec
1759 3383 1917 3432 Deus.
1953 3377 2066 3474 Non:
2095 3383 2214 3452 quia

621 3457 752 3512 nihil
783 3457 944 3514 habet
968 3459 1199 3531 aliquam
1226 3462 1368 3529 vim;
1398 3463 1444 3518 si
1469 3465 1614 3520 enim
1637 3465 1890 3538 haberet,
1915 3485 2021 3526 non
2047 3457 2213 3544 nihil,

621 3549 716 3606 sed
745 3549 945 3621 aliquid
975 3559 1118 3607 esset
1143 3569 1158 3607 :
1185 3553 1283 3609 sed
1309 3555 1433 3625 quia
1465 3555 1566 3612 hoc
1606 3566 1690 3614 est
1715 3559 1738 3592 ²
1777 3562 1968 3632 cuique
2011 3559 2215 3621 naturm'

620 3641 690 3698 de
718 3642 886 3699 nihilo
910 3644 1102 3700 factam
1127 3661 1268 3716 esse,
1292 3649 1433 3719 quod
1455 3659 1537 3706 est
1563 3661 1806 3709 naturam
1830 3655 1928 3711 Dei
1949 3671 2054 3712 non
2071 3674 2212 3729 esse,

619 3751 740 3808 qua:
777 3737 1122 3796 immutabilis
1159 3741 1270 3797 sola
1312 3751 1413 3798 est.
1455 3743 1566 3802 Nec
1607 3763 1670 3803 ea
1695 3765 1814 3820 quas
1839 3750 1908 3807 de
1950 3753 2216 3824 aliquibus

618 3829 779 3885 rebus
809 3829 946 3885 facta
985 3841 1143 3899 sunt,
1187 3833 1255 3889 ab
1294 3833 1398 3891 hac
1428 3837 1764 3909 excipiuntur
1799 3841 2004 3913 origine
2035 3861 2051 3901 :
2079 3862 2214 3917 quo-

617 3921 759 3976 niam
789 3937 876 3978 res
920 3939 1039 3994 quae
1069 3925 1141 3980 ita
1169 3924 1322 3982 factae
1348 3938 1509 3997 sunt,
1543 3941 1600 3994 ut
1628 3947 1694 3988 ex
1734 3934 1798 3989 iis
1826 3936 1946 3992 alite
1987 3938 2209 4010 tierent,

616 4012 684 4069 de
713 4014 871 4069 nullis
893 4017 1225 4088 exstantibus
1251 4017 1405 4076 facta:
1424 4031 1586 4092 sunt,
1630 4024 1734 4081 hoc
1757 4037 1840 4082 est
1857 4069 1874 4096 ,
1903 4032 2120 4088 omnino
2145 4033 2212 4092 de

525 4179 528 4182 _
615 4105 804 4162 nihilo.
833 4107 1024 4184 Mutari
1049 4119 1228 4166 autem
1264 4123 1488 4181 possunt
1512 4130 1862 4188 quaecumque
1889 4120 1990 4176 alia
2029 4123 2210 4179 diver-

615 4199 689 4254 sis
719 4209 774 4256 et
799 4201 1028 4273 propriis
1058 4203 1404 4274 qualitatibus
1435 4208 1576 4275 suis;
1606 4211 1880 4268 voluntate
1909 4230 2058 4280 vero,
2092 4233 2210 4288 qute

613 4294 823 4350 ratione
850 4297 1048 4364 utitur,
1077 4297 1188 4352 sola
1215 4308 1298 4354 est
1334 4300 1611 4356 rationalis
1648 4313 1886 4360 creatura
1914 4309 2206 4368 mutabilis.

614 4387 741 4444 llaec
765 4387 1048 4461 diligenter
1067 4400 1120 4447 et
1151 4391 1509 4463 intelligenter
1534 4395 1772 4467 quisquis
1797 4397 2043 4466 advertit,
2067 4403 2208 4459 mul-

621 4491 732 4538 tum
767 4489 820 4537 te
839 4483 907 4539 de
935 4483 1103 4540 nihilo
1131 4483 1263 4540 nihil
1310 4487 1450 4557 quod
1489 4487 1554 4544 ad
1586 4503 1698 4545 rem
1722 4491 1983 4562 pertineat
2010 4491 2208 4554 dixisse

613 4587 921 4649 cognoscet.

681 4667 865 4725 XLIII.
885 4667 1002 4726 IUL.
1026 4669 1162 4738 Quid
1188 4681 1270 4727 est
1288 4673 1430 4728 enim
1460 4675 1681 4744 malum,
1707 4675 1760 4730 id
1780 4685 1882 4746 est,
1902 4679 2205 4749 peccatum?

609 4759 870 4816 Voluntas
896 4763 1152 4832 sequendi
1179 4765 1318 4834 quod
1345 4765 1548 4836 justitia
1587 4777 1758 4834 vetat,
1805 4779 1860 4825 et
1898 4771 2039 4829 unde
2067 4773 2202 4829 Iibe-

607 4869 729 4910 rum
786 4863 869 4911 est
922 4856 1209 4914 abstinere.
1257 4859 1392 4928 Quid
1435 4871 1517 4917 est
1567 4863 1680 4933 ipsa
1706 4865 1988 4922 voluntas?
2030 4866 2202 4926 Motus

609 4947 768 5003 animi
794 4990 812 5017 ,
843 4959 1065 5020 cogente
1093 4952 1258 5008 nullo.
1288 4951 1346 5010 Si
1376 4971 1501 5026 ergo
1533 4965 1806 5028 peccatum
1835 4974 1902 5020 ex
1930 4963 2201 5019 voluntate

605 5047 788 5111 natum
832 5049 946 5108 est,
995 5043 1242 5100 voluntas
1279 5061 1346 5102 ex
1379 5056 1527 5102 motu
1569 5049 1732 5102 animi
1761 5060 1985 5120 cogente
2013 5053 2195 5122 nullo;

605 5147 706 5191 nec
733 5129 913 5203 nihili,
939 5147 1041 5191 nec
1067 5137 1403 5192 tenebrarum
1435 5139 1670 5194 conditio
1711 5137 1834 5195 fecit
1861 5151 1917 5196 ut
1942 5152 2086 5199 esset
2111 5143 2198 5202 hic

605 5237 783 5283 motus
806 5270 822 5296 ,
867 5229 960 5298 qui
1003 5227 1122 5285 ideo
1147 5244 1178 5284 a
1205 5230 1352 5284 nullo
1395 5231 1634 5301 cogitur,
1667 5241 1724 5286 ut
1761 5235 1931 5303 possit
1957 5250 2074 5292 esse
2103 5252 2198 5293 co-

605 5328 764 5391 gente
793 5319 958 5375 nullo.
996 5321 1072 5376 Ac
1097 5335 1190 5390 per
1214 5321 1316 5376 hoc
1351 5321 1556 5377 nullum
1581 5331 1663 5378 est
1688 5325 1928 5381 naturale
1949 5367 1964 5390 ,
1994 5327 2194 5385 nullum

605 5412 1166 5484 originalepeccatum
1195 5429 1210 5466 :
1241 5412 1364 5482 quia
1395 5414 1512 5469 haec
1535 5413 1642 5470 duo
1669 5416 1886 5471 nomina
1915 5433 2078 5473 unum
2108 5420 2195 5476 in-

603 5503 803 5571 dicant,
827 5502 880 5558 id
905 5511 1014 5571 est,
1046 5513 1326 5574 peccatum
1351 5519 1470 5560 esse
1493 5521 1598 5561 non
1625 5507 1982 5564 voluntarium
2006 5526 2020 5576 ;
2054 5527 2196 5582 prae-

603 5595 817 5666 scripsit
857 5603 1036 5651 autem
1077 5595 1306 5662 veritas,
1337 5595 1439 5651 nisi
1483 5597 1836 5654 voluntarium
1881 5615 1990 5656 non
2039 5617 2194 5672 posse

601 5702 723 5744 esse
766 5695 1041 5759 peccatum
1074 5696 1174 5745 :et
1212 5687 1334 5746 ideo
1377 5689 1471 5761 qui
1499 5690 1630 5747 dicit
1665 5691 1863 5748 malum
1895 5709 2013 5750 esse
2052 5695 2193 5766 quod

667 5820 683 5884 ξ
719 5821 793 5884 sic
813 5828 919 5884 Mss.
941 5829 994 5870 ιιι
1013 5823 1185 5884 viam,
1203 5821 1416 5875 aliunde.

663 5881 686 5953 ξ
721 5881 1006 5953 vignierius,
1030 5881 1324 5953 sefdntiqidd
1339 5893 1478 5950 esset,
1503 5889 1618 5952 quia
1637 5886 1726 5939 hoc
1751 5893 1848 5953 est;
1871 5888 2052 5940 omisso
2071 5887 2193 5942 alte-

605 5945 683 6015 lfd.
703 5943 808 6006 sed,
826 5943 958 6004 quod
983 5943 1282 6016 exstabat'in
1305 5953 1412 5998 uss.
1465 5943 1474 5950 ’
1517 5943 1527 5952 ’
1608 5943 1611 5944 ⁷
1831 5943 1845 5953 ’
2019 5962 2038 5968 ··

1313 400 1559 460 OPERIS
1595 401 2008 459 IMPERFECTI
2045 395 2315 458 CONTRA
2355 395 2718 473 JULIANUM,
2758 401 2815 461 S.
2857 401 3236 488 AUGUSTlNl
3707 428 3788 493 me
3845 443 3847 493 ἰ

2340 525 2551 574 constat
2581 519 2872 590 ingenitum
2889 561 2904 586 ,
2933 535 3040 576 non
3059 521 3331 577 convincit
3349 521 3401 580 in
3427 537 3588 586 natura
3608 549 3696 593 esse
3713 559 3789 612 ρετ.

2338 622 2535 682 catum;
2569 614 2661 670 sed
2689 629 2748 670 se
2776 615 3008 671 ostendit
3032 631 3126 686 per
3151 616 3464 686 pravitatem
3487 621 3664 692 judieii‘
3683 636 3790 692 crime.

2337 699 2549 761 ιιοειιιιι.
2583 707 2722 762 Ecce
2749 721 3063 777 reSponsum
3101 717 3186 764 est
3205 750 3220 775 ,
3252 707 3318 764 ad
3356 712 3487 782 quod
3509 724 3556 770 tu
3587 729 3790 791 responderi

2339 814 2443 854 non
2476 814 2632 869 posse
2667 799 2943 856 credebas.
2971 799 3242 872 Oxymora
3289 799 3366 874 (a)
3391 819 3593 874 prorsus
3615 810 3687 868 l‘uit
3711 833 3793 887 qui.

2336 891 2442 948 stio
2462 935 2477 962 ,
2509 909 2667 963 quam
2695 903 2750 949 tu
2771 895 3048 951 arbitraris
3071 896 3350 954 invictam.

2409 987 2542 1041 Anc.
2586 985 2832 1042 Exsultas
2859 987 3104 1055 inaniter,
3133 999 3191 1045 et
3210 989 3364 1057 dicis,
3395 1009 3414 1042 ι
3441 991 3564 1048 Ecce
3581 1007 3794 1066 responsum

2336 1087 2418 1135 est
2454 1096 2466 1132 :
2506 1099 2525 1132 ι
2559 1079 2650 1135 ubi
2679 1089 2729 1136 te
2769 1082 3099 1152 respondere
3123 1099 3232 1138 non
3265 1083 3492 1154 potuisse
3515 1103 3618 1144 mox
3649 1091 3794 1162 invenit,

2333 1172 2654 1243 quicumque
2678 1184 2865 1230 acutus
2889 1174 3016 1245 legit
3043 1173 3156 1231 haec
3187 1185 3301 1243 tua,
3330 1178 3410 1232 vel
3436 1193 3535 1234 non
3557 1183 3722 1239 multum
3741 1197 3796 1242 tu-

2332 1262 2432 1318 dus
2457 1271 2510 1319 et
2537 1279 2675 1320 mea.
2703 1265 3042 1334 Quantalibet
3059 1269 3202 1322 enim
3233 1270 3578 1339 perplexitate,
3599 1277 3794 1350 nonimpli-

2331 1366 2448 1411 cata
2491 1357 2784 1428 explicare,
2835 1359 2928 1414 sed
2977 1369 3162 1429 aperta
3209 1359 3480 1432 implicare
3521 1367 3796 1432 coneris;sni

2331 1463 2528 1520 negare
2569 1465 2676 1504 non
2705 1460 2950 1520 possunt,
2992 1451 3118 1507 oriri
3151 1451 3222 1508 ab
3253 1468 3557 1526 unoquoque
3583 1459 3795 1520 voluntatem

2330 1554 2500 1606 suam,
2533 1555 2632 1596 nec
2680 1542 2782 1596 nisi
2809 1541 2876 1596 ab
2903 1543 3120 1599 homine
3146 1529 3276 1599 oriri
3307 1543 3526 1600 hominis
3561 1549 3796 1610 voluntatem.

2329 1631 2408 1687 Ac
2421 1647 2514 1702 per
2526 1631 2904 1703 hoc,quoniam
2921 1633 3056 1689 mala
3075 1634 3355 1690 hominum
3375 1637 3502 1690 mala
3515 1638 3796 1700 ‘voluntateesse

2329 1735 2625 1794 coeperunt,
2672 1711 2744 1780 et’
2768 1734 2892 1782 ante
2935 1725 3266 1782 voluntatem
3293 1727 3482 1782 malam
3521 1729 3680 1786 scimus
3703 1732 3796 1791 luisse

2329 1815 2603 1873 hominum
2635 1827 2878 1874 naturam
2920 1819 3114 1876 bonam
3139 1835 3156 1885 ;
3185 1833 3255 1876 ex
3298 1819 3450 1875 bonis
3471 1831 3572 1876 orta
3595 1833 3689 1877 sunt
3707 1827 3794 1882 mili.

2329 1909 2441 1965 Hoc
2491 1911 2620 1966 dicit
2668 1911 3021 1978 Ambrosius;
3065 1912 3197 1968 hinc
3247 1913 3514 1983 perimitur
3555 1913 3794 1972 Manichrus:

2331 2000 2432 2056 hoc
2459 2017 2556 2072 pro
2579 2001 2871 2058 Manichzeo
2898 2011 3056 2074 negat
3083 2013 3274 2058 contra
3299 2003 3612 2060 Ambrosium
3633 2005 3794 2074 Julianus,

2327 2094 2532 2162 dicens,
2557 2113 2576 2147 ‹
2601 2095 2656 2151 Si
2678 2105 2864 2152 natura
2881 2107 3015 2166 opus
3035 2097 3130 2153 Dei
3145 2107 3233 2154 est
3251 2138 3266 2165 ,
3287 2112 3526 2168 peropus
3543 2098 3620 2152 Dei
3632 2101 3795 2168 opusd'u-

2327 2185 2438 2242 boli
2467 2187 2694 2243 transire
2723 2203 2828 2244 non
2859 2188 3090 2257 sinitur;
3130 2207 3150 2242 ι
3187 2197 3250 2244 ιιι
3273 2189 3576 2244 Manichacus
3594 2190 3717 2256 dicat,
3735 2209 3791 2246 nun

2326 2295 2448 2336 esse
2477 2279 2720 2338 homines
2749 2295 2882 2352 opus
2911 2283 3044 2350 Dei,
3072 2297 3171 2352 per
3199 2299 3336 2355 quos
3363 2285 3620 2356 Apostolus
3641 2288 3796 2342 transisse

2327 2369 2452 2427 dicit
2481 2381 2754 2443 peccatum
2776 2383 2830 2429 et
2851 2385 3078 2431 mortem
3097 2374 3278 2449 (Rom.
3309 2391 3362 2442 v,
3387 2375 3452 2432 l2
3469 2377 3507 2449 ),
3526 2377 3638 2448 quod
3654 2389 3795 2449 estqui

2325 2461 2522 2520 diaboli
2547 2483 2561 2520 :
2583 2467 2834 2536 quoniam
2861 2468 3154 2524 secundum
3181 2468 3469 2538 Julianum,
3501 2488 3519 2520 ι
3551 2486 3628 2539 per
3643 2487 3732 2538 opus
3745 2471 3794 2524 Dei

2325 2569 2460 2628 Opus
2486 2555 2685 2612 diaboli
2713 2560 2938 2615 transire
2961 2575 3068 2614 non
3095 2561 3330 2626 sinitur;
3367 2579 3387 2613 ι
3419 2571 3471 2617 ει
3489 2561 3793 2632 dicitApostolus

2325 2665 2422 2722 per
2451 2650 2698 2708 homines
2731 2653 2983 2709 transisse
3030 2669 3166 2724 opus
3215 2654 3448 2720 diaboli;
3477 2671 3569 2710 non
3608 2664 3698 2709 sunt
3723 2669 3794 2724 ergo

2327 2743 2572 2800 homines
2601 2759 2736 2816 Opus
2779 2745 2895 2803 Dei.
2939 2747 3220 2804 Manichaei
3249 2757 3333 2804 est
3376 2749 3472 2804 ista
3498 2748 3720 2816 conclusio,
3740 2763 3794 2802 ic-

2326 2838 2479 2894 niens
2507 2839 2606 2906 illi,
2650 2837 2877 2906 Juliane,
2925 2839 2994 2896 de
3035 2839 3306 2912 adjutorio
3337 2851 3444 2896 tuo.
3491 2841 3580 2897 Sed
3605 2841 3791 2910 Apostolus

2327 2945 2423 3000 pro
2451 2931 2677 2987 veritate
2722 2931 3023 3003 decertans,
3071 2943 3126 2989 et
3175 2933 3425 2990 homines
3461 2933 3577 2990 dicit
3608 2948 3693 2988 esse
3715 2943 3793 2999 opus

2325 3021 2440 3090 Dei,
2473 3031 2530 3077 ut
2553 3021 2858 3094 prosternat
2895 3024 3250 3082 Manichaeum
3276 3044 3294 3094 ;
3323 3035 3376 3083 et
3399 3041 3488 3098 per
3508 3039 3620 3093 opus
3637 3021 3715 3085 Dei.
3733 3020 3791 3073 hoc

2325 3123 2423 3180 est,
2475 3130 2571 3186 per
2595 3116 2841 3172 homines
2884 3118 3140 3175 transisse
3181 3115 3550 3198 opus_diaboli,
3578 3124 3622 3170 ut
3643 3128 3724 3169 cum
3739 3111 3791 3166 illo

2326 3216 2628 3278 prosternat
2655 3217 2709 3264 et
2735 3217 2790 3265 te
2819 3209 3011 3276 ipsum.

2400 3297 2576 3350 XLIV.
2609 3299 2729 3352 Jun.
2771 3293 2902 3354 Illud
2934 3307 3108 3356 tamen
3135 3301 3426 3370 admoneo,
3463 3301 3612 3357 solere
3639 3299 3790 3356 etiamte

2321 3385 2374 3441 in
2417 3389 2628 3458 scriptis
2659 3391 2762 3445 tuis
2805 3393 3052 3449 tenebras
3097 3409 3202 3450 non
3247 3396 3425 3452 dicere
3465 3391 3787 3460 ereatunm,setl

2319 3481 2559 3536 absentia
2611 3481 2826 3539 luminis
2873 3501 3153 3545 remanere
3209 3489 3602 3554 obscuritatem;
3639 3496 3682 3541 ut
3713 3483 3786 3539 nihil

2319 3575 2462 3630 aliud
2513 3577 2585 3633 sit
2630 3579 3036 3652 obtcncbratio,
3089 3599 3251 3654 quam
3309 3585 3587 3658 splendoris
3623 3581 3784 3639 exclusio.

2319 3668 2470 3736 Quod
2501 3686 2628 3741 ergo
2653 3669 2970 3743 excluditur,
3000 3687 3306 3738 creaturam
3336 3695 3521 3746 vocas;
3547 3675 3662 3750 quod
3683 3689 3784 3730 reuu-

2319 3770 2430 3828 net,
2462 3765 2712 3821 tenebras
2745 3785 2758 3821 :
2791 3767 2930 3838 quod
2963 3770 3176 3841 quidem
3219 3774 3483 3846 vulgatum
3509 3788 3536 3827 a
3559 3763 3782 3841 philosophis

2318 3863 2437 3920 est;
2467 3871 2567 3912 nec
2613 3873 2753 3914 nunc
2785 3875 2966 3929 quaero
2994 3855 3259 3921 verumne
3302 3879 3418 3920 esse
3447 3871 3645 3935 putetur,
3667 3873 3713 3911 an
3733 3854 3785 3908 bi-

2316 3963 2433 4002 sum
2465 3965 2478 4002 :
2509 3949 2602 4006 sed
2644 3949 2772 4005 illud
2819 3952 3048 4022 inculco,
3081 3956 3332 4012 tenebras
3361 3965 3410 4012 tu
3451 3969 3546 4010 non
3583 3951 3683 4005 dicis
3715 3961 3783 4002 esse

2315 4039 2457 4095 aliud
2498 4057 2654 4111 quam
2699 4042 2828 4098 nihil
2862 4063 2876 4099 :
2906 4045 2960 4101 in
2991 4046 3205 4104 homine
3249 4056 3456 4114 autem,
3501 4045 3544 4100 id
3578 4053 3657 4110 εει,
3689 4053 3784 4108 ορθτε

2316 4130 2408 4186 Dei
2441 4133 2634 4186 malum
2662 4133 2782 4189 ideo
2818 4136 3090 4193 exstitisse
3119 4138 3512 4210 argumentaris,
3551 4135 3647 4206 quia
3675 4129 3781 4186 deni

2317 4221 2425 4275 hilo
2470 4221 2636 4277 factus
2681 4233 2797 4279 erat
2837 4245 2853 4280 :
2895 4242 3111 4283 causam
3158 4244 3288 4300 ergo
3333 4229 3451 4284 mali
3494 4227 3602 4282 illud
3638 4221 3780 4276 nihilum

2313 4311 2482 4370 fuisse
2523 4315 2830 4388 conﬁrmas,
2881 4319 3023 4391 quod
3057 4323 3280 4378 nihilum
3313 4323 3538 4379 tenebras
3561 4318 3684 4375 etiam
3705 4327 3779 4384 pra-

2312 4407 2546 4461 nuntias.
2569 4407 2953 4468 Necessitatem
2977 4414 3155 4484 itaque
3183 4415 3308 4470 mali
3329 4414 3394 4470 de
3413 4413 3692 4469 tenebrarum
3704 4402 3780 4458 dicis

2310 4497 2617 4557 conditione
2638 4500 2986 4561 descendere.
3015 4507 3176 4579 Igitur
3199 4525 3298 4565 nec
3325 4511 3376 4564 in
3401 4509 3495 4563 hoc
3510 4523 3537 4561 a
3556 4509 3779 4575 prfBCCP‘m

2310 4587 2578 4658 dissentis,
2612 4595 2864 4664 quoniam
2892 4599 3218 4672 voluntatem
3250 4601 3433 4657 malam
3457 4597 3626 4670 pariter
3643 4583 3778 4646 uternis

2309 4683 2544 4740 tenebris
2567 4685 2857 4757 deputatis.

2379 4778 2512 4836 Auc.
2553 4777 2722 4838 Paulo
2767 4793 2892 4840 ante
2915 4783 3023 4855 jam
3057 4785 3150 4842 tibi
3181 4787 3248 4844 de
3292 4787 3452 4842 nihilo
3484 4781 3596 4839 nihil
3619 4769 3773 4833 dicenti,

2304 4881 2558 4942 quantum
2587 4883 2771 4946 aperte
2797 4877 2966 4946 potui,
2999 4878 3336 4952 breviterque
3361 4874 3601 4948 respondi,
3625 4876 3666 4924 et
3685 4873 3773 4919 nunc

2303 4961 2498 5020 frustra
2529 4965 2594 5020 ad
2623 4967 2872 5024 tenebras
2911 4969 3125 5025 voluisti
3155 4970 3356 5041 fugere.
3399 4968 3504 5024 Non
3529 4959 3675 5020 latebis
3698 4953 3773 5007 :lu-

2303 5067 2424 5112 men
2455 5057 2651 5128 quippe
2680 5067 2730 5114 te
2756 5063 3096 5132 persequitur
3124 5063 3378 5130 veritatis,
3411 5061 3472 5115 ita
3496 5045 3772 5144 dicenslaclfts

2301 5162 2367 5203 ex
2398 5149 2564 5204 nihilo
2585 5161 2877 5220 creaturas,
2904 5170 3021 5223 quae
3053 5169 3157 5210 non
3185 5163 3307 5210 sunt
3333 5149 3462 5226 quod
3483 5150 3578 5219 ipse
3598 5141 3663 5212 qui
3679 5137 3766 5194 fecit,

2245 5303 2252 5308 _
2301 5248 2360 5294 ut
2397 5239 2569 5310 ipsum
2613 5242 2744 5296 nihil
2786 5259 2890 5300 non
2931 5245 3266 5302 existimetur
3291 5246 3368 5302 vel
3397 5241 3668 5308 intelligatur
3694 5237 3766 5282 esse

2299 5329 2517 5400 aliquid,
2545 5347 2648 5388 nec
2686 5333 2752 5388 ad
2781 5333 3082 5392 faciendum
3111 5337 3308 5394 habere
3331 5335 3536 5406 aliquam
3563 5327 3644 5380 vim
3662 5336 3672 5385 ;
3693 5325 3764 5385 (1³³³

2299 5421 2346 5476 si
2390 5421 2630 5490 haberet,
2663 5441 2770 5480 non
2813 5437 2956 5483 esset
2985 5429 3139 5484 nihil.
3190 5431 3268 5486 Ac
3305 5443 3396 5502 per
3435 5425 3540 5488 110οι
3579 5411 3679 5472 nihil

2297 5526 2493 5583 corpus
2534 5525 2615 5570 est
2660 5515 2846 5585 ullum,
2893 5533 2993 5574 nec
3039 5521 3278 5590 spiritus,
3321 5533 3414 5576 nec
3437 5516 3511 5570 his
3547 5505 3760 5602 substath

2297 5603 2494 5675 aliquid
2521 5607 2789 5676 accidens,
2819 5625 2916 5666 nec
2943 5610 3186 5669 informis
3211 5614 3312 5669 ulla
3340 5607 3577 5670 materies,
3601 5609 3675 5656 nec
3691 5601 3761 5688 ιηξ·

2297 5697 2382 5754 nis
2425 5699 2593 5770 locus,
2635 5717 2734 5759 nec
2761 5703 2889 5775 ipsae
2917 5705 3176 5776 tenebris,
3204 5706 3295 5766 sed
3323 5712 3516 5778 prorsus
3533 5690 3639 5752 nihil
3656 5690 3757 5752 ειωι

2361 5833 2378 5904 ξ
2413 5833 2493 5904 sic
2509 5841 2613 5884 Mss.
2639 5833 2758 5884 ι·Δίιί
2781 5849 2919 5904 vero,
2935 5838 3131 5904 ingenii.

2359 5878 2432 5959 (αδ
2445 5878 3366 5959 ’ἑξ-ξτὲεὶἷ)’ὀὶοιιῖι5ἒᾶς’ῗνὶιῖέειιιειιιίιι
3377 5899 3525 5952 dicitur
3537 5887 3638 5942 me
3647 5878 3750 5930 ²σ¹¹²¹

2294 5957 2373 6011 vel
2398 5956 2630 6012 celeriter
2650 5960 2894 6024 dissipata.
