3980 6490
178 296 312 356 ιιθι

175 413 266 468 ubi
311 422 435 468 sunt
462 409 716 475 tenebraz,
751 412 1063 475 corpuscst
1086 401 1296 473 aliquod
1327 414 1514 456 carens
1542 399 1763 463 lumine,

174 507 291 561 sive
315 519 428 570 aer,
456 503 566 555 sive
592 514 748 569 aqua,
775 498 885 551 sive
912 495 1104 565 aliquid
1127 493 1266 547 aliud
1289 509 1304 559 ;
1334 491 1594 560 corporali
1621 488 1762 542 enim

175 595 379 650 Intniuc
410 592 490 646 vel
522 589 804 646 illuminari
835 597 888 642 ut
915 587 1135 653 clareal,
1177 581 1260 640 vel
1301 581 1495 655 privari
1535 591 1592 634 ut
1617 588 1766 634 tene-

174 687 405 747 brcscat,
439 683 536 736 nisi
573 695 768 750 corpus
800 694 905 732 non
949 685 1142 748 potest.
1174 676 1251 731 Ac
1281 691 1373 745 per
1413 671 1513 728 hoc
1541 672 1762 726 istarum

174 776 533 846 corporalium
578 772 916 827 tenebrarum
963 766 1209 824 cendilor
1255 772 1491 827 nonest,
1544 762 1643 816 nisi
1673 760 1764 831 qui

173 869 412 926 condidit
439 882 658 936 corpora
696 905 708 917 .
739 869 955 934 propter
983 861 1122 932 quod
1168 861 1219 915 in
1249 861 1445 931 hymno
1493 856 1648 910 trium
1680 852 1766 906 vi-

175 975 357 1016 rorum
390 958 710 1014 benediednt
735 964 855 1010 etim
888 955 974 1008 Iul:
1003 961 1055 1008 et
1083 953 1311 1006 tenebrw
1343 949 1504 1020 (Dan.
1536 963 1614 1010 Ill,
1643 943 1760 1015 72).

176 1055 326 1111 Fecit
356 1068 480 1122 ergo
509 1051 646 1106 Deus
676 1051 864 1104 cuncta
893 1049 960 1102 de
999 1047 1201 1107 nihilo;
1236 1044 1286 1098 id
1314 1051 1412 1105 est,
1443 1039 1617 1094 omnia
1647 1054 1764 1107 qua:

176 1157 234 1201 ut
266 1153 446 1200 chent
484 1136 625 1206 fecit,
660 1142 702 1197 si
734 1156 918 1195 eorum
962 1137 1219 1206 originem
1251 1134 1474 1205 primam
1507 1129 1763 1200 respicia-

179 1250 298 1293 mus
323 1244 387 1290 e'x
416 1234 500 1290 liis
547 1250 665 1305 quae.
706 1242 811 1286 non
842 1239 992 1286 erant
1019 1228 1142 1283 fecit
1171 1246 1183 1281 :
1217 1226 1320 1280 hoc
1346 1224 1514 1280 Grmci
1543 1222 1761 1290 dicunt,
1812 1259 1816 1300 ἶ

178 1340 232 1399 δε
258 1337 337 1388 ciu
367 1327 523 1385 διτων.
573 1327 723 1395 Quod
765 1343 830 1380 ne
856 1324 1100 1379 credatur
1143 1321 1209 1376 de
1239 1318 1540 1390 Unigenito,
1570 1317 1658 1387 qui
1684 1324 1766 1371 est
1805 1347 1813 1394 ς

182 1417 322 1481 Deus
338 1425 403 1480 de
421 1424 530 1478 Deo
553 1466 568 1488 ,
595 1422 772 1476 lumen
793 1418 859 1474 de
877 1418 1103 1480 lumine,
1138 1425 1188 1469 et
1207 1413 1326 1468 ideo
1354 1428 1458 1466 non
1487 1409 1552 1465 de
1577 1409 1758 1473 nihilo,
1799 1429 1805 1452 ί

179 1516 522 1570 Vehementer
565 1511 831 1566 Catholica
879 1507 1079 1562 resistit
1123 1503 1353 1557 Arianis.
1401 1501 1532 1558 Cum
1585 1501 1798 1570 itaque

177 1603 423 1669 dicimus,
459 1619 562 1657 non
611 1602 731 1655 ideo
776 1599 1009 1668 potuisse
1038 1595 1164 1648 oriri
1195 1610 1257 1648 ex
1291 1595 1430 1648 bono
1459 1588 1647 1646 malam
1675 1606 1765 1643 vo-
1791 1605 1794 1609 '

177 1699 456 1761 lu'ntatem,
490 1696 610 1766 quia
653 1694 848 1747 bonum
897 1691 1088 1745 factum
1133 1697 1214 1742 est
1240 1703 1270 1741 a
1311 1685 1452 1739 bono
1497 1680 1624 1750 Duo,
1669 1682 1764 1737 sed

176 1791 301 1861 quia
323 1790 389 1843 de
413 1765 579 1843 nihilo
607 1785 800 1841 factum
843 1793 946 1848 est,
1001 1798 1103 1835 non
1149 1779 1216 1834 de
1265 1775 1407 1842 Deo;
1457 1789 1560 1831 non
1602 1767 1766 1830 nihilo

177 1881 369 1937 damus
398 1879 556 1934 ullam
588 1878 852 1941 naturam,
881 1874 972 1929 sed
1001 1882 1240 1927 naturam
1283 1869 1495 1924 factoris
1521 1885 1548 1922 a
1578 1878 1771 1921 natura
1809 1857 1821 1874 ⁸

177 1988 364 2028 eorum
391 1987 510 2042 qua:
550 1979 674 2024 sunt
704 1969 838 2023 facta
865 1964 1240 2022 discernimus.
1273 1962 1394 2017 Ideo
1420 1961 1614 2032 quippe
1642 1975 1765 2030 pos~

177 2072 302 2120 sum
331 2065 428 2119 ista
449 2063 662 2130 mutari,
687 2061 798 2116 sive
823 2062 1113 2122 voluntate,
1143 2058 1276 2112 sicut
1305 2055 1576 2110 rationalis
1599 2053 1768 2124 potuit

177 2162 444 2222 creatura,
470 2154 581 2209 sive
607 2153 834 2223 propriis
856 2149 1194 2222 qualitatibus
1221 2147 1350 2212 suis,
1380 2147 1513 2200 sicut
1540 2154 1762 2210 caetera;

176 2247 429 2318 quoniam
458 2246 523 2300 de
552 2235 717 2299 nihilo
758 2242 894 2297 lacta
937 2250 1079 2306 sunt,
1111 2255 1213 2294 non
1260 2235 1325 2293 de
1356 2238 1484 2302 Deo,
1528 2236 1767 2306 quamvis

176 2339 407 2395 faciente
434 2337 640 2392 nonnisi
675 2329 820 2399 Deo;
853 2329 902 2388 id
928 2341 1029 2398 est,
1073 2333 1192 2401 quia
1225 2335 1328 2384 non
1361 2336 1482 2383 sunt
1507 2319 1648 2397 quod
1682 2327 1767 2382 illa

178 2431 394 2497 natura,
435 2437 554 2500 qtta:
579 2427 712 2482 facta
743 2439 846 2479 non
873 2433 975 2487 est,
1004 2432 1162 2493 atque
1203 2421 1272 2475 ob
1299 2417 1399 2474 hoc
1429 2417 1769 2474 immutabilis

179 2523 298 2578 sola
326 2529 423 2576 est.
452 2517 508 2575 Si
549 2532 676 2589 ergo
701 2517 780 2570 vis
809 2513 1127 2570 Manichmos
1157 2512 1237 2566 vel
1267 2510 1504 2566 devitarc
1530 2509 1610 2563 vel
1654 2509 1770 2562 vin-

181 2627 332 2674 cere.
361 2615 458 2666 hoc
483 2625 630 2679 sape,
657 2608 760 2662 hoc
787 2622 918 2678 cape
957 2602 1318 2674 intelligendo,
1363 2602 1406 2656 si
1447 2608 1622 2673 potes,
1653 2615 1770 2655 cre-

182 2703 383 2770 dendo,
427 2702 469 2757 si
517 2717 624 2755 non
672 2709 845 2771 potes,
893 2697 1141 2769 quoniam
1189 2712 1254 2750 ex
1303 2695 1455 2749 bonis
1486 2701 1601 2749 orta
1647 2700 1772 2748 sunt

180 2797 345 2862 mala,
377 2811 472 2851 nec
499 2805 580 2850 est
607 2793 805 2864 aliquid
837 2792 1034 2847 malitia
1063 2791 1160 2844 nisi
1189 2790 1474 2859 indigentia
1506 2785 1666 2843 boni.
1707 2783 1782 2838 ἢ

257 2886 416 2942 XLV.
444 2886 562 2942 JUL.
603 2884 800 2940 Verum
828 2892 884 2937 ut
911 2882 1098 2936 ambos
1125 2895 1221 2936 vos
1246 2881 1441 2936 veritas
1465 2879 1683 2946 delexit,
1717 2887 1773 2935 et

183 2978 392 3050 promit
424 2995 437 3030 :
468 2977 536 3030 ita
563 2991 592 3030 a
624 2975 776 3030 nobis
803 2973 1163 3028 consideratio
1188 2972 1356 3027 nostri
1384 2971 1614 3042 reposcit
1656 2971 1772 3025 olli-

179 3067 277 3134 cii,
310 3077 366 3122 ut
390 3065 512 3137 quid
535 3065 604 3120 sit
631 3065 730 3120 hoc
755 3063 896 3135 quod
918 3063 1290 3117 obscuritatem
1315 3060 1438 3116 huic
1465 3061 1766 3130 qumstioni,

179 3173 305 3228 qua:
330 3157 436 3228 jam
476 3158 745 3212 exarmata
787 3163 892 3221 est,
940 3152 1157 3216 fecerat,
1190 3151 1534 3221 explicemus.
1580 3151 1771 3207 Omnia

179 3263 305 3319 quae
350 3248 501 3313 liunt,
531 3256 622 3301 aut
649 3261 679 3300 a
720 3245 1042 3310 necessario,
1073 3251 1164 3298 aut
1188 3258 1218 3296 a
1246 3242 1479 3312 possibili
1523 3241 1772 3296 dicuntur

180 3340 436 3396 existere.
468 3338 839 3394 Necessarium
868 3345 1044 3392 autem
1074 3334 1162 3390 hic
1196 3335 1335 3402 dico,
1380 3351 1484 3389 non
1512 3333 1652 3405 quod
1680 3349 1772 3388 so-

187 3431 366 3488 lemus
413 3430 542 3485 utile
583 3444 906 3498 nuncupare,
954 3427 1045 3484 sed
1093 3427 1235 3498 quod
1282 3426 1571 3496 majoribus
1616 3424 1774 3482 fuerit

181 3521 361 3577 causis
414 3530 678 3576 coactum.
734 3519 1104 3575 Necessarium
1151 3531 1278 3588 ergo
1327 3523 1616 3582 vocamus,
1665 3527 1770 3571 non

182 3610 328 3681 quod
351 3611 400 3665 in
422 3611 542 3680 jure
565 3611 634 3664 sit
652 3610 956 3674 voluntatis,
977 3608 1067 3663 sed
1096 3607 1235 3678 quod
1259 3606 1485 3676 patiatur
1508 3607 1774 3662 existendi

183 3703 318 3758 vim.
365 3703 622 3758 Possibile
666 3711 843 3757 autem
873 3701 1120 3763 dicimus,
1166 3698 1306 3770 quod
1338 3712 1438 3753 nec
1467 3697 1725 3753 existendi
1754 3739 1770 3767 ,

187 3809 295 3849 nec
322 3810 424 3849 non
453 3793 712 3849 existcndi
743 3795 794 3847 in
826 3793 1048 3847 alteram
1095 3801 1300 3862 partem
1348 3791 1652 3861 experiatur
1684 3806 1776 3846 ne-

187 3885 518 3951 cessitatem,
560 3883 654 3939 scd
681 3885 841 3939 certis
870 3883 1039 3938 modis
1066 3892 1120 3937 et
1147 3883 1316 3954 possit
1342 3897 1480 3945 esse,
1525 3886 1578 3936 et
1608 3882 1778 3951 possit

183 3991 299 4033 non
327 3991 464 4032 esse.
495 3977 696 4030 Teneat
738 3991 864 4045 ergo
891 3975 1058 4029 lector
1087 3983 1290 4037 noster,
1323 3972 1447 4043 quid
1481 3972 1566 4026 hic
1593 3987 1780 4027 neces-

184 4063 413 4128 sarium,
434 4060 559 4132 quid
584 4059 830 4130 possibile
856 4071 1240 4128 nuncupemus.
1272 4057 1462 4111 Etuta
1486 4055 1777 4126 grandibus

187 4154 505 4209 inchoemus
545 4151 833 4221 exemplis,
885 4161 942 4204 ut
989 4151 1128 4205 Deus
1175 4147 1374 4204 faceret
1421 4146 1715 4212 mundum,
1747 4163 1779 4203 a

189 4240 434 4312 possibili
471 4245 614 4298 venit
639 4243 711 4308 ei,
758 4258 861 4297 non
887 4257 916 4296 a
942 4241 1278 4305 necessario;
1309 4239 1360 4294 id
1387 4249 1487 4304 est,
1531 4240 1779 4310 omnipo-

193 4335 377 4390 tentize
405 4337 518 4404 ejus
545 4336 795 4406 possibile
821 4335 918 4389 l’ui't
945 4349 1128 4390 creare
1157 4348 1274 4402 quae
1300 4332 1556 4395 condidit,
1591 4347 1780 4386 neces-

193 4426 396 4480 sarium
424 4435 596 4482 tamen
639 4442 744 4480 non
787 4425 904 4489 fuit,
949 4425 1195 4479 videlicet
1222 4440 1326 4478 non
1371 4433 1453 4477 cst
1495 4423 1561 4477 ab
1603 4423 1780 4492 aliquo

194 4525 416 4572 coactus
444 4528 494 4572 ut
540 4517 754 4584 laceret,
800 4516 892 4571 sed
929 4515 1050 4571 fecit
1095 4515 1218 4585 quia
1267 4514 1452 4576 voluit,
1501 4513 1640 4582 quod
1675 4527 1780 4566 non

191 4608 418 4665 fecisset
462 4609 692 4678 profecto
734 4609 776 4664 si
809 4609 1083 4663 noluisset.
1136 4609 1206 4662 At
1248 4605 1349 4660 hoc
1393 4605 1535 4674 quod
1577 4605 1781 4659 auctori

188 4699 367 4756 adfuit
407 4716 437 4755 a
465 4701 721 4770 possibili,
754 4701 805 4755 in
836 4715 996 4771 Opere
1031 4715 1059 4752 a
1089 4697 1390 4753 necessario
1435 4697 1626 4750 laetum
1657 4704 1738 4751 est
1762 4737 1779 4762 ,

185 4792 249 4848 id
278 4800 379 4858 est,
409 4807 512 4847 non
540 4792 634 4847 fuit
665 4793 862 4847 mundo
890 4792 1138 4860 possibile
1164 4805 1285 4845 esse
1310 4797 1365 4844 et
1393 4804 1495 4843 non
1527 4802 1665 4854 esse,
1694 4788 1784 4859 qui

187 4900 319 4940 esse
361 4885 428 4940 ab
458 4884 831 4956 Omnipotente
881 4884 1178 4953 iubebatur,
1227 4882 1318 4938 sed
1357 4881 1646 4952 cogebatur
1669 4880 1783 4935 exi~

187 4983 357 5043 stere,
388 4971 471 5031 cui
501 4972 850 5047 Omnipotens
881 4972 1164 5030 mandabat
1191 4976 1501 5028 essentiam.

269 5068 402 5122 Auc.
443 5066 723 5134 Quomodo
774 5067 1002 5120 mundus
1060 5064 1348 5135 cogebatur
1391 5064 1643 5130 existere,
1695 5063 1785 5135 qui

190 5173 303 5212 non
326 5167 442 5213 erat
465 5169 749 5228 antequam
777 5158 1068 5213 existeret?
1103 5155 1382 5224 Quomodo
1409 5157 1614 5226 cogitur
1638 5157 1784 5226 quis-

192 5265 320 5314 que,
345 5251 388 5303 si
415 5265 518 5305 non
546 5251 670 5305 est?
698 5249 886 5306 Nonne
910 5249 1075 5304 satius
1095 5257 1282 5304 eratut
1309 5247 1534 5312 diceres,
1563 5248 1787 5302 Mundus

199 5335 369 5396 factus
395 5352 476 5398 est
503 5343 597 5398 Dei
627 5342 918 5405 voluntate.
954 5357 1057 5396 non
1083 5340 1218 5395 sua?
1248 5339 1352 5395 Sed
1397 5354 1575 5410 perge,
1605 5339 1787 5392 videa-

202 5445 324 5483 mus
353 5437 476 5499 quid
519 5450 582 5489 ex
616 5435 715 5488 ista
764 5411 1100 5488 distinctione
1129 5431 1396 5501 possibilis
1421 5439 1475 5484 et
1503 5429 1786 5485 necessarii

201 5522 418 5576 coneris
464 5526 744 5581 ostendere
777 5543 790 5579 :
823 5539 981 5594 quam
1031 5523 1218 5580 melius
1270 5537 1549 5594 possemus
1593 5521 1790 5576 intelli-

200 5627 350 5683 gere,
381 5611 426 5666 si
453 5627 568 5667 eam
595 5627 1017 5669 commemorare
1061 5613 1444 5681 tantummodo,
1479 5629 1582 5667 non
1614 5621 1668 5667 et
1697 5627 1788 5666 cx-

200 5720 405 5777 ponerc
444 5703 726 5756 voluisses.
756 5700 886 5768 Quis
915 5704 1054 5758 enim
1095 5719 1198 5759 non
1231 5703 1423 5774 videat,
1467 5718 1624 5759 omne
1649 5700 1789 5773 quod

490 5814 716 5875 SANGT.
762 5814 1037 5875 Auocsr.
1082 5812 1167 5875 Χ.

1560 283 1758 339 LIBER
1796 282 2112 351 QUiNTL'S.

3321 283 3458 354 1ιεῖ

1876 396 1987 451 ﬁeri
2031 412 2252 454 necesse
2280 408 2380 469 est,
2409 400 2568 456 etiam
2606 400 2718 456 ﬂeri
2763 417 2955 472 posse;
2989 418 3092 459 non
3118 419 3274 462 omne
3313 409 3455 477 quod

1875 486 1985 539 fieri
2014 490 2205 555 potest,
2235 491 2392 544 etiam
2419 490 2530 546 fieri
2563 507 2779 547 necesse
2805 493 2966 546 esse?
2996 495 3049 549 Si
3077 511 3203 565 ergo
3232 497 3332 553 hoc
3359 498 3454 553 tibi

1875 579 2069 647 placuit
2097 582 2362 649 appellare
2393 580 2664 651 possibile,
2712 586 2850 655 quod
2893 586 2962 640 ita
3009 587 3119 641 ﬁeri
3169 599 3361 656 potest,
3393 599 3452 645 ut

1874 685 1978 723 non
2005 671 2073 723 sit
2101 686 2354 740 necesse;
2390 674 2517 728 illud
2548 685 2721 729 autem
2753 678 3128 740 necessarium,
3161 680 3300 748 quod
3345 694 3455 736 non

1872 762 2043 815 solum
2073 762 2184 816 lieri
2217 773 2408 832 potest,
2438 782 2624 820 verum
2655 769 2811 821 etiam
2842 784 3059 824 necesse
3088 780 3169 825 est
3195 788 3207 823 :
3238 773 3456 841 loquere

1874 861 1929 907 ut
1954 852 2053 919 vis,
2089 854 2174 907 ubi
2201 871 2286 909 res
2309 865 2583 925 apparent,
2615 873 2718 912 non
2741 870 2821 916 est
2849 859 2918 916 de
2944 862 3119 916 verbis
3139 874 3452 919 controver-

1872 945 1948 1000 sia
2014 945 2273 1002 l‘acienda.
2345 949 2485 1004 Satis
2531 959 2614 1006 est
2659 967 2817 1007 nosse
2882 970 3042 1009 omne
3091 959 3452 1012 necessarium

1872 1053 1990 1124 esse
2043 1033 2320 1108 possibile,
2373 1051 2479 1097 n0n
2531 1059 2690 1099 omne
2739 1045 2989 1114 possibile
3033 1061 3152 1103 esse
3203 1065 3453 1122 necessa-

1871 1144 2030 1183 filim.

1942 1217 2126 1279 XLVI.
2159 1221 2260 1280 Jul.
2319 1225 2551 1281 Transiit
2574 1242 2700 1297 ergo
2728 1228 2781 1283 in
2812 1231 3182 1287 necessitatem
3213 1234 3449 1303 conditi,

1871 1315 2010 1386 quod
2055 1326 2272 1372 venerat
2293 1315 2362 1372 de
2387 1316 2734 1386 possibilitate
2775 1321 3073 1377 condcntis.
3122 1317 3266 1380 Fecit
3291 1327 3451 1381 etiam

1871 1402 2110 1463 diversas
2131 1419 2344 1464 naturas
2365 1410 2711 1480 diversaSque
2733 1413 2936 1479 species
2960 1414 3009 1467 in
3030 1413 3250 1482 naturis,
3276 1427 3458 1472 custo-

1872 1497 1984 1552 dito
2010 1514 2074 1554 eo
2100 1500 2287 1555 ordine
2327 1501 2412 1570 qui
2441 1517 2471 1555 a
2503 1518 2678 1557 rerum
2708 1503 2724 1535 ¹
2750 1497 2946 1558 ﬂuebat
2974 1507 3215 1561 exordio.
3250 1509 3303 1559 ut
3349 1503 3454 1562 alia

1872 1601 2053 1646 essent
2084 1594 2406 1657 necessaria,
2451 1588 2552 1648 alia
2587 1589 2877 1664 possibilia.
2910 1589 3171 1665 Quidquid
3202 1612 3330 1668 ergo
3357 1591 3456 1651 ha-

1874 1681 2001 1736 bent
2033 1691 2293 1738 crcatura:
2323 1684 2654 1752 naturaliter,
2688 1701 2718 1741 a
2759 1677 3044 1740 necessarii
3075 1693 3224 1756 parte
3253 1688 3458 1742 sortita

1872 1776 2015 1827 sunt.

1943 1867 2077 1920 AUC.
2119 1863 2174 1918 Si
2219 1863 2472 1936 quidquid
2513 1864 2708 1921 habent
2753 1877 3011 1924 creaturae
3057 1869 3396 1936 naturaliter,
3425 1884 3457 1924 a

1875 1963 2023 2023 parte
2065 1955 2352 2008 necessarii
2396 1955 2597 2010 Sortitzn
2641 1965 2796 2024 sunt;
2830 1973 2936 2012 non
2973 1974 3102 2030 ergo
3145 1961 3458 2016 naturaliter

1873 2043 2071 2100 habent
2092 2045 2332 2099 homines
2358 2046 2496 2116 quod
2525 2049 2902 2116 concumbunt,
2937 2051 3030 2106 sed
3060 2051 3201 2122 quod
3232 2061 3458 2122 possunt

1873 2137 2227 2192 concumbere
2259 2154 2272 2190 :
2307 2152 2406 2191 nec
2442 2134 2529 2192 ille
2554 2154 2711 2208 quem
2738 2139 3026 2210 Apostolus
3066 2151 3456 2200 commemora.

1874 2231 1968 2298 vit,
2000 2230 2252 2284 naturalis
2281 2240 2362 2283 est
2387 2234 2518 2286 usus
2544 2231 2754 2286 femina:
2781 2232 2958 2304 (llam.
2992 2250 3028 2301 ι,
3061 2236 3174 2306 27),
3207 2238 3299 2293 sed
3329 2255 3459 2308 pos-

1873 2315 2098 2376 sibilitas
2124 2321 2277 2391 ejus;
2305 2321 2349 2377 si
2377 2322 2517 2376 enim
2542 2323 2681 2394 nolit
2706 2323 2883 2391 homo,
2919 2343 3022 2381 non
3055 2339 3136 2384 est
3164 2330 3278 2399 ipse
3303 2350 3454 2406 usus,

1875 2414 2113 2484 quamvis
2132 2414 2294 2483 possit
2309 2429 2445 2479 esse,
2465 2414 2510 2469 si
2524 2414 2645 2469 velit
2665 2433 2677 2469 :
2695 2415 3011 2486 possibilitas
3031 2435 3156 2490 ergo
3173 2423 3288 2492 ejus
3309 2434 3438 2482 natu

1873 2507 2001 2561 ralis
2021 2516 2121 2573 est,
2154 2507 2264 2576 ipse
2293 2522 2395 2560 non
2425 2515 2536 2571 est;
2567 2522 2671 2561 non
2697 2508 2836 2561 enim
2855 2514 3303 2583 estnecessarius,
3328 2519 3455 2588 qui‘

1875 2598 2051 2653 nullus
2075 2607 2178 2663 est,
2222 2598 2267 2653 si
2293 2598 2539 2664 nolimus,
2566 2607 2620 2653 et
2643 2600 2834 2654 erravit
2866 2603 3149 2672 Apostolus
3190 2606 3279 2677 qui
3320 2607 3458 2665 dixit

1875 2705 1994 2745 esse
2029 2705 2181 2744 usum
2231 2689 2439 2744 feminae
2488 2690 2804 2750 naturalem.
2835 2691 2934 2748 Ubi
2983 2705 3064 2748 est
3107 2697 3266 2752 etiam
3313 2699 3455 2771 quod

1875 2790 1997 2836 ante
2041 2781 2238 2848 dixisti,
2291 2791 2534 2836 naturam
2581 2797 2770 2853 genus,
2815 2783 3154 2855 speciemque
3192 2788 3308 2860 ejus
3332 2806 3454 2847 esse

1874 2871 2218 2942 conjugium;
2248 2872 2674 2943 quandoquidem
2719 2884 2823 2928 neu
2857 2878 3195 2944 neuessilatc,
3239 2881 3332 2935 sed
3359 2897 3459 2936 vo-

1875 2965 2078 3021 luntate
2102 2965 2343 3036 conjugia
2368 2964 2726 3035 capulantur?
2756 2969 2832 3022 An
2859 2967 2994 3023 forte
3015 2979 3072 3024 ut
3099 2971 3199 3026 hoe
3224 2965 3458 3040 diceres,

1876 3057 2109 3113 nondum
2140 3058 2230 3112 tibi
2259 3058 2310 3111 in
2352 3065 2583 3112 mentem
2614 3069 2829 3114 venerat
2860 3059 3085 3114 duortim
3131 3061 3374 3132 istorum,
3406 3059 3461 3120 id

1875 3158 1976 3214 εει,
2021 3148 2310 3204 necessarii
2361 3148 2729 3218 possibilisque
2757 3148 3071 3204 distinctio?
3117 3150 3186 3206 Et
3235 3162 3294 3208 ut
3343 3161 3464 3225 post

1877 3241 2216 3297 concubitum
2261 3246 2482 3296 sexuum
2529 3249 2776 3295 nascatur
2827 3241 3008 3307 homo,
3061 3246 3301 3300 naturale
3352 3258 3462 3301 non

1877 3339 1980 3400 est,
2009 3333 2131 3404 quia
2158 3347 2263 3387 non
2295 3340 2378 3387 est
2403 3331 2806 3386 necessarium?
2833 3331 2948 3386 Non
2973 3333 3112 3387 enim
3139 3350 3360 3391 necesse
3381 3347 3466 3393 est

1878 3430 1938 3481 ut
1964 3434 2216 3496 sequatur
2239 3427 2529 3494 conceptus
2560 3435 2614 3479 et
2641 3435 2842 3495 partus,
2870 3433 2992 3480 eum
3033 3442 3146 3481 mas
3172 3435 3224 3482 et
3263 3427 3464 3484 femina

1878 3516 2260 3572 concubuerint
2291 3532 2304 3568 :
2340 3516 2440 3569 hoc
2465 3519 2641 3569 autem
2676 3511 2945 3584 poSsibile,
2975 3531 3079 3570 non
3102 3520 3464 3574 necessarium

1879 3606 2131 3672 deﬁnisti,
2159 3605 2301 3677 quod
2339 3604 2454 3660 ﬂeri
2489 3607 2682 3674 potest,
2713 3604 2805 3660 sed
2832 3619 3052 3660 necesse
3081 3621 3186 3661 non
3223 3616 3326 3663 est.
3357 3609 3466 3664 Nec

1881 3697 2192 3753 naturaliter
2218 3695 2634 3750 manducamus?
2661 3696 2794 3763 Quia
2824 3704 2878 3751 et
2915 3695 3017 3752 hoc
3040 3696 3082 3764 ³,
3111 3697 3154 3752 si
3195 3699 3464 3765 nolumus,

1883 3802 1988 3842 non
2017 3788 2106 3854 lit;
2134 3795 2190 3842 et
2216 3786 2335 3841 ideo
2372 3784 2623 3856 possibile
2647 3795 2747 3850 est,
2796 3803 2899 3841 non
2947 3789 3326 3843 necessarium.
3359 3789 3465 3846 Sed

1883 3881 1981 3934 ista
2026 3892 2224 3949 negare
2248 3893 2367 3933 esse
2399 3876 2682 3944 naturalia,
2724 3878 2851 3932 nihil
2887 3879 3134 3933 estaliud
3168 3895 3325 3950 quam
3354 3897 3468 3935 ma-

1881 3985 2038 4041 gnam
2068 3975 2271 4038 partem
2302 3968 2434 4022 velle
2457 3967 2668 4023 auferre
2690 3975 2910 4022 naturae.
2941 3967 3156 4023 Falsum
3184 3979 3264 4025 est
3289 3970 3467 4040 itaque

1883 4060 2026 4132 quod
2056 4061 2197 4125 aistl,
2234 4080 2254 4114 ι
2290 4061 2554 4132 Quidquid
2586 4061 2781 4116 habent
2822 4071 3081 4117 creaturae
3131 4063 3465 4131 naturaliter,

1884 4170 1914 4208 a
1942 4154 2228 4209 necessarii
2276 4163 2423 4224 parte
2468 4153 2669 4210 sortita:
2697 4164 2820 4208 sunt
2853 4171 2866 4207 :
2907 4173 2927 4206 ι
2959 4154 3383 4225 quandoquidem
3415 4167 3471 4211 et

1888 4247 2003 4302 lucc
2030 4263 2148 4318 qua:
2193 4247 2630 4313 commemoravi,
2677 4255 2730 4300 et
2755 4246 2856 4300 alia
2893 4262 3011 4316 qua}
3048 4256 3472 4302 commemorare

1888 4339 2103 4408 longum
2133 4347 2235 4405 est,
2271 4339 2582 4393 naturaliter
2609 4336 2824 4405 habent,
2860 4352 2960 4392 nec
2997 4353 3058 4393 ea
3091 4345 3266 4394 tamen
3293 4346 3412 4394 sunt
3437 4358 3467 4393 a

1887 4429 2172 4484 necessarii
2204 4438 2353 4498 parte
2380 4419 2599 4483 sortitm.

1961 4518 2165 4575 XLVII.
2193 4517 2313 4574 Jua.
2354 4519 2450 4587 Qui
2478 4517 2498 4550 ⁵
2529 4529 2707 4573 autem
2730 4519 2963 4573 sentiunt
2993 4517 3046 4572 in
3066 4528 3336 4588 processu,
3362 4534 3467 4573 non

1889 4620 2101 4680 semper
2130 4625 2158 4664 a
2198 4610 2527 4676 necessario,
2571 4607 2664 4663 sed
2699 4609 2859 4663 multa
2889 4625 2916 4662 a
2960 4609 3193 4678 possibili
3231 4611 3470 4680 capiunt.

1890 4700 2002 4757 lloc
2047 4702 2098 4754 in
2129 4702 2334 4757 cunctis
2383 4702 2504 4756 licet
2542 4699 2721 4756 Videre
2751 4701 3065 4770 corporibus
3094 4717 3107 4753 :
3137 4701 3229 4755 sed
3265 4700 3474 4772 longior

1891 4793 2175 4863 disputatio
2223 4793 2492 4857 nascitur;
2542 4804 2704 4862 pauca
2752 4795 2926 4846 tamen
2976 4790 3164 4846 demus
3205 4793 3470 4862 exempla.

1890 4877 2084 4940 Natura
2112 4898 2393 4953 corporum
2412 4891 2514 4948 est,
2545 4890 2600 4936 ut
2619 4882 3079 4952 coagmentatione
3100 4891 3472 4945 concrescant,

1891 4976 2149 5032 divisione
2175 4975 2451 5030 solvantur
2478 4983 2491 5029 ἑ
2521 4973 2736 5044 capacia
2764 4988 2890 5041 ergo
2917 4982 3040 5026 sunt
3069 4973 3326 5039 vulneris,
3355 4989 3474 5042 qua:

1892 5067 2163 5138 patiuntur
2188 5058 2480 5120 interitum.
2512 5061 2582 5118 Ut
2611 5077 2738 5132 ergo
2770 5062 2971 5132 possint
3000 5062 3285 5125 vulnerari,
3316 5077 3347 5116 a
3379 5077 3474 5116 ne-

1893 5159 2124 5213 cessario
2170 5156 2400 5220 habent;
2434 5163 2490 5208 tit
2537 5153 2886 5207 vulnerentur
2912 5164 3110 5216 autem,
3154 5168 3184 5206 a
3218 5152 3474 5220 possibili.

1897 5252 1967 5305 Ita
1995 5267 2024 5305 a
2055 5249 2354 5304 necessario
2380 5256 2464 5302 est
2495 5245 2858 5316 possibilitatis
2888 5252 3098 5307 natura,
3127 5257 3247 5296 cum
3272 5257 3375 5296 non
3406 5241 3479 5296 sit

1895 5343 2222 5398 necessarius
2248 5340 2611 5412 possibilitatis
2631 5339 2869 5394 cll'ectus.
2895 5338 3054 5392 Verbi
3075 5336 3261 5406 gratia,
3283 5321 3474 5405 equus,

1961 5519 1976 5555 ί
1999 5522 2133 5581 Fditi,
2157 5534 2254 5584 qua
2275 5532 2454 5584 rerum.
2479 5519 2779 5584 Castigantur
2802 5529 2867 5567 ex
2900 5514 3254 5575 mauuscriptis.

1959 5586 1979 5616 ³
2015 5579 2304 5646 \‘iguierius,
2329 5582 2459 5645 quia.
2487 5579 2733 5646 ti:ss_.,'qui_.

1962 5647 1982 5678 ³
2013 5638 2096 5694 δῖε
2109 5654 2210 5693 Mss.
2241 5638 2471 5706 tn'v'ign.,
2492 5640 2610 5703 Quia
2627 5638 2690 5690 ea:
2712 5638 2818 5688 hoc.

1964 5709 1984 5738 ι
2018 5715 2175 5767 Forte,
2203 5715 2332 5766 Qum.

2590 5801 3174 5886 (Quarantc-sept.)
