3980 6496
595 316 617 371 1
633 316 732 371 485

591 431 707 495 bos,
737 437 791 484 ct
815 428 1014 485 similes
1040 420 1337 483 animantes
1374 421 1759 478 vulnerabilem
1789 420 1988 476 habent
2018 427 2173 474 natu-

591 538 727 583 ram,
757 530 813 575 et
840 520 958 574 ideo
994 515 1316 572 incommodi
1357 514 1575 595 capacia
1614 528 1646 568 a
1673 511 1977 567 necessario
2004 520 2130 565 sunt
2156 526 2171 563 :

594 626 649 668 ut
674 623 850 667 autem
895 612 1258 674 vulnerentur,
1291 621 1397 661 non
1426 620 1639 677 semper
1678 602 2041 659 necessarium
2070 608 2174 657 est.

590 705 648 760 Si
677 705 818 758 enim
847 717 943 772 per
966 699 1291 772 diligentiam
1326 696 1605 752 custodum
1631 693 1983 751 defendamur
2009 707 2039 746 a
2066 690 2179 763 pla-

589 796 688 866 gis,
721 802 943 864 possunt
966 806 1072 846 non
1098 788 1361 844 vulnerari
1385 805 1399 842 :
1422 785 1563 859 quod
1584 787 1627 841 si
1648 801 1757 841 non
1784 784 2171 848 custodiantur,

588 874 814 955 possunt
844 882 1007 941 etiam
1032 879 1320 935 vulnerari.
1373 874 1663 933 Plurimum
1701 890 1828 947 ergo
1855 874 2016 930 distat
2041 874 2182 930 inter

588 993 652 1033 ea
682 992 802 1049 qua:
828 990 859 1030 a
891 973 1127 1045 possibili
1163 971 1401 1036 veniunt,
1432 981 1487 1026 et
1512 984 1575 1025 ea
1614 983 1732 1040 qua:
1756 983 1787 1022 a
1827 965 2132 1023 necessario
2161 982 2176 1021 :

589 1087 709 1141 qua:
753 1067 855 1124 nisi
898 1065 1226 1122 custodiatur
1266 1060 1573 1129 distinctio,
1624 1061 1676 1116 in
1719 1061 2028 1116 innumeros
2074 1058 2181 1113 itur

590 1178 822 1219 errores.
862 1160 1013 1231 Quod
1040 1170 1095 1215 ut
1120 1158 1517 1230 comparatione
1554 1155 1816 1211 clarescat
1844 1174 1855 1205 ;
1890 1150 2025 1221 lapsi
2055 1160 2179 1205 sunt

589 1253 803 1325 q’nidam
852 1250 1131 1306 medicina:
1178 1257 1588 1317 oppugnatores,
1642 1242 1995 1315 argumentati
2042 1241 2181 1296 hanc

589 1353 761 1399 artem
785 1342 911 1398 nihil
938 1340 1135 1395 habere
1160 1336 1437 1403 utilitatis;
1463 1335 1841 1406 diSputantque
1870 1330 1972 1386 hoc
1994 1328 2175 1386 modo:

589 1432 928 1489 Illoriturisne
955 1428 1217 1486 medicina
1246 1425 1510 1494 subvenit,
1537 1440 1604 1480 an
1634 1419 1894 1479 victuris?
1919 1420 1975 1477 Si
2002 1420 2167 1476 mori-

591 1527 747 1593 turis,
779 1524 910 1580 nihil
949 1530 1227 1595 promovet
1256 1538 1271 1576 :
1300 1521 1345 1576 si
1376 1517 1616 1585 victuris,
1647 1516 1839 1572 frustra
1867 1514 2044 1587 gestit.
2077 1511 2177 1582 Qui

590 1617 734 1674 enim
765 1614 1007 1672 morituri
1036 1622 1208 1678 erant,
1242 1612 1342 1668 hac
1368 1625 1579 1683 quoque
1605 1609 1901 1676 laborante,
1930 1606 2180 1687 \moricn-

589 1718 678 1765 tur
709 1726 723 1764 :
755 1708 846 1780 qui
884 1706 1097 1775 victuri,
1147 1705 1262 1762 sine
1290 1718 1501 1775 quoque
1541 1700 1701 1772 hujus
1738 1700 2004 1757 beneﬁcio
2047 1698 2180 1754 salvi

589 1816 710 1858 esse
738 1807 1043 1872 potuerunt.
1075 1799 1243 1867 Quam
1270 1810 1462 1867 nempe
1486 1795 1768 1860 concinna,
1791 1808 1949 1869 quam
1976 1791 2181 1848 urbana

594 1893 905 1949 conclusio!
936 1891 1030 1947 sed
1056 1890 1361 1946 dissolvitur
1400 1904 1428 1941 a
1482 1876 1957 1958 propugnatoribus
2005 1881 2179 1938 medi-

586 1985 722 2039 cina:
753 1982 854 2039 hoc
895 1980 1056 2037 modo
1084 1998 1098 2033 :
1132 1978 1258 2035 llaec
1284 1993 1393 2043 ars,
1435 1976 1699 2049 inquiunt,
1731 1974 1946 2046 prodest
1970 1990 2076 2032 nec
2100 1973 2181 2031 vi-

586 2074 772 2141 cturis,
821 2088 920 2130 nec
963 2071 1234 2127 morituris
1276 2070 1535 2126 duntaxat
1573 2084 1604 2125 a
1651 2067 1979 2137 necessario,
2026 2066 2121 2123 sed
2146 2081 2179 2124 a

584 2164 826 2239 possibili
876 2164 929 2220 id
975 2173 1263 2234 utrumque
1313 2162 1552 2232 passuris
1584 2177 1599 2215 :
1630 2175 1739 2216 non
1788 2174 1917 2231 ergo
1963 2157 2180 2229 adjuvat

584 2259 846 2315 medicina
872 2273 992 2314 enm
1026 2257 1115 2328 qni
1144 2256 1260 2312 sine
1285 2254 1448 2310 dubio
1474 2251 1762 2308 moriturus
1789 2260 1891 2318 est,
1923 2251 2176 2323 quoniam

585 2351 762 2407 facere
790 2349 1143 2404 immortalem
1171 2363 1277 2402 non
1325 2353 1536 2416 potest;
1565 2342 1660 2399 sed
1691 2356 1862 2414 neque
1890 2342 1940 2399 ei
1979 2342 2175 2398 subve-

584 2442 684 2506 nit,
727 2441 818 2513 qui
859 2439 975 2494 sine
1012 2439 1174 2494 dubio
1219 2439 1422 2493 l'utnrus
1456 2437 1472 2470 ⁸
1513 2435 1794 2492 incolumis
1821 2445 1905 2493 est
1943 2453 1957 2491 :
1989 2451 2177 2492 verum

583 2532 686 2600 illi,
715 2532 803 2604 qui
831 2531 875 2586 si
907 2547 1010 2586 non
1041 2538 1277 2597 curetur,
1307 2527 1596 2602 periclitari
1627 2535 1835 2599 potest;
1865 2528 1911 2583 si
1937 2536 2173 2594 curetur,

583 2624 800 2681 liberari
831 2631 1006 2695 potest
1036 2640 1050 2677 :
1082 2624 1220 2679 sicut
1261 2637 1389 2693 ergo
1415 2636 1519 2677 nec
1557 2621 1761 2676 victuro
1792 2635 1892 2676 nec
1917 2620 2177 2676 morituro

583 2733 615 2773 a
644 2717 932 2774 necessarii
960 2714 1266 2773 conditione
1290 2715 1594 2783 subvenire,
1625 2715 1695 2771 ita
1736 2723 1791 2770 et
1832 2714 2093 2770 morituro
2122 2720 2178 2769 et

582 2812 812 2877 victuro,
841 2810 934 2867 sed
965 2826 994 2867 a
1039 2809 1300 2882 possibili,
1328 2823 1418 2863 ars
1446 2817 1623 2880 potest
1662 2807 1868 2865 erudita
1899 2806 2172 2879 prodesse.

583 2902 662 2958 Illi
707 2917 837 2974 ergo
887 2902 1089 2973 priores
1138 2901 1497 2957 medicantum
1548 2901 1737 2955 studiis
1784 2900 2171 2972 obloquentes,

583 2996 1003 3066 propositionem
1034 3010 1062 3047 a
1094 2993 1331 3065 possibili
1364 2982 1724 3059 inchoantem,
1755 2992 2040 3047 neeeSsarii
2071 2991 2176 3047 line

580 3088 893 3143 clauserunt
931 3105 946 3141 :
994 3086 1135 3156 quod
1164 3085 1537 3156 disputationis
1579 3100 1750 3154 genus
1794 3085 1844 3139 in
1894 3084 2174 3139 innumera

581 3177 908 3233 extenditur.
956 3172 1117 3231 Verbi
1163 3176 1355 3247 gratia,
1404 3174 1649 3245 prohibet
1693 3174 1777 3247 lex
1829 3173 2174 3228 homicidium

580 3266 718 3334 ﬁeri,
745 3267 993 3338 prohibet
1010 3267 1169 3322 etiam
1198 3267 1529 3339 negligentia:
1556 3281 1652 3336 per
1675 3281 1833 3337 quam
1860 3265 1911 3321 in
1937 3265 2174 3338 pericula

578 3363 751 3418 ruitur
779 3354 1115 3417 occasionem
1144 3359 1278 3423 dari,
1313 3370 1369 3414 ut
1395 3358 1447 3414 in
1478 3368 1631 3413 tauro
1659 3367 1944 3431 cornupeta
1973 3355 2170 3432 (Exod.

580 3468 696 3518 XXI,
724 3444 940 3525 28-59.),
985 3461 1144 3522 atque
1175 3451 1226 3505 in
1258 3450 1539 3505 domorum
1567 3449 1781 3504 coronis
1825 3447 1999 3520 (Deut.
2030 3465 2171 3518 χιιι,

578 3544 657 3617 8).
688 3544 752 3598 At
770 3552 942 3616 potest
971 3540 1073 3598 dici
1100 3560 1114 3598 :
1146 3541 1359 3597 Victum
1388 3540 1633 3597 sitbvenit
1662 3541 1759 3595 ista
1786 3540 2078 3612 diligentia,
2105 3556 2174 3597 an

580 3635 884 3692 morituro?
912 3633 967 3692 Si
986 3618 1264 3698 morituro,
1293 3632 1420 3688 nihil
1448 3640 1760 3704 promovet:
1789 3632 1833 3686 si
1861 3628 2085 3700 vletnro,
2108 3646 2174 3688 es

578 3725 870 3782 abundanti
913 3725 1180 3792 co::sulit;
1209 3724 1255 3780 si
1285 3733 1569 3794 utnumque
1599 3722 1702 3779 hoc
1742 3723 2090 3789 contrarium,
2120 3730 2175 3778 et

579 3834 677 3890 per
723 3816 1100 3888 impedimenta
1151 3824 1207 3872 et
1252 3815 1369 3870 sine
1423 3814 1814 3884 impedimentis
1868 3814 2173 3869 necessario

579 3917 993 3981 consequentur.
1026 3907 1097 3963 At
1123 3907 1227 3962 hoc
1252 3903 1443 3962 falsum
1471 3915 1556 3962 est
1587 3924 1601 3961 :
1631 3906 1833 3976 optimo
1862 3906 2002 3960 enim
2024 3921 2175 3961 mor-

579 4001 774 4056 talibus
810 3996 930 4070 jure
971 3998 1288 4063 consulitur,
1330 4007 1388 4052 nt
1428 3996 1571 4068 quad
1613 4004 1859 4067 poterant
1902 3995 2009 4067 pati
2054 3997 2172 4051 sino

577 4088 873 4163 diligentia,
904 4090 1190 4163 diligentia:
1213 4090 1401 4160 opibus
1430 4090 1450 4121 ⁸
1481 4084 1725 4144 evadant.
1755 4086 1911 4142 Aliud
1942 4103 2068 4159 ergo
2090 4099 2172 4142 est

579 4201 610 4239 a
638 4183 894 4256 possibili,
928 4182 1068 4238 aliud
1100 4198 1128 4235 a
1151 4181 1478 4237 netessario.
1508 4174 1881 4245 Ostendamns,
1904 4177 2015 4249 jam
2038 4179 2164 4249 quid

585 4276 671 4330 his
712 4274 1033 4344 anteloquiis
1061 4272 1392 4342 adiuventur.
1444 4269 1592 4326 Fecit
1622 4264 1762 4326 Deus
1791 4268 2061 4325 hominem
2103 4267 2170 4324 II-

583 4364 698 4422 bcri
728 4365 956 4432 arbitrii,
988 4372 1190 4419 natura:
1214 4357 1401 4428 boum;
1430 4360 1525 4417 sed
1555 4377 1674 4433 qua:
1700 4376 1864 4432 capax
1895 4370 2036 4415 esset
2065 4360 2170 4415 vir-

585 4467 776 4522 tutum,
803 4471 934 4528 quas
955 4455 1053 4510 sibi
1075 4470 1140 4510 ex
1166 4468 1226 4509 se
1249 4453 1547 4524 mancipata
1568 4453 1746 4506 animo
1766 4458 2129 4522 comparasset
2152 4467 2167 4506 :

581 4547 723 4619 quod
753 4548 980 4604 liberum
1020 4545 1295 4600 arbitrium
1326 4544 1479 4601 aliter
1510 4553 1757 4602 constare
1782 4559 1890 4598 non
1932 4551 2167 4614 poterat,

583 4654 741 4710 quam
773 4647 831 4693 ut
872 4637 1093 4692 haberet
1123 4626 1280 4692 etiam
1324 4635 1575 4706 peccandi
1619 4634 2045 4706 possibilitatem.
2079 4633 2169 4688 Li-

582 4733 842 4787 bertatem
873 4745 1002 4800 ergo
1026 4745 1055 4783 a
1082 4729 1384 4784 necessario
1411 4728 1592 4794 habet,
1625 4727 1950 4783 voluntatem
1981 4741 2011 4781 a
2040 4739 2169 4796 pos-

584 4814 745 4876 sibili.
775 4820 891 4877 Non
920 4829 1093 4890 potest
1122 4836 1227 4874 non
1263 4834 1381 4874 esse
1407 4818 1573 4884 liber;
1604 4817 1700 4874 sed
1727 4818 1778 4872 in
1801 4827 2040 4872 neutram
2071 4831 2170 4871 vo-

585 4904 840 4968 luntatem
868 4912 983 4982 cogi
1014 4919 1223 4980 potest,
1253 4910 1525 4980 factusque
1550 4909 1629 4965 rei
1656 4908 1968 4964 necessaria:
1994 4907 2170 4979 possi-

586 5002 706 5075 bilis
748 4994 988 5056 ell‘ectus.
1042 4999 1096 5054 In
1144 4999 1383 5070 pOSsibdi
1430 5013 1557 5069 ergo
1601 4998 1806 5069 peccari
1855 5005 2069 5069 potest,
2117 4998 2171 5054 in

587 5090 891 5148 necessario
931 5106 1036 5144 non
1080 5098 1289 5161 potest;
1328 5087 1449 5159 quia
1480 5087 1502 5119 ³
1529 5087 1829 5142 necessario
1854 5102 1959 5141 non
1994 5096 2163 5154 actor,

585 5172 679 5239 sed
702 5191 888 5237 auctor
908 5181 1022 5251 ipse
1044 5193 1326 5245 censczur;
1353 5188 1514 5250 atque
1536 5177 1639 5233 hoc
1658 5177 1797 5249 quod
1816 5187 1985 5248 potest
2008 5180 2169 5234 homo

586 5290 651 5328 ex
685 5273 890 5343 integro
923 5270 1015 5327 Dei
1051 5280 1161 5337 est,
1193 5286 1221 5325 τι
1263 5269 1501 5342 possibili
1534 5280 1710 5326 autem
1754 5270 1865 5342 ipse
1889 5283 2039 5339 actor
2064 5282 2175 5343 εις-⁷

585 5364 854 5438 penditur.
920 5362 923 5365 λ
1487 5364 1491 5368 ’
1726 5361 1730 5365 ’

657 5456 793 5511 Auc.
834 5452 971 5521 Quid
999 5452 1133 5508 dicis
1152 5450 1220 5507 de
1248 5450 1494 5518 diabolo,
1525 5451 1590 5508 de
1613 5467 1720 5524 quo
1762 5453 2016 5524 scriptum
2056 5461 2165 5518 est,

648 5613 664 5644 ί
702 5609 992 5673 \‘lgnierlus,
1015 5607 1117 5659 sine
1131 5605 1276 5658 dubio
1286 5587 1539 5664 incolimus
1560 5614 1646 5660 est.
1664 5612 1727 5656 Ex
1752 5613 1856 5657 Mss.
1879 5606 2170 5670 addendum,

586 5675 792 5737 futurus.

651 5736 672 5795 ξ
705 5734 778 5782 sic
796 5738 904 5782 uss.
931 5736 988 5795 At
1011 5730 1146 5792 editi,
1167 5727 1408 5795 operibus.

647 5793 670 5830 ³
702 5800 859 5853 t-‘orte,
876 5792 990 5854 quia
1009 5805 1057 5843 α.

1288 309 1529 366 οιηςιιιε
1568 304 1978 381 IMPERFECTI
2016 302 2173 359 CON'i

2283 337 2290 358 ι
2333 302 2693 372 JULIANUM,
2732 304 2791 379 si.
2833 306 3210 365 aucusrtxt
3702 276 3790 388 ita

2288 416 2364 471 Ab
2384 417 2526 472 initio
2548 417 2780 478 diabolus
2801 433 2973 494 peccat
2997 424 3039 496 (I
3064 426 3231 480 Joau.
3266 442 3344 491 ιιι,
3370 426 3457 500 8)?
3474 429 3792 506 POSsibiIitaten

2289 509 2541 579 peccandi
2575 510 2735 567 habet
2760 526 2829 568 an
2858 516 3241 572 necessitatem
3265 517 3290 572 ἲ
3313 517 3369 574 Si
3410 526 3796 596 necessitatenmi

2288 598 2488 656 videris
2515 602 2786 673 quomodo
2809 601 3102 663 secundum
3129 617 3263 662 tuas
3302 608 3664 680 disputationes
3691 638 3797 684 excu.

2287 699 2436 746 setur
2479 706 2509 745 a
2551 692 2775 750 crimine
2801 693 2820 726 ί
2856 712 2871 748 :
2907 694 2960 750 si
3007 704 3192 753 autem
3242 698 3799 781 possibilitatemwuiw

2288 789 2416 855 ergo
2442 792 2496 841 et
2528 798 2637 841 non
2675 801 2919 859 peccare,
2950 795 3125 860 petest
3153 787 3374 849 habere
3400 794 3585 853 bonam
3618 806 3797 863 volunt].

2289 884 2427 944 tem,
2456 887 2632 949 potest
2656 895 2815 953 agere
2844 882 3220 951 pteuitentiam
3257 892 3317 941 et
3353 886 3627 959 impetrare
3657 900 3801 957 miseri.

2290 968 2528 1025 cordiam
2555 969 2681 1035 Dei;
2712 971 2834 1042 quia
2861 987 2955 1028 cor
2973 974 3275 1030 contritum
3301 987 3362 1032 et
3386 977 3691 1040 humiliation
3709 988 3801 1048 Deus

2288 1074 2395 1117 nun
2424 1061 2682 1133 despiciet
2727 1061 2896 1136 (Paal.
2926 1082 2980 1132 ι,
3016 1067 3126 1140 IS).
3158 1067 3327 1138 Quod
3356 1070 3564 1142 quidem
3591 1077 3726 1133 visum
3748 1093 3801 1142 ea

2286 1152 2624 1222 quibusdam,
2658 1154 2885 1226 Origene
2920 1167 2975 1211 ut
2997 1159 3321 1228 perhibetur
3348 1172 3565 1237 auctore
3593 1170 3702 1224 :sed
3724 1171 3798 1241 ιιδς,

2290 1258 2345 1299 ιιι
2374 1260 2532 1301 nosse
2563 1255 2614 1304 te
2642 1247 2923 1316 existimo,
2953 1249 3085 1306 fides
3112 1251 3396 1308 catholica
3428 1262 3483 1310 et
3506 1270 3621 1312 sana
3648 1276 3798 1320 noun.

2286 1334 2506 1406 cepit’:
2536 1335 2679 1407 unde
2705 1337 2942 1393 nonnulli
2970 1338 3266 1412 Origenem
3295 1357 3511 1415 quoque
3534 1346 3686 1418 ipsum
3718 1354 3799 1409 ειξιι.

2286 1441 2412 1481 num
2430 1426 2587 1484 fuisse
2606 1431 2672 1485 ab
2689 1430 2789 1486 hoc
2801 1438 2986 1488 errore
3001 1435 3080 1489 vel
3101 1435 3365 1504 probant,
3384 1437 3466 1494 vel
3485 1439 3666 1498 volunt.
3682 1444 3799 1506 Restat

2286 1520 2465 1593 igitur,
2492 1531 2584 1577 aut
2607 1531 2733 1579 ante
2760 1525 3077 1596 supplicium
3103 1526 3252 1599 ignis
3275 1531 3490 1596 aeterni,
3513 1534 3800 1595 etiamtum.

2284 1613 2416 1670 sitas
2456 1613 2557 1699 ista
2604 1615 2859 1685 peccandi
2893 1633 3087 1690 magna
3133 1620 3209 1674 sit
3239 1619 3462 1676 diabolo
3482 1626 3797 1699 magni'pem

2287 1694 2491 1769 peccati
2516 1714 2686 1772 neque
2712 1698 2841 1758 hinc
2866 1706 3161 1760 excusetur
3189 1721 3222 1759 a
3252 1706 3518 1773 crimine,
3544 1694 3747 1781 quoniam
3768 1730 3799 1772 et

2284 1791 2383 1880 ista
2415 1791 2643 1850 vindicta
2668 1803 2750 1850 est
2775 1812 2873 1867 pro
2895 1799 3130 1853 maximo
3158 1798 3405 1855 crimine
3422 1799 3465 1870 ⁸,
3496 1812 3553 1857 ιιι
3583 1819 3685 1861 eum
3706 1807 3795 1864 dele-

2283 1895 2392 1943 ctet
2434 1887 2547 1943 sola
2592 1888 2814 1958 malitia,
2855 1905 2956 1947 nec
2997 1893 3170 1963 possit
3214 1890 3496 1950 delectare
3535 1895 3723 1964 iustitia.
3749 1899 3796 1956 .ld

2283 1977 2421 2034 hanc
2445 1989 2625 2035 autem
2645 1980 2757 2053 jam
2785 1982 3051 2063 poenalem
3071 1985 3349 2054 peccandi
3368 1986 3712 2046 necessitatem
3732 2001 3794 2047 non

2283 2065 2467 2141 utique
2494 2072 2861 2141 pervenisset,
2891 2070 2993 2129 nisi
3021 2075 3175 2145 prius
3208 2075 3385 2133 libera
3415 2077 3682 2148 voluntate,
3701 2083 3793 2138 milia

2282 2161 2606 2218 necessitate
2639 2173 2936 2241 peccasset.
2978 2164 3238 2221 Deﬁnitio
3282 2167 3468 2238 itaque
3501 2168 3582 2224 illa
3625 2173 3791 2240 peccati,

2278 2260 2401 2308 cuin
2426 2252 2484 2310 lit
2511 2254 2653 2326 quod
2675 2254 2881 2326 iustitia
2902 2266 3066 2323 vetat,
3099 2268 3153 2314 et
3176 2257 3329 2315 unde
3355 2260 3570 2315 liberum
3589 2269 3660 2317 est
3686 2263 3792 2316 absti-

2277 2352 2434 2414 nere,
2469 2346 2537 2401 ad
2579 2345 2707 2402 illud
2752 2357 3030 2421 peccatum
3058 2350 3305 2425 pertinet
3332 2339 3473 2420 quod
3514 2354 3790 2408 tantmnmodo

2278 2447 2557 2510 peccatum
2587 2450 2691 2507 est,
2720 2456 2826 2495 non
2856 2440 2999 2512 quod
3024 2443 3185 2497 etiam
3210 2457 3379 2513 paena
3409 2444 3617 2514 peccati.

2351 2528 2582 2586 XLVIII.
2611 2530 2731 2588 ιω..
2766 2533 2832 2588 Et
2856 2534 3052 2589 malum
3081 2550 3213 2606 ergo
3241 2544 3299 2590 et
3330 2535 3528 2590 bonum
3554 2552 3613 2590 ex
3645 2540 3787 2607 propria

2279 2620 2552 2677 voluntate
2597 2621 2761 2678 facit:
2793 2623 2887 2680 sed
2928 2624 3125 2680 bonum
3147 2635 3321 2681 ‘stmm
3365 2625 3522 2681 etiam
3556 2625 3648 2681 Deo
3667 2625 3784 2693 ddici,

2356 2713 2369 2785 ἱ
2397 2715 2531 2784 parti
2563 2715 2706 2783 huic,
2740 2724 2847 2771 nOn
2888 2704 3104 2788 quidem
3142 2718 3541 2792 pra'judicium,
3566 2730 3707 2777 tamen
3728 2722 3787 2776 ad-

2304 2805 2532 2867 utorium
2563 2807 2957 2865 subministrat.

2349 2900 2486 2955 Auo.
2520 2897 2650 2954 Tam
2676 2899 2875 2955 bonum
2918 2911 3066 2958 certe
3107 2917 3271 2974 quam
3317 2904 3516 2959 malum
3549 2918 3606 2959 ex
3641 2904 3781 2975 propis

2280 2987 2464 3059 homo,
2494 2990 2629 3046 sicut
2656 2989 2810 3057 dicis,
2830 2994 3108 3050 voluntate
3131 2993 3289 3063 facit,
3319 3003 3375 3051 et
3403 2988 3650 3066 utriusque
3667 2996 3703 3049 in
3722 2996 3779 3048 illo

2278 3080 2606 3151 possibilitas
2636 3097 2788 3153 mqua
2818 3083 2970 3140 lance
2997 3085 3249 3146 libratur.
3282 3095 3339 3143 et
3362 3086 3431 3142 ad
3452 3087 3472 3119 ⁸
3494 3085 3617 3142 bene
3644 3083 3778 3140 facien-

2279 3170 2406 3226 dum
2438 3173 2578 3228 Deus
2607 3173 2932 3246 adjutorium
2957 3176 3338 3233 subministrat
3369 3193 3503 3233 :cur
3517 3174 3691 3247 ergoad
3708 3190 3779 3246 pce

2278 3263 2507 3321 candum
2547 3267 2838 3337 proclivior
2879 3275 2963 3323 est
3002 3278 3193 3324 natura
3244 3265 3603 3333 mortalinm‘,
3635 3267 3670 3321 si
3698 3264 3780 3320 nihil

2279 3356 2389 3428 egit
2429 3355 2689 3429 originale
2731 3359 3048 3427 peccatum?
3076 3360 3341 3429 Quamvis
3368 3368 3421 3415 et
3463 3360 3614 3431 ipsum
3635 3355 3778 3425 adjuto-

2280 3447 2441 3512 rium,
2486 3446 2627 3519 quod
2663 3448 3074 3505 subministrare
3104 3450 3275 3506 Deum
3322 3451 3563 3522 cogimini
3588 3445 3775 3508 conﬁteri.

2279 3537 2435 3610 quale
2469 3537 2662 3594 dicatis
2697 3555 2852 3607 esse,
2882 3555 2991 3596 non
3030 3540 3219 3597 lateat.
3264 3541 3463 3612 Legem
3498 3540 3686 3611 quippe,
3706 3548 3771 3590 non

2279 3624 2524 3700 spiritum
2546 3630 2725 3686 dicitis
2748 3671 2763 3697 ,
2791 3644 2912 3687 cum
2952 3626 3148 3687 Paulus
3172 3632 3454 3702 apostolus
3480 3646 3570 3702 per
3590 3626 3775 3684 submini-

2278 3714 2591 3801 s'trationem
2611 3723 2844 3793 Spiritus
2865 3724 3041 3783 sancti
3062 3739 3160 3778 nos
3185 3718 3385 3780 doceat
3419 3719 3631 3793 adjuvari
3659 3714 3769 3789 (PH-

2279 3813 2407 3886 h'pp.
2431 3829 2469 3881 ι,
2500 3811 2613 3887 l9).
2642 3813 2794 3882 Quod
2838 3813 2959 3870 ideo
2996 3812 3521 3870 commemorandum
3547 3807 3773 3881 putavimo

2280 3905 2417 3985 forte
2441 3906 2530 3976 qni
2556 3905 2780 3961 audiunt
2813 3905 2904 3975 vel
2930 3905 3114 3977 legunt
3147 3904 3216 3962 de
3260 3898 3705 3962 subministratione
3721 3892 3771 3949 di-

2278 3999 2386 4053 vini
2405 3997 2656 4068 adjuto‘rii
2680 3998 3001 4056 sententiam
3027 4008 3193 4068 tuam,
3210 3998 3579 4054 obliviscantur
3593 3987 3770 4046 heresim

2276 4097 2508 4144 vestram
2519 4126 2532 4140 .

2300 4166 2311 4249 ξ
2349 4178 2537 4236 XLIX.
2565 4179 2684 4241 Jun.
2712 4171 2943 4236 Tantum
2965 4190 3095 4250 ergo
3115 4178 3258 4237 valet
3291 4179 3390 4234 ista
3413 4170 3664 4234 distinctio,
3685 4158 3765 4219 utsi

2278 4271 2600 4336 nescientes,
2629 4269 2773 4341 quod
2806 4284 2836 4325 a
2867 4269 3107 4341 possibili
3148 4268 3371 4340 incipit,
3408 4266 3459 4323 in
3489 4253 3764 4319 necessarium

2276 4361 2680 4428 concludamus,
2724 4361 2907 4417 omnia
2950 4361 3173 4417 crimina
3216 4361 3288 4418 ad
3334 4360 3492 4417 Deum
3538 4350 3759 4410 recuan

2275 4453 2427 4524 Quod
2446 4451 2771 4509 Manichtcus
2799 4451 3004 4516 videns,
3028 4452 3279 4507 tenebras
3305 4445 3497 4521 peccati
3525 4430 3763 4508 ειςοείωτίί

2274 4556 2521 4603 auctores
2552 4559 2568 4598 :
2608 4554 2716 4600 non
2754 4543 2899 4598 enim
2935 4542 3104 4597 valuit
3133 4542 3274 4597 inter
3312 4533 3547 4611 possibile
3580 4535 3757 4583 percssi-

2276 4622 2518 4707 τῖιιιηίιυθ
2541 4633 2886 4706 ἀίειίηευενθ.
2912 4632 3083 4689 Omne
3102 4648 3231 4704 ergo
3258 4629 3398 4704 quod
3427 4619 3688 4682 naturaliter
3702 4613 3760 4664 lu-

2275 4716 2366 4783 bet
2386 4725 2569 4790 homo,
2596 4739 2628 4781 a
2647 4725 2937 4781 necessarii
2968 4732 3122 4796 parte
3161 4726 3380 4784 sortitus
3408 4727 3485 4776 est
3519 4734 3534 4771 :
3570 4710 3666 4783 quia
3687 4715 3754 4759 non

2277 4817 2445 4889 potuit
2461 4816 2620 4872 aliter
2641 4831 2765 4873 esse
2787 4832 2946 4888 quam
2973 4815 3147 4873 factus
3170 4826 3271 4872 est.
3733 4882 3741 4893 ν

2348 4909 2484 4965 Ave.
2529 4906 2648 4964 .Iam
2684 4907 2844 4979 paqu
2889 4916 3013 4963 ante
3050 4907 3363 4975 monstravi,
3408 4913 3549 4973 quam
3578 4890 3755 4979 vanas“

2277 4998 2540 5063 sententia
2566 4998 2665 5053 ista
2687 4975 2705 5052 ξ
2741 4996 3147 5076 stolidissimum
3176 5007 3256 5053 est
3286 4996 3421 5053 enim
3444 4992 3483 5061 ν,
3509 4985 3669 5044 habere
3687 4975 3753 5029 h0-

2344 5236 2360 5268 ι
2397 5240 2447 5284 ιη
2472 5231 2618 5285 edim
2638 5233 2886 5298 omissum,
2908 5232 3145 5298 quomodo
3165 5232 3418 5298 secundum
3434 5210 3750 5298 tum

2277 5274 2636 5360 1130265313:-
2653 5274 3148 5360 usitatam;
3165 5274 3413 5348 Ξῖίἱὲὶῖέἐῖ
3638 5274 3745 5324 ιω

2176 5361 2181 5365 ’
2277 5358 2486 5420 seriptis.

2343 5417 2525 5482 fusa,
2547 5417 2736 5482 recipit.

2295 5524 2301 5531 .
2343 5479 3023 5544 fEditi,umgna,memlose.
3294 5538 3300 5544 ί
3422 5512 3573 5544 _-_,

2345 5540 2367 5606 ξ
2398 5525 2969 5606 ἓῶἷιέξῖιῗίιὶῗᾶ
2978 5525 3033 5606 ᾗ
3053 5541 3189 5606 editi,
3206 5548 3275 5593 est
3294 5538 3495 5606 prm'ma
3511 5525 3678 5575 crum

2339 5604 2363 5637 ³
2396 5609 2546 5652 vetus
2557 5603 2712 5653 codex
2737 5610 2882 5662 Fort,
2908 5603 2995 5654 sed
3015 5604 3100 5654 ad.

2344 5665 2368 5698 ⁸
3132 5657 3410 5717 mortalium.
3431 5653 3567 5705 Abest:
3578 5639 3735 5692 Imm

2283 5739 2312 5777 a
2334 5735 2688 5789 manuscripns.
2898 5788 2903 5789 ί
2936 5784 2963 5789 ν,

2351 5788 2373 5822 τ
2401 5793 2549 5837 Vetus
2568 5783 2722 5838 eode:
2746 5794 2868 5838 Fort.
2895 5783 3155 5846 menum.
3191 5786 3360 5837 dicere.
