3980 6486
616 355 752 420 H37

612 492 716 533 non
738 484 859 531 sunt
879 477 894 508 ί
907 475 931 529 l
946 473 1078 542 Quis
1094 471 1197 527 hoc
1216 470 1406 525 dixerit
1421 469 1446 523 ?
1459 470 1512 524 Si
1530 482 1657 538 ergo
1674 476 1877 521 natura:
1896 474 2016 521 sunt
2039 476 2193 535 ange-

610 570 694 626 lus
732 579 785 623 et
822 567 1014 630 homo;
1049 562 1284 633 profecto
1328 569 1512 615 natura
1544 560 1655 614 vult
1682 557 2053 629 quodcumque
2081 555 2195 609 vult

612 660 853 730 angelus,
876 668 1061 711 natura
1079 655 1189 708 vult
1204 653 1574 724 quodcumque
1589 652 1699 706 vult
1717 651 1895 705 homo.
1913 647 2193 719 Quomodo

608 770 739 822 ergo
780 749 979 804 malum
1006 747 1295 802 voluntatis
1320 754 1522 801 naturze
1547 760 1652 800 non
1686 753 1856 815 potest
1883 742 2191 807 admoveri;

610 858 733 897 cum
764 842 898 897 velle
922 840 1117 911 aliquid
1144 840 1244 894 nisi
1270 848 1453 893 natura
1475 853 1579 892 non
1603 835 1812 907 possit?
1831 837 1936 890 Ant
1962 852 2064 889 non
2096 835 2195 888 im-

610 941 825 1004 putetur
855 930 1055 987 homini
1086 938 1361 1000 peceatnm
1399 929 1686 983 voluntatis
1709 943 1852 993 sum;
1882 927 2003 997 quia
2037 926 2195 980 homo

613 1038 799 1083 natura
827 1034 929 1088 est,
962 1032 1014 1078 ct
1043 1022 1239 1077 malum
1264 1021 1572 1085 voluntatis,
1605 1029 1664 1075 ut
1685 1020 1838 1087 dicis,
1862 1028 2066 1074 natura:
2087 1034 2193 1073 non

608 1124 785 1187 potest
808 1115 1102 1170 admoveri.
1134 1116 1214 1169 An
1244 1114 1296 1167 in
1327 1122 1528 1168 tantum
1558 1121 1645 1167 tua
1673 1111 2010 1182 progreditur
2046 1108 2196 1164 vani-

610 1219 709 1273 tas,
745 1216 801 1261 ut
830 1214 1034 1261 natura:
1072 1205 1217 1259 dicas
1245 1204 1444 1258 debere
1482 1203 1729 1271 imputari
1756 1245 1770 1267 ,
1812 1201 1953 1271 quod
1993 1210 2196 1255 natura:

607 1313 714 1353 non
736 1305 914 1368 potest
936 1296 1245 1351 admoveri?
1265 1293 1398 1349 Nam
1427 1294 1546 1365 quis
1568 1294 1708 1348 dicat
1731 1303 1933 1346 natura:
1957 1307 2068 1345 non
2090 1291 2194 1345 im-

607 1390 818 1460 putari,
845 1387 988 1459 quod
1015 1388 1304 1457 imputatur
1334 1385 1569 1448 homini,
1599 1384 1701 1438 nisi
1730 1383 1971 1453 quisquis
1997 1383 2070 1436 ita
2096 1381 2194 1436 de-

607 1482 754 1551 sipit,
778 1488 838 1534 nt
865 1479 1134 1535 hominem
1164 1485 1322 1547 neget
1341 1492 1462 1532 esse
1481 1475 1759 1531 naturam?
1784 1473 2012 1529 Videsne
2032 1487 2191 1543 quam

607 1573 834 1628 multum
866 1571 1120 1642 loquaris,
1150 1570 1401 1626 nesciens
1428 1568 1555 1640 quid
1587 1567 1857 1637 loquaris?
1883 1566 1937 1621 Si
1958 1582 2086 1635 ergo
2111 1566 2194 1621 di-

606 1679 733 1729 cas,
766 1662 1024 1717 Voluntas
1060 1661 1366 1717 necessitati
1414 1676 1520 1714 non
1563 1667 1737 1729 potest
1776 1658 2085 1719 admoveri;
2125 1671 2193 1712 ne

608 1756 712 1810 hoc
736 1754 953 1824 quidem
982 1752 1356 1807 univcrsaliter
1381 1766 1562 1806 verum
1587 1758 1687 1803 est.
1722 1748 2020 1818 Aliquando
2049 1748 2191 1802 enim

606 1847 748 1919 quod
790 1859 1010 1901 necesse
1049 1852 1133 1898 est
1160 1844 1439 1907 volumus;
1467 1842 1605 1896 sicut
1641 1853 1861 1895 necesse
1886 1847 1969 1894 est
2005 1848 2064 1893 ut
2101 1838 2190 1908 qui

608 1945 1019 2009 perseveranter
1055 1937 1193 1990 bene
1231 1934 1452 2000 vivunt,
1504 1934 1633 1987 fiant
1678 1933 1816 1987 beati
1859 1947 1872 1985 τ
1907 1929 2193 2002 aliquando

604 2031 766 2085 etiam
789 2044 1012 2085 necesse
1032 2036 1115 2083 est
1133 2027 1332 2097 aliquid
1356 2037 1412 2081 ut
1436 2026 1694 2091 velimus;
1715 2027 1850 2080 sicut
1871 2039 2092 2080 necesse
2111 2031 2196 2079 cst

605 2137 706 2178 nos
735 2119 1117 2177 beatitudinem
1145 2120 1282 2174 velle
1313 2136 1328 2173 :
1362 2118 1503 2173 unde
1529 2117 1773 2189 qumdam
1813 2126 1897 2172 est
1941 2125 1998 2173 et
2038 2117 2191 2172 beata

604 2213 919 2276 necessitas,
947 2212 1069 2281 quia
1092 2210 1113 2242 ³
1141 2225 1359 2264 necesse
1385 2220 1467 2263 est
1493 2209 1658 2264 Deum
1680 2223 1895 2283 semper
1921 2217 1976 2264 et
2003 2208 2196 2263 immu-

604 2303 842 2358 tabilitcr
882 2311 937 2357 et
975 2302 1283 2357 beatissime
1324 2301 1524 2354 vivere.
1564 2298 1669 2354 Sed
1710 2299 1961 2368 quoniam
1990 2308 2114 2354 sunt
2137 2305 2196 2353 et

604 2395 848 2467 quaedam
881 2397 1227 2449 necessitates
1263 2392 1342 2446 sic
1370 2407 1399 2445 a
1429 2390 1789 2445 voluntatibus
1813 2390 2023 2454 alientc,
2055 2398 2112 2444 ut
2139 2398 2194 2445 et

603 2486 899 2542 necessitas
939 2485 1009 2539 sit
1048 2485 1136 2539 ubi
1174 2483 1420 2538 voluntas
1461 2499 1566 2537 non
1594 2492 1672 2537 est
1701 2524 1717 2549 ,
1749 2492 1804 2538 et
1827 2483 2073 2538 voluntas
2102 2482 2191 2537 ubi

604 2591 712 2631 non
743 2583 827 2630 est
852 2575 1145 2630 neceSsitas
1172 2590 1186 2625 :
1219 2590 1285 2628 ex
1314 2584 1462 2643 parte
1497 2573 1684 2628 saltem
1713 2588 1900 2628 verum
1936 2582 2017 2628 cst
2048 2571 2194 2644 quod

603 2669 822 2731 dicitur,
848 2667 1104 2722 Voluntas
1127 2668 1426 2722 necessitati
1452 2682 1556 2720 non
1581 2675 1755 2736 potest
1774 2666 2068 2722 admoveri.
2091 2665 2193 2733 Qui

603 2776 733 2816 vero
760 2759 928 2825 dicit,
957 2758 1088 2813 Mala
1122 2759 1367 2813 voluntas
1410 2775 1516 2812 non
1557 2768 1731 2828 potest
1765 2767 1970 2813 natura:
2007 2758 2195 2815 admo-

603 2851 717 2907 veri
745 2867 761 2907 :
792 2850 931 2905 idem
958 2850 1142 2913 nobis,
1176 2852 1218 2903 si
1252 2858 1456 2920 potest,
1489 2849 1813 2905 voluntatem
1844 2850 1926 2905 vel
1962 2849 2190 2918 malam,

600 2943 688 3009 vel
720 2943 911 2998 bonam
935 2984 951 3011 ,
991 2942 1080 2998 ubi
1108 2952 1295 2997 natura
1332 2958 1439 2998 non
1473 2951 1556 2999 est
1579 2983 1594 3009 ,
1622 2941 1906 3009 ostendat;
1932 2951 2023 2999 aut
2046 2942 2191 3014 quod

602 3035 854 3097 voluntas
882 3050 1004 3091 esse
1027 3035 1203 3105 aliqua
1231 3036 1415 3104 possit,
1439 3035 1486 3091 si
1516 3045 1705 3091 natura
1729 3052 1833 3091 non
1860 3037 1929 3091 sit
1952 3051 2073 3108 quae
2094 3037 2193 3092 ali-

601 3126 731 3197 quid
764 3125 911 3181 velit.
945 3124 1175 3180 Attende
1210 3125 1372 3195 igitur
1397 3142 1558 3197 quam
1588 3127 1663 3182 sis
1687 3143 1717 3181 a
1750 3130 1974 3186 veritate
2011 3130 2190 3186 seclu-

602 3233 717 3275 sus.
766 3218 846 3272 Tu
898 3215 1069 3284 dicis,
1108 3216 1376 3281 .Voluntas
1421 3218 1557 3273 maia
1607 3226 1811 3275 naturae
1864 3236 1971 3275 non
2015 3230 2192 3290 potest

599 3308 876 3367 admoveri
907 3327 921 3363 :
956 3309 1152 3364 veritas
1171 3317 1351 3365 autem
1373 3309 1522 3378 dicit,
1547 3310 1812 3379 Quamdiu
1835 3321 1917 3370 est
1947 3314 2194 3370 voluntas

599 3402 729 3471 ulla,
762 3417 794 3457 a
823 3410 1009 3457 natura
1037 3416 1140 3456 non
1171 3411 1345 3471 potest
1369 3404 1630 3472 separari.

673 3491 804 3548 LIV.
832 3491 952 3547 ⁴ῐυι..
985 3492 1134 3548 Ilanc
1171 3506 1301 3563 ergo
1328 3493 1681 3548 subtilitatem
1719 3493 2039 3552 divisionum
2081 3511 2190 3553 non

598 3583 977 3654 introspiciens
1005 3583 1326 3639 Mauiehmus
1345 3626 1361 3653 ,
1389 3585 1844 3643 Traducianorum
1876 3589 2030 3645 nobis
2060 3605 2190 3660 pro-

599 3675 751 3730 duxit
774 3674 1040 3730 examina.
1071 3675 1485 3746 Argumentatur
1503 3678 1646 3733 enim
1673 3679 1774 3735 hoc
1802 3680 1963 3735 modo
1996 3698 2010 3736 :
2038 3680 2189 3738 Unde

598 3767 837 3824 malum?
865 3767 1125 3823 Nimirum
1149 3766 1218 3823 de
1246 3768 1539 3825 Voluntate.
1569 3769 1721 3826 Unde
1745 3764 1994 3828 voluntas
2024 3773 2188 3829 mala?

601 3857 929 3931 Respondet,
957 3859 1030 3914 Dc
1052 3858 1287 3915 homine.
1316 3859 1468 3917 Unde
1490 3859 1693 3916 homo?
1711 3861 1815 3917 Per
1835 3862 2023 3919 Deum.
2048 3864 2190 3920 Con-

599 3951 872 4023 cluditque
899 3969 913 4006 :
941 3952 995 4008 Si
1024 3953 1218 4007 malum
1256 3968 1320 4008 ex
1358 3952 1610 4020 homine,
1652 3951 1812 4008 homo
1852 3969 1949 4025 per
1982 3955 2186 4024 Deum;

601 4042 801 4098 malum
833 4042 992 4113 igitur
1018 4058 1114 4112 per
1140 4043 1325 4097 Deum.
1350 4042 1415 4097 Et
1435 4052 1556 4114 post
1582 4043 1865 4114 hoe,quasi
1885 4045 2185 4115 religiosus,

598 4150 670 4192 ne
689 4134 1032 4192 criminosum
1057 4132 1215 4189 faciat
1239 4134 1425 4196 Deum.
1447 4134 1537 4189 dat
1560 4135 1898 4190 tenebrarum
1918 4146 2183 4206 naturam,

598 4229 684 4285 cui
726 4228 925 4283 malum
964 4226 1254 4282 debeamus
1295 4226 1620 4282 adscribere.
1664 4226 1795 4283 [line
1836 4237 1891 4290 et
1930 4230 2184 4300 Augusti-

598 4334 702 4375 nus
739 4335 752 4371 :
799 4304 955 4375 Unde.
994 4317 1230 4371 malum?
1280 4316 1353 4372 De
1402 4316 1691 4373 voluntate.
1733 4317 1919 4384 Unde,
1971 4320 2182 4391 inquit,

594 4413 711 4484 ipsa
725 4411 992 4468 voluntas?
1016 4411 1091 4466 Dc
1110 4410 1344 4475 homine,
1363 4410 1451 4482 qui
1474 4420 1557 4464 est
1578 4425 1711 4480 opus
1735 4412 1846 4467 Dei.
1863 4412 1932 4466 Et
1951 4410 2187 4485 colligit:

594 4505 651 4561 Si
681 4504 877 4563 malum
925 4518 991 4559 ex
1018 4503 1322 4569 voluntate,
1373 4502 1616 4557 voluntas
1657 4518 1723 4558 ex
1756 4502 1990 4570 homine,
2020 4504 2182 4565 homo

596 4609 732 4683 opus
752 4594 847 4676 Dei
865 4613 880 4660 ;
901 4593 1097 4649 malum
1116 4593 1273 4664 igitur
1296 4609 1389 4663 per
1411 4592 1598 4648 Deum.
1617 4593 1769 4663 Quod
1787 4595 1936 4666 quasi
1958 4606 2183 4651 conatus

592 4687 910 4749 absolvere.
961 4702 1028 4742 ne
1074 4686 1242 4741 Deum
1286 4685 1632 4741 criminosum
1680 4687 1859 4743 dicere
1909 4688 2182 4745 videretur

593 4774 760 4850 (quod
793 4776 976 4832 tradux
1009 4777 1123 4843 ejus
1148 4775 1424 4848 affirmat),
1453 4778 1744 4832 violentum
1771 4795 1920 4849 atque
1945 4796 2041 4849 pro
2070 4781 2179 4844 Deo

594 4868 750 4925 nobis
772 4866 902 4921 nihil
926 4866 1137 4932 obtulit,
1161 4865 1212 4921 id
1245 4878 1345 4932 cst,
1374 4854 1620 4923 tenebras
1642 4869 1834 4939 quibus
1857 4871 2052 4924 malum
2078 4870 2180 4927 hoc

591 4959 897 5016 adscribere
928 4958 1264 5014 deberemus.
1302 4977 1320 5011 ι
1355 4959 1471 5015 Νοιι
1499 4962 1642 5015 enim
1664 5004 1679 5026 ,
1712 4980 1730 5013 ο
1766 4961 1967 5032 ἱιηιιιῖι,
2003 4981 2021 5015 ι
2059 4964 2179 5020 ideo

592 5053 644 5107 in
672 5050 886 5106 homine
915 5050 1110 5105 malum
1139 5059 1320 5106 natum
1349 5060 1452 5115 est,
1483 5052 1606 5121 quia
1629 5068 1764 5123 opus
1792 5055 1880 5109 llci
1904 5066 2049 5119 erat,
2083 5055 2178 5112 sed

590 5138 715 5217 ideo
739 5142 860 5214 quia
881 5141 949 5198 de
977 5142 1143 5199 nihilo
1169 5151 1284 5199 erat
1308 5161 1327 5196 ι
1347 5142 1450 5217 (De
1478 5142 1529 5203 Ν
1534 5154 1642 5214 upt.
1665 5155 1712 5199 et
1728 5142 1980 5217 Coucup.,
1999 5148 2086 5201 lib.
2119 5148 2174 5215 2,

588 5251 645 5289 ιι.
672 5234 785 5305 48).
824 5233 986 5303 Quasi
1012 5235 1211 5289 veritas
1249 5234 1575 5303 respondere
1619 5252 1724 5289 non
1750 5240 1957 5307 possit:
1988 5240 2173 5311 Elqua

589 5324 917 5395 hopndeutia
938 5324 1112 5395 primo
1134 5324 1385 5381 mentitur
1412 5325 1552 5379 Deus
1578 5333 1719 5392 tuus,
1741 5342 1861 5383 esse
1884 5331 1934 5384 in
1959 5329 2176 5388 homine
2215 5351 2235 5369 κ

587 5417 953 5481 voluntatem;
991 5416 1185 5491 deinde
1211 5415 1566 5483 condemnat,
1608 5433 1728 5472 cum
1772 5422 1965 5474 malum
1994 5422 2168 5491 istud,

587 5504 834 5566 videlicet
855 5488 1148 5593 peccatum,
1163 5506 1230 5563 de
1248 5509 1563 5565 necessitate
1585 5511 1791 5567 noverit
1807 5488 2168 5581 tenebrarum,
2186 5576 2191 5582 ,

1221 5588 1227 5599 Ι
1298 5594 1303 5601 ”
1358 5587 1368 5599 ¹
2187 5617 2191 5621 '
2283 5602 2520 5672 negatis,
2563 5603 2802 5673 profecto
2839 5606 2904 5662 ad
2945 5584 3186 5666 naturam
3218 5584 3342 5666 ntali
3377 5584 3716 5658 iutroduceudam

648 5732 666 5756 ι
693 5720 840 5796 valui,
873 5728 1061 5796 notam
1078 5727 1229 5796 sunt;
1262 5725 1439 5775 omissa
1482 5734 1697 5789 negante
1738 5729 1970 5792 particula
1989 5766 2003 5793 ,
2029 5719 2177 5795 quarti

586 5793 651 5832 ex
676 5790 1011 5842 nionusa'iptis
1032 5790 1351 5836 restituimus.

650 5845 674 5877 ³
699 5849 856 5904 Forte,
878 5856 990 5904 qua.

1324 356 1568 412 OI'ERTS
1608 353 2018 411 lhlPERFECTl
2056 350 2327 408 CONTRA
2371 348 2730 419 IULIANUM,
2770 351 2830 409 S.
2871 353 3240 411 AUGUSTINI

2304 464 2354 518 id
2378 476 2479 532 est,
2512 466 2714 536 antiqui
2754 453 2903 519 nihili
2928 468 3259 538 contigisse?
3291 467 3571 526 Inﬂeximus
3593 492 3667 543 per
3681 497 3782 544 rasus

2304 556 2472 624 nihil,
2499 567 2555 612 ut
2584 569 2865 628 appareret
2891 559 3210 617 Traduciani
3242 563 3406 617 \‘il‘ltlS
3435 565 3482 619 in
3509 569 3650 625 nihilo
3672 580 3785 634 collo.

2302 650 2474 703 cautis
2513 665 2661 720 spent
2698 666 2870 706 suam.
2914 652 3047 708 Vide
3081 662 3262 709 tamen
3305 655 3677 716 imbecillitatem
3705 667 3784 737 Dei,

2303 756 2460 813 quem
2502 744 2862 800 'l'radueianus
2893 747 3110 802 inducit.
3151 749 3337 818 ipsum
3380 750 3581 808 nihilum
3616 775 3788 828 superae

2303 848 2411 888 non
2462 834 2670 892 valuit;
2713 850 2942 908 cumque
2984 839 3256 894 hominem
3308 840 3516 897 fecisset
3564 864 3619 902 ex
3658 853 3785 922 nihilo,

2304 936 2410 979 non
2433 940 2555 980 cum
2584 928 2753 997 potuit
2785 944 2816 984 a
2837 930 3139 986 conditione
3172 932 3337 996 mali,
3368 950 3483 1003 qua:
3501 936 3561 992 de
3588 941 3718 997 nihilo
3736 960 3789 1002 vc.

2304 1017 2513 1085 niebat,
2544 1034 2742 1076 exuere
2780 1022 2915 1077 :scd
2956 1039 3132 1077 rerum
3177 1024 3491 1083 difﬁcultate
3527 1029 3670 1087 factus
3700 1054 3790 1093 arm.

2303 1109 2413 1163 rior
2430 1151 2445 1174 ,
2474 1126 2571 1180 pro
2592 1112 2703 1167 suis
2730 1113 2900 1183 culpis
2921 1116 3188 1171 hominem
3212 1118 3537 1185 criminatur,
3562 1133 3608 1179 ct
3624 1127 3789 1199 imaginis

2303 1212 2413 1253 Sine
2442 1201 2610 1255 exitio
2650 1203 2796 1259 nihili
2837 1205 3027 1261 delicta
3064 1207 3409 1264 condemnat.
3451 1212 3788 1285 Bcnigniuscum

2302 1306 2367 1342 eo
2394 1292 2500 1360 agit
2528 1302 2687 1348 senex
2711 1294 2887 1351 Manes
2907 1337 2922 1364 ,
2954 1306 3009 1351 ut
3034 1298 3173 1353 dicat
3197 1300 3350 1355 illum
3382 1316 3482 1357 non
3509 1321 3789 1383 us:pieqa.iqoe

2304 1383 2640 1438 tenebrarum
2682 1396 2840 1455 gente
2876 1399 3169 1456 vastatum;
3216 1391 3373 1461 cujus
3407 1394 3692 1454 debilitatem
3720 1412 3790 1459 tan-

2303 1481 2407 1527 tam
2438 1474 2636 1530 inducit
2660 1478 3023 1536 Traducianus
3041 1523 3058 1550 ,
3091 1491 3149 1538 ut
3174 1494 3562 1544 commcntctur
3584 1507 3683 1547 eum
3703 1511 3722 1548 τι
3739 1499 3787 1553 ol-

2302 1565 2413 1620 ltilo
2441 1567 2604 1623 fuisse
2634 1583 2965 1642 superatum.

2373 1659 2507 1714 Anc.
2532 1659 2990 1734 Nemosupcratur
3008 1681 3036 1718 a
3064 1665 3267 1733 nihilo;
3285 1669 3379 1725 sed
3405 1680 3457 1726 tu
3477 1676 3787 1744 superarisnihi

2299 1746 2527 1804 dicendo
2552 1769 2564 1804 :
2595 1769 2691 1806 nec
2712 1766 2809 1825 ego
2836 1756 2886 1810 in
2908 1757 3078 1811 nihilo
3099 1760 3363 1816 collocavi
3392 1778 3534 1833 spem
3556 1774 3788 1834 meam;stl

2301 1850 2355 1895 tu
2378 1842 2446 1896 "ad
2478 1844 2700 1900 nihilum
2730 1848 3023 1917 perduxisti
3052 1851 3433 1923 loquacitatem
3461 1865 3604 1911 tuam.
3632 1860 3785 1928 επιεδὲ

2300 1946 2446 1991 recte
2489 1937 2756 2010 intelligas
2795 1943 2937 2013 quod
2981 1951 3238 2015 perVerse
3284 1948 3534 2020 loqueris,
3578 1953 3662 2007 isto
3690 1958 3787 2010 modo

2300 2025 2441 2081 Deus
2470 2042 2499 2081 a
2538 2028 2709 2084 nihilo
2753 2040 3069 2102 superatur,
3110 2038 3368 2108 quoniam
3414 2040 3565 2096 Deum
3603 2038 3709 2097 nulla
3735 2054 3785 2102 re:

2299 2126 2518 2187 snperat
2562 2135 2575 2173 :
2618 2121 2747 2176 nihil
2793 2125 2936 2179 enim
2977 2126 3105 2197 quid
3144 2138 3269 2197 est,
3303 2130 3407 2186 nisi
3445 2145 3527 2187 res
3560 2133 3787 2192 nullailsto

2299 2207 2459 2263 modo
2499 2210 2660 2266 etiam
2702 2212 2843 2271 Deus
2884 2229 2988 2271 non
3035 2225 3214 2288 potest
3252 2234 3504 2290 superare
3541 2223 3677 2289 nihil;
3711 2227 3783 2296 quia

2298 2300 2499 2356 nullam
2540 2317 2656 2358 rem
2701 2320 2807 2360 non
2851 2318 3111 2376 superat,
3157 2311 3251 2381 qui
3300 2321 3511 2383 superat
3548 2315 3784 2382 omnia;est

2299 2392 2441 2446 cnim
2469 2408 2630 2463 super
2652 2398 2852 2453 omnia.
2887 2397 2995 2454 Sed
3030 2418 3049 2452 ι
3086 2415 3193 2456 non
3223 2404 3549 2474 introspexit,
3584 2422 3601 2456 ι
3630 2415 3671 2459 ιιι
3688 2406 3780 2471 dicis,

2304 2500 2325 2536 ι
2362 2484 2682 2543 Manichaaus
2711 2489 3034 2547 subtilitates
3058 2492 3384 2549 divisionum
3431 2498 3634 2563 tuarum,
3652 2507 3693 2551 et
3708 2497 3781 2551 ideo

2297 2575 2462 2644 dicit,
2490 2577 2547 2634 Si
2575 2579 2769 2635 malum
2800 2597 2869 2637 ex
2896 2582 3110 2640 homine
3130 2627 3144 2651 ,
3174 2585 3341 2640 homo
3363 2596 3530 2640 autem
3558 2602 3635 2657 per
3653 2587 3777 2651 Deum,

2299 2670 2498 2724 malum
2523 2671 2683 2741 igitur
2705 2688 2800 2742 per
2826 2673 2993 2730 Deum
3024 2692 3040 2730 :
3078 2691 3097 2729 ι
3125 2688 3182 2731 ιιι
3206 2677 3307 2730 hac
3328 2678 3636 2732 conclusione
3658 2678 3777 2741 territi,

2297 2769 2391 2815 aut
2412 2761 2682 2818 hominem
2716 2778 2811 2835 per
2838 2765 3030 2834 Deum,
3059 2777 3150 2822 aut
3178 2769 3381 2823 malum
3412 2783 3636 2838 negemus
3653 2783 3699 2823 ex
3717 2768 3779 2821 ιο.

2298 2852 2462 2919 mine,
2489 2861 2585 2909 aut
2608 2864 2916 2927 utrumque,
2946 2868 3004 2921 ut
3023 2859 3134 2926 ille,
3159 2859 3354 2927 falsum
3382 2875 3495 2916 esse
3513 2861 3722 2924 dicamus;
3740 2868 3778 2914 at

2297 2943 2376 2999 sic
2410 2944 2565 3002 nobis
2592 2946 2894 3003 introducat
2930 2950 3113 3006 nescio
3153 2967 3318 3021 quam
3360 2950 3667 3007 substantiam
3689 2959 3777 3004 tene-

2295 3033 2512 3091 brarum
2532 3078 2549 3105 ,
2573 3053 2701 3110 qua}
2717 3038 2990 3096 hominem
3020 3040 3248 3111 fecerit,
3275 3052 3333 3099 et
3368 3059 3483 3114 qua:
3514 3042 3775 3114 principaliter

2295 3128 2495 3184 malum
2537 3131 2639 3200 sit,
2668 3131 2809 3189 unde
2834 3133 3030 3189 malum
3056 3150 3220 3191 omne
3254 3124 3501 3191 credatur
3527 3136 3562 3187 ί.
3585 3133 3650 3189 Tu
3675 3145 3773 3201 ergo,

2295 3219 2502 3277 divisor
2521 3225 2892 3293 subtilissime,
2922 3228 3042 3283 huic
3070 3230 3286 3284 astutia:
3315 3245 3418 3300 qua
3444 3236 3580 3300 putas
3602 3226 3773 3297 sapientia

2295 3314 2653 3371 resistendum
2670 3317 2697 3371 7
2722 3336 2742 3370 ι
2784 3319 2987 3388 Dicam,
3018 3339 3038 3373 ι
3066 3321 3265 3393 inquis,
3294 3339 3314 3374 ι
3347 3323 3533 3377 malum
3555 3320 3611 3375 ab
3632 3316 3774 3373 homine

2294 3420 2360 3462 es
2403 3407 2641 3478 possibili
2687 3410 2997 3479 exstitisse”,
3045 3427 3151 3468 non
3198 3429 3268 3470 ex
3316 3413 3611 3470 necessario.
3639 3408 3771 3476 ιριηεί

2294 3508 2424 3551 vero
2466 3498 2561 3553 tibi
2602 3499 2690 3555 ille
2732 3503 3059 3572 respondere
3098 3519 3203 3560 non
3249 3505 3451 3577 possit,
3491 3503 3540 3560 Si
3573 3502 3719 3558 malum
3734 3512 3772 3551 ει

2294 3587 2571 3658 possibili,
2600 3591 2925 3660 possibilitas
2963 3608 3030 3648 ex
3067 3602 3264 3650 natura
3288 3638 3303 3661 ,
3341 3603 3516 3650 natura

2294 3680 2495 3735 malum
2524 3682 2684 3752 igitur
2702 3696 2801 3756 per
2822 3683 3009 3740 Deum.
3034 3685 3183 3741 Hanc
3204 3686 3580 3742 conclusionem
3599 3682 3635 3737 si
3656 3692 3695 3735 tu
3710 3692 3770 3732 non

2294 3772 2454 3828 times
2476 3812 2493 3841 ,
2529 3788 2629 3829 nec
2653 3788 2752 3846 ego
2787 3775 2934 3832 illam
2965 3795 2979 3833 :
3002 3780 3255 3849 quoniam
3283 3780 3433 3834 ambo
3461 3793 3554 3833 non
3579 3791 3632 3831 ex
3651 3785 3769 3828 neces.

2293 3864 2475 3928 sario,
2517 3864 2611 3920 sed
2652 3880 2718 3920 ex
2761 3867 3006 3936 possibili
3046 3883 3303 3939 peccasse
3345 3867 3588 3924 hominem
3622 3863 3769 3934 primum

3695 372 3781 431 lilii

3541 3607 3621 3662 per
3641 3591 3768 3649 Deum.

2293 3954 2629 4010 confitemur.
2655 3955 2868 4013 Etenim
2901 3974 2999 4015 nos
3024 3958 3268 4016 dicentes
3298 3960 3548 4015 hominem
3574 3962 3767 4026 ρτοριιτα

2291 4046 2530 4116 potuisse
2564 4062 2787 4117 peccare
2809 4091 2825 4117 ,
2859 4050 2982 4121 quia
3012 4066 3117 4106 non
3155 4060 3238 4107 est
3283 4052 3397 4121 ejus
3434 4058 3595 4104 natura
3617 4038 3767 4099 [δειλὼ

2293 4140 2422 4208 Deo,
2450 4144 2693 4214 quamvis
2718 4146 2940 4200 omnino
2970 4148 3090 4204 esse
3116 4149 3218 4203 nisi
3251 4150 3344 4205 illo
3374 4154 3570 4204 creante
3593 4157 3672 4198 non
3690 4151 3767 4209 μσς·

2290 4242 2404 4301 set;
2432 4248 2540 4290 non
2576 4236 2648 4291 ita
2685 4234 2788 4292 hoc
2816 4236 3045 4294 dicimus
3066 4280 3081 4303 ,
3110 4247 3171 4295 ut
3203 4255 3272 4296 ex
3300 4241 3395 4295 hoc
3421 4237 3468 4294 ei
3502 4236 3693 4292 dicamus
3708 4228 3765 4281 im-

2290 4334 2536 4393 pactam.
2585 4326 2722 4380 sicut
2764 4327 3109 4385 calumniaris
3132 4370 3146 4394 ,
3186 4328 3435 4400 peccandi
3474 4321 3761 4382 necessitatem.

2290 4414 2517 4470 Prorsus
2539 4428 2763 4487 pecearc
2778 4424 2994 4489 poterat
3012 4430 3067 4476 et
3089 4436 3196 4477 non
3229 4436 3446 4494 peccare
3467 4420 3487 4452 ⁹
3514 4435 3526 4470 :

3553 4412 3630 4470 sed
3652 4412 3682 4465 si
3699 4421 3761 4462 non

2289 4504 2356 4560 de
2384 4506 2552 4561 nihilo
2579 4508 2746 4564 factus
2773 4519 2947 4579 esset,
2982 4511 3031 4566 id
3071 4521 3185 4581 est,
3213 4513 3259 4568 si
3290 4513 3354 4570 de
3395 4513 3493 4566 Deo
3526 4515 3673 4562 natura
3691 4497 3760 4567 01"”

2288 4607 2451 4665 esset,
2477 4613 2702 4669 peccare
2722 4602 2945 4657 omnino
2970 4618 3077 4658 non
3104 4612 3304 4676 posset.
3335 4603 3454 4671 Quis
3475 4598 3595 4656 enim
3616 4599 3678 4649 est
3694 4597 3757 4643 tam

2288 4689 2531 4755 demens,
2556 4692 2644 4763 qui
2667 4691 2848 4748 dicere
2869 4695 3083 4762 audeat,
3108 4697 3479 4752 immutabilem
3499 4700 3546 4747 et
3567 4689 3759 4743 incantct'

2289 4780 2490 4836 tibilcm
2525 4793 2770 4837 naturam
2797 4800 2915 4857 qua:
2946 4786 3083 4842 Deus
3107 4798 3211 4853 cst,
3241 4790 3347 4843 ullo
3372 4783 3516 4840 modo

2287 4882 2440 4937 care;
2481 4871 2547 4927 de
2576 4887 2682 4944 quo
2710 4874 2848 4929 dicat
2879 4878 3169 4948 Apostilus
3189 4923 3204 4948 ,
3236 4879 3432 4953 Negare
3466 4892 3513 4930 se

3538 4790 3661 4851 posse
3679 4783 3754 4841 μετ’

3546 4873 3673 4943 ipsum
3696 4875 3756 4915 non

2288 4972 2448 5033 potest
2478 4963 2551 5036 (ιι
2575 4963 2710 5019 Tim.
2744 4982 2813 5035 ιι,
2848 4968 2972 5033 l3)?
3002 4969 3224 5041 Utrique
3269 4973 3416 5043 igitur
3451 4961 3752 5022 Manichth

2285 5053 2543 5122 sistimus,
2561 5054 2801 5114 dicentes
2813 5076 2841 5113 a
2865 5060 3006 5115 bono
3030 5070 3085 5117 et
3096 5063 3240 5134 justo
3256 5065 3362 5120 Deo
3375 5077 3469 5117 nou
3493 5057 3557 5113 sic
3567 5048 3757 5127 hominem.

2286 5144 2480 5201 factum
2508 5161 2649 5215 esse,
2682 5159 2740 5204 ut
2763 5151 2812 5205 ei
2837 5162 2979 5207 esset
3007 5169 3228 5210 necesse
3250 5165 3481 5227 peccare;
3500 5156 3546 5203 et
3567 5142 3658 5198 ideo

2284 5250 2437 5292 casse
2474 5236 2598 5308 quia
2638 5241 2844 5310 voluit,
2873 5243 2961 5314 qui
3007 5255 3187 5315 posset
3211 5222 3268 5303 ei
3306 5244 3452 5301 none,
3489 5234 3577 5292 sed
3600 5222 3749 5299 quodin

2284 5326 2400 5397 ejus
2416 5331 2671 5399 progenie
2688 5332 2822 5388 mala
2844 5342 2989 5390 tanta
3005 5343 3059 5390 et
3075 5345 3179 5391 tam
3197 5335 3453 5392 manifesta
3470 5317 3741 5393 conSpicimﬂSv

2284 5432 2390 5473 non
2411 5420 2708 5478 voluntarla
2738 5421 3044 5495 hominum,
3082 5428 3175 5483 sed
3205 5445 3320 5483 eum
3347 5425 3514 5496 quibus

3538 5408 3618 5469 pati
3640 5405 3741 5458 sunt.

2282 5522 2404 5564 cum
2446 5528 2507 5563 ea
2546 5513 2729 5568 venire
2767 5514 2834 5571 de
2867 5517 3050 5572 vitiata
3090 5534 3185 5588 per
3218 5526 3468 5590 peccatum
3504 5496 3741 5590 origin?“

2347 5735 2367 5828 :
2399 5735 3318 5828 ςβὲςιξηεῆτξιλ’πειενξξξείεξςάίίεεεξς

2400 5802 2448 5845 tn
2475 5798 2618 5868 editis
2641 5799 2746 5848 loco
2765 5834 2778 5858 ,
2803 5814 3037 5866 peccare;
3061 5804 3186 5855 male
3206 5802 3512 5854 substitutum.

2283 5864 2665 5920 repugnantibus
2690 5869 2793 5912 vss;
2810 5878 2823 5884 '

3529 5768 3731 5853 potatui“
