3980 6496
227 392 255 449 Ι
266 390 372 450 689

224 508 384 579 cujus
411 502 788 564 commixtione
816 496 910 554 Dei
938 503 1124 551 natura
1150 497 1400 560 corrupta
1430 488 1522 553 sit,
1563 495 1811 553 tzutquam

228 602 283 655 in
298 578 438 654 arce
467 594 812 652 Mauichmum
844 587 1062 643 haeresis
1092 592 1264 639 vestra
1291 578 1587 646 constituit,
1613 590 1684 632 ex
1712 587 1817 645 qua

224 702 281 748 et
313 691 458 745 illum
484 686 640 743 simul
666 694 720 740 et
752 698 846 738 vos
868 680 1067 736 veritas
1092 674 1295 747 dejicit.
1718 753 1722 757 ψ

300 784 411 840 LV.
442 781 557 838 Jun.
585 778 868 836 Patiuntur
905 774 1043 829 hanc
1079 783 1267 826 omnes
1302 762 1644 837 ignominiam
1670 801 1687 827 ,
1726 758 1816 829 qui

225 876 468 934 indicunt
489 870 709 930 veritati
726 869 945 925 bellum.
977 864 1085 921 Nos
1110 877 1240 933 ergo
1265 857 1407 931 quod
1434 856 1639 926 egimus
1667 850 1820 907 colli-

224 983 434 1040 gamus.
477 964 745 1032 Qumritur
781 961 924 1017 unde
961 959 1049 1014 illa
1091 955 1262 1026 prima
1300 951 1544 1006 voluntas
1584 945 1720 1040 mala
1763 942 1815 1040 iu

227 1033 447 1116 homine
478 1057 639 1113 fuerit
666 1065 872 1108 exorta.
907 1047 1333 1117 Respondemus,
1363 1042 1405 1097 A
1436 1046 1582 1092 motu
1613 1033 1813 1099 animi,

227 1158 455 1223 cogente
480 1148 645 1202 nullo.
675 1145 936 1215 Objicitur
959 1180 974 1208 ,
1005 1139 1062 1194 Si
1093 1138 1110 1170 ⁸
1143 1138 1194 1191 in
1220 1147 1384 1205 opere
1413 1131 1505 1185 Dei
1534 1124 1817 1223 apparuit?

228 1220 566 1300 Assentimur
613 1254 801 1294 verum
843 1249 982 1290 esse.
1027 1232 1262 1301 [iugatur
1303 1222 1572 1296 quomodo
1614 1220 1663 1275 id
1709 1233 1814 1272 non

229 1337 547 1399 abnuamus,
576 1332 665 1403 qui
693 1342 947 1399 negamus
974 1323 1214 1381 naturale
1240 1326 1540 1391 peccatum.
1570 1313 1816 1382 Respon-

230 1427 439 1493 demus,
468 1423 601 1491 Quia
629 1423 679 1476 in
705 1433 867 1490 opere
895 1417 985 1471 Dei
1014 1432 1044 1468 a
1076 1411 1311 1484 possibili
1334 1407 1514 1464 existit
1541 1413 1815 1476 peccatum

228 1520 371 1577 istud
396 1560 412 1586 ,
459 1532 566 1573 non
609 1531 639 1569 a
680 1512 1001 1570 necessario.
1044 1505 1314 1563 Naturalia
1349 1517 1479 1573 ergo
1515 1495 1817 1555 necessaria

228 1620 357 1668 sunt
375 1651 392 1677 ,
425 1606 698 1680 possibilia
727 1614 905 1659 autem
932 1597 1248 1655 voluntaria.

240 1718 245 1723 ‘
300 1704 437 1758 Auo.
463 1701 598 1757 Sunt
617 1706 673 1754 et
694 1694 997 1753 voluntaria
1021 1689 1344 1754 necessaria,
1376 1686 1515 1742 sicut
1533 1683 1671 1741 beati
1697 1695 1819 1738 esse

229 1795 497 1862 volumus,
525 1800 581 1848 et
609 1805 833 1848 necesse
857 1796 941 1844 est
966 1796 1022 1843 ut
1038 1785 1264 1842 velimus
1290 1801 1305 1839 :
1327 1787 1453 1837 sunt
1471 1787 1525 1835 et
1548 1775 1817 1849 possibilia

228 1888 521 1953 naturalia;
549 1886 627 1941 sic
651 1882 906 1955 po‘ssibile
935 1888 1021 1937 est
1055 1878 1199 1936 enim
1241 1884 1298 1931 ut
1323 1872 1584 1944 concipiat
1623 1871 1818 1926 femina

229 1997 352 2053 qua:
398 1979 708 2037 concumbit
752 1991 875 2034 cum
921 1975 1037 2030 viro
1078 1972 1190 2028 suis
1226 1979 1281 2027 et
1318 1969 1460 2026 illius
1498 1965 1819 2038 genitalibus

228 2071 510 2138 membris,
539 2070 586 2126 si
610 2083 711 2126 nec
736 2069 847 2139 ipsa
868 2065 1067 2122 sterilis
1093 2064 1183 2130 sit,
1217 2077 1315 2118 nec
1343 2061 1462 2126 ille;
1492 2057 1587 2114 sed
1609 2072 1714 2111 non
1736 2062 1820 2110 est

231 2163 594 2221 necessarium
638 2178 653 2216 :
695 2160 810 2216 fieri
849 2159 1047 2229 quippe
1087 2162 1296 2227 potest,
1326 2152 1420 2208 sed
1460 2162 1681 2206 necesse
1711 2161 1818 2201 non

230 2266 344 2322 est;
368 2265 423 2311 et
451 2265 628 2310 tamen
657 2251 899 2307 naturale
918 2259 1022 2306 est.
1043 2249 1205 2314 Tace,
1228 2247 1491 2302 obsecro:
1515 2256 1669 2296 vanae
1694 2248 1821 2295 sunt

228 2347 597 2414 definitiones;
621 2336 720 2401 nec
739 2343 985 2409 subtiles,
1007 2340 1100 2397 sed
1123 2339 1353 2410 pueriles
1372 2334 1665 2392 divisiones
1692 2340 1817 2387 tum.

301 2438 433 2496 LV].
459 2437 580 2495 Jun.
611 2438 692 2494 Ac
720 2451 817 2507 per
840 2434 943 2491 hoc
966 2475 982 2500 ,
1012 2441 1072 2488 ut
1099 2439 1373 2502 peccatum
1401 2425 1569 2483 motui
1606 2423 1817 2490 libero,
1904 2456 1907 2459 ‹

233 2532 312 2587 ita
336 2540 577 2586 naturam
606 2528 717 2585 Deo
741 2525 1092 2583 adscribimus
1115 2519 1399 2579 conditori.
1425 2518 1520 2573 Est
1542 2516 1704 2588 igitur
1727 2527 1822 2568 na-

208 2632 357 2679 ‘tura
394 2622 620 2678 humana
645 2620 845 2675 bonum
873 2630 1009 2687 opus
1036 2615 1128 2671 Dei
1162 2631 1176 2668 :
1207 2621 1293 2669 est
1328 2610 1550 2666 libertas
1576 2604 1818 2672 arbitrii,

234 2713 293 2770 id
315 2721 415 2781 est,
438 2712 758 2784 possibilitas
779 2709 862 2765 vel
888 2704 1257 2778 delinquendi,
1279 2704 1364 2759 vel
1389 2710 1539 2759 recte
1564 2697 1818 2767 faciendi,

232 2807 435 2864 bonum
455 2821 609 2877 atque
626 2803 764 2875 opus
777 2802 894 2859 Dei.
919 2798 1212 2870 Utrumque
1232 2797 1336 2853 hoc
1356 2794 1556 2850 homini
1576 2808 1607 2848 a
1629 2805 1822 2847 neces-

231 2904 378 2962 sario
399 2903 587 2957 venit:
616 2909 803 2956 neutra
841 2897 908 2954 de
936 2895 1021 2951 bis
1058 2893 1263 2949 duabus
1299 2890 1460 2947 rebus
1496 2887 1624 2944 mali
1659 2899 1823 2941 causa

231 3003 335 3051 est.
357 2993 465 3050 Sed
492 2993 596 3049 huc
624 3005 795 3062 usque
816 2985 1117 3044 necessaria
1142 2983 1230 3040 illa
1259 2988 1523 3037 venerunt
1550 2995 1564 3033 :
1590 2977 1702 3049 jam
1729 2989 1824 3031 vo-

232 3088 409 3143 luntas
432 3086 647 3159 quidem
673 3083 727 3157 in
756 3081 842 3137 his
866 3080 1128 3141 exoritur,
1158 3076 1253 3133 sed
1280 3091 1386 3131 non
1415 3073 1485 3129 de
1513 3071 1617 3127 his.
1649 3069 1827 3140 Capa-

120 3186 133 3197 '
232 3172 613 3235 ciavolun'tatis
632 3175 988 3246 suntquippc,
1017 3185 1125 3225 non
1151 3168 1337 3240 plena;
1360 3179 1463 3223 nec
1484 3163 1702 3229 faciunt,
1728 3159 1823 3217 sed

230 3270 500 3341 accipiunt
528 3265 890 3324 diversitatem
916 3262 1249 3319 meritorum.

306 3364 444 3417 Aue.
496 3358 749 3414 Naturam
802 3365 857 3412 et
907 3355 1135 3411 liberum
1188 3350 1469 3407 arbitrium
1523 3345 1826 3405 rectissime

233 3452 376 3509 bona
403 3449 680 3507 conﬁteris
704 3460 826 3504 esse
855 3446 951 3502 Dei
977 3459 1141 3515 opera
1166 3460 1181 3498 :
1205 3441 1299 3498 sed
1326 3439 1467 3512 quod
1496 3438 1827 3494 voluntatem

236 3547 290 3600 in
335 3544 419 3598 his
455 3542 694 3613 quidem,
728 3538 970 3595 sed'non
999 3536 1067 3592 de
1098 3535 1181 3590 his
1217 3532 1417 3589 asseris
1450 3528 1669 3595 exoriri,
1699 3526 1827 3599 quid

234 3620 478 3692 insanius
508 3633 615 3689 dici
657 3630 871 3703 potest?
901 3630 1046 3684 ltane
1071 3640 1222 3693 vero,
1256 3624 1485 3689 Iuliane,
1513 3637 1580 3677 ex
1611 3617 1829 3675 homine

237 3727 471 3784 hominis
494 3727 744 3782 voluntas
772 3740 880 3780 non
910 3723 1097 3788 oritur,
1123 3717 1441 3775 comitatuo
1468 3715 1666 3770 bonum
1694 3725 1830 3782 opus

239 3823 338 3880 Dei
381 3824 486 3880 sit?
523 3823 801 3878 Postremo
831 3819 1069 3889 potuitne
1104 3812 1396 3871 ascendere
1437 3811 1491 3865 in
1530 3823 1627 3864 cor
1653 3815 1826 3872 tuum,

239 3917 438 3973 exoriri
459 3917 674 3989 quidem
704 3914 935 3970 hominis
957 3911 1304 3974 voluntatem,
1326 3903 1421 3961 sed
1443 3917 1549 3958 non
1567 3901 1635 3957 de
1660 3900 1831 3957 libero

235 4011 356 4082 ejus
375 4009 633 4065 arbitrio?
655 4009 749 4063 Dic
774 4021 901 4078 ergo
927 4004 1087 4071 unde,
1113 4002 1157 4057 si
1183 4013 1290 4056 non
1317 3998 1621 4060 de-natura,
1644 3993 1699 4048 id
1724 3999 1828 4059 est,

238 4118 349 4158 non
375 4102 444 4158 dc
473 4103 591 4174 ipso
619 4100 871 4166 homine;
899 4098 1086 4155 sinon
1120 4085 1188 4150 de
1228 4094 1398 4148 libero
1433 4090 1548 4161 ejus
1585 4086 1828 4153 arbitrio,

241 4194 352 4261 die,
380 4209 530 4264 rogo,
561 4192 705 4248 unde
731 4192 976 4247 voluntas
1012 4186 1243 4244 hominis
1271 4185 1494 4241 oriatur.
1524 4179 1711 4237 Dixisti
1742 4176 1831 4234 ubi

243 4287 469 4354 oriatur,
499 4286 587 4341 dic
613 4293 668 4341 et
697 4283 857 4339 unde.
881 4282 1027 4337 Bona
1054 4292 1216 4351 opera
1245 4277 1338 4333 Dei
1381 4280 1509 4332 sunt
1547 4281 1734 4328 natura
1777 4276 1835 4325 et

94 4442 105 4449 ί
134 4376 473 4437 differam
498 4376 809 4432 arbitrium:
838 4390 859 4427 ‹
890 4372 947 4428 in
974 4372 1078 4439 his,
1111 4390 1132 4424 ι
1162 4368 1356 4440 inquis,
1385 4383 1404 4420 ι
1431 4366 1678 4421 voluntas
1704 4375 1835 4417 exo-

246 4468 403 4534 ritur,
441 4464 543 4524 sed
565 4482 688 4523 non.
711 4466 779 4521 de
817 4464 919 4520 his.
951 4481 972 4517 ›
1008 4461 1157 4520 Unde
1185 4458 1352 4531 ergo?
1378 4458 1497 4525 die;
1528 4454 1827 4520 audiamus,

246 4557 534 4615 discamus.
574 4552 695 4637 A‘ut,
722 4556 945 4614 ostende
992 4553 1192 4625 aliquid
1233 4550 1430 4606 alicubi
1468 4558 1644 4604 ortum
1687 4561 1846 4614 esse,

243 4664 369 4706 cum
399 4649 539 4707 unde
562 4665 666 4706 non
696 4638 862 4707 esset.
890 4647 1114 4703 Mundus
1142 4643 1354 4716 quidem
1384 4641 1454 4697 de
1483 4639 1649 4696 nihilo
1676 4652 1835 4694 exor-

241 4752 330 4799 tus
358 4751 461 4811 est,
484 4742 578 4799 sed
604 4743 717 4799 Deo
745 4741 1004 4807 faciente;
1032 4754 1155 4793 nam
1186 4737 1229 4793 si
1257 4736 1425 4792 Deum
1451 4732 1694 4805 opificem
1723 4745 1831 4786 non

241 4834 484 4902 haberet,
523 4835 591 4890 de
618 4834 777 4889 nullis
803 4833 963 4889 rebus
987 4829 1209 4886 omnino
1236 4827 1365 4883 oriri
1404 4840 1510 4881 non
1552 4830 1750 4896 posset.
1776 4820 1835 4878 Si

237 4943 371 4998 ergo
396 4937 451 4983 et
474 4928 722 4984 voluntas
752 4927 805 4983 in
834 4925 1054 4981 homine
1084 4922 1167 4979 vel
1195 4922 1249 4977 in
1279 4920 1395 4993 ejus
1419 4919 1588 4975 libero
1612 4916 1835 4973 arbitrio

239 5018 311 5074 de
360 5019 530 5075 nihilo
575 5027 761 5075 exorta
809 5026 910 5085 est,
957 5015 1078 5089 quis
1122 5029 1242 5070 eam
1293 5011 1456 5068 fecit?
1486 5012 1592 5066 Aut
1636 5011 1679 5065 si
1728 5024 1835 5065 non

241 5110 404 5179 facta,
434 5111 522 5168 vel
550 5119 667 5166 orta
693 5120 778 5167 est
800 5112 846 5179 ’³,
868 5109 990 5181 quis
1015 5123 1134 5164 eam
1161 5103 1378 5177 genuit?
1402 5105 1484 5160 An
1513 5103 1626 5159 sola
1661 5109 1754 5157 est-
1780 5102 1834 5157 in

240 5203 438 5271 rebus,
484 5219 606 5274 quae
648 5218 768 5260 esse
804 5210 1116 5274 coeperunt,
1162 5201 1299 5255 facta
1328 5213 1357 5253 a
1385 5198 1533 5254 nullo
1553 5196 1596 5263 ⁸,
1619 5204 1742 5252 nata
1766 5195 1837 5252 de

243 5293 428 5349 nullo?
453 5291 563 5349 Cur
591 5307 720 5366 ergo
756 5303 977 5366 propter
1023 5292 1169 5347 illam
1207 5289 1493 5345 damnatur
1520 5289 1701 5353 homo,
1729 5301 1838 5358 quo

245 5396 354 5437 non
381 5386 596 5443 volente
636 5396 821 5443 exorta
861 5394 945 5443 est
984 5388 1037 5441 in
1082 5385 1175 5440 illo
1204 5384 1453 5440 voluntas
1491 5383 1654 5449 mala,
1684 5381 1840 5451 cujus

244 5484 365 5529 erat
403 5482 605 5533 tantum
648 5492 838 5549 capax,
867 5492 974 5533 non
1015 5475 1245 5532 efficax?
1269 5475 1329 5531 Si
1372 5482 1575 5541 autem,
1618 5480 1678 5529 ut
1711 5472 1837 5543 jure

314 5653 331 5685 ¹
366 5650 528 5702 Codex
552 5658 820 5712 Portarmn,
843 5653 953 5705 sed.

312 5714 336 5786 ξ
368 5713 499 5786 idem
521 5715 676 5786 codex
690 5713 814 5786 ,“sed
828 5722 936 5765 orta
955 5720 1043 5786 est.

315 5776 338 5808 ³
368 5775 488 5840 mliti
501 5809 517 5834 ,
540 5777 604 5825 de
624 5774 794 5838 nullo;
830 5789 885 5828 ac
908 5774 1051 5840 paulo
1073 5781 1196 5840 post,
1225 5787 1316 5840 quo
1345 5772 1529 5828 nolente
1549 5780 1719 5835 exorta
1740 5781 1837 5835 est.

249 5836 573 5889 [mandantur
597 5850 659 5887 ex
683 5836 788 5888 uss.

1606 363 1805 420 LIBER
1845 362 2160 428 QUINTUS.

3371 367 3508 426 “90

1923 475 2228 547 damnetur,
2267 494 2332 535 eo
2376 480 2589 537 volente
2637 481 2689 536 in
2739 482 2839 538 illo
2876 491 3060 538 exorta
3105 492 3219 549 cst;
3260 497 3355 538 cur
3395 484 3513 554 ejus

1921 569 2091 646 ipsius
2116 571 2439 628 voluntatem
2466 574 2535 630 de
2565 574 2657 628 illo
2682 584 2926 630 exortam
2954 590 3134 645 negas,
3168 590 3275 644 quo
3299 574 3514 628 volente

1922 669 2164 716 exortam
2186 677 2326 730 esse,
2348 674 2402 719 et
2427 681 2533 736 quo
2560 665 2660 720 nisi
2684 665 2894 722 volente
2921 665 3117 721 exoriri
3144 681 3248 720 non
3273 665 3512 735 potuisse

1922 767 2031 808 non
2077 755 2277 825 negas?
2314 756 2447 812 Cum
2489 773 2619 812 vero
2663 756 2731 812 de
2781 758 2871 812 illo
2910 767 3025 813 orta
3069 766 3172 822 est,
3214 757 3281 811 de
3324 765 3512 811 natura

1921 848 2107 902 exorta
2133 856 2238 913 est,
2263 847 2384 917 quia
2405 846 2566 902 homo
2591 855 2778 903 natura
2798 858 2879 905 est
2903 866 2918 915 ;
2943 857 2999 904 et
3015 850 3138 919 quia
3160 849 3329 919 potuit
3348 848 3509 903 etiam

1921 936 2069 993 nolle
2103 937 2246 1008 quod
2270 938 2460 999 voluit.
2486 938 2555 995 de
2592 940 2759 995 libero
2783 940 2901 1011 ejus
2929 940 3152 995 arbitrio
3189 949 3376 994 exorta
3406 947 3509 1006 est,

1921 1029 2065 1101 quod
2107 1039 2163 1085 et
2207 1030 2403 1101 ipsum,
2434 1032 2573 1087 sicut
2620 1033 2822 1096 fateris,
2857 1033 3088 1102 pertinet
3124 1031 3190 1085 ad
3223 1038 3465 1086 naturam
3498 1049 3511 1083 :

1922 1134 2019 1175 cur
2047 1136 2177 1190 ergo
2216 1136 2378 1191 negas
2419 1122 2616 1177 clausis
2656 1122 2825 1177 oculis
2852 1136 2942 1176 res
2969 1131 3205 1192 apertas,
3227 1121 3295 1176 de
3322 1129 3510 1176 natura

1925 1211 2156 1267 heminis
2195 1211 2394 1268 exoriri
2420 1213 2748 1267 voluntatem
2776 1211 3008 1267 hominis
3033 1213 3073 1279 ⁸,
3098 1212 3222 1267 dum
3264 1211 3418 1267 times
3444 1228 3511 1265 ne

1922 1300 2249 1358 Manichaius
2281 1313 2488 1358 natura!
2523 1302 2684 1375 hujus
2721 1313 2935 1361 accuset
2966 1304 3281 1361 auctorem?
3304 1302 3513 1360 Sufficit

1922 1392 2001 1449 ad
2038 1395 2186 1450 illam
2229 1395 2584 1467 pestilentiam
2627 1396 3018 1464 refellendam,
3063 1396 3206 1467 quod
3249 1396 3510 1451 catholica

1923 1486 2119 1541 veritas
2147 1486 2420 1557 praedicat,
2460 1486 2530 1542 ab
2571 1487 2775 1557 optimo
2816 1488 2925 1544 Deo
2966 1488 3045 1543 sic
3084 1504 3207 1545 esse
3237 1488 3507 1543 hominem

1923 1578 2218 1646 conditum,
2248 1589 2304 1634 ut
2329 1580 2706 1636 necessitatem
2734 1579 2986 1651 peccandi
3015 1597 3119 1635 non
3144 1580 3384 1647 haberet,
3413 1594 3513 1637 nec
3553 1588 3559 1600 '

1924 1678 2189 1740 peccaret,
2215 1671 2259 1725 si
2292 1685 2517 1742 peccue
2544 1671 2743 1739 nollet;
2769 1686 2893 1727 eum
2930 1673 3091 1726 etiam
3130 1685 3344 1741 semper
3370 1671 3514 1727 nolle

1925 1763 2107 1835 utique
2126 1773 2327 1836 posset.
2351 1765 2482 1833 Quis
2504 1766 2646 1821 enint
2676 1773 2783 1823 tam
2810 1765 2880 1821 sit
2905 1775 3085 1822 mente
3112 1778 3305 1829 caecus,
3329 1773 3512 1819 utnon

1914 1855 2132 1923 videat,
2161 1857 2301 1912 sicut
2341 1856 2504 1912 homo
2541 1866 2625 1913 est
2668 1856 2914 1927 primitus
2951 1856 3219 1923 conditus,
3259 1870 3513 1926 maguum

1922 1947 2124 2005 bonum
2145 1963 2266 2004 esse
2285 1957 2508 2012 naturae,
2533 1962 2693 2025 posse
2717 1964 2826 2004 non
2854 1964 3112 2019 pcecare;
3138 1948 3379 2018 quamvis
3399 1963 3514 2003 ma-

1918 2036 2009 2106 jus
2037 2038 2129 2104 sit,
2157 2052 2264 2093 non
2295 2053 2458 2110 posse
2484 2053 2743 2109 peccare:
2769 2048 2928 2110 atque
2955 2039 3351 2095 ordinatissime
3374 2053 3512 2095 con-

1904 2129 2204 2197 .stitutum,
2254 2140 2313 2185 ut
2360 2129 2463 2186 hoc
2505 2130 2658 2202 prius
2703 2141 2850 2188 esset
2893 2130 3034 2186 unde
3083 2133 3234 2186 fieret
3278 2129 3512 2189 hominis

1925 2222 2174 2279 meritum
2197 2263 2214 2291 ,
2262 2232 2318 2279 et
2361 2222 2491 2279 illud
2538 2233 2683 2280 esset
2730 2232 2915 2295 postea
2964 2223 3102 2279 bene
3144 2222 3320 2279 meriti
3370 2237 3513 2293 prtu-

1926 2315 2090 2371 mium
2110 2314 2135 2368 ?
2756 2350 2762 2361 .
2932 2360 2935 2363 ,
3472 2354 3477 2363 .

1997 2404 2155 2462 LVII.
2193 2405 2314 2463 Jun.
2355 2407 2501 2463 Bona
2531 2422 2660 2479 ergo
2691 2408 3018 2479 possibilitas
3042 2408 3169 2463 mali
3200 2418 3361 2479 atque
3386 2407 3513 2465 boni

1925 2499 2254 2556 voluntatem
2303 2515 2410 2556 non
2453 2501 2615 2572 cogit,
2656 2501 2750 2557 sed
2794 2502 3056 2573 permittit
3096 2500 3315 2557 oboriri.
3343 2500 3515 2556 Nemo

1904 2588 2089 2661 igitur
2128 2589 2250 2646 ideo
2291 2589 2466 2646 bonus
2503 2601 2608 2658 est,
2650 2593 2770 2663 quia
2817 2593 2986 2648 libero
3034 2591 3516 2650 affectusarbltrio

1928 2693 2050 2750 est;
2081 2694 2204 2740 sunt
2231 2684 2427 2756 quippe
2465 2684 2617 2740 multi
2657 2684 2903 2740 homines
2931 2700 3083 2756 mque
3111 2684 3285 2749 lihori,
3310 2683 3405 2740 sed
3432 2694 3514 2738 ta-

1928 2790 2055 2832 men
2086 2776 2301 2847 pessimi
2327 2796 2341 2830 :
2371 2776 2468 2833 sed
2506 2793 2608 2833 nec
2649 2776 2770 2833 ideo
2806 2777 3033 2848 quisque
3068 2777 3240 2832 malus
3262 2784 3365 2846 est,
3389 2777 3514 2848 quia

1930 2868 2082 2925 liberi
2126 2869 2333 2927 arbitrii
2371 2879 2490 2937 est;
2520 2881 2645 2925 sunt
2691 2871 2834 2927 enim
2877 2871 3028 2927 multi
3064 2885 3218 2941 mque
3254 2870 3517 2926 libertatis

1932 2957 2090 3029 hujus
2117 2960 2426 3031 participes,
2451 2969 2625 3017 tamen
2651 2960 2860 3031 optimi.
2887 2959 2997 3016 Nec
3018 2960 3189 3015 bonus
3214 2960 3394 3031 igitur,
3418 2975 3521 3015 nec

1932 3050 2104 3105 malus
2132 3050 2299 3106 homo
2322 3051 2446 3107 ideo
2472 3060 2575 3114 est.
2605 3053 2726 3122 quia
2764 3051 2901 3107 liber
2924 3059 3006 3107 est
3033 3069 3047 3106 :
3074 3052 3168 3106 sed
3198 3066 3300 3107 nec
3322 3050 3516 3115 bonus,

1906 3158 2033 3201 .nec
2059 3142 2240 3199 malus.
2264 3159 2388 3200 esse
2409 3152 2610 3214 posset,
2644 3143 2745 3198 nisi
2783 3143 2918 3199 liber
2946 3151 3111 3199 esset.
3138 3142 3234 3198 Est
3262 3157 3390 3213 ergo
3418 3141 3519 3196 ista

1932 3235 2279 3307 possibilitas,
2314 3251 2436 3308 quas
2471 3236 2690 3292 nomine
2736 3236 2999 3292 libertatis
3038 3236 3358 3303 ostenditur,
3388 3235 3459 3291 ita
3480 3251 3522 3290 ea

1931 3325 2335 3397 sapientissimo
2379 3327 2666 3383 constituta
2706 3312 2838 3392 Deo',
2879 3332 2939 3382 ut
2975 3326 3092 3381 sine
3128 3326 3243 3396 ipsa
3284 3339 3391 3381 non
3428 3326 3519 3391 sit,

1932 3416 2078 3488 quod
2105 3432 2201 3487 per
2228 3416 2398 3486 ipsam
2427 3431 2683 3487 essenon
2706 3417 2933 3487 cogitur.
2953 3416 3354 3473 Contrariorum
3376 3416 3521 3473 enim

1934 3523 2039 3565 una
2068 3508 2363 3579 eapacitate
2388 3508 2457 3564 ab
2485 3508 3166 3580 utrorumquepraejudioio
3188 3508 3520 3574 vindicatur;

1935 3602 1988 3657 id
2017 3610 2123 3668 est,
2156 3616 2257 3663 nec
2295 3601 2449 3657 malae
2475 3600 2794 3667 voluntatis,
2831 3616 2933 3659 nec
2966 3601 3121 3657 bona:
3155 3614 3316 3656 causa
3345 3609 3404 3656 et
3430 3615 3525 3655 ne-

1933 3693 2157 3753 cessitas
2199 3692 2323 3748 dici.
2349 3700 2544 3762 potest,
2587 3700 3017 3762 quaeutramque
3060 3691 3139 3746 sic
3185 3690 3412 3759 recipit,
3466 3701 3526 3744 ut

1936 3794 2181 3847 neutram
2205 3785 2488 3856 compellat
2514 3786 2765 3841 existere.
2792 3782 3233 3840 Necessariorum
3261 3788 3389 3854 ergo
3413 3782 3527 3836 sin-

1912 3877 2137 3949 gularis
2175 3876 2387 3945 ductus,
2426 3886 2481 3932 et
2520 3890 2681 3932 unum
2715 3874 2946 3946 quodam
2983 3872 3145 3929 modo
3177 3872 3325 3929 ﬁlum
3372 3874 3523 3941 esti,

1912 3970 2083 4026 .velut
2121 3968 2445 4040 geometrica
2487 3966 2577 4022 illa
2620 3966 2740 4022 sine
2785 3965 3065 4021 latitudine
3108 3962 3383 4036 longitudo
3416 3974 3523 4031 est,

1938 4074 2041 4116 nec
2075 4059 2164 4115 hic
2202 4058 2329 4127 unio
2369 4057 2534 4114 dividi
2576 4066 2769 4128 potest.
2794 4056 3059 4126 Quamdiu
3084 4070 3216 4126 ergo
3242 4053 3527 4126 singularis

1937 4151 2266 4218 extenditur,
2288 4150 2409 4206 vim.
2424 4162 2628 4205 natura:
2653 4165 2764 4205 suae
2791 4159 2937 4217 tenet
2961 4167 2976 4206 :
2997 4158 3053 4205 at
3082 4149 3168 4205 ubi
3198 4148 3249 4205 ei
3273 4161 3527 4205 occurre-

1938 4243 2055 4301 rit’
2096 4242 2238 4314 quod
2277 4242 2330 4298 in
2368 4242 2578 4299 diversa
2616 4242 2877 4310 findatur,
2908 4241 3039 4298 illud
3066 4241 3427 4300 necessarium
3454 4240 3527 4297 il-

1937 4339 2044 4396 lico
2090 4337 2425 4394 terminatur.
2463 4335 2523 4393 ld
2573 4345 2674 4404 est,
2717 4336 2891 4392 bonus
2924 4335 3067 4392 Deus
3109 4335 3309 4392 bonum
3352 4333 3480 4391 fecit
3505 4334 3529 4367 δ

1939 4431 2233 4488 hominem.
2647 4481 2651 4487 .

2009 4524 2145 4580 Auc.
2181 4522 2289 4579 Cur
2313 4537 2440 4593 ergo
2468 4520 2683 4589 dixisti,
2693 4536 2793 4578 nec
2818 4521 3037 4587 bonum,
3061 4536 3165 4578 nec
3186 4520 3384 4577 malum
3404 4535 3529 4577 esse

1940 4611 2234 4680 hominem,
2261 4614 2361 4670 nisi
2388 4613 2599 4685 propria
2624 4613 2932 4678 voluntate;
2960 4620 3018 4668 et
3042 4612 3296 4685 quidquid
3324 4627 3394 4669 ex
3416 4612 3531 4670 Deo

1940 4706 2128 4774 habet,
2157 4722 2225 4763 ex
2251 4705 2555 4765 necessario
2596 4704 2812 4772 habere,
2847 4720 2952 4761 non
2978 4720 3044 4761 ex
3076 4704 3353 4775 possibili?
3376 4703 3531 4772 Quod

1940 4801 2022 4857 vis
2048 4798 2292 4869 intelligi,
2331 4812 2395 4854 ex
2424 4804 2643 4862 natura,
2678 4812 2782 4851 non
2818 4811 2887 4852 ex
2918 4796 3225 4861 voluntate;
3256 4805 3315 4850 ut
3339 4809 3436 4867 per
3463 4808 3527 4853 se

1941 4891 2115 4962 ipsum
2143 4889 2316 4945 bonus
2343 4887 2620 4953 sithomo,
2652 4901 2757 4942 non
2787 4900 2885 4956 per
2904 4886 3093 4954 Deum,
3119 4895 3213 4943 aut
3238 4895 3385 4942 certe
3409 4899 3532 4942 me-

1940 4983 2042 5040 lior
2066 4997 2159 5054 per
2178 4996 2243 5038 se
2267 4981 2439 5052 ipsum
2468 4994 2627 5051 quam
2658 4994 2754 5051 per
2778 4979 2977 5037 Deum.
2992 4978 3121 5035 Haec
3148 4978 3344 5055 quippe
3367 4977 3532 5036 verba

1941 5084 2031 5132 tua
2077 5084 2240 5130 sunt:
2270 5091 2290 5126 ι
2319 5071 2508 5136 Nemo,
2544 5090 2564 5125 ι
2595 5072 2790 5143 inquis,
2823 5089 2843 5124 ι
2875 5071 2998 5128 idco
3042 5072 3216 5128 bonus
3261 5078 3374 5137 est,
3409 5070 3533 5141 quia

1939 5165 2110 5222 libero
2155 5163 2379 5220 allectus
2428 5162 2653 5219 arbitrio
2689 5170 2790 5218 est.
2823 5179 2844 5216 ι
2871 5163 2937 5218 Et
2982 5162 3142 5233 paulo
3186 5170 3347 5231 post:
3374 5177 3395 5212 ι
3422 5158 3535 5215 Nec

1941 5257 2064 5315 ideo
2087 5260 2315 5329 quisque
2339 5254 2515 5312 malus
2538 5262 2643 5320 est,
2674 5273 2695 5309 ι
2727 5254 2922 5324 inquis,
2952 5272 2979 5308 ι
3000 5255 3124 5324 quia
3154 5251 3304 5309 liberi
3327 5248 3535 5309 arbitrii

1941 5361 2044 5409 est.
2075 5369 2097 5404 ι
2129 5350 2333 5418 Quibus
2360 5348 2540 5405 verbis
2564 5347 2692 5422 quid
2719 5347 2873 5413 dicis,
2902 5346 3003 5402 nisi
3031 5343 3172 5417 quod
3203 5357 3305 5400 nec
3330 5342 3532 5397 bonum

2009 5589 2027 5621 ι
2060 5585 2217 5636 Codex
2234 5591 2381 5646 μοι-ιη
2405 5581 2593 5635 exoriri
2612 5580 2801 5646 homini
2813 5580 3116 5633 natiuitatem.

2007 5650 2030 5683 ³
2061 5650 2137 5699 sic
2179 5654 2284 5698 Mss.
2310 5637 2531 5708 At'editi,
2558 5642 2885 5708 Necessmiimt
2920 5655 3035 5707 ergo
3055 5638 3316 5708 singularis
3338 5637 3533 5705 ductus,

1946 5720 1994 5765 et
2016 5710 2189 5762 bonum
2211 5704 2565 5772 quodanmgodp
2585 5704 2857 5772 ﬁium_es_se.

2011 5775 2032 5837 ξ
2064 5779 2193 5837 Μεξη
2215 5767 2498 5820 occurrerit.
2527 5767 2794 5837 [occurrit]

2014 5836 2035 5869 ⁵
2066 5833 2226 5885 codex
2250 5840 2513 5894 Portarum,
2537 5831 2668 5895 facit.
