3980 6528
568 513 672 556 nec
711 496 911 558 malum
953 495 1094 550 Deus
1139 491 1324 548 fecerit
1365 487 1662 550 hominem,
1705 481 1799 538 scd
1846 475 2160 536 utrumlibet

571 593 764 661 bonum
799 590 912 660 ipsc
945 603 1002 643 sc
1032 585 1178 652 facit,
1208 601 1329 640 cum
1357 581 1493 639 bene
1519 581 1600 635 vel
1627 578 1768 633 male
1797 575 1964 632 utitur
1989 572 2160 629 libero

571 683 826 740 arbitrio?
847 679 984 750 Quid
1009 687 1092 734 cst
1113 691 1240 748 ergo
1259 674 1402 746 quod
1428 685 1570 728 nunc
1588 669 1744 736 dicis,
1775 686 1798 721 ι
1823 667 2002 723 Bonus
2019 664 2162 720 Deus

572 777 770 832 bonum
803 773 922 828 fecit
944 769 1250 834 hominem;
1282 787 1302 822 ι
1332 765 1379 822 si
1407 779 1509 821 nec
1535 765 1730 829 bonus,
1757 773 1860 816 nec
1883 756 2058 814 malus
2079 761 2166 812 est

573 865 821 922 habendo
847 864 1074 925 liberum
1101 861 1377 917 arbitrium
1402 857 1546 930 quod
1575 857 1630 912 in
1651 871 1720 912 eo
1737 849 2047 918 Deus‘fecit,
2065 847 2164 906 sed

573 961 714 1020 bene
738 955 956 1021 utendo,
979 955 1030 1010 id
1055 963 1160 1022 est,
1181 967 1303 1010 cum
1325 951 1434 1023 jam
1460 951 1574 1022 ipse
1593 950 1734 1006 bene
1753 946 1888 1013 vult,
1911 960 2020 1002 non
2037 957 2164 999 cum

581 1051 740 1106 liabet
780 1045 1190 1120 possibilitatem
1225 1043 1440 1101 volendi
1480 1041 1653 1102 bene?
1680 1041 1746 1099 Et
1769 1035 2042 1111 quomodo
2067 1049 2166 1094 ve-

575 1156 694 1198 rum
721 1139 844 1207 erit,
867 1136 1014 1193 Fecit
1035 1135 1174 1195 Deus
1199 1134 1455 1191 hominem
1483 1141 1675 1188 rectum
1697 1129 1892 1198 (Eccte.
1913 1143 2016 1194 vn,
2047 1125 2168 1197 50)?

577 1233 660 1287 Au
703 1237 884 1286 rectus
924 1240 1041 1284 erat
1080 1243 1187 1283 non
1229 1225 1434 1282 habens
1469 1224 1793 1280 voluntatem
1821 1220 2039 1286 bonam,
2070 1215 2166 1274 sed

579 1323 700 1394 ejus
730 1319 1178 1394 possibilitatem?
1206 1319 1348 1390 Ergo
1373 1328 1428 1374 et
1451 1331 1650 1390 pravus
1677 1323 1796 1371 erat
1824 1327 1931 1369 non
1960 1310 2170 1370 habens

577 1413 914 1471 voluntatem
959 1410 1180 1478 malam,
1211 1409 1306 1467 sed
1335 1409 1453 1481 ejus
1497 1407 1936 1480 possibilitatem;
1965 1411 2022 1460 et
2047 1417 2079 1459 a
2107 1417 2170 1460 se

581 1506 703 1577 ipso
729 1506 806 1566 illi
833 1513 919 1568 est
951 1504 1195 1561 voluntas
1221 1502 1383 1570 bona,
1421 1501 1717 1572 falsumque
1736 1499 1756 1548 ε
1776 1498 2033 1569 scriptum
2062 1505 2168 1566 est,

582 1596 922 1670 Prtsparotur
961 1596 1198 1654 uoluntas
1229 1610 1266 1648 α
1299 1592 1520 1649 Bontino
1551 1591 1573 1662 (
1598 1590 1754 1649 Prov.
1790 1605 1905 1656 viti,
1943 1588 2040 1660 55,
2065 1603 2169 1646 sco.

583 1687 794 1760 LXX);
821 1697 897 1758 et,
926 1687 1066 1744 Deus
1089 1687 1144 1744 in
1169 1687 1307 1744 vobis
1333 1694 1577 1758 operatur
1597 1693 1647 1744 et
1669 1683 1797 1744 velis
1821 1681 2080 1758 (Philipp.
2107 1697 2167 1751 tt,

585 1781 699 1854 15).
725 1781 1038 1852 Quanquam
1064 1789 1120 1836 tu
1149 1795 1254 1843 nec
1275 1795 1308 1843 α
1329 1793 1390 1836 se
1419 1779 1538 1852 ipso
1573 1776 1628 1835 ei
1652 1777 1802 1834 dicas
1834 1791 1956 1832 esse
1980 1775 2172 1832 volun-

583 1881 753 1930 tatem
794 1871 989 1932 bonam
1027 1869 1116 1932 vel
1155 1870 1386 1938 malam;
1422 1868 1517 1926 sed
1559 1867 1688 1925 oriri
1731 1867 1786 1924 in
1825 1867 1941 1937 illo,
1971 1881 2078 1923 non
2103 1865 2174 1923 de

583 1965 704 2024 illo.
731 1964 808 2020 Ita
837 1963 914 2033 Iit,
945 1973 1006 2020 ut
1045 1978 1144 2036 per
1183 1973 1330 2018 tuam
1371 1959 1670 2030 mirabiiem
1711 1959 2174 2032 sapientiam,nec

587 2055 733 2112 Deus
769 2053 957 2113 fecerit
985 2061 1191 2110 rectum
1217 2053 1526 2122 hominem;
1549 2052 1647 2108 sed
1675 2051 1766 2122 qui
1791 2057 1970 2106 rectus
1991 2056 2176 2120 posset

585 2162 732 2216 esse,
751 2147 804 2204 si
827 2147 992 2204 vellet
1013 2165 1027 2202 :
1050 2161 1151 2203 nec
1176 2146 1292 2218 ipse
1312 2159 1372 2202 se
1392 2143 1572 2214 iaciat,
1593 2143 1691 2202 sed
1713 2142 1894 2200 nescio
1913 2155 2026 2214 quo
2044 2155 2176 2198 casu

587 2247 772 2298 rectus
812 2238 924 2306 list,
966 2239 1090 2310 quia
1129 2252 1230 2296 nec
1265 2237 1338 2294 de
1378 2237 1492 2304 illo,
1531 2235 1627 2294 sed
1669 2235 1852 2293 nescio
1887 2233 2051 2302 unde,
2083 2241 2176 2290 aut

588 2332 774 2387 nescio
798 2329 1088 2401 quomodo,
1111 2329 1185 2386 in
1229 2329 1322 2385 illo
1358 2328 1608 2385 voluntas
1647 2326 1819 2384 oritur
1856 2337 1960 2397 qua
1995 2335 2175 2382 rectus

567 2421 704 2480 'ﬁat.
725 2420 846 2479 Non
872 2429 956 2478 est
983 2421 1082 2478 ista
1106 2420 1370 2492 sapientia
1395 2419 1676 2477 desursum
1699 2416 2061 2490 descendens,
2081 2414 2181 2482 sed

589 2519 828 2579 tcmna,
848 2511 1114 2578 animalis,
1139 2509 1405 2577 diabolica
1429 2508 1633 2582 (Jacobi
1660 2523 1736 2578 tu,
1768 2507 1878 2581 15)..

665 2603 850 2662 LVIII.
888 2603 1012 2664 ιω..
1048 2601 1125 2660 Et
1151 2603 1410 2676 incipere,
1431 2612 1488 2660 et
1510 2602 1651 2660 bene
1671 2602 1910 2674 incipere
1931 2601 2180 2659 substan-

591 2697 745 2767 tiam,
771 2711 806 2754 a
829 2695 1121 2753 necessarii
1149 2694 1642 2767 unionesdirigitur.
1671 2693 1880 2766 Accipit
1899 2695 2060 2750 etiam
2085 2707 2178 2750 ar-

589 2791 734 2848 bitrii
774 2789 1118 2858 libertatem;
1144 2804 1297 2862 mque
1319 2788 1498 2851 adhuc
1522 2787 1811 2844 necessarii
1839 2787 1977 2843 linea
2001 2787 2178 2844 conti-

589 2892 750 2948 netur
770 2899 786 2939 :
808 2882 906 2941 sed
946 2882 1058 2955 iam
1099 2881 1524 2939 necessariorum
1573 2881 1694 2952 linis
1734 2889 1851 2948 est;
1901 2879 2028 2945 hinc
2075 2879 2177 2952 tin-

590 2973 791 3033 duntur
835 2973 890 3030 in
931 2973 1200 3035 contraria
1244 2972 1568 3034 voluntates.
1595 2971 1679 3028 Ad
1709 2971 1961 3030 unionem
2001 2971 2178 3042 ergo!

589 3065 880 3130 necessarii
905 3063 1181 3124 divisionis
1205 3073 1398 3120 natura
1426 3079 1533 3120 non
1561 3063 1814 3135 pertinet.
1845 3061 1922 3117 Ita
1946 3061 2178 3132 possibi-

589 3155 796 3219 litatem
825 3155 1022 3214 habere
1045 3155 1323 3226 cogimur:
1353 3153 1428 3210 uti
1455 3161 1634 3216 autem
1657 3151 1747 3217 vel
1767 3153 1906 3210 bene
1929 3152 2012 3208 vel
2037 3151 2180 3210 male

589 3245 707 3316 ipsa
735 3245 1088 3316 possibilitate
1116 3258 1222 3301 non
1251 3245 1512 3317 cogimur.
1535 3243 1612 3299 Ita
1641 3243 1702 3310 Iit
1728 3253 1788 3301 ut
1813 3245 1974 3300 etiam
2007 3247 2180 3315 posst-

589 3337 772 3405 bilitas
813 3337 1071 3418 peccandi
1112 3351 1284 3410 capax
1315 3337 1442 3397 Itoni
1481 3337 1736 3410 malique,
1764 3335 1867 3405 sed
1891 3337 2180 3404 3voluntarii

589 3429 994 3502 sitzquoniam
1025 3429 1152 3488 boni
1200 3428 1402 3502 proprii
1438 3443 1609 3502 capax
1647 3441 1770 3486 esse
1795 3443 1904 3486 non
1942 3435 2175 3501 poterat,

575 3522 696 3601 nisi
721 3537 891 3594 capax
913 3531 1058 3580 esset
1079 3531 1136 3580 et
1158 3523 1328 3594 pravi.
2101 3560 2109 3568 -

598 3627 602 3630 ‘
661 3615 799 3675 Aoo.
839 3615 938 3682 Die
981 3615 1160 3688 potius
1186 3656 1203 3679 .
1241 3617 1290 3672 si
1335 3614 1419 3672 vis
1454 3629 1640 3672 verum
1679 3613 1862 3672 dicere
1887 3654 1904 3684 ,
1943 3612 2180 3677 hominis

592 3714 839 3773 tiaturam
884 3721 1136 3778 capacem
1183 3706 1310 3764 boni
1349 3715 1405 3764 et
1439 3705 1595 3778 pravi
1629 3705 1776 3778 prius
1803 3694 1993 3774 factam
2021 3721 2036 3761 :
2067 3721 2177 3762 non

591 3799 739 3874 quod
759 3799 784 3837 ³
808 3813 916 3864 non
956 3807 1143 3871 posset,
1179 3798 1344 3858 solius
1371 3799 1499 3866 boni
1527 3813 1694 3872 capax
1733 3797 1882 3866 ﬂeri;
1909 3798 2005 3857 sed
2032 3799 2178 3871 quod

591 3893 664 3957 ab
687 3893 810 3965 ipso.
827 3890 994 3965 gradu
1022 3891 1416 3959 ordinatissime
1438 3905 1660 3964 surgere
1682 3889 1896 3969 debuit,
1912 3899 1972 3956 ut
1993 3891 2039 3946 si
2067 3877 2186 3960 non,

589 3993 870 4059 peccasset
893 3983 1110 4057 quando
1135 3997 1361 4056 peccare
1387 3991 1590 4054 posset,
1619 3982 1688 4040 ad
1729 3997 1850 4040 eam
1890 3981 2180 4044 beatitucﬁe

589 4093 715 4144 nem
741 4079 1053 4151 perveniret
1088 4077 1180 4141 ubi
1220 4091 1444 4150 peccare
1477 4091 1588 4134 non
1625 4083 1827 4148 posset.
1855 4075 2018 4151 Quia,
2039 4075 2180 4132 sicut

585 4172 700 4246 jam
743 4171 877 4241 dixi,
924 4181 1214 4243 utrumque
1255 4183 1508 4242 magnum
1545 4170 1746 4226 bonum
1791 4176 1893 4238 est,
1933 4167 2179 4240 quamvis

589 4266 768 4325 minus
806 4278 994 4334 unum,
1031 4263 1258 4321 alterum
1301 4262 1495 4334 majus.
1521 4261 1699 4322 Minus
1721 4269 1806 4320 est
1835 4263 1980 4323 enim
2017 4277 2177 4334 posse

589 4372 698 4421 non
741 4370 998 4429 peccare,
1043 4354 1218 4427 majus
1253 4362 1434 4415 autem
1477 4369 1590 4412 non
1629 4368 1789 4426 posse
1829 4367 2056 4425 peccare
2081 4372 2100 4410 :
2121 4365 2178 4413 et

588 4448 870 4522 oportebat
893 4463 926 4505 a
953 4447 1146 4510 merito
1172 4445 1300 4503 boni
1334 4445 1558 4502 minoris
1583 4446 1651 4502 ad
1679 4445 1956 4517 praemium
1981 4461 2177 4518 perve-

588 4542 710 4606 nire
747 4540 990 4612 majoris.
1031 4539 1166 4606 Nam
1215 4537 1268 4605 si
1297 4555 1318 4593 ι
1348 4537 1474 4596 boni
1521 4539 1740 4610 preprii,
1781 4558 1802 4594 ι
1830 4539 1984 4595 sicut
2018 4538 2174 4606 dicis,

593 4650 618 4686 s
649 4647 820 4705 capax
844 4630 966 4694 esse
990 4644 1101 4694 non
1123 4638 1334 4703 poterat
1361 4649 1384 4692 ι
1416 4629 1648 4693 humana
1679 4638 1886 4696 natura,
1919 4649 1941 4686 ι
1967 4631 2068 4688 nisi
2087 4645 2180 4692 cae.

587 4739 696 4796 pax
719 4733 867 4782 esset
889 4734 945 4782 et
963 4725 1152 4796 pravi;
1185 4743 1214 4786 ι
1235 4739 1333 4781 cur
1357 4733 1484 4798 post
1498 4725 1636 4783 banc
1655 4725 1816 4784 vitam
1842 4723 1928 4796 pie
1946 4732 2176 4796 gestam,

571 4815 718 4880 boni
753 4816 923 4874 solius
950 4817 1080 4889 erit,
1105 4823 1161 4872 et
1185 4831 1295 4882 non
1325 4815 1453 4872 mali
1479 4831 1672 4888 capax,
1701 4815 1771 4873 ab
1795 4817 1941 4874 omni
1971 4815 2178 4877 scilicet

587 4907 781 4976 aliena,
809 4923 916 4971 non
957 4909 1134 4964 solum
1177 4909 1452 4974 voluntate
1488 4909 1578 4966 vel
1619 4909 1958 4979 necessitate,
1989 4923 2176 4968 verum

569 4999 750 5060 etiam
798 4999 1156 5076 possibilitate
1202 4999 1492 5072 peccandi?
1522 5001 1607 5057 An
1649 5015 1782 5060 vero
1827 5001 2175 5060 metuendum

570 5099 694 5163 est,
731 5106 802 5148 ne
849 5101 976 5155 tunc
1019 5091 1182 5148 etiam
1229 5091 1370 5154 forte
1413 5106 1714 5164 peccemus,
1740 5092 1953 5165 quando
1976 5095 2176 5151 sanctis

585 5182 810 5253 Angelis
835 5182 1040 5242 erimus
1075 5181 1354 5254 aequales?
1375 5182 1455 5245 De
1479 5183 1675 5254 quibus
1703 5184 1822 5243 sine
1843 5183 2175 5248 dubitatione

583 5275 914 5336 credendum
947 5273 1048 5344 est,
1075 5274 1220 5348 quod
1261 5276 1566 5347 acceperint
1604 5289 1712 5335 non
1751 5289 1910 5348 posse
1948 5291 2175 5348 peccare

566 5385 686 5444 pro
725 5371 925 5428 merito
966 5368 1360 5441 permansionis
1401 5382 1534 5437 sum,
1581 5367 1834 5440 quoniam
1882 5374 2170 5437 steterunt,

582 5464 797 5540 quando
819 5465 940 5522 aliis
965 5463 1275 5528 cadentibus
1298 5462 1460 5520 etiam
1487 5462 1586 5536 ipsi
1615 5468 1838 5534 peccare
1861 5469 2167 5534 potuerunt.

645 5643 664 5678 ⁸
699 5647 842 5704 ωηο
853 5672 872 5700 ,
896 5637 1130 5704 falsoque.

580 5764 594 5778 .
643 5705 668 5778 ἶ
801 5697 1086 5766 Nimim
1103 5737 1120 5764 ν
1143 5712 1276 5766 θνρον
1299 5699 1588 5757 summitate
1609 5699 2044 5770 manuscriptorum
2085 5697 2173 5759 ad.

577 5776 802 5838 iecimus.

645 5827 668 5872 η
696 5830 830 5886 ῃ,
850 5835 944 5875 non
961 5835 1070 5888 quo.

1235 373 1478 432 OPERIS
1515 364 1924 426 ιλιρεῐιῖερτι
1954 359 2228 421 CONTRA
2263 359 2625 431 JULIA'NUM,
2665 361 2724 418 S.
2763 361 3132 421 AUGUSTIN!

2269 473 2518 546 Alioquin
2563 475 2738 533 adhuc
2784 477 3076 536 timendum
3121 483 3302 545 esset,
3343 492 3414 536 ne
3453 479 3626 542 multos
3651 505 3761 552 mn

2267 565 2528 635 diabolus,
2558 577 2823 627 eteorum
2843 585 3014 627 novos
3035 570 3220 630 malos
3247 570 3267 603 ¹
3291 573 3506 643 angelos
3526 575 3766 648 ιηιιααιῄι

2269 659 2520 716 mundus.
2537 659 2854 724 Sanctorum
2869 663 3034 732 etiam
3053 663 3149 734 qui
3167 661 3245 730 de
3261 664 3566 734 corporibus
3581 671 3766 746 eniam.

2271 750 2378 810 erit
2418 751 2574 816 nobis
2609 753 2717 819 vita
2744 762 3011 826 suspecta,
3041 769 3110 822 ne
3140 755 3226 814 ibi
3249 755 3416 812 etiam
3444 772 3542 828 quo
3571 777 3771 838 rw,
3831 750 3833 832 4

2271 840 2496 903 forsitan
2533 847 2903 929 peccaverint,
2923 855 3020 904 aut
3043 846 3284 907 forsitan
3328 861 3574 920 peccent;
3598 855 3637 912 si
3658 858 3698 915 in
3715 878 3772 919 na-

2273 943 2392 996 tura
2433 937 2678 1000 rationali
2721 939 3046 1010 possibilitas
3088 939 3368 1012 peccandi
3411 956 3684 1014 permanet,
3715 967 3776 1010 ne:

2271 1037 2452 1102 potest
2475 1045 2601 1092 esse
2619 1046 2788 1113 capax
2813 1031 2960 1101 boui,
2983 1033 3032 1090 si
3059 1048 3170 1090 non
3203 1033 3282 1098 sit
3301 1041 3366 1090 et
3391 1034 3534 1090 mali.
3557 1035 3666 1106 Qua:
3691 1059 3777 1114 quo.

2273 1121 2418 1177 niam
2444 1121 2790 1183 vehemente:
2813 1123 3053 1192 absurda,
3083 1133 3243 1196 suntIl
3273 1125 3398 1183 bzec
3429 1127 3598 1198 opinio
3633 1143 3701 1189 est
3726 1153 3779 1194 η.

2273 1213 2552 1284 spuenda;
2587 1215 2868 1288 potiusque
2908 1216 3242 1279 credendum
3263 1257 3284 1285 ,
3333 1215 3458 1274 ideo
3507 1217 3650 1277 ﬁnisse
3683 1224 3780 1284 ista.

2275 1315 2522 1366 naturam
2551 1319 2608 1366 et
2632 1309 2765 1366 boni
2783 1317 2839 1366 et
2865 1309 2992 1366 mali
3017 1311 3548 1385 capacem-primitus
3575 1314 3784 1384 huius

2277 1397 2469 1457 borum
2507 1401 2732 1460 alterum
2771 1402 3062 1474 diligendo,
3089 1405 3354 1468 meritum
3385 1417 3784 1484 calipsum,“

2276 1490 2404 1555 boni
2429 1493 2617 1562 solius,
2647 1493 2737 1562 vel
2767 1495 2898 1552 mali
2917 1495 3086 1554 solius
3109 1510 3290 1568 capax
3318 1497 3637 1568 postmodum
3661 1500 3782 1564 ﬂuet:

2277 1583 2356 1648 ita
2395 1593 2574 1644 tamen
2620 1597 2678 1645 ut
2721 1588 2769 1645 si
2815 1587 3140 1664 plecteretur
3183 1589 3540 1648 damnatione
3581 1604 3784 1670 ρει-ραι,

2277 1677 2388 1750 pati
2427 1688 2710 1752 coam-etin
2735 1689 2940 1742 tantum
2958 1723 2976 1752 ,
3015 1697 3127 1751 sou
3169 1683 3348 1744 etiam
3390 1681 3566 1744 facere
3601 1687 3784 1748 siam

2275 1769 2498 1830 malum.

2347 1863 2486 1936 LIX.
2523 1864 2638 1924 Jul.
2683 1866 2791 1926 Sed
2832 1878 3089 1939 quantum
3133 1868 3378 1931 interest
3416 1869 3552 1928 inter
3571 1870 3782 1942 plenus

2277 1971 2530 2031 vacuum,
2557 1966 2760 2022 tantum
2791 1961 3050 2026 nimirum
3075 1961 3221 2019 inter
3243 1961 3642 2034 possibilitatem
3663 1974 3706 2021 et
3727 1983 3784 2024 to

2276 2049 2604 2108 cessitatem.
2632 2051 2962 2113 Possibilitas
3005 2053 3152 2111 enim
3195 2055 3283 2111 rei
3328 2053 3492 2123 illius,
3523 2055 3656 2126 cujus
3677 2073 3783 2128 ape

2277 2140 2500 2208 dicitur,
2521 2157 2688 2200 vacua
2709 2141 3012 2202 ostenditur
3033 2161 3050 2201 :
3069 2145 3296 2218 quando
3321 2145 3371 2202 si
3393 2161 3554 2202 vacua
3572 2162 3661 2204 non
3678 2158 3783 2217 esst,

2279 2249 2380 2291 nec
2405 2248 2576 2304 capax
2614 2243 2780 2292 esset.
2810 2236 2912 2304 Qui
2951 2236 3095 2296 enim
3134 2246 3386 2308 caperet,
3415 2237 3551 2309 quod
3571 2237 3662 2309 jam
3680 2238 3781 2298 Inlit-

2278 2325 2394 2382 ret?
2417 2325 2724 2383 Necessitas
2744 2335 2923 2384 autem
2946 2343 3058 2386 non
3083 2329 3444 2398 vacuitatem,
3470 2330 3560 2388 sed
3584 2331 3784 2400 plenitudi-

2281 2432 2404 2476 nem
2435 2418 2636 2478 indicat
2665 2438 2680 2476 :
2711 2434 2820 2488 non
2850 2429 3030 2492 potest
3051 2423 3258 2506 quippe
3284 2437 3484 2498 capere
3509 2423 3640 2495 quasi
3659 2439 3780 2494 vam,

2279 2510 2424 2582 quod
2449 2510 2560 2582 jam
2582 2513 2736 2584 quasi
2775 2513 2931 2586 plena
2958 2529 3088 2572 esse
3107 2516 3418 2588 compellit.
3447 2516 3652 2572 Tantum
3670 2517 3784 2588 itaque

2280 2601 2422 2658 inter
2445 2604 2749 2660 necessaria
2787 2613 2844 2662 et
2874 2606 3152 2678 possibilia
3179 2608 3436 2674 interest,
3463 2615 3680 2679 quantum
3697 2607 3782 2664 itte

2262 2695 2523 2753 conferta
2557 2706 2618 2755 et
2653 2697 2853 2754 inania.
2883 2699 2966 2756 Ab
2993 2699 3282 2772 utriusque
3321 2713 3456 2772 ergo
3477 2699 3782 2771 qualitatis,»

2274 2787 2365 2860 jus
2407 2803 2562 2860 aeque
2599 2803 2770 2862 capax
2806 2799 2911 2857 est,
2938 2790 3274 2863 praeiudiciis
3317 2791 3434 2864 ipsa
3475 2791 3778 2864 repugnantia

2279 2881 2620 2968 susceptione
2651 2881 2972 2951 defenditur.
3004 2883 3176 2950 Habet
3213 2900 3360 2956 ergo
3395 2884 3584 2947 bonum
3613 2898 3778 2940 nem:-

2281 2971 2420 3030 rium
2447 2972 2502 3029 in
2531 2982 2720 3030 natura
2747 2982 2975 3044 tantum,
3000 2983 3266 3046 quantum
3299 2976 3370 3032 ad
3397 2975 3778 3047 bonoremspetttt

2279 3064 2549 3132 auctoris;
2577 3064 2722 3136 quod
2747 3073 2834 3123 est
2859 3065 3165 3124 innocentia
3191 3067 3331 3126 nulli
3361 3067 3504 3124 malo
3521 3065 3706 3123 admixta
3721 3080 3776 3120 nt-

2279 3157 2544 3226 turaliter,
2569 3159 2772 3230 proprii
2795 3160 2976 3230 operia
3003 3175 3102 3230 pro
3127 3159 3262 3217 boni
3293 3161 3604 3234 proprietate
3620 3167 3664 3216 et
3677 3173 3774 3214 aea-

2279 3251 2487 3318 satione
2511 3251 2638 3324 mali
2667 3253 2953 3325 receptrix.
2979 3251 3118 3310 Illud
3145 3269 3280 3326 ergo
3314 3253 3458 3327 quod
3485 3254 3536 3311 ei
3556 3253 3615 3309 de
3633 3251 3774 3323 νιπμῦ

2279 3341 2446 3409 venit,
2470 3357 2700 3414 peccans
2723 3345 2948 3417 quisque
2965 3346 3212 3415 sauciare
3233 3356 3416 3420 potest
3435 3363 3450 3401 :
3468 3342 3774 3415 bocveroqnd

2278 3433 2349 3492 de
2370 3435 2463 3493 Dei
2501 3451 2666 3508 opere
2693 3438 2958 3519 suscepit,
2993 3437 3314 3500 decolor-are
3338 3455 3448 3508 non
3474 3446 3644 3510 potest.
3663 3435 3773 3492 luet

2279 3540 2408 3600 ergo
2433 3535 2490 3584 et
2521 3527 2578 3584 in
2605 3528 2762 3589 malis
2803 3528 3110 3588 hominibus
3157 3531 3365 3590 taxatio
3403 3527 3640 3586 naturalis
3672 3526 3770 3589 boni;

2281 3631 2384 3678 nec
2422 3631 2656 3690 unquam
2702 3619 2902 3684 malum
2945 3620 3070 3685 erit,
3113 3619 3319 3678 bonum
3363 3621 3643 3690 malumque
3672 3627 3770 3686 agat

2282 3709 2520 3781 potuisse
2548 3727 2562 3766 :
2591 3709 2688 3767 sed
2715 3725 2961 3783 personae
2995 3713 3070 3768 illi
3096 3712 3229 3782 nihil
3255 3712 3511 3787 proderit,
3531 3727 3634 3784 qua
3651 3721 3771 3764 nctes-

2281 3801 2408 3858 sarii
2433 3801 2518 3858 sui
2541 3801 2782 3860 instituta
2807 3817 2915 3860 non
2941 3803 3164 3862 damnat
3184 3807 3424 3877 quidem,
3445 3803 3532 3862 sed
3557 3814 3696 3858 tamen
3710 3797 3770 3855 sili

2279 3905 2348 3958 ea
2386 3905 2496 3958 non.
2535 3891 2792 3976 prodesse
2831 3895 3110 3968 compulit.
3131 3894 3285 3954 Sicut
3307 3912 3438 3968 ergo
3462 3895 3512 3951 in
3533 3909 3594 3950 eo
3610 3891 3769 3952 homin.

2280 3981 2336 4038 in
2363 3998 2470 4054 (tuo
2494 3983 2708 4055 estiam
2731 3985 2995 4056 explicata
3023 3985 3267 4057 libertas,
3293 4003 3415 4046 cum
3444 3991 3624 4058 peccat,
3640 3981 3768 4037 nullm

2279 4075 2636 4141 adscribimus
2654 4077 2934 4144 voluntati,
2952 4089 3194 4142 naturam
3217 4090 3398 4138 autem
3416 4079 3519 4136 Deo
3537 4069 3770 4134 conditionis

2278 4168 2485 4244 auctori
2511 4185 2532 4224 ε
2557 4168 2633 4233 ita.
2657 4169 2704 4229 si.
2730 4169 3006 4242 parvulus,
3031 4172 3123 4247 qui
3145 4171 3436 4233 voluntatis
3460 4183 3594 4226 usum
3615 4179 3696 4222 non
3713 4162 3768 4214 ht-

2257 4258 2391 4326 ἧφι.
2418 4275 2520 4324 nec
2557 4249 2848 4332 quidquam
2887 4262 3123 4322 ostendit
3150 4275 3349 4336 prater
3375 4263 3593 4320 instituta
3615 4263 3768 4316 natura.

2279 4353 2485 4418 scelere
2520 4352 2712 4424 plenus
2746 4365 2868 4410 esse
2903 4353 3132 4425 dicatur,
3171 4366 3337 4428 atque
3375 4353 3560 4411 habere
3588 4346 3765 4405 malum

2279 4443 2606 4512 necessario,
2636 4443 2780 4516 quod
2820 4445 2959 4502 alter
2984 4459 3016 4501 a
3047 4445 3289 4516 possibili
3329 4445 3499 4518 capit;
3533 4441 3632 4496 sine
3662 4431 3766 4491 didit

2267 4535 2328 4612 is
2352 4543 2540 4592 auctor
2565 4536 2828 4604 criminis,
2850 4537 2940 4608 qui
2967 4546 3168 4593 natura:
3192 4548 3398 4604 auctor,
3425 4533 3646 4606 arguitur-

2351 4627 2488 4698 Auc,
2531 4627 2760 4699 [tegulas
2787 4637 2902 4683 tuas
2925 4639 3110 4704 aperte
3142 4629 3196 4696 in
3227 4629 3504 4701 majoribus
3527 4618 3762 4690 frangimus.

2279 4725 2339 4776 υι
2365 4731 2459 4784 eas
2496 4717 2565 4786 ad
2590 4705 2843 4792 parvulos
2881 4717 3172 4788 transferre
3200 4734 3311 4784 non
3353 4715 3533 4792 possis.
3569 4709 3662 4767 Non

2278 4808 2532 4880 parvulus
2551 4789 2640 4881 qui
2665 4809 2897 4879 dicebat,
2926 4807 3046 4866 Non
3067 4811 3203 4883 quod
3225 4789 3367 4881 uolo,
3382 4809 3506 4884 {acia
3523 4805 3696 4862 bonam;
3708 4789 3761 4847 *Α

2276 4903 2414 4972 ιιιιοά
2435 4899 2554 4968 noto
2584 4901 2798 4976 malum.
2824 4901 2919 4964 hoc
2942 4918 3062 4974 ego.
3085 4902 3202 4962 Non
3225 4905 3275 4962 ei
3305 4895 3629 4976 possibilitatis
3646 4885 3760 4945 inani

2279 5001 2381 5059 tas,
2403 4993 2498 5050 sed
2525 4995 2858 5054 necessitatis
2885 4995 3058 5056 inerat
3079 4997 3374 5067 plenitudo,
3394 5005 3448 5053 ut
3467 5004 3548 5049 tuo
3562 4987 3617 5046 de
3633 4983 3692 5040 his
3706 4992 3758 5033 rc-

2277 5077 2379 5155 bus
2397 5089 2675 5160 loquamur
2699 5089 2859 5147 modo
2888 5107 2902 5146 :
2933 5106 3043 5159 non
3063 5102 3181 5161 erat
3201 5107 3421 5156 vacuum
3442 5083 3566 5160 quod
3582 5077 3755 5148 (aperti.

2277 5179 2376 5244 Sed
2399 5183 2658 5251 releuant
2685 5197 2794 5254 quo
2823 5193 3042 5262 ceperat
3069 5185 3287 5242 malum.
3317 5185 3426 5242 Non
3449 5177 3572 5237 enim
3595 5170 3676 5232 ait,
3692 5162 3754 5218 που

2277 5286 2406 5336 ’δυ-ω
2425 5272 2732 5346 ιιιαιιιηιίιιιθ
2753 5289 2913 5347 acere
2934 5291 3184 5356 possum;
3213 5293 3334 5348 qua:
3359 5268 3634 5346 possibililas
3655 5263 3752 5356 uti?

2275 5379 2354 5424 rm
2379 5365 2624 5428 humana:
2646 5344 2848 5424 malum
2875 5344 2980 5424 non
3009 5369 3130 5441 fuit,
3159 5344 3260 5426 nec
3283 5344 3544 5425 voluntatis
3567 5376 3579 5412 :
3601 5346 3670 5410 sed
3687 5344 3748 5441 ait,

2277 5456 2402 5521 Non
2425 5459 2561 5532 quod
2585 5457 2730 5526 volo,
2765 5460 2905 5532 facio,
2924 5435 3130 5522 bonum:
3170 5461 3283 5538 Nec
3319 5468 3534 5519 tantum:
3570 5435 3750 5538 "mm?

2277 5517 2482 5609 addidit
2499 5593 2516 5619 ,
2541 5553 2632 5613 sed
2815 5517 2934 5612 nolo
2960 5517 3172 5624 uratum,
3204 5517 3301 5612 hoc
3323 5517 3430 5628 ego.
3460 5547 3572 5603 Εοοθ
3589 5543 3630 5592 ⁸⁸

2277 5659 2384 5703 non
2413 5615 2534 5718 agit.
2551 5615 2770 5713 bonum,
2797 5656 2852 5704 et
2878 5647 3018 5719 quod
3047 5615 3380 5720 agit'malun;
3400 5685 3416 5713 ,
3453 5651 3540 5696 non
3561 5615 3742 5704 ροῦίιιίιίν

2347 5823 2363 5858 ί
2397 5825 2463 5879 Ex
2487 5828 2590 5872 Mss.
2616 5822 2918 5878 restinximus
2936 5855 2952 5884 ,
2974 5817 3139 5874 malos.
