3980 6488
143 382 172 437 ί
182 379 299 439 ωδ

143 504 211 550 ιιι
238 493 359 562 ipse
379 487 676 556 constituis,
697 488 803 540 sed.
818 491 875 538 nt
899 481 988 538 ille
1012 477 1217 551 patitur.
1235 477 1524 543 ettatctur,
1552 489 1740 537 neces-

147 585 303 640 sario
331 597 428 638 suo
453 579 649 643 debet:
678 576 921 633 inﬁrmus
954 571 1168 644 quidem
1194 569 1262 625 ad
1287 568 1605 631 auferendus
1646 565 1747 621 miv

146 654 333 736 serias
362 686 487 727 suas
503 712 523 738 ,
547 669 640 725 sed
678 666 834 739 plane
861 663 1197 720 ﬁrmissimus
1220 659 1441 717 malleus
1462 657 1530 714 ad
1559 664 1745 712 conte~

148 764 377 822 rendas,
393 761 603 831 regulas
628 748 868 823 vestras)
887 754 1010 810 \‘ult
1030 762 1085 809 et
1108 767 1231 815 non.
1250 751 1360 821 agit
1384 746 1525 819 quod
1550 746 1748 802 bonum

154 866 271 921 cst,
293 868 401 911 non
423 851 532 906 vult
552 860 608 907 et
625 848 737 920 agit
754 845 1255 919 quod-malumest:
1279 839 1418 897 unde
1439 840 1537 894 ista
1558 852 1749 894 neces-

158 946 340 1003 sitas?
366 946 677 1016 Agnoscunt
708 954 828 998 eam
853 937 1069 1010 quidem
1094 932 1341 993 catholici
1365 931 1634 996 doctores,
1660 927 1751 998 qui

159 1037 392 1107 Paulum
415 1032 711 1106 apostolum
739 1029 1038 1099 intelligunt
1061 1025 1224 1084 etiam
1243 1021 1310 1079 de
1330 1036 1390 1078 se
1409 1020 1527 1090 ipso
1548 1018 1647 1073 ista
1672 1018 1754 1074 di-

161 1137 380 1184 centem
399 1133 505 1197 ,κει
528 1139 607 1180 ex
638 1123 756 1194 lege
799 1136 918 1192 quae
957 1120 1025 1183 in,
1056 1114 1309 1175 membris
1328 1148 1331 1151 ι
1352 1119 1625 1184 ι-ερυεηςιιρ
1650 1109 1753 1187 legi

164 1219 408 1283 meantis,
454 1217 570 1271 sine
604 1230 707 1285 qua
752 1212 928 1272 nullus
974 1208 1246 1265 hominum
1291 1204 1544 1271 nascitur,
1569 1200 1754 1257 venire

167 1308 587 1375 ttondnbitant;
616 1314 669 1360 et
699 1302 819 1359 ideo
855 1301 958 1356 dici
997 1307 1051 1357 ct
1088 1313 1121 1354 a
1149 1296 1349 1352 sanctis
1384 1294 1601 1361 vident,
1636 1290 1756 1348 Non

172 1402 309 1475 quod
351 1400 462 1457 volo
485 1440 501 1466 ,
548 1399 679 1471 [acia
723 1397 942 1462 bonum;
972 1393 1060 1449 sed
1101 1391 1237 1464 quod
1264 1390 1382 1446 uolo
1406 1388 1614 1454 malum,
1661 1385 1756 1442 hoc

166 1509 313 1564 ago:
341 1493 463 1563 quia
491 1490 671 1545 vidcut
699 1496 954 1558 quantmn
998 1485 1193 1541 bonum
1223 1483 1293 1538 sit
1316 1496 1417 1539 nec
1438 1493 1601 1536 carne
1623 1493 1757 1534 con-

170 1584 488 1654 cupiscere,
514 1597 633 1652 quzc
661 1588 839 1634 mente
873 1584 1184 1633 aversantur
1202 1574 1258 1639 ¹;
1287 1585 1486 1642 eosque
1509 1568 1562 1629 id
1588 1568 1759 1636 velle,

173 1691 276 1729 nec
304 1673 479 1731 facere
507 1691 521 1727 :
552 1682 607 1727 et
626 1671 820 1725 malum
847 1683 987 1737 esse,
1013 1665 1253 1737 quamvis
1285 1669 1463 1719 mente
1497 1676 1604 1723 non
1631 1675 1758 1716 con-

173 1765 463 1829 sentiente,
490 1762 575 1819 vel
604 1775 766 1816 carne
787 1768 964 1814 tamen
989 1757 1108 1812 talia
1130 1754 1539 1827 concupiscere;
1558 1763 1760 1821 eosque

172 1855 230 1913 id
259 1855 423 1921 nolle,
450 1853 542 1910 scd
574 1852 768 1919 tacete.
791 1851 906 1906 sine
927 1849 1032 1917 ulla
1054 1846 1265 1919 quidem
1292 1842 1774 1910 condemnationc..,

173 1947 429 2018 quoniam
456 1943 659 2015 peccati
686 1941 843 2013 hujus
864 1949 1012 1995 reatu
1038 1937 1437 2010 regeneratioue
1456 1935 1653 2001 deleto,
1676 1947 1775 1989 rea

176 2038 607 2104 sistuutmcnte,
625 2049 691 2090 nc
716 2032 988 2104 perﬁciant
1014 2029 1152 2102 quod
1172 2028 1554 2097 concupiscunt
1577 2040 1775 2092 carne;_

176 2128 272 2184 sed
303 2143 406 2182 non
451 2126 568 2196 sine
606 2140 704 2180 suo
745 2124 923 2193 aliquo
965 2122 1143 2186 malo,
1185 2120 1310 2191 quia
1338 2134 1445 2175 non
1482 2118 1561 2172 eis
1587 2117 1761 2171 aliena

182 2220 494 2286 eummixta,
513 2216 606 2273 sed
626 2232 809 2272 eorum
838 2224 1025 2277 natura
1049 2223 1202 2277 estet
1226 2199 1280 2269 in
1302 2219 1481 2268 mente
1498 2218 1554 2265 et
1567 2209 1618 2264 in
1644 2223 1762 2265 car.-

177 2327 267 2369 ne.
300 2310 449 2366 llunc
477 2324 690 2366 sensum
726 2308 868 2378 pium
896 2317 946 2361 ct
979 2321 1159 2361 verum
1186 2312 1371 2365 contra
1392 2311 1619 2358 vesmim
1646 2316 1764 2356 sns-

160 2411 388 2471 ,ceptam
434 2415 538 2465 non
580 2399 739 2461 vultis
776 2397 1087 2467 admittere;
1117 2395 1267 2467 quasi
1293 2401 1576 2465 propterea
1602 2390 1772 2460 facias.

182 2495 274 2560 tis,
302 2502 359 2546 ut
381 2492 434 2546 in
451 2488 650 2560 judicio
669 2505 775 2562 quo
795 2488 1146 2557 defendituna
1168 2487 1347 2555 Vobis,
1367 2501 1473 2541 non
1499 2484 1673 2549 solum
1695 2485 1767 2544 de

180 2582 396 2653 litteris,
425 2596 606 2637 verum
631 2581 792 2635 etiam
831 2578 898 2635 de
930 2580 1058 2650 ipsis
1088 2578 1360 2635 hominum
1404 2576 1640 2632 moribus
1664 2590 1761 2646 ge-

186 2673 503 2743 mitibusque
526 2680 881 2745 sanctorum,‘
898 2669 1025 2724 nihil
1055 2668 1310 2729 adversus
1340 2683 1458 2725 eam
1487 2668 1765 2737 recitetur,

186 2765 487 2820 nolentibus
512 2763 698 2831 vobis;
731 2772 785 2818 et
809 2771 950 2817 tanta
975 2762 1211 2823 veritatis
1238 2759 1661 2817 manifestatione
1679 2775 1769 2814 re-

181 2859 394 2925 citetur,
422 2864 608 2912 utnon
635 2856 958 2927 eloquentia,
981 2854 1074 2910 scd
1098 2855 1209 2910 sola
1236 2854 1559 2925 impudentia
1586 2860 1762 2914 vestra

181 2960 473 3017 remaneat,
503 2964 606 3021 qua
628 2949 769 3006 illam
801 2963 905 3003 non
937 2947 1148 3018 possitis
1168 2945 1477 3015 defendere,
1505 2944 1600 3001 sed
1629 2945 1761 3001 veli—

184 3043 274 3099 tiS.
295 3042 428 3112 Quid
455 3042 793 3114 enimagitis,
814 3040 964 3112 quod
992 3054 1079 3099 res
1098 3047 1312 3108 apertas
1336 3037 1558 3093 turbidae
1578 3037 1767 3117 loqua,

168 3132 356 3191 'citatis
383 3145 694 3205 tempestate
714 3135 958 3193 nubilare
970 3132 1237 3194 conamini
1260 3132 1283 3186 ?
1301 3131 1509 3186 Clamat
1532 3131 1767 3202 Aposto-

182 3226 287 3292 lus,
320 3226 436 3282 Non
465 3226 601 3298 quod
630 3226 773 3292 uolo,
786 3226 928 3298 facio
962 3225 1145 3278 bonum
1163 3240 1182 3290 ;
1212 3222 1300 3278 sed
1334 3221 1470 3294 quod
1504 3223 1620 3277 nolo
1648 3239 1764 3292 mtt-

184 3317 319 3383 lum,
348 3319 441 3371 hoc
483 3334 601 3390 ago.
631 3316 835 3377 Clamat
868 3316 1030 3372 etiam
1069 3316 1316 3384 superius
1344 3331 1360 3370 :
1384 3313 1506 3370 Jam
1537 3331 1638 3370 non
1672 3332 1765 3388 ego

185 3426 362 3480 operor
403 3409 570 3477 illud,
600 3406 1076 3478 εράαφιοάλιαὸὶιαι
1121 3407 1189 3466 in,
1215 3423 1294 3461 me
1332 3416 1591 3478 peccatum
1612 3406 1763 3473 {scio

176 3486 317 3555 enim
343 3500 462 3571 quia
489 3516 588 3565 non
618 3498 815 3553 habitat
830 3497 884 3552 in
919 3514 1026 3563 me,
1058 3498 1161 3558 hoc.
1173 3507 1244 3552 est
1265 3497 1317 3552 in
1337 3513 1447 3555 mea
1466 3514 1646 3563 carne,
1673 3497 1766 3552 bo-

1502 358 1697 417 Llllfili
1737 355 2051 424 QUINTUS.

3291 366 3437 427 “9‘

1853 472 1970 531 cati.
2001 470 2153 541 primi
2191 470 2421 529 hominis
2459 476 2523 530 in.
2553 476 2801 539 omnibus
2829 478 2917 546 qui
2957 486 3113 535 erant
3153 478 3205 533 in
3234 479 3438 537 lumbis.

1854 561 1990 630 ejus,
2024 578 2119 631 per
2145 564 2260 634 ejus
2287 568 2774 637 concupiscentiam
2799 569 3061 636 cxorturi,
3082 584 3203 625 cum
3231 585 3431 640 propa-

1852 665 2068 725 garetur
2093 657 2379 713 humanum
2401 675 2601 730 genus,
2619 676 2777 731 quam
2798 662 3281 731 concupiscentiam
3304 677 3433 734 pec-

1856 745 2087 800 cantium
2113 747 2284 816 pudor
2303 751 2511 817 operuit
2536 752 2587 804 in
2618 753 2835 819 regione
2862 751 3182 809 lumborum.

1928 835 2041 892 LX.
2080 838 2201 895 ιω..
2239 840 2343 896 Sed
2372 842 2499 911 quid
2530 858 2625 897 nos
2654 844 2720 903 ad
2747 847 3030 915 parvulos;
3060 860 3183 905 cum
3211 846 3438 917 qtimstio

1859 925 2285 993 Manichmorunt
2298 945 2400 991 nec
2422 932 2667 1002 perfecta:
2691 936 2862 992 aetatis
2884 935 3153 992 hominem
3178 937 3321 993 dicat
3346 952 3440 992 vo-

1858 1017 2346 1089 lumatepeccarc?
2388 1021 2518 1078 Nam
2540 1025 2591 1079 si
2618 1024 2741 1081 ideo
2762 1034 3007 1084 exortum
3032 1035 3116 1085 est
3141 1029 3193 1082 in
3221 1027 3441 1085 homine

1857 1110 2078 1174 malum.
2110 1113 2231 1184 quia
2277 1113 2345 1171 de
2386 1115 2554 1172 nihilo
2572 1115 2743 1173 tactus
2783 1127 2918 1185 erat,
2960 1134 2991 1176 a
3020 1123 3321 1177 necessario
3339 1137 3440 1178 au-

1860 1208 1969 1261 tem
2007 1202 2192 1260 habuit
2228 1203 2390 1261 homo
2413 1216 2471 1262 ut
2486 1206 2555 1263 de
2597 1208 2763 1265 nihilo
2791 1209 2976 1278 ﬂeret;
3003 1212 3121 1269 sine
3137 1212 3301 1271 dubio
3321 1228 3443 1269 ma¢

1860 1293 1969 1349 lum
1997 1311 2103 1351 non
2142 1313 2175 1351 a
2220 1296 2482 1367 possibili,
2525 1299 2621 1365 sed
2649 1316 2677 1354 a
2708 1303 3017 1360 necessario
3036 1303 3256 1373 recepit.
3287 1304 3440 1373 Quod

1860 1387 1986 1457 quia
2025 1386 2179 1458 longa
2208 1387 2569 1459 disputatione
2594 1390 2924 1448 destructum
2966 1401 3079 1461 est;
3107 1396 3282 1452 adhuc
3322 1408 3440 1449 mu.

1862 1479 2037 1539 dicam
2064 1522 2079 1546 ,
2108 1497 2214 1553 quo
2237 1483 2405 1553 magis
2452 1498 2518 1539 ac
2555 1484 2722 1554 magis
2748 1485 3028 1542 iteratione
3069 1487 3319 1551 lurcscat,
3349 1501 3445 1541 su.

1862 1588 1959 1644 per
2000 1573 2100 1631 hoc
2141 1575 2332 1631 eodem
2376 1576 2725 1634 disseramus.
2755 1577 2962 1647 Qutcris
2991 1594 3120 1649 ergo
3146 1579 3288 1635 unde
3331 1578 3445 1650 ipsa

1850 1667 2111 1727 .Volumas
2125 1668 2263 1729 mala
2282 1668 2341 1727 in
2360 1668 2533 1743 primo
2548 1670 2766 1726 homine
2788 1671 3073 1727 exstiterit.
3097 1670 3441 1740 Respondet),

1865 1755 1945 1815 De
1971 1767 2132 1815 motu.
2156 1758 2356 1824 animi,
2383 1768 2607 1830 cogente
2637 1759 2804 1816 nullo.
2837 1760 3045 1829 Qumris
3070 1769 3127 1818 et
3162 1760 3305 1817 unde
3333 1761 3448 1830 ipse

1862 1856 2063 1917 motus.
2089 1848 2432 1919 Respondeo,
2454 1850 2590 1918 Quid
2614 1853 2877 1921 requiris?
2899 1852 3038 1909 unde
3058 1867 3181 1909 esse
3195 1851 3446 1924 potuerit,

1852 1952 1933 2005 _an
1964 1938 2103 1994 unde
2128 1953 2248 1994 esse
2278 1940 2587 2009 compulsus
2613 1941 2716 1996 sit?
2744 1941 2797 1997 Si
2825 1941 2992 2010 dicas,
3021 1943 3164 2015 quod
3186 1942 3450 2013 scripsisti

1866 2042 2098 2100 quoque,
2125 2027 2278 2085 Unde
2300 2044 2421 2086 esse
2438 2032 2749 2101 compulsus
2774 2042 2855 2088 cst
2875 2048 2890 2086 :
2914 2032 3138 2089 referam
3170 2042 3222 2089 te
3245 2043 3452 2104 asystae-

1868 2130 1919 2177 ta
1940 2131 1995 2179 et
2022 2124 2288 2179 contraria
2318 2122 2481 2194 loqui.
2500 2122 2709 2192 Quaeris
2727 2124 2869 2180 enim
2888 2125 3008 2196 quis
3028 2125 3284 2196 coegerit,
3306 2124 3447 2195 quod

1848 2228 1987 2278 esse
2026 2228 2130 2269 non
2160 2214 2359 2285 possit,
2394 2214 2498 2270 nisi
2525 2224 2752 2286 cogente
2781 2216 2927 2277 nullo
2960 2215 3146 2286 equod
3175 2217 3297 2286 quia
3336 2217 3449 2289 ipsa

1856 2303 1948 2375 sui
1979 2305 2354 2360 contrarietate
2377 2304 2703 2372 disSOb'itur,
2735 2307 2866 2365 nihil
2902 2306 3060 2363 habet
3083 2307 3274 2362 virium
3294 2322 3447 2378 qua:-

1867 2395 2404 2468 alio,_quat.ordinem
2434 2414 2539 2453 non
2569 2397 2750 2459 habet.
2785 2399 2946 2470 Igitur
2985 2398 3329 2457 stolidissime
3368 2399 3435 2454 in

1868 2495 2144 2561 terrogas,
2174 2489 2314 2546 unde
2351 2491 2480 2562 ipsa.
2501 2491 2747 2547 voluntas
2786 2492 2946 2563 mala.
2989 2491 3102 2547 lloc
3139 2492 3282 2547 enim
3307 2490 3453 2562 quod

1867 2578 2034 2647 dicis,
2062 2579 2247 2649 Unde,
2277 2596 2387 2637 non
2410 2582 2743 2639 occasionem
2770 2624 2787 2650 ,
2815 2581 2911 2638 sed
2940 2582 3200 2653 originem
3229 2581 3365 2651 ejus,
3397 2581 3451 2639 id

1868 2682 1972 2741 est,
2002 2681 2243 2728 naturam
2287 2674 2516 2746 requiris
2552 2683 2653 2739 sat
2678 2674 2766 2742 id,
2795 2674 2933 2731 sicut
2970 2688 3130 2746 supra
3170 2683 3452 2732 tractatum

1867 2774 1971 2829 est,
1998 2765 2045 2821 si
2084 2775 2326 2825 naturam
2352 2767 2564 2839 accipit,
2606 2767 2971 2825 deﬁnitionem
2999 2768 3082 2826 sui
3116 2767 3313 2839 perdit,
3343 2783 3448 2839 qua

1864 2856 2071 2944 dictum
2095 2868 2196 2924 est,
2249 2860 2730 2932 (cogentenullo;
2761 2877 2782 2915 ι
2828 2861 2875 2917 si
2916 2876 3047 2918 vero
3085 2860 3451 2917 deﬁnitionem

1869 2959 2037 3017 tenet,
2067 2952 2430 3023 prmjudicium
2457 2954 2748 3009 nativitatis
2770 2954 3022 3010 excludit.
3045 2953 3162 3010 Non
3185 2953 3306 3010 ideo
3323 2969 3454 3023 ergo

1869 3044 2107 3113 peccavit
2128 3045 2451 3116 homohquia
2473 3046 2543 3103 de
2563 3047 2728 3102 nihilo
2749 3045 2919 3102 tactus
2936 3055 3038 3111 est,
3060 3061 3167 3102 non
3188 3045 3307 3102 ideo
3326 3047 3453 3117 quia

1868 3148 1898 3188 a
1928 3136 2035 3190 Deo
2060 3135 2228 3191 factus
2247 3145 2352 3201 est,
2380 3151 2486 3192 non
2514 3137 2633 3193 ideo
2655 3137 2778 3208 quia
2799 3137 2868 3193 dc
2890 3137 3123 3193 tenebris
3148 3136 3318 3193 factus
3344 3146 3451 3202 eet.

1870 3241 1976 3282 non
2006 3227 2126 3283 ideo
2150 3229 2274 3298 quia
2300 3228 2455 3283 liberi
2481 3228 2685 3284 arbitrii
2713 3227 2883 3283 factus
2911 3236 3031 3284 est:
3061 3228 3155 3283 sed
3180 3226 3303 3283 ideo
3330 3241 3457 3299 pecs

1869 3318 2029 3386 cavit,
2056 3319 2178 3390 quia
2201 3318 2407 3386 voluit;
2438 3318 2490 3375 id
2517 3328 2620 3388 est,
2649 3319 2769 3375 ideo
2791 3319 2974 3375 habuit
2992 3319 3317 3375 voluntatem
3343 3332 3456 3373 ma'v

1870 3410 2001 3474 lam,
2026 3411 2149 3482 quia
2175 3411 2359 3466 voluit.
2554 3440 2557 3441 ν
3444 3449 3450 3459 .

1941 3501 2077 3558 Anc.
2114 3500 2256 3566 Nos,
2286 3501 2370 3557 vel
2407 3502 2588 3571 potius
2613 3501 2726 3572 ipsa
2770 3502 2980 3569 Veritas
3003 3500 3164 3566 dicit,
3194 3499 3449 3571 perfecta

172 3582 305 3642 num
339 3588 521 3662 (Rana,
546 3599 639 3657 \‘ll,
672 3590 882 3660 μω).
912 3587 1049 3656 Quid
1079 3598 1182 3657 est,
1210 3589 1345 3661 quod
1370 3589 1489 3647 uolo
1512 3589 1686 3659 facio?
1711 3595 1778 3651 et
1865 3592 2046 3649 atatis
2074 3591 2320 3648 homines
2346 3592 2606 3663 quosdam
2628 3592 2919 3659 voluntate,
2939 3592 3199 3663 quosdam
3221 3593 3458 3649 necessié

174 3680 311 3753 quid
334 3691 418 3745 est
435 3725 450 3749 ,
479 3699 579 3743 non
609 3699 698 3755 ego
722 3681 941 3754 aperor?
967 3680 1105 3755 Quid
1133 3690 1217 3737 est
1233 3723 1248 3747 ,
1280 3681 1384 3745 nisi
1408 3681 1547 3763 quod
1573 3696 1767 3742 conse-

189 3781 411 3842 quenter
433 3773 687 3844 exponit?
717 3771 952 3828 Dicendo
971 3773 1187 3844 quippe,
1208 3773 1343 3845 quod
1368 3773 1485 3829 nolo
1513 3773 1682 3846 facio;
1707 3788 1768 3831 se

190 3861 366 3919 facere
394 3862 625 3927 ostendit
651 3871 750 3932 :Vet
778 3876 964 3930 rursus
993 3861 1219 3918 dicendo
1238 3903 1255 3929 ,
1294 3878 1395 3917 non
1424 3880 1514 3935 ego
1548 3879 1769 3934 operor;

184 3952 291 4008 non
326 3964 558 4013 mentem
600 3955 1046 4021 consentientem,
1076 3953 1171 4010 sed
1199 3969 1416 4010 carnem
1447 3970 1600 4011 suam
1628 3970 1762 4011 con-

185 4045 546 4115 cupiscentem
571 4045 623 4101 id
651 4043 825 4101 facere
845 4044 1083 4105 ostendit
1110 4063 1125 4101 :
1157 4045 1586 4116 concupiscendo
1613 4046 1768 4118 quip—

184 4144 256 4204 pe
282 4149 406 4189 caro
430 4136 560 4207 agit,
586 4135 776 4203 ctsi,ad
796 4150 1114 4192 consensum
1139 4144 1370 4191 mentem
1394 4152 1498 4191 non
1527 4137 1764 4201 attrahit.

190 4221 417 4293 Propter
439 4225 544 4281 hoc
567 4226 979 4298 adjungit,_Scio
1006 4228 1123 4297 quia
1155 4243 1253 4281 non
1276 4227 1465 4282 habitat
1485 4228 1538 4283 in
1571 4244 1670 4282 me.
1703 4228 1771 4285 Et

192 4318 613 4389 experiensquid
640 4317 785 4375 dicat
810 4318 863 4374 in
898 4334 1023 4375 me:
1050 4318 1145 4373 hoc
1172 4328 1275 4387 est,
1304 4320 1501 4391 inquit,
1535 4320 1591 4374 in
1618 4336 1773 4379 carne

194 4421 326 4471 mea,
355 4407 785 4478 bonum._Vcrum
814 4410 923 4465 sint
946 4411 1063 4475 istgn
1088 4426 1267 4478 voces,
1293 4428 1397 4466 non
1425 4413 1686 4483 Apostoli,
1712 4419 1771 4468 ut

195 4497 375 4565 vultis,
406 4498 496 4553 sed
519 4498 804 4569 cujuslibet
841 4500 1075 4555 hominis.
1100 4500 1236 4555 mala
1267 4517 1363 4557 sua
1388 4502 1769 4568 consuetudine

194 4588 528 4659 pra‘gravati,
544 4604 714 4660 quam
730 4590 1000 4646 voluntate
1018 4606 1119 4644 non
1136 4599 1312 4662 potest
1328 4591 1540 4646 vincere
1559 4608 1572 4645 :
1593 4607 1770 4650 nonne

192 4670 249 4737 et
276 4679 391 4736 hzcc
428 4689 532 4735 tam
562 4682 775 4743 robusta
798 4689 914 4749 est,
952 4690 1014 4738 ut
1040 4683 1524 4752 argumentationes
1563 4691 1770 4741 vestras

189 4771 259 4827 de
280 4771 509 4842 possibili
536 4773 920 4833 etnecessario
942 4781 1189 4843 tanquam
1214 4775 1439 4842 pueriles
1460 4783 1515 4830 et
1535 4774 1773 4833 ludicras

189 4861 409 4918 tabellas
433 4862 626 4918 robore
644 4876 743 4919 suo
772 4863 980 4934 frangat
1000 4872 1053 4919 et
1076 4863 1350 4921 conterat?
1374 4864 1633 4935 Quoniam
1661 4874 1765 4933 est,

187 4955 326 5025 quod
355 4970 460 5010 non
488 4956 670 5019 vultis,
692 4971 797 5011 non
825 4955 995 5015 solum
1028 4955 1382 5010 voluntarium
1408 4966 1565 5027 atque
1594 4957 1769 5028 possi-

187 5046 313 5114 bile,
337 5046 479 5102 unde
500 5046 723 5102 liberum
751 5054 835 5102 est
858 5046 1157 5110 abstinere;
1184 5062 1367 5101 verum
1391 5048 1550 5103 etiam
1579 5064 1769 5104 ncces-

186 5136 385 5189 sarium
428 5145 702 5206 peccatum
722 5178 738 5202 ,
770 5135 913 5192 unde
953 5134 1218 5193 abstinere
1248 5137 1467 5192 liberum
1513 5155 1618 5193 non
1649 5148 1766 5209 est,

188 5224 327 5294 quod
340 5225 464 5296 jam
491 5242 596 5281 non
627 5227 798 5282 solum
830 5236 1117 5298 peccatum,
1150 5226 1248 5284 sed
1264 5229 1423 5284 etiam
1456 5245 1607 5298 pagina
1641 5248 1768 5300 pec-

176 5315 292 5369 cati
318 5324 418 5371 est.
441 5317 550 5372 Nec
575 5317 851 5373 attendere
875 5318 1054 5383 vultis,
1078 5319 1219 5388 quod
1244 5319 1293 5373 in
1319 5336 1632 5392 unoquoque
1654 5324 1767 5393 agi-

182 5413 268 5458 tur
302 5421 399 5476 per
426 5408 731 5463 violentiam
775 5409 1174 5465 consuetudinis
1203 5407 1223 5484 (
1245 5426 1403 5481 quam
1430 5412 1641 5482 quidam
1668 5414 1768 5468 do-

180 5493 250 5549 cti
279 5496 526 5552 dixerunt
543 5514 663 5554 esse
689 5498 977 5555 secundam
999 5512 1240 5555 naturam
1262 5500 1304 5575 ),
1331 5502 1432 5559 hoc
1450 5514 1624 5559 actum
1647 5521 1773 5561 cs~e

184 5602 279 5658 per
312 5590 614 5647 violentiam
645 5594 908 5663 poenalem
930 5595 1120 5649 summi
1144 5596 1284 5650 illius
1306 5597 1625 5669 maximique
1646 5613 1766 5670 pet:-

148 5827 154 5832 .
255 5768 270 5798 ι
308 5775 455 5821 vetus
477 5770 633 5821 codex
652 5777 799 5831 Fort.
822 5768 971 5821 mli
983 5770 1314 5830 adversatum.

1871 3691 2015 3749 tate,
2045 3684 2130 3739 vel
2169 3682 2388 3740 eosdem
2419 3685 2563 3755 ipsos
2601 3684 2659 3740 in
2696 3683 3009 3757 quibusdam
3040 3683 3313 3738 voluntate
3335 3723 3353 3751 ,
3400 3682 3455 3739 in

1872 3775 2189 3847 quibusdam
2214 3776 2539 3833 necessitate
2571 3791 2735 3846 agere
2763 3775 2984 3832 malum.
3013 3775 3166 3844 Quod
3191 3774 3241 3831 si
3264 3774 3455 3832 falsum

1870 3850 2061 3943 putas;
2086 3867 2234 3923 illum
2255 3868 2436 3939 aspice
2461 3868 2803 3935 clamantem,
2835 3864 2961 3921 Non
2985 3866 3122 3936 quod
3155 3866 3289 3929 solo,
3320 3865 3456 3935 facio

1872 3959 2057 4016 bonum
2070 3976 2093 4025 ;
2116 3960 2205 4015 sed
2241 3960 2383 4032 quod
2399 3961 2517 4015 nolo
2541 3958 2753 4027 malum,
2781 3958 2876 4015 hoc
2894 3975 3012 4030 ago.
3046 3958 3146 4026 Qui
3178 3959 3270 4015 tibi
3298 3959 3460 4014 toties

1873 4050 1927 4108 in
1964 4050 2156 4108 faciem
2187 4050 2581 4123 retorquendus
2608 4058 2725 4118 cst,
2754 4051 2982 4123 quoties
2995 4049 3180 4106 dicens
3209 4050 3342 4116 ista,
3370 4048 3462 4105 vel

1873 4160 1979 4200 non
2010 4143 2196 4202 videre
2229 4152 2282 4199 te
2324 4144 2703 4213 ﬁngisistum,
2731 4143 2819 4198 vel
2861 4141 3089 4201 fortasse
3133 4157 3242 4196 non
3283 4141 3456 4196 vides.

1873 4235 2012 4303 Quid
2027 4246 2087 4293 te
2107 4235 2464 4299 aniractuosis
2492 4234 2720 4290 involvis
2742 4232 3227 4304 ambagibusiiNon
3253 4233 3348 4289 tibi
3375 4232 3466 4293 die

1868 4327 2031 4394 citur,
2061 4328 2448 4385 Necessitatem
2490 4325 2744 4397 peccandi
2766 4326 2784 4358 ¹
2818 4325 3001 4381 habuit
3027 4324 3210 4389 homo,
3237 4324 3362 4395 quia
3388 4323 3460 4380 de

1875 4419 2043 4481 nihilo
2069 4420 2238 4481 factus
2264 4429 2349 4476 est
2387 4437 2402 4474 :
2454 4419 2549 4475 sed
2580 4430 2631 4474 tu
2675 4417 2903 4482 tibiJiec
2926 4416 3084 4474 dicis.
3129 4415 3356 4472 Prorsus
3383 4413 3465 4470 ita

1874 4512 2044 4569 factus
2069 4523 2184 4585 est,
2228 4522 2287 4566 ut
2319 4511 2569 4583 peccandi
2619 4511 3024 4582 possibilitatem
3055 4507 3277 4565 haberet
3299 4522 3330 4561 a
3356 4522 3459 4561 nee

1875 4604 2130 4671 cessario,
2155 4612 2430 4674 peccatum
2455 4618 2582 4658 vero
2609 4618 2637 4656 a
2665 4601 2928 4673 possibili.
2955 4600 3328 4656 Verumtamen
3358 4611 3460 4654 nec

1872 4693 2042 4767 ipsam
2073 4694 2326 4765 peccandi
2354 4694 2762 4764 possibilitatem
2792 4692 3033 4759 haberet,
3065 4691 3111 4747 si
3143 4690 3239 4746 Dei
3267 4698 3461 4747 natura

1876 4792 2071 4843 esset:
2119 4785 2465 4853 immutabilis
2500 4786 2641 4842 enim
2674 4787 2912 4857 profecto
2937 4791 3113 4847 esset.
3157 4792 3212 4841 et
3236 4797 3462 4855 peccare

1876 4894 1981 4933 non
2009 4887 2210 4948 posset.
2232 4877 2346 4933 Non
2375 4878 2533 4948 igitur
2558 4877 2678 4932 ideo
2704 4876 2963 4948 peccavit,
2988 4876 3086 4933 sed
3115 4876 3235 4932 ideo
3270 4891 3465 4946 pecca-o

1876 4984 1936 5023 re
1957 4968 2148 5037 potuit,
2170 4968 2290 5038 quia
2321 4971 2388 5023 de
2417 4968 2586 5023 nihilo
2614 4967 2781 5024 factus
2809 4976 2912 5024 est.
2946 4966 3090 5023 inter
3115 4967 3380 5031 Peccavit,
3405 4974 3464 5020 et

1875 5057 2108 5114 Peccare
2136 5058 2326 5127 potuit,
2368 5059 2653 5128 plurimum
2679 5059 2842 5114 distat
2871 5075 2886 5113 :
2921 5059 3012 5114 illa
3041 5058 3197 5129 culpa
3227 5069 3328 5124 est,
3360 5058 3463 5113 ista

1876 5162 2084 5204 natum.
2115 5148 2228 5210 Nec
2257 5163 2416 5204 omne
2442 5149 2580 5219 quod
2609 5150 2675 5204 de
2697 5149 2865 5204 nihilo
2891 5149 3084 5205 factum
3108 5156 3208 5210 est,
3237 5161 3463 5219 peccaro

1876 5242 2076 5313 potuit;
2118 5258 2224 5305 non
2257 5241 2397 5301 etim
2430 5241 2571 5311 ligna
2600 5250 2659 5297 et
2687 5241 2891 5311 lapides
2929 5253 3153 5311 peccare
3191 5248 3459 5309 possunt:

1875 5332 1971 5410 sed
2005 5344 2189 5391 Lumen».
2207 5344 2540 5403 naturaqurc
2564 5349 2793 5405 peccare
2822 5334 3011 5403 potuit,
3035 5332 3104 5388 de
3132 5331 3302 5387 nihilo
3322 5330 3461 5384 facta

1874 5433 1976 5481 est.
2018 5424 2127 5480 Νιιυ
2165 5441 2411 5496 maguum
2455 5436 2537 5479 est
2576 5440 2796 5494 peccare
2824 5440 2928 5480 non
2960 5438 3113 5492 posse
3154 5440 3168 5476 :
3213 5420 3307 5476 sed
3340 5437 3463 5475 ma-

1875 5533 2036 5588 gnum
2076 5528 2156 5573 est
2185 5533 2306 5572 cum
2350 5517 2681 5574 beatitudine
2709 5531 2931 5587 peccare
2960 5530 3066 5568 non
3100 5526 3275 5581 posse.
3307 5510 3465 5569 Sicut

1878 5623 1982 5662 non
2011 5617 2384 5677 estmagnum,
2408 5621 2528 5662 esse
2555 5606 2804 5660 miserum
2834 5621 2937 5658 non
2968 5616 3157 5673 posse;
3186 5600 3307 5670 quia
3335 5615 3458 5654 om-

1941 5718 1957 5750 ί
1998 5724 2200 5827 ιὲιλιδδη
2225 5716 2430 5782 peccati.
2469 5716 2643 5767 Eadem
2667 5717 2714 5766 in
2735 5716 2851 5781 ipsis
2869 5715 3014 5785 editis
3032 5712 3182 5764 lectio
3206 5720 3282 5764 est
3302 5711 3427 5763 intra
3443 5744 3464 5774 ,

1880 5791 1983 5829 can.
2074 5817 2084 5829 .
2624 5798 2625 5801 ‘

1932 5793 2084 5839 p.01.
2594 5798 2625 5835 μ
