3980 6526
549 379 689 438 ηοδ

548 493 639 552 nia
666 508 786 566 qua:
815 507 913 549 nec
936 490 1315 548 beatitudinem
1354 488 1598 557 capiunt,
1632 485 1828 540 misera
1869 498 1991 539 csse
2028 497 2138 537 non

553 596 816 657 possunt:
848 584 941 639 sed
982 597 1230 653 magnum
1266 589 1349 634 est
1376 581 1445 633 ita
1475 578 1682 634 beatam
1714 590 1832 630 esse
1858 584 2099 629 naturam
2123 614 2137 638 ,

552 685 617 733 ut
643 679 835 731 misera
876 690 997 732 esse
1022 691 1127 730 non
1158 673 1348 744 possit.
1378 671 1533 741 Quod
1571 669 1674 726 etsi
1716 666 1886 736 majus
1913 674 2014 734 est,
2042 679 2143 720 nec

553 765 685 821 illud
711 781 930 833 parvum
958 773 1064 832 est,
1091 765 1143 819 in
1173 780 1233 819 ea
1266 762 1594 818 beatitudine
1616 759 1884 815 conditam
1912 757 2142 812 hominis

554 869 678 910 esse
707 865 980 922 naturam,
1022 854 1146 909 utsi
1173 854 1371 920 vellet,
1408 860 1590 922 posset
1624 865 1745 905 esse
1789 866 1892 902 non
1925 850 2142 903 misera.

555 945 647 1000 Sic
666 956 846 1001 autem
867 943 1117 1000 dicuntur
1142 946 1322 999 omnia
1350 943 1486 998 facta
1512 941 1581 996 de
1609 941 1774 996 nihilo
1792 980 1809 1006 ,
1841 938 1892 993 id
1932 947 2049 1003 est,
2078 951 2145 992 ex

557 1034 644 1093 his
673 1050 793 1106 quae
822 1034 969 1095 nulla
991 1036 1202 1103 erant‘,
1230 1044 1290 1089 ut
1309 1033 1685 1103 intelligamus,
1716 1028 1970 1101 quidquid
1993 1041 2059 1083 ex
2080 1040 2146 1082 eo

500 1132 501 1135 “
555 1128 757 1183 factum
786 1138 871 1184 est
897 1128 1039 1200 quod
1065 1128 1177 1200 jam
1203 1138 1339 1192 erat,
1382 1128 1449 1183 ad
1476 1126 1735 1196 Originem
1768 1125 1995 1194 primam
2025 1135 2147 1177 esse

555 1219 921 1277 referendum.
954 1221 1029 1276 De
1058 1228 1196 1275 terra
1225 1220 1366 1275 enim
1387 1208 1545 1284 caro;
1571 1218 1669 1274 sed
1695 1226 1834 1272 terra
1862 1215 1929 1270 de
1958 1214 2144 1287 nihilo.

560 1311 656 1368 Sic
679 1312 822 1369 enim
852 1312 1081 1368 dicimus
1126 1314 1285 1368 etiam
1331 1327 1522 1370 omnis
1562 1311 1810 1367 homines
1847 1324 1968 1366 esse
2010 1309 2150 1366 Illius

564 1401 761 1466 Adam,
788 1418 909 1460 cum
937 1405 1101 1475 patris
1121 1404 1202 1460 sui
1223 1403 1448 1476 quisque
1467 1403 1537 1458 sit
1560 1402 1718 1457 tilius.
1741 1399 1926 1456 Omnia
1946 1407 2147 1469 tamen,

563 1510 688 1565 qua:
713 1495 848 1551 facta
877 1504 1021 1565 sunt,
1053 1496 1329 1552 mutabilia
1356 1505 1513 1562 sunt,
1546 1496 1669 1567 quia
1710 1495 1778 1551 de
1816 1493 1984 1550 nihilo
2014 1495 2151 1552 facta

561 1595 713 1654 sunt,
740 1585 794 1643 id
836 1596 940 1657 est,
973 1604 1078 1644 non
1108 1587 1354 1655 fuerunt,
1398 1597 1454 1645 et
1483 1588 1599 1644 Deo
1626 1588 1854 1653 faciente
1894 1597 2051 1655 sunt,
2096 1598 2153 1645 et

563 1675 706 1733 b0na
732 1686 896 1735 sunt:
926 1693 957 1733 a
982 1679 1128 1735 bono
1165 1680 1310 1735 enim
1342 1679 1477 1735 facta
1508 1686 1667 1746 sunt;
1696 1695 1795 1736 nec
1820 1681 2040 1755 omnino
2064 1694 2155 1737 es-

565 1779 689 1826 sent
718 1771 991 1828 mutabilia
1017 1772 1160 1830 bona
1184 1772 1323 1841 ulla,
1352 1772 1405 1827 in
1431 1780 1689 1843 quantum
1719 1781 1862 1837 sunt,
1888 1773 1988 1829 nisi
2008 1782 2156 1830 esset

564 1874 599 1917 ι
638 1875 748 1932 quo
781 1870 1125 1929 crearentur,
1171 1862 1501 1920 immutabile
1546 1862 1765 1918 bonum.
1808 1863 1943 1919 Mala
1995 1863 2155 1936 igitur

563 1953 767 2018 omnia,
795 1968 918 2024 qua:
955 1952 1096 2009 nihil
1116 1962 1242 2010 sunt
1271 1953 1416 2010 aliud
1445 1949 1603 2026 quam
1635 1948 1963 2026 privationes
1988 1956 2156 2013 bono-

470 2058 710 2113 vrum,
735 2059 803 2100 ex
829 2044 986 2101 bonis
1019 2054 1139 2102 orta
1173 2054 1300 2102 sunt
1316 2087 1337 2123 ,.
1360 2046 1454 2103 sed
1484 2046 1829 2115 mutabilibus
1860 2064 1875 2102 :
1906 2057 1962 2104 et
1989 2063 2155 2120 ange-

562 2136 679 2192 lum
717 2137 914 2209 quippe
952 2146 1009 2194 et
1035 2128 1343 2209 hominem,
1370 2154 1438 2196 ex
1478 2139 1671 2211 quibus
1699 2148 1815 2196 orta
1853 2150 1981 2197 sunt
2016 2141 2157 2213 mala

567 2228 714 2302 (quas
738 2239 914 2286 tamen
936 2239 992 2287 et
1016 2246 1120 2287 non
1147 2231 1277 2288 oriri
1300 2231 1616 2303 potuissent,
1637 2232 1684 2288 si
1710 2232 1789 2288 illi
1815 2248 2040 2304 peccare
2062 2249 2158 2291 no-

570 2321 821 2389 luissent,
851 2322 976 2395 quia
1005 2332 1061 2380 et
1089 2324 1233 2381 nolle
1261 2324 1604 2396 potuerunt),
1632 2325 2043 2383 naturas-bonas
2067 2343 2157 2383 re-

569 2421 680 2480 cte,
717 2412 1076 2470 immutabiles
1113 2424 1294 2483 autem
1331 2418 1438 2471 non
1471 2423 1618 2471 recte
1642 2430 1927 2487 possumus
1955 2417 2156 2475 dicere.

570 2504 715 2561 Deus
738 2520 867 2561 vero
894 2513 1000 2560 tam
1026 2490 1201 2562 bonus
1223 2516 1325 2573 est,
1355 2516 1414 2563 ut
1439 2506 1594 2564 malis
1620 2524 1835 2581 quoque
1861 2517 2040 2566 utatur
2068 2511 2161 2567 he-

502 2592 511 2675 ς
569 2610 664 2665 ne,
694 2612 815 2668 quae
856 2595 1213 2671 Omnipotens
1250 2615 1377 2659 esse,
1409 2615 1517 2656 non
1547 2600 1785 2675 sineret,
1816 2603 1861 2658 si
1903 2602 1983 2659 eis
2021 2603 2160 2660 bene

500 2682 511 2749 ὲ
569 2687 652 2744 uti
680 2703 888 2744 summa
915 2704 1011 2745 sua
1040 2689 1290 2757 bonitate
1326 2705 1434 2749 non
1475 2701 1657 2763 posset
1687 2709 1702 2747 :
1734 2680 1791 2755 et
1816 2693 1941 2750 hinc
1983 2699 2161 2765 potius

444 2850 464 2872 ⁴
570 2778 842 2850 impotens
883 2792 1167 2859 appareret
1200 2792 1274 2839 εν
1303 2776 1496 2839 minus
1530 2784 1724 2853 bonus,
1774 2800 1884 2841 non
1932 2785 2160 2857 valendo

571 2872 716 2933 bene
739 2874 816 2930 uti
844 2874 1007 2931 etiam
1039 2876 1200 2931 malo.
1232 2876 1463 2932 Proinde
1501 2884 1559 2933 tu
1583 2892 1780 2949 negare
1809 2893 1914 2938 non
1942 2878 2158 2949 sineris,

570 2976 696 3021 eum
717 2965 809 3035 qui
829 2964 976 3033 dicit,
1002 2965 1152 3033 Quod
1170 2968 1521 3041 aquatum,
1549 2970 1645 3023 hoc
1664 2986 1783 3041 ago,
1804 2985 1833 3025 a
1858 2972 2162 3027 necessario

566 3055 681 3129 jam
704 3057 903 3113 malum
929 3046 1378 3128 sumpsis—sanor‘t
1404 3075 1433 3113 a
1463 3047 1725 3130 possibili.
1750 3060 1863 3116 Non
1887 3061 2063 3132 igitur,
2104 3072 2162 3118 ut

572 3145 729 3214 dicis,
767 3162 788 3199 ι
815 3147 990 3202 omnis
1014 3148 1153 3202 actio
1182 3148 1303 3204 mali
1329 3163 1435 3203 non
1456 3164 1488 3204 a
1513 3150 1836 3219 necessario,
1861 3150 1954 3206 sed
1983 3167 2013 3206 a
2039 3166 2163 3222 pos-

570 3237 757 3294 sibili:
796 3254 818 3290 ι
864 3253 1050 3294 verum
1091 3239 1348 3294 nonnulla
1376 3247 1430 3295 et
1468 3254 1498 3294 a
1536 3242 1843 3296 necessario
1878 3242 2163 3314 reperitur.

570 3325 712 3384 Vide
735 3341 881 3383 nunc
904 3337 965 3383 ut
995 3336 1081 3384 tua
1110 3328 1434 3387 machinatio
1474 3338 1584 3386 tam
1628 3331 1899 3389 elaborata
1929 3334 2161 3406 collapsa

570 3415 665 3474 sit.
692 3416 800 3475 Sed
829 3419 1089 3490 quaarenti
1116 3420 1256 3477 unde
1294 3421 1539 3477 voluntas
1563 3422 1703 3478 mala
1732 3424 1787 3478 in
1811 3422 2029 3481 homine
2054 3425 2166 3497 pri-

571 3525 667 3567 mo
691 3510 974 3578 exstiterit,
1005 3512 1210 3568 cautius
1230 3515 1556 3585 respondere
1586 3522 1639 3571 te
1662 3524 1837 3585 putas,
1867 3533 1888 3569 c
1921 3516 1996 3573 De
2015 3526 2162 3574 motu

572 3602 761 3671 animi,
784 3612 1009 3674 cogente
1037 3604 1185 3661 nullo
1213 3621 1227 3660 :
1256 3623 1278 3658 ι
1307 3607 1456 3679 quasi
1482 3620 1587 3662 non
1612 3606 1772 3664 citius
1790 3616 1845 3664 et
1866 3609 2165 3681 expeditius

571 3693 952 3766 responderes,
985 3695 1061 3752 De
1098 3694 1316 3754 homine
1345 3690 1482 3770 ipSo.
1510 3697 1639 3753 Illud
1665 3699 1861 3772 quippe
1901 3701 2166 3772 quodad-

573 3785 737 3855 ditur,
775 3806 796 3841 ε
829 3797 1052 3860 cogente
1091 3790 1259 3859 nullo,
1290 3809 1311 3844 ι
1362 3792 1521 3847 etiam
1552 3790 1641 3850 hic
1667 3793 1787 3849 addi
1813 3809 1845 3850 a
1874 3777 1935 3851 te,
1952 3795 2123 3866 potuit
2144 3838 2161 3866 ,

572 3879 864 3937 resistente
890 3881 985 3937 tibi
1019 3882 1189 3938 nullo.
1213 3883 1341 3952 Quis
1369 3884 1513 3940 enim
1551 3885 1644 3942 tibi
1670 3887 1945 3960 resisteret
1966 3887 2164 3959 dicenti

571 3985 701 4027 vera
721 4013 738 4039 ,
769 3972 817 4027 si
842 3971 1083 4041 diceres,
1125 3973 1264 4053 Mala
1299 3974 1545 4030 voluntas
1573 3975 1626 4031 in
1652 3975 1871 4033 homine
1895 3978 2071 4049 primo
2096 3978 2167 4051 de

573 4059 796 4118 homine
820 4062 936 4134 ipso
959 4064 1164 4119 exstitit
1184 4070 1409 4137 cogente
1434 4066 1578 4123 nullo
1596 4067 1623 4122 ‘l
1642 4066 1795 4126 Nunc
1813 4083 1942 4125 vero
1969 4071 2165 4126 timens

573 4153 797 4225 culpare
820 4163 1087 4223 naturam,
1112 4163 1364 4227 tanquam
1390 4155 1517 4212 hinc
1540 4157 1594 4213 in
1620 4157 1739 4229 ejus
1761 4167 2032 4215 auctorem
2060 4161 2165 4217 ulla

576 4254 823 4302 recurrat
851 4245 1071 4318 injuria,
1095 4256 1151 4303 et
1177 4247 1319 4319 quod
1346 4248 1436 4304 diu
1463 4249 1681 4306 volebas
1695 4251 1740 4319 ⁸,
1781 4250 2066 4322 aliquando
2086 4252 2169 4309 di-

576 4336 727 4405 xisti,
754 4345 809 4393 et
831 4352 864 4392 a
887 4346 1075 4394 natura
1104 4353 1212 4395 non
1241 4339 1531 4396 recessisti.
1563 4341 1787 4397 Animus
1814 4356 2043 4414 namque
2072 4360 2169 4400 na-

575 4436 696 4484 tura
721 4436 805 4484 est
834 4444 849 4483 :
881 4437 937 4484 et
964 4443 1030 4485 ea
1053 4428 1304 4501 quidem'
1331 4431 1385 4487 in
1420 4429 1652 4487 hominis
1680 4432 2013 4491 institutione
2040 4449 2165 4491 cor-

573 4533 708 4590 pore
747 4521 973 4589 melior,
1012 4521 1083 4578 de
1118 4521 1271 4593 cujus
1297 4531 1478 4589 motu,
1509 4532 1733 4595 cogente
1760 4525 1942 4595 nullo,
1969 4528 2163 4584 malam

573 4611 907 4670 voluntatem
945 4613 1216 4670 exstitisse
1238 4613 1440 4671 dixisti.
1488 4614 1724 4673 Videsne
1771 4631 1878 4674 non
1929 4618 2167 4689 potuisse

576 4704 682 4760 nisi
708 4705 953 4762 alicunde
975 4708 1231 4774 existere,
1255 4708 1396 4778 quod
1425 4720 1622 4779 negare
1650 4723 1756 4764 non
1782 4709 1995 4782 sineris,
2017 4720 2169 4766 ante-

576 4808 739 4865 quam
765 4795 1041 4865 existeret,
1069 4811 1175 4853 non
1218 4797 1426 4855 fuisse?
1462 4798 1603 4867 Quid
1631 4809 1807 4855 autem
1838 4814 1973 4871 opus
1998 4809 2168 4859 estut

576 4894 848 4957 quaeratur
875 4886 1017 4943 unde
1043 4888 1207 4943 animi
1245 4898 1444 4955 motus,
1474 4903 1596 4946 cum
1622 4890 1754 4946 satis
1779 4900 2033 4961 appareat
2057 4907 2164 4949 non

575 4976 819 5049 potuisse
858 4977 1021 5031 animi
1046 4987 1248 5033 motum
1278 4979 1378 5035 nisi
1405 4980 1474 5036 de
1509 4981 1691 5036 animo
1716 4981 1981 5038 existere?
2011 4981 2166 5050 Quod

575 5072 622 5128 si
650 5069 1107 5141 impudentissime
1125 5079 1287 5142 atque
1313 5072 1664 5129 insulsissime
1686 5088 1871 5145 negas,
1898 5073 2073 5131 adhuc
2095 5091 2164 5132 ex

577 5170 633 5217 te
660 5161 940 5232 quaeritur,
964 5163 1105 5217 unde
1124 5162 1389 5218 exstiterit
1409 5163 1461 5218 in
1484 5162 1700 5219 homine
1725 5164 1899 5234 primo
1916 5166 2164 5225 voluntas

577 5253 720 5308 mata
748 5270 763 5307 :
795 5266 897 5310 nec
929 5252 1041 5324 jam
1067 5251 1392 5324 permitteris
1414 5252 1614 5323 dicere,
1649 5271 1669 5307 ι
1702 5254 1779 5311 De
1803 5263 1949 5312 motu
1975 5259 2160 5326 animi,

575 5351 802 5418 cogente
823 5343 1001 5410 nullo;
1029 5363 1050 5398 ι
1079 5344 1203 5417 quia
1224 5343 1345 5414 ipse.
1364 5344 1529 5400 animi
1553 5353 1728 5401 motus
1746 5356 1972 5417 cogente
1991 5348 2161 5415 nullo,

574 5440 824 5495 voluntas
864 5446 972 5493 est.
1012 5437 1365 5508 Quapropter,
1400 5437 1502 5493 hoc
1545 5445 1630 5494 est
1667 5436 1877 5505 dicere,
1905 5438 2164 5496 Voluntas

573 5529 776 5587 exstitit
799 5528 870 5586 de
894 5529 1057 5584 animi
1081 5539 1249 5597 motu,
1280 5528 1425 5601 quod
1449 5527 1750 5596 estdicere,
1779 5531 1953 5588 Animi
1985 5540 2164 5590 metus

638 5706 655 5749 ι
689 5707 764 5755 Sic
782 5710 892 5756 Mss.
914 5703 1033 5756 editi
1055 5710 1220 5756 autem
1234 5739 1249 5765 ,
1273 5715 1384 5765 mtas
1404 5703 1467 5756 de
1487 5703 1618 5756 nullo
1633 5710 1788 5762 erant.

637 5767 660 5799 ³
694 5774 844 5817 vetus
862 5767 1017 5817 codex
1043 5773 1188 5823 Port.,
1212 5763 1425 5817 nolebas.

638 5828 663 5871 ι
691 5829 764 5885 sic
786 5836 889 5879 Mss.
913 5835 963 5878 In
985 5829 1146 5892 νίκη..
1170 5826 1363 5893 quippe.

1255 376 1495 437 OPERIS
1534 365 1947 432 utrsnrecn
1985 367 2257 424 courna
2299 366 2659 435 JULlANUM,
2698 368 2755 426 s.
2796 344 3183 433 aucUerru,

3672 375 3760 435 ΠΜ

2247 482 2450 540 cxsﬁtit
2471 482 2539 538 de
2563 483 2735 541 animi
2752 491 2930 554 motu,
2962 492 3082 551 aut,
3131 480 3408 539 Voluntas
3433 484 3613 543 exstitit
3632 491 3684 548 de
3702 512 3763 553 vo.

2244 572 2505 629 iuntatc‘.
2532 575 2614 629 An
2642 574 2776 630 dicis
2802 574 2942 630 lnmc
2970 583 3191 631 motum
3229 573 3301 629 de
3328 589 3388 629 se
3415 574 3524 645 ipso
3544 582 3766 657 cxstitise,

2248 680 2356 720 non
2384 665 2452 720 de
2474 665 2688 732 animo,
2727 682 2795 721 ne
2822 665 2947 722 hinc
2984 675 3189 729 natura
3226 664 3369 719 bona
3387 707 3402 729 ,
3431 666 3481 721 id
3505 678 3606 736 est,
3628 674 3768 735 animus

2249 756 2365 828 ipse
2391 758 2667 829 culpetur?
2691 757 2805 813 Non
2839 773 2966 829 ergo
3009 758 3147 813 inde
3196 757 3489 815 damnetur
3517 777 3530 811 :
3558 764 3656 831 quis
3682 771 3771 827 eam

2249 849 2375 907 inde
2402 850 2538 907 ferat
2563 844 2796 907 animum
2816 851 2938 929 jure
2959 844 3245 915 damnari,
3278 849 3426 905 unde
3448 865 3551 920 non
3576 860 3768 931 potest]...

2250 957 2311 998 re
2338 943 2582 1016 culpari?
2604 943 2712 1000 Sed
2733 931 2885 1011 dicis,
2915 961 2936 996 ι
2956 942 3084 998 ideo
3114 943 3377 1014 peccavit
3408 942 3580 1009 homo,
3602 947 3698 1017 quia
3716 967 3774 1005 τοι

2252 1036 2383 1103 luit;
2427 1036 2548 1093 ideo
2591 1035 2775 1093 habuit
2810 1037 3147 1093 voluntatem
3194 1035 3424 1104 malam,
3464 1039 3577 1109 quia
3601 1023 3771 1099 voluit.»

2251 1125 2547 1183 Verissime
2570 1128 2741 1183 dicis:
2773 1128 2867 1183 sed
2905 1129 2951 1184 si
2983 1127 3077 1184 lux
3122 1126 3444 1183 clarissima
3481 1131 3777 1195 tenebrzenm

2253 1228 2396 1283 sunt,
2421 1219 2488 1275 dc
2510 1220 2601 1275 illo
2627 1221 2832 1276 exstitit
2874 1221 3011 1277 mala
3040 1221 3340 1288 voluntas,
3371 1220 3493 1291 quia
3536 1222 3688 1280 voluit.
3710 1225 3775 1285 lion

2254 1310 2397 1385 enim
2432 1309 2694 1378 dicimus,
2733 1319 2790 1366 ut
2823 1310 3213 1376 calumniaris,
3247 1320 3306 1366 et
3338 1321 3397 1366 ut
3423 1326 3520 1367 nos
3542 1314 3677 1370 etiam
3697 1321 3779 1373 sui-

2256 1401 2427 1472 psisse
2471 1401 2743 1467 mentiris,
2796 1420 2815 1455 ι
2848 1414 3022 1459 motus
3063 1406 3177 1459 iste
3217 1401 3370 1458 unde
3409 1416 3528 1459 esse
3562 1409 3778 1478 campum

2255 1492 2326 1565 sit
2354 1510 2374 1546 ι
2409 1491 2503 1563 sed
2545 1494 2691 1549 nullo
2729 1494 3078 1565 compellcnle
3124 1493 3283 1551 unde
3326 1496 3611 1563 exstiterit;
3647 1503 3779 1570 quina

2255 1584 2405 1639 nullo
2433 1585 2786 1655 compelle-nte
2813 1596 2989 1641 tamen
3015 1587 3269 1655 exstitit,
3303 1594 3360 1641 et
3391 1588 3594 1654 nonnisi
3618 1589 3779 1650 aliwndc

2256 1676 2491 1731 existere
2517 1665 2752 1747 poterat,
2794 1677 2936 1748 quod
2965 1688 3270 1748 antequam
3304 1677 3561 1745 existeret
3589 1696 3681 1750 nos
3697 1696 3777 1740 erat

2256 1767 2315 1824 Si
2336 1782 2466 1840 ergo
2493 1768 2653 1824 homo
2673 1769 2858 1839 voluit,
2885 1769 2955 1826 de
2984 1770 3217 1826 homine
3245 1769 3499 1825 exstitit:
3528 1779 3581 1825 et
3602 1773 3778 1843 quidem

2260 1859 2443 1927 homo,
2474 1868 2753 1932 antequam
2779 1859 2847 1917 de
2876 1858 2969 1917 illo
2996 1863 3288 1935 existeret,
3314 1860 3421 1916 nisi
3448 1873 3619 1917 natura
3642 1865 3778 1924 homst

2258 1948 2455 2006 bonum
2488 1964 2622 2021 opus
2653 1951 2787 2006 Dei?
2812 1950 2965 2020 Quod
3011 1961 3096 2007 est
3140 1951 3318 2006 etiam
3364 1951 3535 2006 malus
3573 1950 3725 2020 homo,
3750 1958 3777 2011 in

2257 2048 2513 2112 quantum
2544 2040 2705 2097 homo
2729 2051 2813 2098 est
2835 2051 2889 2099 et
2918 2056 3052 2114 opus
3082 2042 3209 2099 Dei.
3233 2040 3602 2098 Coufundatur
3614 2058 3776 2115 ergout

2259 2133 2490 2190 vanitate
2514 2133 2782 2205 Julianus;
2813 2119 3064 2206 quoniam
3094 2149 3167 2190 ex
3201 2133 3369 2189 bonis
3406 2147 3526 2190 esse
3561 2134 3674 2189 mala
3693 2146 3775 2203 om,

2257 2239 2444 2281 verum
2459 2225 2487 2259 ί
2511 2225 2644 2281 dixit
2662 2216 2976 2283 Ambrosius
3002 2225 3107 2299 (De
3134 2225 3305 2296 (suae
3333 2234 3385 2281 et
3402 2225 3592 2291 Anima,
3611 2243 3700 2298 cap.
3719 2229 3773 2299 ηε

2260 2315 2355 2371 sed
2374 2315 2496 2388 quia
2511 2326 2735 2388 cogente
2756 2318 2922 2384 nullo,
2944 2319 3256 2399 iuculpatus
3272 2326 3360 2383 est
3380 2317 3521 2373 Deus
3537 2333 3557 2388 :_
3571 2319 3688 2401 quod
3701 2336 3779 2375 rem

2261 2421 2323 2463 ea
2345 2407 2585 2478 permisit
2602 2409 2855 2477 existere,
2882 2424 2982 2466 usu
2996 2424 3188 2467 eorum
3208 2408 3368 2483 justo
3387 2417 3443 2466 et
3466 2408 3595 2475 bono
3611 2408 3773 2473 laudate

2261 2502 2539 2574 insignius.

2333 2594 2468 2652 LXI.
2498 2595 2619 2652 ιω..
2649 2595 2910 2653 Voluntas
2935 2611 3094 2669 ergo,
3117 2611 3248 2668 qua:
3276 2594 3413 2651 nihil
3434 2602 3511 2652 est
3529 2593 3767 2667 aliudque

2262 2697 2440 2744 motus
2464 2688 2627 2745 animi
2657 2698 2880 2762 cogente
2908 2689 3057 2745 nullo
3076 2731 3092 2757 ,
3124 2687 3546 2761 possibilitatem
3571 2702 3690 2741 suam
3709 2702 3768 2741 tu-

2264 2787 2399 2834 turze
2447 2778 2646 2846 debet,
2695 2778 2941 2835 eifcctnm
2990 2794 3144 2835 suum
3193 2778 3343 2835 sibi.
3389 2776 3445 2833 In
3493 2787 3649 2832 natura
3681 2775 3767 2831 enim

2264 2879 2451 2945 exorta
2486 2879 2612 2947 est,
2637 2871 2732 2928 sed
2764 2886 2793 2925 a
2820 2870 3063 2944 possibili
3082 2912 3098 2939 ,
3126 2886 3240 2927 non
3270 2886 3305 2928 a
3331 2869 3637 2926 necessario.
3660 2867 3768 2923 [fusi

2262 2963 2409 3020 dicat
2434 2964 2627 3036 aliquis
2647 3006 2663 3032 ,
2691 2963 2798 3020 Sed
2826 2956 2964 3031 mala
3004 2973 3195 3019 natura
3217 3003 3235 3030 ,
3285 2977 3411 3033 qua:
3451 2962 3606 3032 potuit
3639 2958 3765 3014 habere

2262 3056 2593 3112 voluntatem
2633 3056 2873 3112 malam:
2907 3053 3250 3126 respondeo,
3297 3052 3407 3111 Sed
3445 3053 3576 3107 bona
3611 3059 3764 3115 natura,

2263 3163 2384 3222 quae
2404 3149 2577 3219 potuit
2600 3147 2797 3220 habere
2816 3148 3146 3216 voluntatem
3176 3146 3406 3214 bonam.
3430 3142 3543 3201 Uno
3563 3156 3667 3213 ergo
3685 3149 3764 3196 ten-

2265 3232 2398 3311 pore
2422 3240 2622 3311 optima
2652 3239 2813 3296 simul
2843 3240 3183 3322 pessimaque
3205 3239 3441 3308 dicetur.
3481 3236 3546 3291 At
3577 3233 3621 3289 id
3651 3246 3763 3288 rerum

2265 3322 2405 3387 ratio
2455 3347 2565 3387 non
2616 3330 2785 3399 sinit,
2838 3339 2898 3398 ut
2944 3344 3054 3398 uno
3104 3329 3415 3400 eodemque
3468 3329 3762 3407 temperent

2265 3423 2560 3494 eademque
2584 3437 2673 3478 res
2703 3423 2989 3478 contrariis
3018 3423 3341 3489 meritorum
3379 3417 3678 3491 qualitatibus
3703 3415 3761 3469 in-

2264 3516 2495 3589 pleatur.
2519 3515 2577 3571 Si
2607 3515 2768 3586 igitur
2797 3513 2918 3570 ideo
2946 3513 3087 3581 mala
3112 3522 3339 3584 putetur
3361 3552 3378 3580 ,
3407 3509 3522 3581 quia
3548 3507 3682 3578 potuit
3695 3519 3761 3559 nu-

2266 3608 2377 3664 lum
2418 3606 2633 3674 facere;
2676 3606 2796 3662 ideo
2833 3606 2971 3662 bona
2995 3605 3285 3674 credatur,
3313 3602 3438 3674 quia
3466 3600 3615 3672 potuit
3632 3597 3757 3653 bonum

2265 3698 2499 3769 operari.
2528 3695 2638 3752 Cur
2664 3706 2840 3752 autem
2867 3738 2880 3760 ,
2909 3696 3115 3767 inquit,
3159 3705 3217 3751 et
3255 3694 3456 3765 malum
3502 3686 3671 3761 potuit,
3693 3698 3760 3755 qu:

2264 3788 2468 3846 bonum
2503 3788 2868 3860 operabatur?
2904 3787 3266 3859 Respondco,
3305 3785 3437 3854 Quia
3480 3782 3645 3838 bonum
3676 3775 3755 3837 hoc.

2270 3880 2413 3954 quod
2458 3882 2629 3937 virtus
2674 3879 2906 3948 dicitur,
2954 3878 3235 3949 proprium
3285 3891 3406 3934 esse
3458 3889 3553 3928 non
3590 3874 3756 3941 ροιεηιο

2266 3966 2372 4030 nisi
2429 3972 2616 4029 fuisset
2660 3972 3061 4029 voluntarium:
3106 3970 3465 4027 voluntariqu
3511 3972 3657 4019 autem
3692 3972 3753 4014 non

2267 4075 2445 4137 esset,
2474 4068 2522 4121 si
2544 4065 2917 4122 neCessitatem
2958 4065 3085 4121 boni
3124 4064 3403 4121 habuisset
3433 4078 3447 4116 :
3480 4055 3755 4115 necessitatem

2267 4169 2445 4228 autem
2477 4158 2600 4213 boni
2631 4156 2976 4229 pertulisset,
3010 4155 3056 4211 si
3085 4172 3194 4211 non
3224 4154 3491 4211 habuisset
3514 4143 3747 4221 possibilita-

2269 4259 2378 4309 tem
2409 4250 2553 4307 mali.
2581 4234 2653 4319 Ut
2679 4266 2808 4324 ergo
2850 4259 3123 4313 constaret
3155 4248 3248 4321 jus
3291 4247 3414 4305 boni
3437 4244 3477 4313 ⁸,
3505 4240 3754 4298 admissae!

2267 4343 2589 4429 possibilitas
2614 4342 2758 4411 mali.
3533 4423 3544 4430 ,
3598 4429 3601 4430 ν
3631 4419 3640 4430 ,

2272 4417 2292 4449 ⁷
2341 4436 2474 4492 Anc.
2500 4433 2573 4492 Ut
2596 4434 2752 4490 video
2772 4476 2788 4502 ,
2814 4448 2915 4490 nec
2939 4433 3478 4518 bonanuolunMIcnt
3501 4423 3571 4479 vis
3591 4417 3750 4515 tribuat

2268 4538 2475 4585 natura:
2496 4569 2513 4595 ,
2544 4527 2759 4600 quando
2787 4535 2870 4583 est
2897 4526 3059 4583 homo
3087 4527 3337 4600 primitus
3372 4519 3588 4580 conditus
3613 4532 3626 4568 :
3654 4519 3745 4580 qm

2268 4636 2375 4676 non
2407 4622 2634 4692 potuerit
2663 4621 2802 4676 Deus
2835 4620 3107 4676 hominem
3138 4618 3318 4676 facere
3345 4611 3597 4673 voluntatis
3616 4606 3745 4703 bolis;

2268 4711 2322 4768 in
2349 4729 2450 4793 qua
2494 4728 2617 4769 eum
2659 4722 2835 4769 tamen
2879 4729 3196 4790 permanere
3238 4729 3343 4779 non
3386 4694 3743 4779 cogerettsedi”

2268 4804 2384 4889 ejus
2409 4814 2552 4860 esset
2578 4804 2798 4875 arbitrio
2826 4807 2943 4872 sive
2969 4806 3020 4860 in
3048 4821 3109 4862 ea
3135 4821 3349 4879 semper
3374 4816 3483 4865 esse
3509 4795 3743 4889 κυρωθῇ

2269 4885 2375 4953 non
2407 4913 2622 4970 semper
2643 4941 2659 4965 ,
2692 4897 2786 4954 sed
2813 4914 2875 4954 ex
2905 4898 2989 4953 illa
3019 4914 3078 4955 se
3113 4900 3169 4955 in
3210 4901 3395 4955 malam
3437 4891 3563 4950 nullo
3593 4885 3742 4951 003⁸⁸⁸⁸

2268 4997 2500 5044 mutaret
2522 5030 2541 5063 ι
2566 4989 2703 5059 sicut
2726 4997 2779 5044 et
2807 4988 3003 5058 factum
3032 4998 3136 5047 cst.
3172 4989 3351 5069 Neque
3389 4985 3514 5044 enim
3538 4979 3739 5069 homullis

2269 5082 2643 5159 luutatcmngy
2668 5080 2921 5154 Peccandi
2943 5090 3064 5138 ante
3085 5097 3189 5151 non
3215 5062 3392 5155 habuit
3409 5120 3423 5144 ,
3444 5083 3492 5131 et
3508 5087 3532 5126 a
3551 5063 3738 5121 volunt!“

2268 5175 2524 5246 peccandi
2549 5189 2772 5237 exorsus
2799 5182 2882 5238 est
2906 5174 3065 5234 vitam
3090 5215 3111 5243 ,_
3131 5174 3184 5229 in
3214 5188 3315 5246 qua
3339 5185 3450 5229 cum
3474 5170 3636 5222 rectum
3653 5162 3732 5204 cur

2331 5390 3553 5477 {esseeummisssareiwssuzmi
3568 5357 3728 5477 aut?

2264 5445 2831 5537 ῐθτ¹ὶ²›..ίέε..υοιιμ;ιέάιξ.υ
2846 5455 3094 5537 ,εάέξωυξ
3119 5445 3556 5537 εξὲιΐὲπίέτὲξέῒ
3573 5445 3727 5537 ,ἑξέῗῶτί

2263 5501 3410 5602 ἑιίζῖὖὲἐὲζέἐέῑέθζξδὲῖΪὶεξίιξὲηἶιὲὲέἐ;
3440 5501 3723 5602 ὲέὲἷὲςίῗίὲξξὶἑιῖ

2264 5579 2398 5654 quod
2408 5567 2643 5631 'uothtas
2861 5578 2925 5631 de
2955 5567 3210 5642 tottmta'te,
3231 5567 3413 5631 caeteris
3440 5567 3602 5621 verbi“

2319 5656 2443 5691 lSSlS.
3600 5689 3619 5693 .-
3626 5690 3638 5693 -
3646 5672 3662 5693 ,ι
3673 5668 3703 5693 ιιι

2264 5654 2443 5692 missus.
3646 5689 3651 5693 ν
3696 5668 3703 5677 ,

2310 5706 2352 5766 Ι
2365 5702 2765 5766 ,vignierius,esse
2786 5700 2916 5753 mala
2936 5708 3043 5753 orta
3062 5702 3207 5765 dixit,
3222 5704 3402 5763 omisso,
3421 5669 3719 5747 aerumnam

2265 5764 2457 5820 additur
2494 5777 2558 5815 ex
2590 5766 2941 5827 manusuiptis.

2330 5827 2350 5861 ³
2380 5828 2451 5889 sic
2468 5833 2572 5879 Mss.
2600 5834 2653 5878 Αι
2676 5827 2808 5890 editi,
2834 5826 2904 5879 vis
2925 5826 3050 5879 boni.
