3980 6510
226 386 383 445 N91

222 498 373 553 didit
400 496 579 558 Deus:
608 495 787 567 utique
817 494 975 550 talem
1001 535 1016 562 ,
1047 493 1136 565 qui
1165 493 1238 549 uti
1265 493 1470 549 ratione
1493 492 1598 564 jam
1625 499 1825 563 posset.

228 593 376 660 Quis
405 591 548 645 enim
577 591 738 654 ferat,
778 588 821 642 si
849 587 1058 642 dicatur
1099 587 1223 643 talis
1259 585 1429 642 factus
1451 628 1468 654 ,
1512 585 1697 656 quales
1732 598 1829 638 tta-

225 690 464 738 scuntur
494 677 757 734 infantes?
780 676 874 732 llla
900 678 1077 748 itaque
1114 677 1374 749 perfectio
1404 686 1607 731 natura:
1627 715 1643 743 ,
1671 688 1829 743 quam

222 787 345 828 non
375 769 723 825 dabantanni
748 810 765 836 ,
804 768 899 824 sed
936 760 1051 825 sola
1092 784 1282 825 manus
1328 767 1460 831 Dei,
1507 781 1612 821 non
1657 764 1830 835 potuit

227 863 342 918 nisi
368 861 569 915 habere
589 860 917 915 voluntatem
939 860 1202 930 aliquant,
1225 873 1449 927 eamque
1471 871 1574 913 non
1599 857 1788 910 malam
1810 872 1825 911 :

226 955 478 1023 alioquin
527 968 632 1006 non
677 952 935 1022 scriptum
986 959 1165 1014 esset,
1215 948 1356 1003 Fecit
1405 948 1538 1002 Deus
1575 946 1827 1001 hominem

226 1056 431 1100 rectum
453 1043 474 1116 (
497 1043 665 1097 Eccle.
689 1058 761 1098 vn
788 1083 803 1107 ,
828 1043 898 1098 30
923 1044 964 1113 ).
988 1042 1149 1096 Bome
1176 1040 1337 1110 igitur
1356 1040 1639 1094 voluntatis
1658 1039 1828 1093 factus

228 1147 322 1193 est
350 1139 510 1191 homo
534 1178 549 1201 ,
588 1144 812 1204 paratus
849 1132 919 1188 ad
962 1133 1316 1197 obcdiendum
1364 1131 1508 1198 Deo,
1541 1141 1596 1187 et
1624 1145 1826 1201 praeco.

229 1216 387 1298 ptum
417 1226 729 1281 obedienter
753 1224 1022 1294 accipiens
1046 1265 1061 1291 ,
1088 1223 1231 1293 quod
1259 1225 1375 1280 sine
1403 1222 1511 1279 ulla
1529 1262 1546 1289 ,
1573 1219 1824 1292 quamdiu

227 1319 436 1381 vellet,
466 1316 782 1373 difﬁcultate
809 1323 1078 1380 servaret,
1103 1324 1158 1369 et
1174 1315 1292 1368 sine
1319 1314 1451 1378 ulla,
1477 1328 1597 1368 cum
1629 1312 1785 1368 vellet
1804 1354 1821 1381 ,

229 1412 556 1467 necessitate
583 1409 600 1442 ⁸
630 1409 940 1472 desereret;
983 1421 1081 1462 nec
1125 1406 1252 1461 illud
1295 1421 1424 1462 sane
1462 1404 1821 1474 infructuose,

230 1519 338 1559 nec
364 1503 504 1557 isqu
533 1503 748 1572 impune
775 1501 1030 1556 facturus.
1065 1499 1215 1556 Unde
1240 1500 1321 1570 pia
1344 1509 1398 1555 et
1424 1499 1598 1554 sobria
1624 1500 1825 1569 cogita-

229 1597 384 1651 tione
412 1596 681 1666 colligitur
705 1636 720 1659 ,
751 1595 974 1665 primam
1005 1593 1329 1647 voluntatem
1352 1593 1542 1647 bonam
1572 1592 1662 1647 Dei
1688 1607 1823 1663 opus

228 1704 395 1754 esse:
424 1704 543 1743 cum
576 1689 665 1747 illa
694 1689 890 1758 quippe
920 1685 1047 1747 fecit
1074 1688 1341 1741 hominem
1372 1697 1573 1749 rectum
1606 1703 1620 1741 :
1652 1674 1823 1756 neque

229 1784 379 1848 enim
426 1797 658 1851 unquam
687 1823 702 1847 ,
746 1764 846 1835 nisi
884 1787 1029 1833 recta
1069 1778 1291 1845 volens,
1343 1787 1519 1834 rectus
1559 1786 1642 1832 est
1672 1778 1821 1848 quis-

228 1889 416 1945 quam.
446 1874 673 1946 Propter
698 1873 837 1943 quod
865 1869 1110 1926 voluntas
1137 1871 1274 1927 bona
1303 1886 1407 1926 non
1440 1870 1677 1925 redditur
1701 1885 1824 1940 per-

228 1967 379 2053 dita,
428 1967 528 2022 nisi
573 1966 640 2022 ab
682 1966 773 2022 illo
814 1981 843 2020 a
883 1982 990 2037 quo
1038 1976 1120 2022 est
1166 1964 1418 2030 condita;
1466 1968 1565 2018 ne'c
1606 1962 1821 2017 aliunde

228 2059 529 2132 putandum
552 2067 633 2114 est
663 2060 837 2114 sanari
868 2074 1024 2129 posse
1046 2057 1249 2129 peccati
1281 2058 1649 2112 necessitatem
1676 2098 1689 2120 ,
1720 2057 1822 2114 nisi

229 2152 523 2205 miserante
552 2134 646 2203 illo
670 2191 685 2214 ,
719 2150 870 2220 cujus
899 2150 1008 2204 alto
1030 2150 1283 2220 jusloque
1304 2148 1506 2220 judicio
1535 2148 1820 2205 subsecuta

227 2252 316 2303 est
347 2250 591 2312 pestcros
620 2242 736 2312 ejus
758 2282 774 2309 ,
814 2243 903 2313 qui
935 2243 1049 2297 sine
1078 2243 1184 2296 ulla
1215 2242 1535 2303 necessitate
1561 2242 1816 2310 peccavit.

228 2333 388 2390 Unde
410 2334 498 2390 ille
522 2342 864 2405 posteaquam
887 2335 1090 2415 peccati
1117 2333 1403 2389 habitantis
1424 2334 1475 2389 in
1497 2348 1655 2389 carne
1681 2348 1776 2390 sua
1799 2374 1815 2399 ,

226 2444 339 2500 quo
367 2429 655 2499 cogebatur
675 2428 873 2483 malum
898 2435 1057 2500 agere
1085 2430 1226 2501 quod
1255 2430 1469 2499 nolebat
1491 2471 1505 2494 ,
1535 2431 1819 2485 necessita-

230 2530 340 2576 tem
370 2535 687 2591 ptenamque
707 2520 960 2586 deﬂevit,
988 2537 1108 2576 mox
1137 2521 1202 2575 ad
1223 2536 1384 2593 quem
1410 2521 1817 2592 confugiendum

236 2621 386 2666 esset
407 2610 691 2667 ostendens
714 2626 734 2666 :
770 2610 930 2667 Miser
975 2629 1066 2684 ego
1111 2612 1259 2666 homo
1283 2655 1298 2680 ,
1344 2612 1550 2683 inquit,
1589 2613 1700 2685 quis
1740 2630 1821 2683 me

234 2703 463 2759 liberabit
485 2704 547 2758 de
572 2721 783 2775 corpore
802 2706 978 2759 mortis
998 2705 1149 2778 hujus
1166 2707 1192 2760 ?
1213 2704 1390 2760 Gratia
1415 2706 1510 2761 Dei
1530 2723 1619 2775 per
1639 2707 1820 2768 Iesum

232 2794 485 2848 Christum
532 2794 809 2862 Dominum
861 2806 1088 2856 nostrum
1141 2794 1163 2875 (
1192 2797 1340 2851 Rom.
1372 2814 1465 2863 vn,
1513 2797 1583 2853 24
1605 2806 1650 2851 et
1678 2797 1749 2853 23
1773 2802 1812 2868 ).

229 2876 395 2934 Vides
431 2888 613 2945 certe,
663 2892 822 2949 quam
873 2895 979 2934 non
1027 2880 1307 2936 subveniat
1346 2881 1469 2937 huic
1496 2882 1816 2952 possibilitas

229 2969 357 3034 illa,
407 2984 563 3037 quam
608 2977 661 3025 te
708 2979 959 3041 tanquam
1004 2986 1253 3041 maguum
1304 2972 1502 3043 aliquid
1546 2973 1816 3046 invenisse

226 3060 542 3126 arbitraris;
561 3061 669 3132 jam
691 3064 887 3133 quippe
907 3063 1103 3119 amissa
1124 3072 1207 3119 est
1227 3105 1244 3131 ,
1266 3065 1480 3135 quando
1502 3066 1817 3122 necessitate

227 3153 404 3222 agitur
429 3144 624 3224 malum
651 3194 666 3217 ,
695 3164 748 3209 et
769 3142 870 3210 sub
895 3156 1201 3211 necessario
1224 3157 1366 3212 malo
1393 3157 1587 3212 clamat
1614 3158 1778 3214 homo
1795 3201 1812 3227 ,

230 3244 391 3300 Miser
415 3262 507 3331 ego
532 3246 681 3301 homo
708 3262 733 3303 :.
756 3247 848 3303 sed
879 3248 1034 3318 plane
1062 3248 1153 3305 ille
1177 3250 1492 3321 subveniat,
1523 3250 1673 3335 cujus
1698 3265 1816 3321 gra-

228 3339 301 3393 tia
322 3350 643 3410 superantur
668 3340 826 3395 etiam
853 3356 972 3410 qum
995 3350 1274 3411 propterea
1299 3343 1597 3397 necessaria
1618 3356 1779 3398 vocas
1796 3382 1812 3408 ,

230 3432 369 3502 quod
398 3433 553 3487 aliter
579 3448 699 3488 esse
727 3449 833 3487 non
866 3441 1104 3503 possunt.
1135 3431 1288 3501 Quod
1329 3432 1470 3488 enim
1513 3434 1817 3489 hominibus

232 3523 561 3594 impossibile
590 3533 670 3580 est
693 3565 710 3589 ,
744 3524 852 3580 Deo
883 3523 1037 3579 facile
1062 3533 1162 3579 est.
1193 3522 1289 3580 Cui
1317 3540 1423 3580 non
1448 3524 1544 3579 fuit
1572 3540 1818 3580 necessa-

232 3615 368 3670 rium
394 3624 447 3668 ut
471 3615 705 3670 camelos
727 3630 821 3685 per
843 3614 1078 3671 foramen
1101 3632 1226 3671 acus
1249 3616 1447 3671 intrare
1472 3632 1575 3670 non
1600 3625 1814 3687 posset,

236 3708 328 3762 sed
355 3708 609 3777 possibile
632 3707 807 3778 potius
833 3720 889 3763 ut
910 3709 1131 3763 intraret
1153 3709 1170 3779 (
1189 3708 1376 3764 Matth.
1402 3724 1490 3764 xix
1516 3750 1531 3775 ,
1552 3709 1623 3765 26
1644 3753 1658 3775 ,
1682 3709 1813 3780 24);

246 3799 379 3855 sicut
406 3813 531 3864 caro
560 3808 613 3854 et
641 3813 759 3853 ossa
789 3814 881 3868 per
910 3799 1044 3864 ostia
1075 3799 1235 3855 missa
1267 3810 1392 3862 sunt
1417 3799 1594 3855 clausa
1620 3801 1640 3871 (
1657 3799 1815 3856 Joan.

239 3904 339 3953 xx,
368 3887 439 3944 26
462 3889 503 3961 ).
537 3887 754 3943 Frustra
785 3890 961 3959 itaque
992 3890 1203 3945 conaris
1249 3898 1491 3945 naturam
1529 3888 1818 3946 defendere

234 3981 491 4035 vitiatam.
525 3980 581 4035 Si
612 3979 810 4050 aliquid
853 3981 983 4035 utile
1029 3995 1128 4052 pro
1169 3979 1256 4034 illa
1294 3981 1490 4051 quaeris
1528 3996 1717 4052 agere,
1761 3990 1820 4036 ut

232 4079 448 4126 sanetur
472 4086 572 4141 age
590 4111 605 4137 ,
630 4085 736 4124 non
758 4079 815 4125 ut
835 4078 1140 4126 excusetur.
1173 4069 1298 4126 Sine
1317 4079 1377 4125 ut
1407 4070 1518 4140 ipsa
1544 4071 1643 4126 sibi
1677 4071 1818 4127 fece-

235 4164 300 4231 rit
323 4204 337 4227 ,
384 4162 525 4218 unde
572 4163 762 4218 merito
801 4162 1164 4218 damnaretur.
1203 4162 1337 4218 Nam
1378 4150 1518 4219 unde
1556 4164 1822 4220 exstiterit

238 4254 372 4317 mala
396 4254 640 4310 voluntas
664 4295 679 4321 ,
710 4253 965 4325 quidquid
991 4255 1135 4310 aliud
1162 4254 1296 4311 dicis
1320 4298 1336 4323 ,
1364 4255 1505 4312 etde
1534 4257 1623 4310 illa
1650 4257 1820 4313 exsti-

241 4343 366 4401 tisse
413 4361 609 4426 negas,
666 4345 914 4426 injustam
954 4346 1350 4403 damnationem
1393 4348 1510 4419 ejus
1560 4348 1817 4406 afﬁrmas.

241 4434 373 4505 Quid
420 4423 559 4493 enim
611 4423 751 4493 aliud
793 4439 968 4503 dicis.
1018 4439 1155 4505 nisi.
1194 4440 1311 4505 Non
1354 4440 1468 4511 ipsa
1515 4441 1639 4497 fecit
1677 4442 1821 4499 unde

241 4526 555 4582 damnatur?
581 4529 714 4598 Quid
740 4546 868 4602 ergo
897 4531 1130 4601 iniqttitts
1147 4574 1162 4599 ,
1190 4547 1347 4604 quam
1375 4542 1427 4585 ut
1452 4533 1577 4587 inde
1602 4533 1823 4589 damne-

243 4628 326 4674 tur
350 4660 367 4687 ,
399 4620 538 4691 quod
566 4623 674 4693 ipsa
705 4637 809 4678 non
840 4622 1008 4679 fecit?
1044 4623 1100 4679 Si
1143 4634 1320 4680 autem
1364 4625 1476 4694 ipsa
1505 4625 1628 4680 fecit
1651 4666 1667 4693 ,
1693 4626 1819 4698 quid

238 4725 353 4766 eam
376 4710 443 4765 de
467 4712 697 4782 possibili
725 4729 983 4771 excusare
1008 4715 1219 4770 conaris
1239 4757 1252 4781 ,
1279 4717 1418 4772 unde
1445 4718 1587 4772 illam
1610 4719 1822 4775 inexcu-

236 4804 451 4859 sabilius
477 4820 729 4862 accusare
755 4808 1130 4862 convinceris?
1152 4808 1294 4863 Dicis
1317 4811 1460 4871 enim
1481 4852 1497 4876 ,
1529 4828 1549 4863 ι
1578 4811 1823 4867 volunta-

236 4903 337 4959 tem
367 4896 557 4951 malam
589 4898 643 4952 in
670 4909 853 4953 natura
882 4899 1393 4971 quidemexstilisse
1418 4944 1431 4966 ,
1465 4902 1558 4957 sed
1586 4919 1616 4957 a
1646 4905 1820 4977 possi-

236 4984 326 5063 bili
352 5027 366 5052 ,
423 5001 530 5042 non
580 5003 608 5042 a
656 4991 971 5045 necessario.
1005 5009 1025 5043 ι
1060 4989 1115 5046 Si
1157 4989 1272 5045 bmc
1314 4992 1636 5061 possibilitas
1670 5004 1821 5053 extra

235 5087 474 5135 naturam
508 5088 591 5135 est
616 5100 627 5146 ;
664 5080 773 5152 ipsa
788 5084 981 5153 ‘potius
1005 5125 1021 5150 ,
1066 5082 1205 5138 unde
1232 5084 1367 5138 mala
1396 5086 1600 5141 exstitit
1628 5086 1821 5141 volun-

235 5174 314 5222 tas
340 5209 359 5240 ,
387 5185 494 5223 non
523 5178 710 5225 natura
735 5170 1039 5227 damnetur.
1063 5172 1119 5228 Si
1149 5189 1277 5229 vero
1300 5174 1365 5228 ad
1395 5184 1635 5230 naturam
1661 5177 1819 5232 ctiam

236 5260 556 5331 possibilitas
599 5264 862 5333 pertinet;
906 5265 1074 5335 magis
1116 5265 1216 5320 sibi
1259 5267 1589 5322 voluntatem
1628 5269 1819 5324 malam

238 5364 416 5406 natura
449 5354 573 5408 fecit
594 5397 616 5429 ι
635 5357 758 5425 quia
780 5366 833 5413 et
858 5371 960 5409 non
993 5359 1167 5411 facere
1190 5359 1361 5428 potuit
1387 5376 1400 5413 :
1430 5359 1533 5416 hoc
1557 5359 1697 5414 enim
1725 5361 1822 5416 abs

240 5452 290 5499 te
314 5440 682 5501 commendata
715 5447 954 5510 definitio
984 5450 1351 5521 possibilitatis
1377 5452 1629 5506 ostendit.
1654 5451 1821 5507 Nemo

245 5534 330 5590 tibi
356 5535 517 5603 dicit,
553 5557 572 5591 ι
594 5538 717 5595 Ideo
747 5540 884 5594 mala
914 5550 1100 5594 natura
1129 5552 1211 5596 est
1233 5583 1249 5610 ,
1279 5543 1400 5613 quia
1429 5545 1599 5615 potuit
1625 5544 1821 5600 habere

240 5625 556 5686 voluntatem
601 5631 816 5685 malam.
846 5649 866 5685 ι
909 5630 1018 5687 Nos
1049 5643 1229 5702 certe,
1277 5619 1458 5690 contra
1505 5653 1641 5708 quos
1682 5653 1823 5693 nunc

302 5800 319 5877 ξ
345 5807 500 5877 vetus
527 5800 683 5853 codex
709 5780 1015 5877 starianensis
1032 5803 1128 5855 hoc
1158 5818 1349 5856 rursum
1369 5805 1493 5872 loco,
1512 5809 1816 5877 diﬁicultate,

240 5861 396 5926 habet,
424 5877 525 5929 ira,
549 5865 840 5919 necessitate.

1591 378 1795 436 LIBER
1831 375 2146 445 QUINTUS.

1934 490 2170 563 loqueris
2192 535 2206 559 ,
2237 509 2343 552 non
2374 496 2476 555 hoc
2503 500 2730 556 dicimus
2757 519 2772 557 :
2797 503 2925 574 quid
2954 505 3238 577 superantis
3268 508 3524 567 immora-

1934 586 2049 642 ris?
2078 588 2133 642 ln
2165 604 2230 645 eo
2260 592 2418 661 plane
2439 635 2454 659 ,
2482 593 2624 665 quod
2654 595 2834 652 dixisti
2860 639 2876 664 ,
2929 616 2948 651 ι
2983 580 3197 655 Βθηιιηί
3236 600 3338 657 hoc
3380 604 3524 673 quod

1931 677 2103 733 virtus
2128 678 2322 737 dicitur
2343 723 2359 748 ,
2392 700 2497 739 non
2527 696 2671 741 esset
2695 682 3051 743 voluntarium
3074 731 3089 756 ,
3138 690 3188 746 si
3227 694 3522 749 necessita-

1937 776 2045 823 tem
2078 768 2200 824 boni
2232 773 2543 840 habuisset;
2576 778 2953 835 necessitatem
2976 789 3151 836 autem
3177 782 3305 837 boui
3337 795 3523 853 pertu-

1937 858 2087 914 lisset
2111 901 2127 925 ,
2159 861 2204 914 si
2237 876 2343 919 n0n
2375 863 2647 920 habuisset
2676 869 3078 936 possibilitatem
3117 873 3282 927 mali:
3310 892 3331 926 ι
3368 890 3524 943 pror-

1932 966 2024 1007 sus
2049 952 2246 1015 oblitus
2276 970 2336 1009 es
2379 955 2544 1012 Deum
2569 1001 2586 1024 ,
2630 959 2784 1029 cujus
2823 963 2992 1016 virtus
3034 972 3186 1018 tanto
3225 966 3394 1035 magis
3439 974 3524 1021 est

1931 1043 2232 1098 necessaria
2256 1083 2270 1108 ,
2300 1052 2500 1115 quanto
2526 1051 2694 1119 magis
2720 1066 2838 1106 eam
2867 1053 2946 1106 sic
2974 1052 3124 1119 vult,
3156 1062 3215 1108 ut
3244 1055 3387 1110 nolle
3412 1072 3519 1111 non

1929 1136 2118 1206 possit.
2151 1135 2285 1191 Nam
2315 1146 2370 1192 et
2395 1147 2449 1192 ιιι
2490 1139 2671 1197 dixisti
2714 1143 2767 1196 in
2812 1142 2984 1212 primo
3030 1144 3186 1215 hujus
3224 1148 3401 1216 operis
3447 1147 3520 1203 tui
3611 1130 3624 1142 ’

1930 1228 2067 1283 libro
2087 1271 2102 1297 ,
2131 1248 2151 1283 ί
2175 1230 2341 1286 Deum
2364 1232 2465 1287 nisi
2481 1231 2682 1303 justum
2706 1250 2826 1292 esse
2848 1253 2951 1292 non
2977 1253 3131 1310 posse
3160 1237 3209 1311 ι(
3224 1238 3353 1311 Cap.
3375 1240 3446 1297 28
3466 1243 3517 1312 )2

1929 1336 2048 1390 qua:
2074 1322 2118 1376 si
2148 1324 2687 1382 necessitassdieonda
2716 1338 2800 1383 est
2818 1370 2834 1395 ,
2864 1328 3072 1386 dicatur
3099 1333 3358 1397 omnino;
3390 1332 3516 1389 dum

1928 1418 2108 1467 tamen
2134 1423 2381 1485 constet,
2411 1415 2542 1470 nihil
2583 1432 2705 1474 esse
2757 1419 2856 1475 ista
2908 1423 3228 1478 necessitate
3271 1422 3517 1490 felicius,

1926 1520 2029 1574 qua
2058 1515 2163 1560 tam
2191 1521 2414 1562 necesse
2442 1518 2523 1563 est
2550 1516 2606 1563 ut
2648 1510 2797 1569 Deus,
2836 1527 2940 1566 non
2981 1513 3120 1567 male
3159 1513 3302 1567 vivat
3322 1555 3337 1579 ,
3359 1529 3518 1586 quam

1926 1610 2149 1652 necesse
2173 1607 2256 1652 est
2284 1607 2342 1653 ut
2370 1615 2586 1669 semper
2609 1609 2771 1671 atque
2797 1602 3102 1659 beatissime
3130 1605 3292 1659 vivat.
3336 1604 3520 1675 Neque

1925 1687 2067 1743 enim
2093 1691 2252 1743 verba
2284 1699 2371 1745 tua
2403 1691 2553 1746 timet
2582 1692 2876 1757 necessitas
2899 1693 3052 1760 talis,
3086 1694 3138 1749 in
3183 1695 3376 1766 quibus
3417 1710 3517 1750 no-

1924 1777 2069 1834 luisti
2094 1780 2274 1835 dicere
2292 1821 2307 1848 ,
2336 1798 2359 1836 ι
2380 1780 2767 1837 Necessitatem
2796 1796 2975 1840 autem
3002 1784 3129 1839 boni
3157 1803 3176 1838 ι
3211 1785 3515 1851 habuisset,

1924 1870 2019 1926 sed
2050 1872 2282 1927 maluisti
2325 1871 2540 1940 dicere,
2590 1892 2610 1926 ‹
2642 1875 2981 1944 pertulisset,
3018 1877 3065 1931 si
3100 1891 3206 1933 non
3242 1876 3519 1933 habuisset

1924 1964 2331 2034 possibilitatem
2354 1965 2513 2018 mali:
2541 1983 2563 2018 ι
2591 1972 2651 2020 ut
2668 1966 2917 2022 videlicet
2938 1968 3080 2023 Deus
3100 1968 3302 2023 homini
3325 1983 3518 2040 peper-

1923 2053 2063 2108 cisse
2096 2051 2345 2108 videatur
2361 2094 2378 2121 ,
2403 2070 2473 2111 ne
2500 2064 2752 2127 tanquam
2773 2072 3134 2113 mrumnosum
3164 2059 3364 2129 aliquid
3386 2074 3515 2129 per-

1922 2144 2086 2199 ferret
2112 2148 2485 2202 necessitatem
2514 2147 2642 2203 boui
2661 2189 2676 2215 ,
2705 2162 2811 2204 non
2834 2147 3080 2205 habendo
3104 2151 3516 2221 possibilitatem

1924 2237 2094 2302 mali;
2119 2237 2269 2308 quod
2290 2247 2397 2307 tam
2428 2254 2675 2309 magnum
2705 2249 2791 2295 est
2811 2241 3009 2296 bonum
3035 2282 3051 2305 ,
3079 2251 3136 2296 ut
3167 2243 3364 2298 sanctis
3401 2257 3518 2298 ser-

1921 2339 2139 2386 varetur
2164 2329 2231 2385 ad
2264 2331 2540 2401 premium
2570 2349 2584 2386 :
2613 2347 2749 2403 quos
2793 2333 2975 2388 itidem
3014 2334 3211 2389 oblitus
3235 2349 3294 2390 es
3317 2376 3333 2399 ,
3378 2335 3517 2389 sicut

1922 2421 2111 2479 Deum.
2133 2422 2316 2492 Neque
2335 2422 2478 2478 enim
2503 2429 2629 2478 tunc
2654 2425 2772 2479 sine
2787 2424 2982 2479 virtute
3001 2425 3242 2479 vivemus
3256 2465 3271 2490 ,
3294 2424 3511 2494 quando

1921 2513 2076 2568 nobis
2106 2512 2434 2568 concedetur
2456 2553 2473 2579 ,
2505 2529 2572 2569 ne
2597 2529 2626 2567 a
2665 2513 2893 2569 Domino
2932 2513 3219 2584 aliquando
3260 2514 3516 2570 recedere

1921 2605 2228 2676 possimus,
2264 2604 2515 2676 quoniam
2559 2620 2662 2662 nec
2702 2605 2844 2661 velle
2891 2606 3204 2675 poterimus.
3248 2604 3325 2660 Ita
3369 2605 3513 2660 enim

1922 2698 2078 2757 nobis
2105 2706 2312 2753 eertum
2342 2698 2445 2752 erit
2479 2697 2676 2752 bonum
2703 2738 2718 2763 ,
2759 2713 2865 2767 quo
2900 2712 3136 2766 semper,
3181 2706 3241 2750 ut
3281 2696 3514 2765 promis-

1922 2803 2041 2849 sum
2083 2796 2167 2844 est
2189 2830 2206 2856 ,
2249 2803 2365 2843 eum
2408 2787 2627 2843 Domino
2665 2788 2859 2843 erimus.
2889 2786 2951 2859 (I
2982 2786 3157 2842 Thess.
3183 2802 3262 2853 tv,
3294 2786 3359 2842 16
3386 2786 3427 2860 );
3458 2794 3516 2842 ut

1921 2879 1989 2934 ab
2010 2895 2076 2935 eo
2095 2879 2350 2934 recedere
2375 2894 2483 2935 non
2508 2880 2735 2934 velimus
2755 2920 2771 2945 ,
2796 2893 2898 2934 nec
2918 2878 3060 2933 velle
3089 2879 3372 2947 possimus.
3394 2875 3513 2932 Non

1920 2986 2050 3042 ergo
2078 2971 2237 3026 aliter
2260 2978 2404 3026 esset
2429 2971 2448 3003 ⁸
2496 2972 2667 3026 virtus
2708 2975 2761 3025 in
2803 2970 2995 3037 nobis,
3042 2970 3145 3025 nisi
3187 2968 3511 3024 voluntatem

1918 3063 2115 3118 mahim
2151 3063 2230 3118 sic
2272 3078 2378 3117 non
2425 3060 2784 3127 haberemus,
2832 3070 2890 3116 ut
2937 3060 3136 3115 habere
3182 3074 3508 3130 possemus:

1918 3153 2016 3210 sed
2043 3168 2138 3223 pro
2163 3152 2319 3222 hujus
2345 3151 2567 3206 minoris
2590 3151 2802 3205 virtutis
2825 3149 3017 3205 merito
3039 3190 3055 3217 ,
3078 3148 3338 3204 accedere
3358 3147 3514 3202 nobis

1918 3245 2104 3302 debuit
2133 3245 2306 3299 virtus
2331 3242 2505 3314 major
2531 3243 2583 3297 in
2609 3243 2827 3313 praemio
2844 3282 2859 3307 ,
2886 3250 2945 3296 ut
2971 3242 3162 3295 malam
3185 3239 3512 3294 voluntatem

1919 3337 1998 3392 sic
2025 3351 2131 3391 non
2161 3334 2483 3390 haberemus
2507 3375 2523 3401 ,
2554 3341 2613 3387 ut
2644 3347 2743 3388 nec
2771 3330 2970 3387 habere
2998 3343 3300 3401 possemus.
3339 3328 3386 3385 0
3409 3329 3513 3384 de-

1920 3430 2204 3487 sideranda
2234 3428 2563 3484 necessitas!
2610 3426 2839 3482 Donabit
2880 3441 3003 3481 eam
3044 3424 3279 3491 veritas,
3326 3430 3387 3479 ut
3433 3424 3506 3479 sit

1920 3531 2064 3578 certa
2095 3521 2357 3576 securitas
2380 3560 2396 3585 ,
2439 3520 2558 3573 sine
2602 3533 2703 3587 qua
2748 3532 2853 3572 non
2899 3525 3076 3586 potest
3115 3529 3237 3570 esse
3263 3514 3352 3569 illa
3377 3554 3393 3579 ,
3419 3514 3508 3569 cui

1921 3630 2027 3670 non
2054 3623 2139 3669 est
2161 3612 2360 3683 aliquid
2382 3611 2692 3667 addendum
2707 3610 2851 3695 ,‘jam
2876 3609 3031 3678 plena
3052 3616 3236 3663 nostra
3259 3605 3509 3663 felicitas.

1992 3705 2152 3762 LXII.
2181 3705 2302 3761 .IttL.
2335 3706 2404 3759 At
2429 3703 2532 3759 hoe
2556 3703 2609 3757 in
2652 3702 2983 3757 contrarium
3017 3700 3253 3771 torqueri
3293 3707 3507 3769 potest,

1922 3808 1982 3855 ut
2006 3799 2248 3863 dicatur,
2275 3796 2381 3853 Sed
2410 3796 2553 3851 malo
2595 3802 2774 3864 aptata
2826 3803 3014 3848 natura
3058 3800 3181 3848 est:
3226 3806 3349 3846 nam
3390 3791 3512 3860 quia

1922 3890 2122 3946 malum
2153 3886 2513 3942 voluntarium
2541 3899 2662 3940 esse
2684 3898 2792 3938 non
2837 3890 3084 3953 poterat,
3132 3881 3178 3935 si
3220 3879 3513 3936 necessitas

1924 3980 2112 4036 fuisset
2139 3979 2264 4034 mali
2293 3993 2308 4042 ;
2342 3977 2412 4031 ob
2444 3976 2548 4031 hoc
2573 3976 2714 4031 data.
2743 3984 2829 4030 est
2877 3972 3202 4044 possibilitas
3245 3971 3368 4027 boni
3389 4013 3405 4040 ,
3453 3979 3515 4026 ut

1922 4072 2063 4127 malo
2092 4070 2387 4140 proprietas
2418 4075 2709 4138 pararetur.
2737 4065 2889 4134 Quod
2917 4065 3133 4136 quidem
3155 4075 3371 4120 acutum
3391 4070 3475 4118 est
3493 4104 3511 4130 ,

1923 4165 2020 4222 sed
2064 4165 2352 4219 insanum:
2397 4163 2575 4216 omnia
2615 4161 2759 4216 enim
2806 4175 2987 4215 rerum
3035 4174 3066 4213 a
3116 4157 3341 4214 meliore
3364 4163 3516 4227 parte

1924 4266 2222 4313 taxantur:
2253 4257 2358 4311 huc
2386 4264 2440 4311 et
2468 4254 2699 4325 dignitas
2738 4252 2976 4309 auctoris
3021 4250 3264 4318 accedit,
3294 4249 3347 4305 id
3391 4258 3510 4317 est,

1924 4350 2061 4416 Dei,
2093 4350 2181 4420 qui
2227 4365 2333 4403 non
2381 4347 2452 4402 ob
2491 4362 2553 4403 ea
2598 4361 2720 4416 quae
2757 4346 3041 4416 puuiturus
3081 4353 3238 4410 erat,
3286 4343 3515 4400 liberum

1924 4441 2118 4495 animal
2158 4440 2320 4506 fecit;
2368 4439 2461 4494 sed
2510 4446 2727 4509 propter
2773 4452 2836 4492 ea
2878 4451 2981 4507 qua
3032 4445 3512 4503 remuneraturus,

1923 4532 2330 4602 possibilitatem
2353 4529 2744 4584 contrariorum
2762 4528 2932 4585 dedit.
2953 4527 3334 4583 Verumtamen
3355 4541 3517 4596 super

1928 4621 2028 4677 hoc
2055 4636 2288 4691 pugnare
2316 4620 2440 4674 nolo
2470 4637 2484 4675 :
2516 4618 2611 4674 sed
2653 4620 2905 4689 permitto
2946 4619 3148 4687 aliquid
3190 4617 3473 4674 calumnia:
3496 4656 3513 4681 ,

1924 4723 1985 4769 ut
2039 4712 2171 4767 nihil
2218 4712 2287 4766 de
2333 4711 2539 4780 Opilicis
2586 4712 2904 4765 auctoritate
2950 4710 3316 4779 pricscribam.
3372 4704 3512 4762 Illud

1927 4812 2104 4858 tamen
2150 4803 2456 4857 necessario
2498 4803 2777 4873 sequitur,
2826 4810 2884 4855 ιιι
2926 4803 3039 4855 hmc
3087 4800 3409 4870 possibilitas
3438 4798 3518 4854 fa-

1926 4894 2098 4950 ciendi
2130 4894 2253 4949 boni
2279 4904 2333 4949 et
2360 4893 2483 4947 mali
2514 4902 2851 4949 removeatur
2876 4894 2945 4948 ab
2975 4892 3249 4962 utriusque
3273 4891 3520 4947 volunta-

1930 4987 1999 5041 tis
2029 4984 2240 5040 ell'ectu.
2272 4985 2350 5039 Ac
2373 4998 2468 5053 per
2492 4983 2594 5039 hoc
2620 5026 2633 5048 ,
2659 4999 2758 5038 nec
2784 4984 2995 5038 virtutis
3020 4998 3048 5036 δ
3071 4982 3369 5038 necessarie
3394 4996 3518 5052 pro-

1926 5077 2084 5131 batur
2110 5090 2270 5130 causa
2300 5090 2456 5142 esse,
2486 5090 2587 5130 nec
2626 5075 2762 5127 vitii.
2810 5068 3054 5130 Ut'enim
3100 5072 3339 5129 honestis
3378 5072 3519 5127 hanc

1926 5166 2182 5222 faciamus
2211 5162 2494 5236 injuriam,
2525 5175 2584 5220 ut
2611 5182 2674 5220 ex
2706 5180 2775 5221 eo
2799 5180 2907 5237 quo
2925 5167 2946 5197 ³
2974 5179 3096 5220 cum
3124 5162 3381 5233 improbis
3401 5176 3520 5217 cer-

1927 5268 2042 5314 tare
2066 5259 2346 5313 vidcantur
2368 5300 2383 5324 ,
2414 5272 2515 5312 nec
2540 5257 2694 5313 bonae
2723 5259 2770 5313 ei
2790 5299 2805 5323 ,
2854 5272 2954 5314 nec
2997 5256 3152 5310 make
3186 5252 3520 5310 adscribatur

1926 5349 2172 5405 meritum
2196 5348 2484 5403 voluntatis
2510 5365 2524 5399 :
2556 5348 2716 5403 habet
2735 5362 2863 5417 ergo
2885 5345 3247 5402 testimonium
3276 5343 3517 5413 ingenui-

1927 5443 2051 5497 tatis
2076 5442 2097 5474 ⁸
2120 5457 2250 5508 sum,
2279 5440 2420 5512 quod
2447 5442 2705 5497 innocens
2748 5449 2865 5504 est,
2904 5439 3027 5508 quia
3066 5452 3166 5492 nec
3206 5437 3348 5490 bono
3371 5475 3388 5500 ,
3417 5447 3519 5488 nec

1926 5534 2069 5590 malo
2088 5577 2101 5600 ,
2134 5533 2430 5588 voluntario
2456 5532 2749 5597 duntaxat,
2780 5530 2933 5600 plena
2963 5536 3068 5585 est.
3097 5525 3511 5583 Possibilitatem

1992 5692 2009 5725 ι
2046 5696 2194 5739 Vetus
2229 5688 2383 5738 codex
2422 5693 2570 5746 Port.,
2605 5693 2705 5736 Non
2742 5696 2861 5749 ergo
2888 5682 3029 5735 aliter
3070 5694 3165 5733 non
3202 5682 3339 5731 esset.
3375 5681 3518 5730 Forte

1928 5766 2034 5818 pro,
2061 5761 2192 5818 n'tmc
2214 5762 2330 5813 ergo
2350 5748 2490 5799 aliter
2512 5760 2607 5797 non
2634 5752 2775 5797 esset.

1991 5816 2014 5878 ξ
2044 5814 2201 5878 (λαως
2227 5819 2359 5878 κεπτ,
2383 5823 2447 5878 ea:
2470 5823 2528 5859 ca
2551 5821 2661 5878 quo.
2740 5868 2767 5878 ,Δ
2811 5867 2840 5878 Α,

1998 5876 2020 5908 ⁸
2053 5875 2124 5925 sic
2147 5880 2250 5923 Mss.
2278 5874 2396 5922 tditi
2417 5868 2882 5933 vero,"integritatis.
