3980 6462
609 355 638 418 1
648 354 749 413 I99

609 488 739 542 ergo
769 467 1088 531 vitlttnsttis'
1117 464 1362 521 adscribc
1394 474 1629 525 naturae;
1660 458 1986 515 voluntatem
2016 460 2194 509 autent

614 540 928 629 ιιρᾷυριιιιηι
947 602 962 625 ,
994 573 1091 621 nec
1138 557 1329 610 malam
1351 598 1364 618 ,
1390 562 1611 608 naturae.
1639 550 1837 615 invicte
1880 561 2008 617 ergo
2034 544 2197 599 colle~

610 665 756 707 ctum
774 661 874 715 est,
899 651 1219 705 voluntatem
1242 647 1433 700 malum
1455 641 1929 712 exortamqnidetn
1955 641 2194 709 inopere

616 742 708 796 Dei
733 759 747 807 ;
769 741 864 796 sed
888 756 918 795 a
948 738 1184 811 possibili
1207 777 1221 797 .
1250 753 1354 790 non
1379 750 1411 790 a
1431 735 1733 796 necessario
1759 731 1934 802 :quud
1962 730 2193 799 reputari

573 810 723 886 lnon
782 837 953 901 potest
1005 828 1369 900 possibilitatis
1419 826 1630 891 datori,
1685 823 1780 880 sed
1832 821 2196 894 possibilitatis

616 919 786 992 ipsius
811 920 1172 992 gubernatori.

571 1007 574 1011 ’
684 1013 821 1068 Αυα.
852 1010 1186 1066 Voluntateni
1215 1023 1313 1064 nec
1336 1008 1527 1063 bonam
1549 1048 1567 1074 ,
1588 1021 1689 1062 nec
1717 1005 1909 1061 malam
1930 1044 1948 1072 ,
1992 1012 2194 1074 natura:

613 1102 864 1157 concedis
922 1100 1194 1168 adscribi,
1246 1100 1343 1161 sed
1397 1107 1599 1155 tantum
1654 1096 2057 1169 possibilitatem
2108 1095 2204 1152 vel

613 1195 767 1250 bona:
794 1195 876 1250 vel
904 1195 1058 1250 mala:
1086 1194 1373 1250 voluntatis
1390 1235 1405 1258 ,
1445 1207 1567 1249 cum
1591 1191 1662 1248 sit
1685 1199 1869 1249 natura
1900 1187 2195 1259 eLangeIus

616 1297 672 1343 et
699 1287 884 1343 homo.
923 1287 1021 1344 Cui
1054 1288 1100 1343 si
1142 1301 1246 1340 non
1285 1293 1367 1341 est
1396 1281 1784 1345 adscribenda,
1814 1291 1870 1336 ut
1892 1279 2025 1339 dicis
2047 1319 2071 1347 ,Α
2095 1294 2193 1334 vo-

614 1377 792 1433 luntas
821 1379 962 1435 bona
990 1378 1071 1434 vel
1099 1377 1272 1443 mala;
1302 1389 1403 1432 nec
1430 1371 1772 1431 honorandus
1794 1370 1862 1427 de
1888 1370 2061 1434 bona,
2092 1382 2196 1430 nec

607 1469 685 1527 de
710 1468 845 1524 mala
872 1477 955 1524 est
979 1467 1249 1523 voluntate
1274 1463 1624 1521 damnandus.
1655 1462 1791 1532 Quid
1813 1460 1954 1526 enim
1980 1467 2063 1523 est
2090 1458 2192 1529 ini-

613 1562 774 1632 quius
794 1603 809 1628 ,
840 1576 997 1633 quam
1029 1571 1087 1616 ut
1110 1561 1179 1618 de
1202 1560 1343 1616 malo
1365 1558 1547 1633 ,qqnod
1574 1557 1623 1613 ei
1650 1570 1752 1611 non
1777 1563 1857 1618 est
1880 1551 2191 1607 adscriben-

613 1655 777 1720 dum,
819 1654 1122 1726 iudicemus
1164 1668 1286 1713 esse
1324 1648 1719 1711 damnandum?
1762 1649 1843 1703 An
1882 1646 2100 1717 angelus
2137 1652 2193 1700 et

620 1744 783 1801 homo
808 1755 1009 1801 natura:
1037 1761 1142 1800 non
1170 1745 1335 1800 sunt?
1374 1742 1502 1811 Quis
1540 1742 1642 1797 hoc
1680 1740 1940 1810 loquitur,
1973 1740 2071 1796 nisi
2098 1752 2193 1795 ne-

606 1837 792 1892 sciens
843 1836 973 1908 quid
1022 1837 1268 1909 loquatur
1286 1836 1320 1890 2.
1363 1835 1575 1891 Natura:
1630 1832 1789 1903 igitur
1834 1829 2154 1887 adscribitur
2171 1869 2197 1897 ,ν

606 1927 753 1998 quod
786 1929 975 1999 angelo
1016 1927 1381 1997 adscribitur;
1421 1933 1624 1980 natura:
1658 1922 2017 1989 adscribitur,
2047 1921 2204 1993 quod»

613 2019 816 2074 homini
843 2019 1163 2076 adscribitur
1187 2038 1200 2073 :
1224 2018 1318 2073 sed
1341 2027 1544 2073 natura:
1563 2031 1682 2087 quae
1703 2031 1737 2071 a
1759 2015 1900 2072 bono
1928 2014 2038 2071 Deo
2062 2028 2193 2070 con-

606 2110 717 2165 dita
763 2119 846 2166 est
885 2111 1021 2166 bona
1046 2152 1062 2178 ,
1106 2120 1161 2166 et
1200 2109 1473 2167 voluntate
1506 2122 1600 2163 sua
1635 2106 1772 2163 facta
1811 2113 1896 2161 est
1921 2104 2081 2161 mala.
2112 2104 2191 2160 Ac

610 2216 708 2269 per
737 2201 840 2256 hoc
857 2243 874 2269 ,
904 2202 1198 2257 rectissime
1219 2201 1416 2256 malum
1434 2240 1450 2264 ,
1477 2197 1621 2269 quod
1649 2197 1735 2255 his
1762 2197 1966 2252 naturis
1989 2195 2193 2253 adseri-

610 2290 786 2357 bitur,
815 2292 865 2347 ei
889 2307 920 2345 a
949 2306 1057 2361 quo
1105 2302 1231 2345 sunt
1270 2290 1499 2346 conditae
1537 2303 1644 2344 non
1688 2287 2040 2353 adscribitur;
2066 2286 2189 2356 quia

608 2396 721 2437 non
746 2398 837 2436 eas
869 2383 939 2436 ita
969 2382 1246 2449 condidit,
1284 2397 1405 2436 cum
1450 2381 1678 2451 primum
1723 2378 1996 2445 condidit,
2032 2386 2087 2433 ut
2111 2377 2205 2445 eis.

601 2482 754 2529 esset
783 2472 1040 2528 habenda:
1069 2474 1223 2528 mala:
1252 2473 1539 2528 voluntatis
1586 2472 1692 2527 ulla
1733 2471 2022 2529 necessitas
2047 2511 2061 2535 ,
2093 2468 2195 2525 sed.

602 2565 976 2620 :tantttmmudo
1006 2564 1366 2636 possibilitas;
1395 2564 1483 2620 ubi
1509 2562 1754 2619 meritum
1784 2562 2186 2631 compararet’,

609 2664 771 2726 atque
799 2657 1061 2712 inveniret
1085 2656 1138 2712 in
1158 2656 1237 2712 eis
1258 2655 1394 2710 bona
1417 2655 1662 2709 voluntas
1687 2667 1790 2709 non
1811 2652 2022 2708 deserta
2047 2667 2187 2723 prte-

602 2750 775 2803 .ntium
799 2789 815 2814 ,
846 2747 1056 2805 deserta
1083 2748 1421 2819 supplicium.
1457 2746 1592 2816 Quid
1621 2762 1750 2816 ergo
1778 2745 1974 2800 malitia
2001 2747 2188 2810 volun-

609 2838 738 2892 tatis
765 2838 962 2907 quazris
986 2853 1241 2894 excusare
1265 2847 1506 2894 naturam
1530 2878 1547 2905 ,
1591 2852 1741 2907 cujus
1782 2848 1865 2893 est
1912 2837 2045 2891 velle
2090 2852 2187 2893 seu

598 2928 793 2985 .nolle?
820 2929 1004 3000 Neque
1039 2930 1182 2985 enim
1220 2939 1304 2985 est
1345 2929 1482 2987 mala
1519 2929 1765 2984 voluntas
1788 2969 1803 2994 ,
1836 2928 1934 2984 nisi
1961 2928 2188 2984 volentis

603 3028 700 3077 aut
724 3020 899 3090 angeli
923 3062 938 3087 ,
961 3028 1056 3075 aut
1080 3020 1309 3074 hominis
1332 3061 1347 3085 ,
1374 3033 1508 3089 quas
1532 3034 1639 3074 non
1661 3034 1780 3073 eSso
1801 3026 2018 3074 naturas
2043 3018 2187 3072 nulla

606 3113 816 3166 ratione
865 3126 1152 3182 possumus
1187 3111 1384 3166 dicere.
1434 3111 1576 3178 Cur,
1628 3111 1876 3180 inquam,
1927 3109 2188 3164 adscribis

611 3201 818 3257 homini
874 3202 1067 3256 malam
1112 3203 1475 3267 voluntatem,
1522 3210 1581 3256 ut
1622 3215 1730 3256 non
1777 3200 1970 3270 injuste
2018 3201 2188 3272 possit

605 3292 761 3347 malae
791 3292 1082 3349 voluntatis
1113 3293 1303 3347 merito
1331 3307 1515 3362 ptenas
1537 3291 1718 3358 luere;
1743 3299 1797 3347 et
1815 3290 1955 3362 quod
1982 3291 2185 3345 adscri-

603 3382 688 3440 bis
727 3384 963 3449 homini,
1007 3400 1115 3441 non
1157 3385 1237 3439 vis
1278 3383 1586 3440 adscribere
1632 3394 1870 3450 naturtc,
1898 3384 2049 3455 quasi
2078 3384 2186 3440 ullo

598 3474 766 3530 modo
808 3477 978 3544 possit
1017 3475 1178 3530 homo
1215 3491 1321 3531 non
1357 3490 1478 3531 esse
1518 3475 1743 3531 natura?
1783 3475 1992 3541 Quanto
2019 3475 2186 3533 satius

600 3576 686 3620 est
708 3608 724 3632 ,
755 3576 809 3620 te
832 3581 962 3622 sana
983 3567 1124 3638 loqui
1149 3609 1165 3634 ,
1187 3576 1241 3623 et
1266 3567 1445 3624 dicere
1464 3565 1697 3627 hominis
1718 3559 2045 3622 voluntatem
2072 3582 2188 3622 ma-

600 3657 709 3712 latn
746 3657 957 3713 nonnisi
991 3658 1214 3728 alicujus
1233 3673 1371 3721 ,esse
1409 3667 1644 3725 natural,
1672 3659 1792 3729 quia
1819 3659 1994 3714 omnis
2024 3658 2185 3715 homo

603 3759 796 3805 natura
826 3759 943 3818 est;
988 3749 1081 3806 sed
1129 3751 1284 3806 istam
1323 3758 1568 3807 naturam
1591 3790 1608 3816 ,
1632 3764 1757 3806 cum
1787 3750 1960 3820 primo
1986 3750 2184 3805 malum

601 3843 750 3915 egit,
779 3858 887 3899 non
915 3858 981 3899 ex
1013 3843 1348 3910 necessario,
1389 3841 1486 3899 sed
1532 3857 1604 3898 ex
1651 3841 1890 3912 possibili
1937 3841 2186 3899 habuisse

600 3939 929 3990 voluntatem
982 3936 1220 3990 malam:
1274 3934 1705 4006 quandoquidem
1756 3934 1838 3989 his
1882 3934 2184 3991 nominibus

592 4024 696 4079 tibi
729 4025 926 4096 placuit
950 4025 1058 4080 duo
1085 4025 1182 4080 ista
1213 4024 1517 4080 discernere
1537 4066 1553 4091 ,
1574 4038 1799 4095 quorum
1823 4023 1874 4079 in
1897 4040 2002 4080 uno
2023 4024 2182 4080 intel-

588 4116 781 4188 ligitur
808 4118 862 4172 id
889 4118 1000 4173 ﬁeri
1029 4118 1170 4188 quod
1203 4132 1427 4173 necesse
1452 4124 1571 4183 est,
1608 4117 1661 4171 itt
1703 4116 1873 4172 altero
1908 4124 2084 4172 autem
2128 4116 2183 4172 id

599 4209 741 4279 quod
772 4208 885 4264 llcri
916 4208 1131 4280 quidem
1160 4217 1338 4279 potest
1359 4249 1374 4271 ,
1406 4207 1501 4263 sed
1529 4222 1747 4264 necesse
1774 4222 1880 4265 non
1910 4216 1993 4263 est
2015 4247 2030 4273 ,
2059 4208 2182 4278 quia

598 4312 651 4356 et
683 4316 787 4356 non
816 4299 929 4355 ﬁeri
955 4298 1171 4370 potest?
1197 4299 1309 4354 Hoc
1327 4299 1470 4354 enim
1496 4298 1564 4353 de
1587 4308 1806 4369 peccato
1829 4297 1986 4369 primi
2009 4296 2180 4353 homi-

588 4394 715 4461 nis,
755 4392 842 4449 vel
868 4393 1159 4463 primorum
1190 4391 1466 4446 hominum
1493 4389 1774 4446 verissime
1819 4389 2013 4445 dicitur
2048 4408 2061 4444 :
2095 4406 2180 4446 re-

582 4494 704 4539 'stat
736 4483 825 4539 ille
849 4483 940 4553 qui
967 4484 1199 4548 clamat,
1231 4481 1350 4536 Non
1375 4479 1511 4551 quod
1538 4482 1668 4546 uolo,
1692 4480 1827 4553 facio
1851 4479 2068 4547 bonum;
2091 4479 2181 4536 sed

595 4575 734 4646 quod
789 4575 906 4630 nolo
952 4574 1184 4639 malum,
1232 4574 1327 4629 Itoc
1368 4589 1464 4645 ago
1513 4571 1707 4647 (Rom.
1742 4588 1814 4627 vtt
1839 4613 1856 4640 ,
1900 4569 2029 4644 19).
2074 4572 2180 4628 Iste

597 4666 795 4737 quippe
823 4665 1218 4722 cxuecessarie
1262 4665 1460 4720 malum
1504 4664 1652 4735 agit,
1694 4664 1784 4735 qui
1827 4679 1932 4719 non
1974 4664 2086 4719 vult
2125 4672 2181 4721 et

593 4757 761 4826 agit:
813 4755 1113 4828 frangitque
1157 4763 1301 4811 tuam
1354 4756 1630 4827 regulam,
1686 4772 1844 4828 quam
1898 4758 2178 4814 temeraria

578 4848 919 4917 loquacitate
946 4848 1141 4903 tinxisti
1171 4847 1358 4903 dicens
1380 4887 1398 4914 ,
1428 4846 1572 4917 quod
1601 4865 1621 4899 t
1650 4862 1750 4902 nec
1784 4846 1992 4903 virtutis
2023 4862 2054 4903 a
2084 4863 2178 4904 ne-

594 4938 830 4994 cessario
854 4938 1106 5009 probetur
1128 4953 1288 4995 causa
1305 4953 1443 5005 esse,
1474 4953 1575 4993 nec
1602 4938 1747 5004 vitii;
1778 4956 1798 4992 ι
1831 4954 1953 4994 cum
1977 4939 1999 4972 ⁸
2019 4939 2177 5009 hujus

593 5043 756 5084 causa
791 5029 1045 5098 probetur
1080 5044 1201 5085 esse
1249 5043 1280 5084 tt
1322 5029 1646 5085 necessario.
1682 5028 1864 5100 Neque
1907 5030 2057 5085 enim
2086 5038 2179 5086 aut

595 5119 738 5174 actio
768 5121 890 5174 mali
933 5120 1120 5175 vitium
1156 5134 1262 5174 non
1304 5127 1426 5184 est;
1469 5127 1563 5174 aut
1604 5118 1801 5176 bonum
1845 5120 1988 5191 quod
2023 5121 2173 5192 vult,

594 5228 703 5269 non
731 5210 907 5269 facere
931 5254 948 5280 ,
977 5223 1028 5268 ct
1056 5213 1252 5273 malum
1280 5212 1422 5268 nolle
1443 5252 1458 5278 ,
1481 5221 1530 5268 et
1564 5220 1737 5268 tamen
1766 5227 1924 5285 agere
1947 5254 1962 5279 ,
1992 5228 2176 5270 neces-

593 5307 724 5363 sitas
748 5324 856 5365 non
882 5316 999 5371 est;
1029 5315 1124 5363 aut
1159 5322 1193 5362 e
1224 5306 1493 5363 contrario
1536 5321 1643 5362 non
1680 5306 1783 5361 erit
1822 5305 1976 5362 nobis
2014 5307 2174 5362 etiam

593 5401 800 5456 virtutis
827 5399 1116 5456 necessitas
1139 5398 1264 5454 felix
1287 5439 1304 5465 ,
1326 5398 1541 5471 quando
1583 5408 1726 5456 tanta
1763 5400 1934 5473 gratia
1979 5408 2171 5455 natura

655 5574 673 5608 ι
707 5574 789 5623 Hic
820 5573 975 5625 codex
996 5580 1238 5625 Portarum
1260 5573 1408 5633 addit,
1430 5571 1503 5624 vel
1523 5570 1677 5634 home,
1705 5571 1778 5624 vel
1808 5571 1964 5624 malm.

570 5658 577 5680 ε
654 5637 676 5667 ν
706 5636 868 5686 culex
891 5643 1035 5700 ναι-ιη
1057 5643 1408 5702 compararent.
1428 5643 1525 5687 Non
1549 5634 1695 5696 male,
1716 5637 1758 5685 si
1782 5634 1971 5687 referas
2002 5635 2061 5686 ad
2078 5668 2096 5684 η.
2117 5648 2173 5687 a-

591 5702 954 5819 wgaivtrticula,
977 5769 1105 5821 cum,
1129 5760 1400 5810 restituitur
1418 5770 1485 5810 ex
1506 5766 1584 5808 vis.
1612 5765 1734 5808 t‘ort.

1318 347 1559 404 optatus
1598 335 2011 403 IMPERFECTI
2046 335 2318 413 comas
2356 336 2716 410 JULIANUM,
2755 341 2814 397 s.
2857 343 3215 406 AUGUSTINI
3675 373 3758 433 iam

2304 464 2485 556 nostra
2517 457 2807 556 replebitur
2828 490 2847 525 ~,»
2871 469 2926 516 et
2956 461 3096 541 Deus
3119 464 3223 521 erit
3250 466 3422 525 omnia
3448 470 3497 525 in
3520 479 3731 556 οιιιιιίικις(
3746 493 3760 548 ι

2302 546 2420 601 Cor.
2454 565 2541 616 xv,
2564 550 2635 607 28
2652 551 2693 623 ),
2722 560 2781 608 ut
2806 554 2946 611 male
2967 555 3163 627 aliquid
3192 560 3331 616 velle
3358 577 3456 618 non
3480 570 3631 635 possit.

2299 647 2378 693 est
2408 641 2607 734 quippe
2630 644 2835 734 iustitia
2861 663 2876 711 ;
2905 655 2962 703 ct
2996 649 3191 707 omium
3231 666 3421 734 novum
3456 666 3505 711 et
3539 670 3652 719 terra
3678 685 3764 731 non

2302 731 2627 825 promittitur
2642 730 2800 793 nobis
2819 778 2834 803 ,
2854 737 2908 792 in
2929 739 3120 809 quibus
3133 730 3340 809 justitia
3361 744 3613 825 iuhabitat(
3627 756 3658 810 II
3674 757 3765 818 Pw.

2300 836 2355 917 tu
2379 864 2396 886 ,
2431 824 2495 879 15
2587 827 2692 881 Aut
2721 827 2768 882 si
2809 826 2949 886 forte
2982 833 3222 889 turbatus
3243 875 3260 901 ,
3304 842 3532 903 praesenti
3560 845 3767 917 vitae,“

2299 912 2488 969 futura:
2514 915 2667 971 istam
2696 918 2929 989 regulam
2956 919 3174 979 ﬁnxisse
3204 933 3257 980 te
3281 925 3446 994 dicis;
3472 945 3564 987 non
3583 912 3775 1001 etmtettdn

2296 1017 2418 1069 cunt
2448 1005 2588 1061 victo
2616 1024 2630 1064 :
2665 1007 2790 1063 illud
2819 1017 2964 1066 certe
2989 1009 3059 1066 ad
3092 1011 3230 1068 hanc
3266 1015 3425 1071 vitam
3460 1023 3677 1088 pertinere
3703 1046 3769 1088 ωε.

2297 1107 2464 1189 negas
2474 1135 2498 1189 Δ,
2530 1095 2618 1152 ubi
2646 1098 2795 1156 vides
2825 1099 3095 1157 hominem
3115 1103 3254 1161 velle
3276 1145 3293 1170 ,
3317 1121 3414 1163 nec
3431 1107 3586 1171 facere
3608 1115 3768 1189 bonum

2296 1193 2349 1239 et
2380 1185 2522 1242 nolle
2542 1229 2559 1254 ,
2584 1196 2745 1259 atque
2769 1204 2931 1261 agere
2956 1192 3157 1251 malum
3185 1212 3202 1252 :
3227 1199 3525 1271 cogerisque
3546 1203 3629 1259 hoc
3647 1185 3771 1268 titius

2295 1283 2481 1330 contra
2512 1277 2746 1349 regulam
2773 1288 2915 1338 tuam
2943 1284 3249 1341 necessitati
3270 1287 3521 1358 tribuere,
3542 1308 3628 1349 non
3646 1299 3771 1355 volun-

2296 1366 2411 1423 tati.
2437 1366 2520 1425 Ab
2547 1367 2650 1426 hac
2673 1380 2855 1429 autem
2897 1377 3217 1442 necessitate
3237 1418 3255 1445 ,
3293 1393 3413 1435 eum
3442 1396 3535 1452 qua
3571 1400 3773 1447 nascuntur

2376 1458 2579 1551 parvuli
2602 1501 2629 1529 ,ὓ
2651 1462 2746 1518 sed
2773 1465 2948 1527 aetatis
2970 1468 3401 1540 accessuiiueipit
3425 1486 3772 1551 apparere,qn’s

2296 1547 2486 1603 liberat
2513 1550 2780 1609 hominem
2808 1556 3061 1612 misentm
3084 1598 3102 1624 ,
3130 1559 3231 1615 nisi
3259 1561 3426 1631 gratia
3454 1563 3538 1620 Dei
3561 1581 3639 1635 per
3653 1547 3773 1629 leam

2294 1637 2570 1697 Chrstum
2600 1643 2882 1702 Dominum
2923 1657 3165 1706 nostrum
3201 1650 3394 1726 (Rom.
3422 1669 3518 1723 vtt,
3543 1655 3654 1731 25)?
3676 1662 3771 1732 cujus

2294 1732 2486 1800 gratim
2524 1748 2621 1790 vos
2660 1734 2857 1792 inimici
2880 1778 2898 1804 ,
2932 1738 2992 1795 in
3030 1750 3207 1797 vestra
3241 1743 3436 1801 virtute
3473 1747 3715 1817 conﬁditis;
3742 1763 3773 1807 rt

2295 1833 2484 1915 contra
2511 1824 2689 1885 divina
2713 1828 2922 1899 eloquia
2945 1846 3112 1915 κηρίῳ
3149 1832 3406 1895 damnant
3427 1850 3523 1893 eos
3557 1838 3630 1909 qui
3648 1839 3688 1894 in
3713 1856 3779 1909 sui

2294 1913 2489 1973 virtute
2531 1917 2804 1975 conﬁdunt
2843 1913 3072 1993 (larem.
3102 1939 3249 1990 xvtt,
3279 1922 3377 2000 5),
3424 1926 3567 1997 impia
3603 1933 3781 1999 superth
3846 1913 3847 1979 ἓ

2294 2005 2597 2078 disputatis.

2362 2096 2547 2156 LXIII.
2585 2100 2703 2157 ius.
2736 2103 2946 2160 llwreat
2972 2119 3099 2176 ergo
3127 2106 3405 2178 prudentis
3429 2109 3589 2165 animo
3611 2111 3772 2177 lectoris,

2294 2191 2521 2265 multum
2546 2195 2802 2252 interesse
2828 2196 2969 2252 inter
2994 2213 3057 2254 ea
3084 2215 3204 2270 qua:
3229 2214 3260 2254 a
3289 2200 3516 2273 possibili
3543 2203 3724 2271 veniunt,
3741 2215 3777 2263 et

2293 2299 2356 2340 ea
2385 2301 2505 2354 qua:
2533 2301 2563 2340 a
2593 2289 2929 2356 necessario;
2959 2290 3328 2362 natumiaqttc
3354 2293 3522 2347 omnia
3541 2297 3771 2353 necessariis

2292 2376 2550 2447 applicet,
2580 2378 2874 2435 voluntaria
2905 2395 3032 2436 vero
3057 2381 3401 2451 pQSsibilibus
3424 2398 3440 2448 ;
3466 2392 3514 2437 et
3538 2385 3771 2453 quzestiones

2294 2468 2568 2523 universas
2604 2468 2672 2524 ab
2709 2484 2806 2537 ea,
2853 2487 2956 2542 qua
2989 2472 3288 2544 cmperint,
3335 2484 3476 2542 parte
3510 2486 3769 2530 consummet.

2292 2558 2552 2625 Quoniam
2598 2558 2643 2615 si
2671 2575 2763 2630 per
2796 2568 3077 2634 utramque
3114 2577 3261 2619 cteco
3293 2562 3490 2634 judicio
3525 2573 3718 2635 vagetur;
3738 2565 3770 2621 in

2291 2649 2600 2707 innumeros
2615 2667 2711 2722 per
2725 2652 2884 2709 verba
2903 2668 3036 2723 pene
3053 2654 3233 2709 omnia
3252 2655 3587 2725 przecipitatur
3597 2670 3766 2715 errores;

2291 2739 2434 2811 quod
2460 2741 2708 2810 quoniam
2732 2742 2861 2796 satis
2888 2742 3363 2817 claruit,>apparet
3390 2754 3440 2802 te
3462 2744 3600 2813 nimis
3621 2744 3768 2799 omnino

2290 2830 2581 2899 caligasse,
2631 2830 2721 2902 qui
2760 2831 3398 2905 collegistiLcQuotnodo
3434 2833 3584 2903 potuit
3620 2833 3765 2897 malum,

2291 2919 2432 2990 quod
2458 2937 2715 2993 nusquam
2740 2932 2875 2990 erat,
2908 2923 3103 2980 exoriri
3135 2925 3190 2980 in
3218 2941 3382 2997 Opere
3411 2924 3532 2990 Dei;
3557 2925 3615 2979 ita
3638 2925 3765 2987 etiam,

2284 3011 2395 3082 jam
2443 3013 2586 3083 quod
2620 3020 2769 3082 erat,
2814 3016 3021 3071 transiit
3058 3018 3372 3073 naturaliter
3409 3032 3497 3087 per
3523 3030 3634 3087 opus
3659 3015 3765 3071 θεία

2296 3103 2423 3185 l’ide
2451 3105 2593 3160 enim
2622 3121 2726 3177 quo
2755 3107 2829 3162 sis
2866 3106 3128 3163 involutus
3157 3124 3379 3163 errore:
3409 3115 3642 3178 peccatum
3661 3104 3767 3175 prima

2290 3195 2557 3252 voluntate
2580 3207 2917 3268 conceptum,
2943 3198 3084 3270 quod
3105 3214 3135 3255 a
3163 3199 3398 3269 possibili
3424 3198 3569 3263 venit,
3589 3197 3629 3250 in
3646 3208 3765 3250 neces

2288 3287 2427 3346 saria
2455 3287 2588 3344 dicis
2626 3288 2789 3345 fuisse
2818 3298 3098 3361 mutatum,
3140 3301 3196 3346 ut
3228 3288 3489 3375 quomodo
3521 3285 3658 3358 potuit
3688 3283 3766 3338 oriri

2244 3370 2248 3374 ’
2289 3390 2465 3439 motus
2503 3382 2664 3463 animi
2690 3382 2858 3448 liber,
2891 3383 2962 3438 ita
3001 3370 3302 3449 sinemotu
3340 3383 3496 3445 libero
3532 3374 3767 3441 transiretit
3846 3370 3847 3439 ἓ

2288 3473 2607 3530 naturalium
2634 3475 3002 3544 necessitatem
3030 3476 3069 3528 ί.
3097 3474 3203 3531 Sed
3234 3474 3463 3545 intellige
3487 3470 3688 3542 quoniam
3707 3480 3764 3520 ne
3846 3512 3847 3545 ἡ

2287 3566 2653 3626 cessariorutn.
2667 3574 2853 3635 auctor
2874 3567 2943 3623 sit
2971 3567 3129 3623 Deus.
3151 3566 3207 3624 Si
3230 3583 3359 3639 ergo
3385 3565 3480 3621 hoc
3503 3564 3608 3618 facit
3625 3557 3767 3616 Deusitt

2288 3656 2527 3724 naturis,
2552 3656 2695 3728 quod
2728 3656 2852 3712 fecit
2878 3656 3090 3712 animus
3118 3657 3170 3712 in
3209 3656 3416 3729 culpis;
3446 3665 3634 3710 necesse
3653 3656 3711 3704 est
3732 3653 3765 3698 ut

2286 3748 2364 3804 sic
2388 3749 2457 3805 sit
2485 3763 2630 3816 reus,
2661 3748 2928 3819 quomodo
2950 3759 3006 3805 et
3031 3749 3118 3806 ille
3142 3748 3300 3823 cuius
3324 3746 3486 3820 arguit
3509 3744 3763 3798 voluntatem.

2286 3839 2400 3896 imo
2424 3840 2629 3912 magis:
2662 3842 3029 3912 quantoenim
3054 3851 3137 3899 est
3170 3842 3296 3912 plus
3332 3836 3646 3903 neceSSarium
3663 3842 3763 3900 (ιιιιω

2286 3932 2537 4002 possibile
2554 3971 2571 3998 ,
2598 3939 2745 3988 tanto
2769 3931 3049 3990 scelestius
3072 3941 3156 3990 est
3182 3933 3487 4004 ingenerare
3509 3940 3641 4000 quam
3667 3934 3767 3977 usur-

2287 4036 2416 4093 pare
2442 4031 2734 4092 peccatum.
2766 4021 2920 4090 Quod
2948 4023 3067 4081 licet
3097 4039 3277 4080 rerum
3307 4032 3480 4079 natura
3505 4032 3594 4074 non
3619 4010 3760 4083 capilli

2287 4119 2466 4175 tamen
2492 4111 2576 4167 hic
2594 4112 2939 4179 ostenderim,
2966 4114 3137 4170 multo
3157 4115 3394 4186 pejorem
3414 4125 3521 4168 esse
3541 4104 3761 4177 opinionem

2286 4209 2431 4259 tuam
2455 4202 2524 4258 de
2548 4202 2687 4268 Deo,
2712 4219 2870 4274 quam
2906 4204 3200 4273 Manicbzci.
3234 4204 3379 4261 Illius
3412 4200 3536 4257 enim
3560 4197 3691 4252 Deum
3709 4186 3760 4241 vel

2284 4294 2458 4350 subita
2486 4293 2623 4348 bella
2655 4302 2967 4351 truncarunt
2991 4315 3005 4352 :
3040 4306 3185 4352 tuum
3210 4311 3341 4353 vero
3362 4294 3553 4362 antiqua
3574 4294 3620 4342 et
3641 4278 3760 4338 multi-

2284 4385 2476 4456 plicata
2517 4384 2737 4440 crimina
2764 4387 3136 4458 corruperunt.
3172 4388 3253 4443 Ac
3298 4402 3390 4459 per
3409 4385 3500 4439 hoc
3528 4392 3616 4434 non
3644 4370 3759 4459 soluta

2283 4455 2352 4533 de
2386 4476 2679 4548 quaestione
2710 4455 2962 4533 dissentis
2996 4493 3027 4533 a
3066 4455 3384 4543 catholicis,
3412 4471 3497 4531 sed
3530 4455 3759 4557 omninotlo

2282 4566 2432 4623 Deo:
2463 4581 2569 4623 non
2595 4567 2767 4637 ipsum
2794 4567 2947 4632 colis,
2975 4584 3133 4638 quem
3158 4582 3256 4623 nos
3281 4562 3620 4639 tequissimnm.
3640 4562 3754 4607 οηιηι·

2283 4658 2705 4728 potentissimum
2727 4699 2742 4726 ,
2770 4659 3126 4715 inviolabilem
3158 4660 3213 4716 in
3238 4658 3484 4715 Trinitate
3503 4653 3753 4741 veneramur.

2283 4748 2428 4820 Ergo
2452 4764 2725 4819 permeare
2744 4763 2849 4806 non
2873 4751 3042 4820 potuit
3063 4766 3159 4821 per
3177 4759 3412 4809 naturam
3434 4760 3509 4801 res
3525 4738 3752 4794 voluntatis:

2279 4842 2578 4912 meritoque
2602 4856 2701 4897 nos
2737 4840 2995 4905 diximus,
3026 4842 3145 4911 quia
3176 4856 3309 4911 opus
3347 4834 3527 4895 diaboli
3563 4842 3643 4915 P“?
3668 4827 3754 4915 ⁰Ρ¹ξ³

2281 4931 2376 4987 Dei
2403 4932 2630 4987 transire
2673 4947 2779 4986 non
2821 4931 3032 4986 sinitur.
3076 4929 3220 5003 Opus
3259 4929 3398 4986 enim
3436 4917 3602 4980 diaboli
3637 4914 3752 5008 Ιιοιξυξ

2279 5023 2468 5093 nisque
2508 5021 2631 5076 mali
2674 5032 2944 5092 peccatum
2973 5029 3082 5089 est,
3110 5021 3250 5092 quod
3277 5022 3328 5077 in
3359 5017 3490 5074 nullo
3522 5006 3753 5093 potestisirtb

2280 5086 2461 5169 libera:
2486 5121 2630 5168 motu
2660 5086 2946 5169 voluntatis
2970 5086 3220 5173 existere.
3244 5109 3388 5181 Quod
3412 5109 3585 5179 opuset
3601 5086 3754 5185 (ii-11’9"}

2279 5213 2336 5260 et
2361 5202 2559 5281 homini
2592 5219 2624 5263 a
2648 5204 2884 5273 possibili
2910 5204 3053 5258 venit
3093 5212 3148 5259 et
3186 5178 3362 5259 venit:
3394 5178 3517 5269 opus
3533 5178 3745 5281 autcmilt‘:i

2277 5304 2356 5351 est
2386 5274 2599 5363 natura,
2628 5296 2681 5351 in
2725 5310 2827 5365 qua
2855 5309 2960 5350 non
2995 5310 3023 5348 a
3053 5293 3324 5365 possibili,
3363 5288 3447 5347 sed
3474 5302 3501 5341 a
3533 5274 3745 5373 necrsfjf'l

2279 5388 2519 5443 subsistit
2562 5361 2758 5442 homo;
2798 5403 2916 5458 qua:
2958 5361 3143 5442 natura
3187 5387 3365 5442 multis
3399 5389 3472 5438 est
3506 5361 3744 5462 temportbll’

2280 5480 2396 5535 sine
2423 5480 2717 5548 voluntate,
2743 5478 2991 5549 quoniam
3016 5477 3095 5533 vis
3120 5478 3235 5549 ejus
3257 5486 3404 5533 :etate
3429 5476 3550 5527 certa
3573 5460 3740 5549 smmi":

2276 5571 2542 5641 Quamdiu
2580 5540 2714 5641 ergo
2737 5540 2821 5626 est
2867 5578 3052 5625 natura
3092 5540 3208 5627 sine
3254 5570 3515 5626 voluntate,
3551 5564 3652 5621 opus
3682 5540 3739 5592 [ιθί

2345 5759 2362 5790 ⁸
2398 5758 2468 5814 sic
2489 5764 2594 5809 ιω.
2621 5759 2908 5822 Vignicrius,
2939 5757 2987 5817 iit
3022 5756 3292 5810 nattrat’em
3321 5748 3610 5812 uewwtmm
