3980 6490
217 418 351 481 teat

210 545 583 602 tantummodo
610 554 691 603 est
715 563 727 600 :
760 555 814 602 at
837 545 951 609 h.rc
974 544 1113 622 quod
1138 561 1247 602 non
1266 544 1469 611 fecerit,
1498 561 1603 599 non
1628 551 1801 614 potest

209 635 410 694 habere
433 646 727 709 peccatum.
751 636 1150 693 lrrelutahiliter
1176 653 1303 706 ergo
1328 636 1523 691 dictum
1551 645 1652 699 est,
1675 632 1799 704 quia

205 744 311 803 per
347 745 481 799 opus
511 730 601 785 Dei
632 744 766 802 opus
795 728 991 783 diaboli
1021 727 1248 784 transire
1283 744 1386 784 non
1432 728 1642 783 sinitur.
1680 723 1797 781 Non

204 820 389 874 minus
407 829 583 875 autem
610 818 799 873 falsum
822 827 1078 889 estquam
1102 817 1403 889 profanum,
1433 814 1573 886 quod
1597 812 1792 877 dixisti,

212 901 237 965 ὅ
267 911 414 981 Opus
436 911 611 982 operis
632 910 723 966 Dei
747 910 933 966 transit
956 925 1057 982 per
1076 924 1209 980 epus
1232 910 1344 964 Dei.
1375 927 1394 961 ι
1422 907 1533 963 Hac
1553 914 1634 961 est
1653 904 1795 960 enim

202 1001 410 1069 dicere,
453 1002 645 1059 Pcccat
681 1011 738 1059 et
774 1000 934 1067 Deus,
963 1000 1085 1072 quia
1129 1000 1362 1072 peccavit
1404 998 1586 1064 homo,
1635 1010 1795 1067 quem

203 1091 334 1149 fecit
368 1093 525 1148 Dens.
558 1090 688 1147 Nam
717 1092 855 1147 sicut
881 1104 1141 1161 nusquam
1170 1100 1252 1146 est
1278 1097 1576 1161 peccatum,
1609 1086 1711 1143 nisi
1741 1086 1794 1141 in

201 1198 374 1255 opere
414 1183 673 1249 hominis;
717 1197 893 1258 neque
940 1182 1082 1236 enim
1121 1196 1242 1237 cum
1288 1179 1585 1251 peccaverit
1612 1178 1793 1241 homo,

202 1275 408 1348 aliquid
435 1273 745 1339 substantia:
773 1274 890 1343 ejus
917 1273 1150 1344 additur,
1176 1281 1235 1327 ut
1262 1281 1534 1342 peceatum
1562 1268 1632 1325 ibi
1657 1268 1793 1325 emi-

204 1383 339 1424 nere
362 1367 608 1423 videatur
628 1408 643 1433 ,
674 1366 769 1421 sed
793 1365 1162 1423 tantummodo
1186 1364 1384 1427 malum
1404 1377 1538 1433 opus
1561 1360 1627 1417 de
1651 1359 1793 1416 mala

198 1460 480 1529 voluntate
507 1459 847 1517 commissum
868 1500 884 1527 ,
911 1458 988 1513 illi
1017 1471 1229 1530 quoque
1254 1472 1284 1511 a
1313 1470 1420 1527 quo
1448 1453 1643 1513 factum
1670 1460 1751 1508 est
1774 1492 1791 1521 ,

197 1566 482 1628 comparat
506 1553 752 1613 meritum
781 1550 1002 1620 malum,
1034 1558 1094 1606 ut
1116 1548 1289 1605 malus
1307 1547 1514 1603 dicatur
1539 1545 1630 1617 qui
1654 1544 1793 1600 maia

196 1646 368 1709 fecit:
418 1648 487 1703 ita
529 1645 688 1702 etiam
728 1644 870 1703 Deus
908 1652 1049 1709 tuus,
1086 1640 1134 1696 si
1172 1639 1368 1695 malum
1409 1639 1463 1694 in
1494 1652 1657 1708 opere
1694 1648 1793 1691 suo

201 1737 334 1796 fecit
355 1778 372 1805 ,
400 1737 533 1799 nihil
557 1735 770 1808 quidem
797 1733 1107 1789 substantia:
1133 1731 1249 1802 ejus
1277 1729 1501 1798 accedit,
1531 1729 1668 1786 sicut
1694 1741 1793 1783 nec

199 1828 474 1893 hominis;
500 1836 674 1884 tamen
702 1824 948 1889 meritum
973 1822 1021 1880 ei
1032 1822 1492 1879 ‘deformissimum
1516 1833 1794 1891 compara-

199 1926 325 1987 tur,
357 1929 413 1974 ut
442 1918 613 1973 malus
654 1915 795 1973 male
823 1913 1065 1970 faciendo
1093 1914 1317 1970 dicatur.
1361 1911 1624 1968 Parvulus
1662 1922 1792 1967 sane

197 2009 460 2085 probatur
488 2011 645 2067 etiam
682 2020 806 2071 tunc
842 2023 966 2063 reus
1008 2023 1112 2062 non
1146 2020 1284 2071 esse,
1328 2004 1448 2076 quia
1480 2002 1734 2060 malitiam
1760 2016 1791 2056 a

198 2103 508 2161 necessario
530 2102 687 2158 habet
710 2142 726 2168 ,
750 2116 906 2171 quam
930 2097 1029 2153 nisi
1052 2096 1296 2153 diabolus
1315 2111 1343 2150 a
1369 2093 1605 2167 possibili
1626 2091 1793 2151 habes

198 2204 286 2257 ret
307 2237 322 2259 ,
354 2207 478 2250 reus
507 2207 626 2249 esse
656 2208 759 2247 non
786 2200 987 2262 posset.
1032 2188 1169 2244 Deus
1197 2196 1372 2242 autem
1400 2186 1490 2258 qui
1516 2186 1673 2241 verus
1709 2191 1793 2241 est

196 2286 650 2351 Christianorum,
692 2283 889 2338 malum
926 2296 1033 2337 non
1079 2279 1241 2337 facit:
1288 2278 1537 2349 parvulus
1579 2288 1791 2347 quoque

198 2385 325 2437 ante
373 2375 600 2446 propria:
631 2372 917 2429 voluntatis
959 2370 1234 2435 arbitrium
1275 2367 1406 2423 nihil
1456 2366 1637 2432 habet,
1685 2364 1789 2419 nisi

199 2466 342 2538 quod
378 2467 433 2521 in
463 2480 528 2522 eo
558 2463 682 2520 fecit
724 2464 890 2520 Deus.
933 2461 1185 2524 Naturale
1222 2460 1380 2531 igitur
1425 2458 1626 2514 nullum
1670 2470 1789 2513 esse

199 2566 476 2631 peccatum
503 2563 695 2626 potest.
740 2552 845 2611 Sed
883 2554 1130 2625 quoniam
1175 2552 1551 2609 sollicitissime
1583 2548 1788 2620 antiqui

202 2638 405 2705 erroris
432 2657 578 2703 antra
611 2648 952 2728 prorupimus
981 2645 1033 2711 ¹,
1061 2660 1161 2701 nec
1187 2644 1471 2715 quidquam
1502 2657 1663 2713 super
1688 2639 1789 2697 hac

203 2740 497 2811 quaestione
523 2739 787 2794 occultum
829 2736 1089 2795 remansit
1115 2752 1129 2790 :
1163 2743 1341 2791 teneat
1368 2733 1538 2791 lector
1561 2731 1789 2802 diligens

196 2832 595 2890 distinctionem
631 2829 919 2887 necessiarii
949 2838 1109 2899 atque
1136 2826 1441 2898 possibilis;
1471 2835 1524 2882 et
1550 2841 1655 2881 non
1683 2825 1788 2880 mi-

196 2939 305 2981 nus
329 2923 734 2980 Manichzeorum
759 2963 776 2991 ,
803 2936 963 2993 quam
988 2919 1444 2983 deucianorum
1487 2922 1789 2977 commenta

194 3014 416 3073 ridebit.

271 3109 406 3166 Ave.
446 3106 601 3179 Apud
627 3106 872 3163 homines
900 3105 986 3176 qui
1013 3118 1075 3162 ea
1101 3118 1220 3173 qua:
1249 3103 1452 3174 legunt,
1484 3099 1561 3156 sic
1588 3098 1788 3162 intelli-

196 3208 350 3272 gunt,
387 3208 449 3256 ut
482 3200 640 3255 etiam
679 3199 777 3254 ista
806 3212 924 3270 qua:
943 3197 1076 3253 dicis
1114 3195 1432 3265 intelligant,
1474 3193 1606 3250 nihil
1633 3191 1785 3263 egisti

192 3290 361 3357 aliud,
392 3284 578 3347 eadem
602 3305 697 3360 per
719 3287 907 3345 eadem
934 3296 1077 3343 tanta
1100 3286 1448 3357 perplexitate
1472 3283 1785 3355 repetendo,

190 3382 301 3439 nisi
322 3390 381 3438 ut
399 3390 452 3439 te
470 3389 752 3453 appareret
774 3379 1179 3452 responsionem
1204 3385 1441 3441 nostram
1464 3377 1518 3432 in
1540 3391 1646 3432 uno
1666 3390 1788 3432 meo

192 3472 369 3541 iibro,
399 3486 560 3544 quem
589 3471 694 3529 tuis
730 3480 856 3531 octo
884 3468 1136 3527 refellere
1163 3469 1470 3540 suscepisti,
1512 3482 1634 3523 cum
1674 3467 1788 3524 dis-

196 3564 409 3620 solvere
449 3577 557 3618 non
602 3562 832 3627 valeres,
876 3561 1166 3618 obscurare
1203 3560 1457 3617 voluisse.
1507 3559 1663 3631 Apud
1692 3574 1789 3617 eos

190 3663 379 3724 autem
423 3654 512 3726 qui
541 3654 658 3711 haec
690 3668 798 3710 non
826 3653 1157 3724 intelligunt,
1187 3651 1240 3707 id
1270 3652 1424 3723 egisti
1467 3651 1679 3718 saltem,
1730 3659 1790 3706 ut

198 3746 325 3813 ideo
353 3755 404 3802 te
440 3755 623 3817 putent
659 3745 863 3801 dixisse
894 3742 1123 3815 aliquid,
1153 3742 1405 3814 quoniam
1436 3756 1541 3798 non
1586 3741 1789 3797 intelli.

196 3845 353 3909 gunt.
384 3835 534 3892 Unde
567 3835 800 3892 breviter
840 3833 1158 3893 admonendi
1186 3842 1310 3900 sunt
1344 3833 1556 3889 interim
1594 3833 1662 3888 de
1688 3832 1792 3890 hoc

194 3927 347 3983 unde
384 3941 524 3984 nunc
565 3926 776 3998 agitur,
817 3936 877 3980 ut
922 3924 1053 3981 illud
1089 3925 1264 3996 ipsum
1308 3939 1519 3988 meum,
1569 3923 1792 3981 remotis

190 4019 410 4084 nebulis
446 4026 550 4072 tute
576 4017 943 4089 loquacitatis,
973 4015 1261 4092 aspiciant,
1292 4027 1348 4072 et
1388 4016 1602 4071 videant
1629 4030 1789 4086 quam

188 4112 269 4168 sit
300 4110 573 4165 invictum.
603 4108 684 4164 Tu
723 4109 866 4170 enim
899 4092 1113 4168 dixeras
1139 4124 1153 4163 :
1181 4125 1201 4160 ι
1227 4106 1284 4163 Si
1321 4116 1512 4169 natura
1538 4119 1674 4176 opus
1707 4113 1793 4161 est

197 4203 322 4267 Dei,
338 4217 435 4274 per
448 4216 582 4272 opus
599 4201 697 4260 Dei
712 4216 845 4272 Opus
859 4199 1055 4255 diaboli
1073 4198 1299 4254 transire
1314 4213 1416 4254 non
1434 4196 1646 4258 sinitur.
1670 4214 1690 4250 ι
1710 4196 1792 4252 Ad

192 4292 310 4350 hoc
322 4308 422 4364 ego
436 4311 451 4324 ·
475 4292 641 4361 «Quid
654 4291 892 4363 estquod
906 4291 1052 4357 dicit,
1067 4308 1086 4342 ι
1105 4291 1340 4361 inquam,
1351 4307 1370 4342 ι
1391 4289 1445 4345 Si
1459 4299 1643 4344 natura
1657 4301 1791 4358 opus

186 4392 291 4439 est
312 4384 425 4450 Dei,
439 4399 535 4455 per
552 4399 685 4454 opus
702 4383 795 4439 Dei
813 4397 951 4454 opus
972 4381 1167 4439 diaboli
1189 4382 1416 4441 transire
1436 4395 1542 4436 non
1564 4378 1792 4436 sinitur?

200 4473 395 4539 Nonne
422 4489 553 4545 opus
579 4474 813 4541 diaboli,
844 4472 1059 4544 quando
1087 4473 1140 4535 in
1164 4472 1376 4543 angelo,
1405 4473 1493 4543 qui
1517 4470 1687 4527 factus
1711 4478 1793 4527 est

202 4566 454 4623 diabolus
476 4607 491 4633 ,
514 4567 659 4637 prius
695 4575 870 4622 ortum
901 4574 1018 4631 est,
1055 4563 1107 4620 in
1136 4579 1303 4635 opere
1330 4563 1426 4618 Dei
1463 4572 1640 4618 ortum
1669 4561 1792 4617 est?

199 4658 544 4730 Quapropter
567 4658 610 4713 si
636 4657 856 4724 malum,
883 4655 1026 4727 quod
1052 4669 1309 4725 nusquam
1335 4662 1451 4710 erat
1473 4653 1710 4719 omnino,
1736 4653 1792 4710 in

188 4748 299 4816 Dei
323 4761 488 4818 opere
513 4748 640 4803 oriri
667 4747 877 4818 potuit:
901 4760 998 4802 cur
1034 4745 1232 4800 malum
1253 4787 1269 4813 ,
1293 4744 1432 4816 quod
1464 4743 1655 4803 alicubi
1679 4744 1790 4814 jam

191 4851 316 4905 erat
340 4839 363 4871 ⁸
388 4880 405 4906 ,
438 4853 535 4911 per
574 4854 711 4910 opus
739 4837 834 4893 Dei
863 4836 1092 4892 transire
1125 4851 1232 4890 non
1252 4836 1468 4905 'potuit;
1496 4836 1791 4905 praesertim

190 4945 325 4995 cum
363 4930 480 5000 ipso
521 4930 687 4985 verbo
732 4935 910 4983 utatur
949 4927 1236 5000 Apostolus
1280 4925 1487 4993 dicens,
1521 4924 1587 4979 Et
1625 4926 1698 4979 ita
1737 4926 1794 4980 in

190 5039 371 5080 0mm
417 5022 644 5077 [contines
682 5021 969 5095 pertransiit
1002 5039 1021 5074 ι
1045 5020 1220 5091 (Rom.
1243 5034 1297 5087 v,
1322 5018 1452 5089 12)?
1481 5034 1500 5069 t
1527 5016 1793 5088 Numquid

193 5116 445 5177 homines
474 5132 580 5171 non
606 5123 732 5172 sunt
753 5130 889 5185 opus
918 5114 1054 5170 Dei?
1080 5112 1394 5169 Pertransiit
1436 5125 1564 5183 ergo
1599 5125 1792 5183 pecca-

187 5217 314 5271 tum
358 5224 452 5279 per
492 5207 758 5274 homines,
803 5204 906 5262 hoc
941 5214 1045 5273 est,
1099 5219 1239 5277 opus
1282 5202 1480 5259 diaboli
1526 5217 1622 5272 per
1659 5216 1793 5271 opus

192 5301 336 5357 Dei:
381 5309 543 5371 atque
587 5309 647 5355 ut
678 5300 784 5355 alio
809 5298 970 5355 modo
1002 5298 1229 5368 idipsum
1266 5296 1439 5353 dicam
1459 5336 1474 5361 ,
1505 5308 1641 5366 opus
1666 5309 1795 5365 ope-

194 5392 277 5447 ris
323 5392 414 5451 Dei
444 5407 541 5464 per
567 5405 702 5462 opus
745 5391 857 5446 Dei.
889 5390 956 5446 Et
982 5389 1103 5445 ideo
1136 5389 1278 5444 Deus
1315 5387 1464 5444 solus
1488 5395 1570 5443 est
1597 5387 1793 5442 immu-

197 5482 381 5539 tabilis
421 5491 477 5537 et
512 5481 904 5553 potentissima
949 5480 1239 5537 bonitatis:
1279 5481 1370 5550 qui
1418 5488 1474 5535 et
1508 5488 1792 5550 antequam

194 5580 349 5650 esset
386 5574 556 5632 ullum
599 5573 821 5641 malum,
847 5571 985 5629 bona
1025 5587 1186 5642 opera
1228 5571 1353 5627 fecit
1392 5571 1593 5639 omnia,
1632 5570 1794 5645 etode

190 5665 383 5734 malis,
410 5682 529 5738 qua:
550 5666 604 5722 in
634 5665 789 5723 bonis
815 5665 884 5721 ab
908 5679 975 5720 eo
1002 5662 1153 5719 factis
1175 5672 1294 5721 orta
1322 5671 1468 5732 sunt,
1499 5662 1635 5719 bene
1658 5656 1790 5734 ope-

271 5844 289 5877 ι
328 5852 474 5895 vetus
494 5841 648 5893 codex
673 5848 819 5900 νυνι,
847 5838 1166 5904 perruperitis.

275 5905 298 5943 I
329 5913 403 5963 ac
424 5914 527 5980 uss.
553 5911 604 5959 tu
627 5905 744 5968 \‘ign
768 5942 782 5965 ,
809 5902 1097 5954 alicubi'uon
1119 5908 1223 5952 erat

1558 423 1757 482 LlBEil
1797 414 2112 486 QUINTUS.

3354 420 3497 493 isne

1913 545 2063 587 ratur
2084 548 2179 604 per
2203 536 2377 589 omnia
2416 554 2436 588 ι
2470 534 2572 607 (De
2603 535 2813 607 Nuptiis
2842 550 2887 593 et
2915 537 3347 611 Concttpiscentia,
3398 543 3491 598 lib.

1906 624 1963 692 2,
1990 641 2044 678 η.
2074 624 2307 696 48).11ιιο
2334 634 2389 683 ιιι
2418 642 2597 684 rerum
2628 629 2891 684 evidentia
2919 632 3272 700 perturbatus,
3302 633 3492 690 oculos

1907 713 2182 770 hominum
2229 715 2297 772 de
2338 719 2576 787 possibili
2610 728 2665 775 et
2710 723 3012 778 necessario
3054 722 3209 795 longa
3247 733 3301 781 et
3346 725 3491 781 inani

1904 806 2259 877 disputatione
2271 810 2625 867 tenebrandos
2640 815 2857 882 putasti,
2872 823 2928 870 ut
2942 816 3038 872 ista
3050 817 3272 888 caligine
3283 817 3490 890 objecta

1901 897 2220 959 sententiam
2253 908 2393 954 tuam
2424 916 2611 957 vanam
2640 918 2747 958 non
2781 905 3144 975 subtraheres,
3177 922 3245 963 ne
3265 908 3486 979 perime-

1902 996 2066 1055 retur,
2087 988 2181 1045 sed
2203 1003 2271 1049 ne
2286 1000 2553 1063 perempta
2571 993 2750 1064 jacere
2764 997 3181 1066 conspiceretur,
3198 997 3493 1054 absconde»

1901 1078 2201 1140 res.lltrum
2214 1082 2302 1153 qui
2309 1098 2448 1152 ppea
2466 1087 2788 1153 necessario,
2801 1102 2867 1141 an
2885 1100 2916 1141 a
2932 1087 3321 1161 possibili,quid
3337 1090 3494 1144 inter~

1900 1181 1982 1229 est
2019 1170 2086 1227 ad
2112 1187 2223 1227 rem
2268 1172 2337 1230 de
2359 1188 2461 1256 qua
2488 1176 2814 1246 qurerimus?
2835 1177 3071 1250 Angelus
3089 1187 3234 1236 certe
3255 1189 3309 1235 et
3327 1180 3491 1235 homo

1900 1273 2190 1334 peccarunt
2213 1280 2228 1318 :
2251 1271 2342 1319 aut
2360 1279 2490 1336 ergo
2510 1266 2649 1322 aude
2667 1266 2847 1325 dicere
2866 1271 3115 1342 angelum
3139 1280 3193 1327 et
3217 1271 3486 1328 hominem

1899 1368 2005 1419 non
2032 1369 2152 1413 esse
2177 1365 2429 1421 naturas;
2461 1365 2571 1422 aut,
2598 1359 2719 1429 quia
2749 1375 2855 1416 non
2885 1361 2956 1416 ita
2977 1377 3036 1417 es
3065 1363 3281 1417 insanus
3311 1370 3368 1417 ut
3389 1378 3489 1417 au-

1900 1444 2051 1511 deas,
2084 1446 2414 1513 convinceris
2445 1457 2698 1518 peccante
2717 1450 2905 1522 angelo
2929 1466 3180 1522 peccasse
3201 1461 3445 1508 naturam
3469 1494 3485 1519 ,

1897 1534 2228 1590 convinceris
2251 1548 2503 1607 peccante
2524 1536 2739 1596 homine
2764 1555 3015 1610 peccasse
3040 1552 3304 1600 naturam.
3325 1541 3432 1598 Sed
3458 1558 3490 1597 a

1898 1624 2175 1694 possibili,
2225 1626 2436 1697 inquis,
2485 1643 2591 1685 non
2636 1644 2668 1685 a
2716 1632 3021 1687 necessario
3063 1632 3322 1703 peccavit.
3376 1634 3491 1690 lloc

1901 1730 2086 1771 verum
2110 1726 2229 1773 est:
2258 1727 2434 1774 tamen
2456 1721 2675 1792 angelus
2698 1723 2956 1793 peccavit,
2985 1732 3162 1780 tamen
3183 1724 3344 1781 homo
3365 1722 3490 1797 pec?-

1900 1808 2075 1875 cavit,
2104 1817 2280 1864 tamen
2313 1820 2500 1865 natura
2530 1812 2768 1882 peccavit
2792 1830 2806 1880 ;
2838 1829 2901 1870 ac
2920 1815 3006 1876 lic
3031 1831 3166 1886 opus
3192 1815 3319 1884 Dei,
3343 1817 3488 1889 quod

1896 1906 1981 1954 est
2003 1898 2263 1970 angelus,
2302 1899 2445 1971 quod
2479 1909 2563 1957 est
2590 1902 2783 1970 homo,
2813 1919 2920 1959 non
2947 1916 3172 1976 cogente
3214 1906 3326 1962 Deo
3348 1948 3363 1973 ,
3390 1904 3488 1965 sed

1894 2000 1992 2047 sua
2017 1990 2155 2043 mala
2186 1988 2484 2057 voluntate,
2514 2006 2675 2062 quam
2695 1995 2866 2066 potuit
2891 2002 2946 2051 et
2971 2011 3077 2051 non
3110 1996 3327 2065 habere,
3358 2012 3485 2068 pec-

1895 2081 2053 2135 cavit.
2076 2078 2156 2139 Illi
2182 2097 2309 2151 ergo
2330 2092 2533 2143 natura:
2558 2084 2867 2157 ignominia,
2889 2104 3011 2159 qua:
3033 2103 3154 2144 cum
3186 2089 3321 2145 bene
3346 2088 3489 2151 facta

1894 2180 2058 2241 esset,
2081 2182 2136 2229 et
2155 2174 2351 2229 malum
2375 2174 2549 2232 facere
2568 2188 2747 2233 coacta
2770 2193 2875 2234 non
2897 2189 3062 2245 esset,
3089 2191 3263 2237 tamen
3287 2183 3484 2237 malum

1890 2261 2058 2323 fecit:
2087 2264 2199 2321 Deo
2227 2275 2406 2322 autem
2433 2267 2623 2339 gloria,
2652 2270 2743 2341 qui
2767 2278 2820 2326 et
2845 2279 3088 2326 naturam
3115 2271 3308 2327 bonam
3338 2273 3486 2345 fecit,

1894 2363 1949 2413 et
1973 2357 2041 2413 de
2066 2358 2207 2416 malo
2229 2359 2363 2416 bene
2388 2360 2529 2425 facit,
2559 2363 2698 2433 quod
2729 2363 2843 2434 ipse
2870 2379 2974 2419 non
2996 2362 3139 2420 fecit.
3169 2364 3298 2421 Cum
3325 2348 3489 2437 igitur

1894 2448 1980 2505 his
1999 2460 2158 2521 atque
2188 2451 2491 2523 huiusmodi
2519 2455 2658 2510 veris
2678 2457 3061 2528 catholicisque
3090 2456 3402 2525 rationibus,
3429 2469 3487 2520 et

1892 2539 2103 2601 defendi
2133 2552 2187 2599 et
2216 2544 2489 2614 pra-dicari
2524 2556 2708 2606 natura
2739 2549 2907 2619 possit
2933 2551 3160 2605 creatrix
3180 2592 3196 2618 ,
3241 2559 3296 2606 et
3335 2550 3487 2622 argui

1892 2632 2320 2706 reprehendique
2366 2638 2670 2708 peccatrix;
2715 2649 2874 2709 atque
2921 2638 3034 2711 ipsa
3077 2641 3380 2710 peccatrix,
3431 2650 3488 2701 ει

1891 2724 2096 2781 laudari
2148 2728 2204 2783 in
2247 2739 2501 2799 quantum
2543 2745 2660 2785 eam
2701 2731 2844 2787 Deus
2889 2731 3047 2800 fecit,
3092 2741 3147 2788 ct
3181 2733 3384 2804 culpari
3430 2733 3487 2790 in

1892 2826 2148 2888 quantum
2172 2818 2239 2873 ab
2269 2818 2391 2888 illo,
2435 2820 2581 2876 nullo
2609 2830 2852 2893 cogente,
2884 2821 3107 2890 deiecit,
3139 2824 3268 2880 etin
3301 2834 3481 2895 poste-

1891 2911 1969 2965 ris
1984 2910 2230 2966 meritum
2253 2928 2408 2967 suum
2429 2914 2628 2985 recepit
2646 2912 2855 2989 (eadem
2872 2916 3066 2988 quippe
3088 2917 3201 2987 ipsa
3223 2926 3407 2973 natura
3429 2918 3483 2973 in

1891 3002 2113 3074 singulis
2132 3004 2432 3076 quibusque
2449 3007 2565 3061 sine
2590 3005 2864 3063 voluntate
2885 3008 3138 3075 nascitur,
3163 3024 3281 3080 qua:
3302 3009 3353 3064 in
3378 3023 3487 3065 uno

1887 3093 2167 3150 voluntate
2198 3093 2496 3170 peccavit):
2536 3096 2657 3167 quis
2693 3107 2746 3154 te
2776 3098 3123 3169 praecipitavit
3153 3109 3209 3153 ut
3234 3098 3443 3155 diceres
3467 3142 3485 3167 ,

1892 3185 2012 3256 quis
2037 3185 2326 3241 submersit
2352 3194 2413 3242 nt
2435 3187 2719 3254 scriberes,
2747 3206 2767 3241 ι
2794 3189 2850 3245 Si
2877 3197 3066 3243 natura
3092 3205 3225 3259 opus
3254 3197 3336 3244 est
3364 3189 3485 3256 Dei,

1893 3294 1990 3351 per
2017 3294 2152 3351 Opus
2185 3279 2278 3334 Dei
2318 3294 2453 3352 opus
2499 3279 2698 3337 diaboli
2732 3281 2960 3338 transire
3000 3297 3108 3337 non
3140 3282 3365 3337 sinitur?
3392 3301 3412 3335 ι
3441 3282 3488 3338 0

1891 3370 2055 3428 surde
2092 3372 2146 3427 in
2187 3370 2408 3429 vocibus
2448 3373 2674 3429 sanctis!
2720 3388 2754 3429 ο
2797 3388 2939 3429 εωεε
2984 3374 3037 3428 in
3094 3373 3487 3430 inventionibus

1893 3463 1998 3518 tuis
2012 3463 2027 3518 ι
2046 3461 2234 3520 Nonne
2245 3471 2520 3533 peccatum
2538 3479 2670 3534 opus
2682 3473 2763 3519 est
2781 3463 3011 3520 diaboli?
3028 3463 3215 3519 Nonne
3230 3464 3281 3518 in
3297 3479 3488 3519 omnes

1894 3552 2139 3609 homines
2160 3554 2486 3625 pertransiit,
2501 3554 2589 3631 qui
2607 3561 2731 3610 sunt
2750 3569 2884 3626 opus
2902 3554 3032 3611 Dei?
3053 3553 3242 3611 Nonne
3258 3569 3354 3625 per
3372 3570 3491 3625 pec-

1893 3653 2071 3701 catum
2114 3661 2282 3714 mors,
2328 3660 2390 3701 ea
2434 3645 2730 3714 praesertim
2773 3646 2986 3716 qualem
3030 3660 3126 3701 vos
3175 3646 3343 3701 solam
3390 3660 3490 3717 per

1890 3743 2173 3806 peccatum
2211 3734 2388 3790 dicitis
2409 3733 2689 3802 accidisse,
2723 3734 2774 3789 id
2802 3743 2905 3801 est,
2938 3750 3043 3790 non
3074 3735 3315 3806 corporis
3339 3775 3356 3802 ,
3389 3731 3484 3790 sed

1893 3829 2121 3896 animai,
2156 3843 2290 3900 opus
2332 3836 2415 3885 est
2459 3826 2695 3884 diaboli?
2721 3827 2909 3883 Nonne
2937 3827 2990 3882 in
3028 3840 3217 3884 omnes
3246 3826 3490 3882 homines
3582 3828 3589 3836 ’

1897 3920 2227 3989 pertransiit,
2256 3918 2346 3991 qui
2375 3927 2502 3975 sunt
2525 3935 2660 3990 opus
2690 3918 2818 3975 Dei?
2844 3918 2949 3976 Sed
2979 3918 3292 3985 imitatione,
3326 3928 3382 3973 ut
3404 3917 3490 3973 di-

1896 4007 2050 4078 citis,
2082 4010 2310 4065 transiit.
2360 4010 2560 4066 Tamen
2588 4025 2684 4081 per
2707 4002 2952 4065 homines
2979 4011 3218 4075 transiit,
3249 4010 3338 4081 qui
3366 4019 3492 4064 sunt

1895 4116 2030 4171 Opus
2064 4101 2178 4157 Dei.
2207 4100 2313 4157 Sed
2356 4116 2386 4156 a
2415 4101 2687 4173 possibili,
2718 4116 2823 4156 non
2853 4117 2881 4155 a
2910 4100 3215 4157 necessario
3257 4101 3490 4156 transiit.

1894 4191 1991 4246 Dic
2013 4190 2269 4263 quidquid
2296 4191 2389 4246 tibi
2423 4192 2593 4261 placet
2619 4208 2634 4247 :
2663 4198 2841 4246 tamen
2868 4206 2962 4261 per
2984 4189 3228 4248 homines
3255 4190 3487 4260 transiit,

1895 4286 1986 4353 qui
2024 4292 2148 4337 sunt
2192 4296 2328 4353 opus
2382 4281 2517 4337 Dei:
2567 4289 2625 4337 tu
2668 4290 2847 4337 autem
2883 4281 3000 4337 sine
3033 4280 3136 4336 ulla
3176 4279 3490 4351 exceptione

1893 4373 2096 4441 dixisti,
2127 4392 2145 4426 ι
2182 4374 2283 4429 Ρει·
2308 4388 2442 4443 opus
2463 4373 2556 4429 Dei
2581 4387 2715 4444 opus
2745 4372 2940 4428 diaboli
2971 4371 3199 4427 transire
3225 4386 3332 4426 non
3358 4366 3491 4426 sini-
3534 4385 3543 4391 '

1897 4474 2021 4529 tur;
2056 4484 2075 4519 ι
2108 4475 2161 4521 ει
2192 4465 2328 4521 hanc
2352 4464 2631 4520 sententia:
2658 4473 2760 4518 tum
2791 4474 2898 4518 tam
2928 4462 3259 4534 perSpicuam
3284 4462 3490 4515 vanita-

1896 4565 2005 4612 tem
2034 4556 2079 4622 ¹,
2108 4564 2168 4612 ιιι
2208 4554 2396 4610 vanior
2421 4554 2576 4611 lieres
2599 4596 2613 4621 ,
2647 4562 2790 4609 tanta
2818 4553 3136 4624 loquacitate
3165 4568 3268 4607 nou
3299 4560 3355 4606 ιιι
3397 4551 3492 4606 ab-

1895 4648 2197 4703 solveretur
2243 4645 2572 4708 defenderc.
2625 4642 2719 4699 sed
2774 4660 2841 4700 ne
2892 4642 3220 4713 aspiceretur
3262 4646 3487 4713 ‘operire

1896 4748 2116 4796 conatus
2144 4753 2224 4795 es.
2265 4736 2326 4792 Si
2352 4739 2405 4792 in
2442 4745 2674 4793 mentem
2708 4735 2801 4791 tibi
2841 4737 3132 4807 apostolica
3171 4735 3332 4790 verba
3377 4750 3483 4790 non

1892 4837 2172 4897 venerant,
2208 4844 2328 4901 qua:
2368 4837 2421 4884 te
2457 4828 2559 4883 hoc
2601 4828 2781 4883 dicere
2820 4827 3193 4898 prohiberent;
3234 4842 3330 4882 cur
3380 4843 3485 4883 non

1896 4923 2166 4980 attendisti
2186 4963 2202 4989 ,
2231 4922 2484 4987 obsecro,
2513 4921 2633 4992 plus
2661 4937 2781 4976 esse
2807 4921 2859 4975 in
2902 4935 3065 4990 opere
3092 4920 3184 4975 Dei
3216 4920 3444 4976 existere
3469 4926 3496 4989 ‘,

1896 5032 2055 5089 quam
2082 5031 2179 5086 per
2205 5030 2340 5086 opus
2371 5014 2463 5069 Dei
2494 5015 2723 5071 transire
2754 5028 2887 5084 opus
2928 5013 3168 5069 diaboli?
3194 5013 3329 5069 Cum
3358 5004 3486 5082 ergo

1884 5107 2025 5163 illud
2049 5106 2281 5171 fatearis,
2309 5121 2405 5161 cur
2425 5104 2529 5160 hoc
2549 5105 2754 5174 negas?
2780 5106 2859 5158 An
2886 5103 3026 5174 quod
3052 5104 3130 5159 vis
3153 5105 3261 5157 licri
3285 5111 3483 5173 potest,

1898 5199 2040 5272 quod
2067 5214 2170 5254 non
2193 5199 2273 5254 vis
2300 5214 2403 5252 non
2427 5198 2643 5268 potest?
2666 5195 2978 5252 Misereatur
3002 5196 3075 5251 tui
3099 5195 3259 5260 Deus,
3286 5203 3341 5249 ut
3365 5207 3485 5248 esse

1898 5290 2113 5348 desinas
2143 5305 2331 5346 vanus.
2360 5288 2510 5344 Hanc
2547 5298 2723 5344 autem
2765 5288 3082 5343 sententiam
3129 5295 3269 5339 tuam
3317 5285 3485 5338 Mani-

1899 5381 2080 5439 ChtBttS
2108 5382 2338 5437 libenter
2361 5378 2728 5451 amplectitur,
2759 5385 3008 5448 tanquam
3039 5374 3263 5428 amicam
3290 5389 3439 5427 suam
3463 5414 3480 5439 ,

1898 5481 1954 5529 et
1978 5480 2379 5544 argumentatur
2415 5470 2526 5526 ita:
2567 5469 2623 5524 Si
2656 5484 2751 5539 per
2794 5482 2928 5538 opus
2978 5465 3070 5520 Dei
3112 5478 3246 5532 opus
3289 5463 3485 5519 diaboli

1898 5566 2126 5622 transire
2153 5580 2257 5621 non
2297 5565 2491 5621 sinitur
2509 5606 2524 5629 ,
2551 5562 2719 5618 multo
2747 5561 2923 5616 minus
2963 5559 3017 5612 in
3045 5571 3205 5626 opere
3232 5555 3325 5609 Dei
3371 5556 3486 5610 esi-

1897 5667 2042 5715 stere
2069 5657 2299 5714 sinitur:
2330 5655 2473 5713 unde
2498 5670 2625 5728 ergo
2653 5653 2848 5708 malum
2868 5694 2885 5719 ,
2914 5650 3015 5704 nisi
3048 5647 3188 5703 unde
3218 5662 3316 5702 nos
3349 5646 3483 5702 dici-

1930 5835 1991 5909 ἰ’
2014 5824 2166 5950 ﬂgiti,
2212 5831 2520 5900 perspicuam
2552 5804 2772 5883 naturam
2792 5807 2829 5889 ;⁵
2863 5823 3266 5877 dissentientibus
3319 5833 3484 5875 tnaatt-

1930 5909 2029 5950 cru»
2080 5911 2088 5919 δ

1900 5909 2088 5961 tempus
