3980 6468
622 374 763 432 Ιδῢδ

620 492 781 560 mus?
808 490 911 547 Sed
941 490 1324 559 respondemus
1348 492 1427 545 eis
1451 509 1462 542 :
1500 489 1710 544 Juliano
1735 488 1895 545 dicite
1924 489 2022 542 ista
2046 529 2060 551 ,
2096 501 2201 553 non

618 584 792 645 nobis.
838 582 1086 650 Princeps
1128 580 1284 650 hujus
1329 580 1608 635 sententia!
1651 578 1847 639 missus
1890 589 1972 633 est
2017 577 2158 639 foras
2187 595 2211 632 ι

617 674 756 735 absit
798 683 855 726 ut
905 671 1209 741 prmjudicct
1250 673 1401 726 nobis
1444 670 1717 731 vobiscum
1760 669 2072 741 Vincendus,
2123 668 2205 723 vel

617 764 794 834 potius
822 763 1088 817 vobiscum
1111 761 1223 831 jam
1251 762 1421 825 victus
1447 777 1478 816 a
1509 761 1682 816 nobis.
2156 799 2177 820 κ

687 851 873 907 LXIV.
902 850 1018 907 JUL.
1043 849 1175 905 Illud
1206 853 1381 921 itaque
1399 850 1541 905 aliud
1568 851 1634 905 dc
1654 849 1839 907 eadem
1872 848 2196 905 hebetudine

618 944 901 1015 protulisti.
931 944 1024 999 Ais
1053 944 1194 998 enim
1231 961 1242 997 :
1284 963 1302 996 ι
1338 943 1427 999 Sic
1464 953 1611 998 creat
1648 944 1786 999 Deus
1827 943 2019 1010 malos,
2066 959 2205 1013 quo-1

618 1037 781 1092 modo
814 1037 980 1106 pascit
1000 1046 1051 1090 et
1078 1036 1241 1090 nutrit
1266 1036 1432 1090 malos
1466 1054 1484 1087 ι
1514 1034 1613 1104 (De
1635 1032 1844 1102 Nuptiis
1887 1045 1932 1088 et
1956 1034 2207 1104 Concupi-

616 1129 826 1194 scentia,
873 1128 960 1182 lib.
989 1127 1055 1198 2,
1076 1146 1127 1181 tt.
1167 1130 1281 1198 5:2).
1313 1129 1436 1199 quia
1485 1128 1739 1198 scriptum
1773 1136 1853 1182 est
1882 1126 1933 1181 in
1966 1126 2209 1195 Evangc:

621 1218 714 1283 lio,
761 1217 905 1288 quod
954 1220 1122 1286 solem
1168 1234 1325 1287 suum
1371 1219 1497 1274 oriri
1544 1219 1705 1287 faciat
1752 1234 1913 1287 super
1945 1218 2123 1273 bonos.
2151 1226 2205 1271 et

620 1311 811 1375 malos,
852 1318 906 1365 et
940 1310 1091 1381 pluat
1122 1325 1283 1380 super
1325 1309 1509 1381 iustos.
1537 1320 1592 1365 et
1639 1309 1863 1379 injustos
1905 1307 2116 1380 (Matth.
2149 1324 2203 1375 v,

617 1402 732 1473 45).
765 1402 944 1473 Longe
967 1403 1107 1458 enim
1131 1402 1341 1473 lateque
1361 1406 1682 1457 contrarium
1704 1410 1808 1466 est,
1836 1402 1977 1472 quod
2001 1413 2053 1456 tu
2074 1417 2206 1457 con-

613 1493 864 1565 iunctum
882 1495 1094 1565 putasti.
1120 1494 1271 1563 Quod
1294 1494 1435 1550 enim
1471 1494 1637 1564 pascit
1660 1495 1801 1549 Deus
1826 1495 1985 1549 etiam
2014 1510 2206 1565 pecco-

619 1592 781 1648 tores,
813 1585 1178 1655 benignusque
1203 1594 1287 1641 est
1313 1600 1476 1657 super
1492 1585 1726 1655 ingratos
1751 1593 1806 1640 et
1831 1585 2017 1650 malos,
2040 1585 2208 1655 pieta-

620 1675 689 1729 tis
719 1683 799 1730 εει
824 1674 942 1744 ejus
984 1674 1365 1741 testimonium,
1397 1689 1502 1729 non
1553 1674 1898 1745 malignitatis
1929 1691 1943 1735 :
1970 1676 2057 1745 qui
2099 1689 2206 1736 non

618 1766 734 1823 vult
760 1766 956 1836 quippe
983 1774 1210 1831 mortem
1253 1766 1551 1831 morientis,
1584 1765 1678 1821 sed
1721 1774 1778 1820 ut
1831 1775 2131 1821 revertatur
2153 1776 2210 1824 et

617 1857 763 1911 vivat
795 1855 1010 1927 (Ezech.
1040 1873 1190 1924 xvttt,
1216 1856 1333 1928 52);
1367 1872 1464 1912 nec
1489 1858 1597 1912 cito
1614 1859 1766 1927 punit
1795 1867 2035 1912 errantes
2063 1874 2076 1911 :
2108 1872 2209 1921 nec

619 1948 690 2003 ob
713 1949 857 2004 aliud
889 1948 941 2003 id
987 1948 1137 2017 facit,
1168 1966 1326 2020 quam
1374 1960 1431 2005 ut
1470 1950 1679 2005 bonitas
1717 1951 1832 2019 ejus
1885 1951 2208 2021 pteuiteutitc

616 2047 827 2110 tempus
856 2040 1145 2111 indulgeat.
1171 2041 1261 2097 Sic
1285 2042 1428 2096 enim
1476 2042 1552 2096 ait
1579 2042 1873 2112 Apostolus
1906 2059 1920 2096 :
1954 2042 2032 2096 An
2058 2042 2209 2113 igno-

615 2146 722 2197 ras,
750 2130 990 2200 quoniam
1027 2131 1225 2187 bonitas
1249 2131 1344 2187 Dei
1371 2132 1440 2187 ad
1463 2134 1812 2203 pamitentiam
1859 2142 1908 2187 te
1950 2132 2208 2200 adducit!

619 2221 911 2277 Secundum
939 2232 1108 2278 autem
1144 2223 1385 2278 duritiam
1415 2234 1554 2279 tuam
1583 2234 1630 2278 et
1655 2241 1744 2279 cor
1789 2225 2105 2295 impaenitens
2153 2236 2209 2292 tu

618 2313 707 2368 tibi
730 2314 1045 2370 thesaurizas
1074 2316 1203 2370 iram
1257 2313 1432 2389 (Rom.
1466 2333 1525 2384 ιι,
1551 2317 1609 2385 4,
1633 2318 1710 2388 5).
1752 2317 2003 2388 Disputat
2046 2318 2206 2379 etiam

618 2404 762 2476 apud
800 2405 1076 2477 Lycaones
1110 2418 1163 2462 et
1195 2408 1569 2479 Areopagitas,
1607 2412 1859 2480 quoniam
1914 2410 2054 2466 Deus
2109 2425 2210 2470 nec

618 2496 948 2566 temporibus
986 2499 1269 2567 praeterita:
1321 2499 1665 2570 ignorantiae,
1704 2500 2053 2570 providentia:
2095 2516 2209 2557 sua:

616 2584 938 2651 documenta
982 2586 1328 2652 submoverit.
1366 2588 1543 2661 Neque
1587 2591 1721 2646 enim
1767 2590 1877 2646 sine
1926 2592 2208 2647 testimonio

614 2674 815 2747 teliqut't
866 2679 1204 2755 semetipsum,
1237 2679 1386 2746 dans,
1415 2680 1606 2751 inquit,
1639 2681 1836 2750 pluvias
1861 2682 1925 2741 de
1967 2684 2114 2750 caele,
2162 2693 2210 2744 et

618 2776 845 2837 tempora
869 2771 1152 2840 fructifera,
1183 2772 1400 2842 itupletts
1427 2771 1536 2827 cibo
1558 2782 1602 2826 et
1627 2773 1805 2828 lwtitia
1847 2775 2002 2829 corda
2031 2792 2209 2841 eorum

617 2854 755 2927 (Act.
786 2873 894 2924 xtv,
931 2860 1018 2923 15,
1051 2859 1161 2931 16).
1194 2861 1304 2916 lloc
1331 2877 1460 2932 ergo
1497 2862 1640 2934 quod
1682 2864 1812 2932 pluit
1840 2879 2002 2934 super
2037 2865 2208 2922 bonos

616 2954 864 3018 etsuper
893 2951 1081 3016 malos,
1133 2950 1510 3007 documentum
1559 2962 1643 3009 est
1679 2954 2021 3026 benignitatis
2066 2957 2205 3026 ejus,

619 3052 739 3107 qua:
770 3039 888 3095 ideo
916 3042 1143 3097 sustinet
1167 3053 1220 3098 et
1244 3053 1515 3114 exspectat
1547 3054 1787 3100 errantes
1806 3086 1822 3112 ,
1854 3055 1911 3100 ut
1957 3047 2209 3103 recedant

619 3128 834 3183 laudent
856 3145 885 3182 a
914 3131 1054 3185 malo
1083 3140 1139 3186 et
1164 3132 1360 3187 faciant
1384 3134 1602 3189 bonum.
1632 3133 1691 3195 In
1714 3144 1916 3189 tantum
1940 3152 2069 3207 ergo
2097 3153 2204 3194 non

613 3219 729 3285 vult
760 3220 873 3287 fieri
899 3221 1118 3287 malum,
1148 3232 1207 3278 ut
1240 3239 1426 3280 amore
1469 3226 1628 3280 etiam
1684 3227 2074 3284 emendationis
2102 3229 2204 3284 ltu-

619 3324 793 3366 manaa
812 3314 1174 3380 pascatetiam
1204 3313 1459 3385 ingratos.
1493 3314 1581 3379 Ad
1602 3315 1651 3371 id
1698 3317 1943 3387 perfecta:
1990 3319 2205 3389 pietatis

620 3401 875 3457 indicium
905 3420 918 3458 :
949 3404 1078 3460 illud
1133 3422 1260 3462 vero
1303 3407 1445 3477 quod
1500 3408 1654 3472 dicis,
1700 3428 1717 3461 ‹
1746 3407 1905 3469 Creat
1953 3413 2142 3481 malos,
2176 3431 2198 3473 ι

613 3493 866 3566 perfectae
893 3494 1187 3566 iniquitatis
1216 3499 1582 3557 testimonium
1608 3511 1710 3557 est.
1739 3500 1869 3559 Vide
1897 3518 2023 3574 ergo
2044 3520 2201 3575 quam

617 3586 831 3641 nescias
856 3588 981 3658 quid
1019 3587 1276 3659 loquaris,
1322 3591 1409 3660 qui
1449 3592 1517 3648 de
1541 3595 1787 3664 exemplo
1818 3596 2201 3661 misericordia:

611 3676 826 3732 voluisti
853 3677 1223 3741 crudelitatem
1260 3682 1506 3751 probare.
1550 3672 1752 3739 Bonum
1800 3695 1883 3741 est
1932 3687 2074 3742 enim
2107 3703 2202 3759 pa,

613 3781 769 3824 scere
795 3769 955 3824 etiam
994 3770 1187 3837 malos,
1209 3772 1324 3828 utsi
1356 3774 1640 3842 voluerint,
1682 3776 2015 3848 corrigantur
2041 3796 2056 3834 :
2085 3794 2203 3836 scc-

617 3859 812 3915 lestum
841 3871 1021 3917 autem
1050 3862 1223 3918 facere
1251 3866 1500 3934 parvulos
1526 3867 1715 3934 malos,
1740 3876 1799 3922 ut
1825 3869 1914 3938 qui
1940 3870 2077 3926 velle
2093 3886 2199 3927 non

611 3960 856 4023 possunt,
888 3952 1053 4025 iniqui
1083 3965 1260 4010 tamen
1290 3970 1409 4011 esse
1430 3968 1709 4027 cogantur.
1736 3959 2052 4018 Liberalitas
2070 3978 2199 4036 ergo

592 4042 664 4098 lu
688 4052 996 4113 peccatores
1021 4047 1253 4103 exercita
1281 4047 1495 4103 abducit
1519 4065 1549 4103 a
1592 4051 1767 4115 malis,
1809 4068 1915 4108 non
1954 4054 2008 4109 in
2058 4055 2197 4111 m'ala

608 4136 771 4205 cegit.
795 4133 1040 4191 Conditio
1065 4146 1242 4192 autem
1274 4138 1537 4194 malorum
1577 4156 1680 4196 non
1708 4141 1923 4199 abducit
1955 4159 1986 4198 a
2029 4146 2201 4215 pessi-

609 4227 744 4291 mis;
772 4219 868 4285 sed
886 4236 935 4282 ct
963 4243 1097 4298 opus
1124 4237 1528 4297 etoperatorcm
1548 4247 1599 4285 tn
1625 4231 1826 4287 nefaria
1838 4243 2026 4291 cuncta
2047 4251 2195 4292 com-

608 4317 778 4388 pellit.
806 4317 1012 4378 Insanis
1051 4335 1180 4390 ergo
1213 4336 1335 4375 cum
1374 4323 1533 4390 dicis,
1574 4321 1735 4379 Crcat
1759 4326 1958 4381 malum
2008 4327 2194 4389 Deus:

607 4408 704 4465 sed
735 4409 853 4480 plus
874 4411 1094 4477 insanis,
1137 4427 1258 4467 cum
1302 4412 1355 4468 id
1385 4414 1657 4485 Evangelii
1698 4417 2005 4477 testimonio
2050 4419 2198 4476 affir-

607 4513 757 4555 mare
779 4503 1011 4568 conaris,
1036 4512 1091 4557 et
1114 4517 1179 4557 co
1206 4488 1509 4559 testimonio
1536 4506 1589 4563 in
1621 4521 1728 4576 quo
1751 4507 1956 4578 grande
1985 4520 2067 4565 est
2099 4525 2195 4565 ar-

606 4601 914 4662 gumentum
943 4593 1197 4650 bonitatis
1234 4592 1454 4656 divinte.
1484 4596 1719 4655 Attende
1761 4600 1940 4670 igitur,
1994 4612 2195 4675 quanto

606 4694 750 4735 nunc
769 4681 955 4736 fortius
981 4682 1289 4740 reﬂectatur
1318 4702 1333 4741 :
1370 4686 1529 4755 Deus,
1556 4688 1646 4758 qui
1679 4691 1846 4758 pascit
1874 4691 2038 4747 etiam
2076 4708 2190 4753 mae

604 4769 710 4837 los,
739 4780 796 4826 ut
826 4774 1076 4840 patientia
1125 4790 1221 4831 sua
1255 4776 1428 4833 bonos
1470 4794 1592 4835 esse
1636 4780 1814 4847 faciat,
1851 4784 2192 4845 manifestum

603 4871 687 4929 est
712 4862 853 4931 quod
876 4878 978 4916 non
1003 4875 1149 4921 creet
1174 4866 1360 4922 malos.
1390 4867 1446 4924 Si
1470 4877 1650 4927 autem
1677 4882 1824 4927 creat
1861 4875 2052 4940 malos;
2092 4890 2193 4932 nec

602 4960 747 5005 amat
775 4966 875 5007 nec
901 4964 1274 5009 remuneratur
1302 4956 1488 5024 bonos,
1520 4976 1620 5016 nec
1643 4961 1758 5032 ipse
1787 4948 2059 5032 postremo
2090 4982 2191 5036 po-

602 5050 707 5098 test
731 5042 927 5100 habere
955 5046 1152 5118 aliquid
1175 5048 1327 5116 boui;
1350 5052 1603 5121 quoniam
1624 5054 1809 5125 quavis
1841 5058 1975 5111 mala
1999 5060 2193 5113 volun-

600 5143 709 5192 tate
746 5134 1015 5194 eflicacius
1041 5147 1095 5194 et
1140 5141 1422 5198 violentius
1452 5153 1611 5201 nocet
1654 5147 1885 5214 potentia
1929 5149 2184 5218 creatrix,

598 5242 705 5283 non
727 5228 898 5283 solum
927 5231 1283 5301 possibilium,
1307 5233 1404 5289 sed
1430 5235 1595 5291 etiam
1620 5237 2042 5293 necessariorum
2071 5256 2186 5294 ma-

596 5317 792 5374 lorum.
820 5320 973 5390 Quod
1019 5324 1268 5393 quoniam
1298 5327 1408 5380 Deo
1456 5327 1882 5386 Christianorum
1929 5345 2035 5385 non
2057 5346 2187 5389 con-

595 5412 761 5477 venit,
794 5410 844 5465 id
873 5422 974 5477 est,
1003 5412 1076 5467 illi
1114 5413 1204 5484 qui
1251 5414 1410 5471 Pater
1443 5417 1827 5473 misericordia:
1862 5418 2080 5489 dicitur,
2131 5430 2187 5478 et

603 5500 750 5557 Deus
779 5504 1162 5560 consolationis
1185 5506 1250 5577 (ll
1273 5506 1390 5560 Cor.
1413 5523 1452 5575 ι,
1479 5507 1558 5579 3);
1588 5509 1741 5578 cujus
1777 5510 1976 5580 judicia
2005 5515 2181 5577 omnia

592 5594 817 5661 :equitas
840 5594 1195 5664 praedicantur
1224 5595 1397 5667 (Psat.
1427 5612 1611 5663 cxvm,
1655 5600 1769 5673 75);
1796 5602 1885 5670 qui
1910 5613 2098 5659 cuncta
2127 5605 2182 5665 in

592 5684 850 5750 sapientia
877 5685 1065 5741 fecisse
1084 5686 1394 5758 perhibetur
1422 5687 1594 5761 (Psal.
1642 5706 1753 5754 cm,
1783 5690 1898 5764 24);
1926 5694 2078 5749 vobis
2124 5704 2182 5751 ut

591 5773 895 5833 Manichatis
921 5795 1026 5834 non
1052 5792 1134 5836 cst
1157 5781 1207 5838 in
1238 5781 1329 5837 Dei
1355 5784 1520 5840 nostri
1551 5785 1904 5844 aestimatione
1931 5803 2175 5847 commu-

1287 373 1531 431 uPEttts
1571 370 1977 428 IMPERFECTI
2018 368 2288 426 CONTRA
2330 370 2687 441 JULIANL‘M,
2729 372 2788 429 S.
2820 373 3185 434 AUGUSHNI
3683 402 3765 463 is“

2315 488 2404 542 nio
2429 505 2444 544 :
2471 489 2537 552 ad
2561 492 2578 523 ¹
2605 492 2764 547 alium
2792 508 2888 549 vos
2925 497 3146 552 omnino
3186 513 3346 568 quem
3381 503 3549 563 colatis
3570 526 3767 581 auctom_
3840 524 3841 581 ι

2317 588 2489 636 tamen
2515 583 2679 639 Manis
2699 584 2878 645 furore
2911 588 3218 652 simulatum
3234 594 3291 664 ’λ
3321 596 3468 653 stulta
3504 571 3773 675 commenti-ei

2316 673 2562 740 genitalia
2601 684 2812 733 traxere
2840 689 3074 748 peccata.

2387 764 2521 821 Avo.
2546 765 2656 836 Ego
2686 766 2897 836 faciam,
2950 771 3089 841 quod
3115 780 3171 833 tu
3224 790 3323 829 cur
3360 794 3470 841 non,
3505 781 3670 853 feceris,
3699 800 3775 863 quid

2316 868 2402 955 tne
2421 856 2609 912 attinet
2646 867 2699 913 et
2726 859 2948 916 dicere?
2983 861 3082 928 Qui
3133 864 3322 936 legunt
3360 868 3579 937 judicent
3603 895 3614 930 :

2316 945 2417 1002 hoc
2438 948 2581 1004 enim
2604 952 2724 1021 quia
2757 952 2991 1018 dixeras.
3023 972 3043 1007 ι
3066 957 3211 1027 (ιιιοά
3236 962 3520 1019 secundum
3546 945 3780 1034 scus-urnas

2315 1050 2483 1095 strum
2509 1042 2649 1101 Deus
2678 1044 3159 1111 ltomincsdiabolo
3201 1049 3383 1117 faciat,
3420 1074 3437 1106 ι
3471 1056 3635 1118 factum
3669 1078 3726 1124 est
3751 1084 3781 1130 ιι

2315 1130 2380 1185 ad
2424 1134 2584 1189 verba
2626 1135 2723 1190 ista
2757 1138 3031 1201 veniretur
3067 1145 3418 1213 responsione
3444 1165 3569 1218 mea,
3592 1161 3781 1226 exquibus

2314 1223 2455 1293 quod
2483 1226 2692 1285 voluisti
2719 1228 2833 1299 ipse
2861 1231 3081 1300 posuisti
3111 1250 3124 1286 :
3153 1234 3253 1289 sed
3298 1251 3399 1305 ego
3417 1240 3562 1294 etiam
3588 1252 3629 1299 te
3649 1223 3782 1310 nolent
3840 1304 3841 1313 χ

2314 1320 2765 1389 commemorabo,
2812 1322 2956 1392 quod
3012 1328 3441 1395 prmtereundum
3482 1339 3662 1403 putasti.
3700 1343 3783 1403 luta

2315 1417 2507 1463 canora
2533 1425 2683 1483 ergo,
2714 1430 2835 1483 qua:
2875 1415 3054 1475 omnia
3097 1417 3283 1478 dicere
3327 1423 3480 1479 nimis
3523 1426 3695 1500 longum
3717 1446 3781 1493 est:

2322 1516 2343 1551 ‹
2377 1501 2454 1554 An
2477 1516 2624 1566 vero,
2656 1522 2680 1557 ι.
2712 1504 2950 1574 inquam,
2981 1525 3002 1560 ι
3039 1508 3175 1571 filios
3216 1511 3523 1581 perditionis
3543 1518 3687 1577 haedos
3710 1529 3785 1583 sini-

2315 1600 2443 1661 strae
2482 1595 2681 1662 partis,»
2704 1595 3057 1669 (linuntur,
3077 1601 3228 1674 53),c
3251 1603 3462 1668 diabolo
3483 1610 3642 1676 pascit,
3654 1612 3785 1675 diabolo

2316 1683 2483 1736 nutrit
2518 1692 2572 1738 et
2606 1687 2787 1751 vestit,
2832 1688 2954 1758 quia
2989 1689 3115 1745 facit
3150 1693 3326 1750 solem
3379 1710 3524 1755 suum
3558 1701 3663 1757 oriri
3691 1720 3784 1776 super

2314 1772 2487 1829 bonos
2508 1783 2561 1829 et
2583 1776 2772 1846 malos,
2793 1786 2848 1837 et
2878 1781 3011 1850 pluit
3029 1796 3193 1854 super
3207 1783 3387 1854 justos
3418 1797 3470 1851 et
3491 1772 3782 1867 injustos»(lt.

2314 1881 2368 1932 v,
2394 1865 2513 1940 ιδῃ
2533 1887 2552 1920 ι
2585 1868 2676 1925 Sic
2695 1870 2873 1943 itaque
2894 1883 3040 1941 creat
3064 1865 3784 1955 malos,.quomodppascitetuu-

2317 1958 2408 2013 trit
2436 1960 2605 2016 malos
2629 1979 2644 2016 :
2669 1963 2791 2033 quia
2812 1966 2952 2034 quod
2979 1967 3539 2040 eiscreandotribuit,
3579 1976 3638 2032 ad
3664 1990 3785 2039 natura

2314 2050 2553 2121 pertinet
2599 2052 2929 2126 bonitatem,
2973 2068 3029 2115 et
3070 2060 3218 2132 quod
3278 2063 3359 2117 eis
3407 2069 3643 2134 pascendo
3669 2084 3783 2128 etni-

2318 2144 2529 2201 triendo
2557 2146 2651 2203 dat
2693 2142 3124 2226 incrementum,“
3167 2170 3275 2209 non
3308 2157 3486 2227 utique
3531 2161 3785 2221 malitiaillt-

2315 2251 2432 2291 rum
2454 2279 2470 2306 ,
2497 2238 2590 2295 sed
2612 2239 2787 2299 eidem
2820 2252 3044 2311 natum,
3079 2261 3242 2316 quam
3269 2248 3470 2308 creavit
3491 2249 3653 2320 bonus,
3668 2255 3783 2313 bonum

2317 2326 2504 2397 tribuit
2529 2330 2913 2401 adiumentum.
2942 2333 3001 2399 In
3037 2348 3313 2406 quantum.
3325 2340 3470 2403 enim
3487 2340 3688 2399 homines
3701 2358 3783 2416 sunt,

2314 2418 2514 2488 bonum
2538 2430 2621 2477 est
2656 2434 2880 2493 natus-te,
2929 2426 3084 2497 cujus
3097 2438 3288 2485 auctor
3311 2440 3395 2487 est
3434 2432 3563 2490 Deus
3590 2438 3663 2491 :in
3685 2453 3782 2507 qius-

2317 2519 2427 2573 Ium
2455 2522 2630 2577 autem
2653 2528 2773 2569 cum
2800 2528 3021 2585 peccato
3057 2530 3374 2591 nascuntur,
3407 2524 3607 2593 perituri
3636 2528 3701 2597 qui
3726 2544 3783 2584 In

2315 2614 2685 2672 renascuntur,
2707 2606 2772 2661 ad
2794 2622 2977 2663 semen
2996 2612 3235 2681 pertinet
3262 2614 3588 2671 maledictum
3604 2617 3779 2673 abinitiot

2317 2693 2580 2765 (Sap.xtt,
2604 2694 2719 2770 Η),
2743 2716 2763 2750 ι
2800 2699 2942 2756 illius
2967 2702 3201 2773 antiqua:
3233 2705 3782 2778 iuobedicntizevitiwn

2317 2795 2494 2853 tamen
2517 2789 2651 2845 bene
2678 2791 2841 2847 utitur
2868 2791 3039 2851 factor
3062 2799 3226 2851 etiam
3275 2814 3521 2855 vasorum
3556 2802 3647 2870 iraa,
3677 2813 3713 2857 ut
3733 2819 3781 2859 ns

2316 2887 2397 2946 tas
2428 2880 2595 2950 faciat
2623 2882 2836 2949 divitias
2879 2902 2989 2942 sua:
3013 2890 3201 2959 gloria:
3247 2892 3301 2947 in
3343 2908 3471 2949 vasa
3500 2895 3780 2958 misericordia;

2314 2986 2381 3025 ne
2412 2973 2615 3029 meritis
2639 2977 2749 3030 suis
2772 2977 2988 3046 tribuat,
3007 2980 3052 3034 si
3080 2981 3146 3036 ad
3174 2983 3420 3038 eamdem
3438 3000 3635 3040 massam
3646 2987 3780 3057 quisque

2322 3063 2598 3131 pertinens
2622 3067 2790 3136 gratia
2817 3068 3094 3138 liberetur,
3144 3074 3242 3129 sed
3283 3076 3373 3146 qui
3396 3077 3640 3148 gloriatur,
3659 3079 3695 3132 in
3721 3078 3779 3131 llo-

2314 3156 2460 3211 mino
2485 3157 2746 3228 glorietur
2772 3180 2792 3214 ι
2829 3161 3034 3236 ιιῐϐον.
3063 3183 3119 3233 x,
3154 3167 3268 3241 l7).
3321 3170 3415 3226 llis
3459 3171 3595 3226 dictis
3615 3173 3686 3228 ista
3709 3172 3778 3226 sub-

2306 3244 2497 3316 junxi:
2533 3267 2553 3302 ι
2581 3250 2665 3305 Ab
2708 3253 2812 3308 hac
2853 3254 2979 3323 fide,
3017 3275 3037 3308 ι
3068 3258 3313 3330 inquam,
3356 3280 3377 3315 ι
3408 3264 3661 3334 apostolita
3688 3275 3779 3334 atque

2309 3339 2591 3411 catholica,
2614 3345 2954 3402 voracissima
2974 3358 3029 3404 ct
3056 3349 3450 3420 fundatissima,
3498 3370 3602 3412 cum
3630 3355 3778 3425 Pelagia.

2309 3434 2394 3487 nis
2423 3434 2523 3490 iste
2550 3435 2853 3507 discedens,
2884 3455 2992 3500 non
3020 3443 3134 3498 vult
3181 3456 3465 3505 nascentes
3490 3463 3596 3505 esse
3617 3446 3692 3503 sub
3716 3448 3778 3501 dia-
3840 3452 3841 3491 ἲ

2308 3525 2455 3594 bolo,
2475 3543 2543 3583 ne
2572 3531 2772 3599 parvuli
2799 3542 3081 3602 portentur
3102 3535 3168 3591 ad
3197 3536 3489 3605 Christum,
3506 3546 3776 3595 maritantur:

2310 3629 2575 3691 potestate
2597 3624 2957 3694 tenebrarum,
2982 3637 3037 3684 et
3053 3629 3106 3693 in
3135 3646 3364 3701 regnum
3389 3632 3541 3701 ipsius
3560 3630 3775 3688 transient-

2309 3721 2395 3767 tur
2415 3731 2435 3766 ι
2458 3713 2672 3787 (Colon.
2690 3718 2853 3789 t,13).
2873 3737 2893 3772 ι
2924 3720 3005 3783 Ac
3021 3722 3102 3783 sic
3135 3733 3353 3785 accusat
3381 3723 3773 3781 totoorbeditlusau

2309 3803 2623 3872 licelesiam,
2652 3807 2707 3863 in
2731 3810 3057 3882 quaubique
3091 3828 3283 3872 omnes
3309 3815 3586 3887 baptizandi
3623 3810 3775 3870 infaqu

2306 3913 2413 3953 non
2439 3900 2513 3955 ob
2553 3901 2695 3958 aliud
2743 3903 3113 3974 exsufilantur,
3137 3908 3242 3964 nisi
3295 3918 3356 3967 ut
3398 3910 3464 3964 ab
3506 3911 3578 3965 eis
3614 3908 3774 3979 princeps

2305 3989 2489 4047 mundi
2519 3993 2922 4053 mittaturforas
2940 4015 2959 4050 ι
2977 3997 3156 4069 (Joatt.
3188 4017 3287 4069 xu,
3313 3998 3402 4075 5|)
3421 4020 3436 4057 :
3458 4011 3773 4071 «aquoueoesst

2304 4092 2387 4137 est
2419 4099 2545 4139 vasa
2577 4085 2669 4140 irae
2696 4087 3088 4158 possideantur,
3114 4105 3238 4147 cum
3267 4109 3340 4149 ex
3378 4093 3535 4149 Adam
3564 4097 3773 4149 nascuntur,

2304 4172 2351 4227 si
2378 4173 2429 4228 in
2456 4175 2667 4231 Christo
2687 4192 2792 4233 non
2827 4192 3194 4248 renascantur,
3223 4193 3280 4240 et
3306 4185 3356 4240 in
3385 4185 3497 4256 ejus
3519 4195 3693 4253 regnum
3720 4191 3771 4247 per

2301 4266 2524 4333 gratiam
2551 4268 2683 4323 facta
2722 4286 2845 4325 vasa
2897 4274 3278 4332 misericordia:
3321 4268 3773 4339 transferanturtlllt

2304 4352 2533 4427 Nuptiis,
2567 4358 2654 4414 lib.
2701 4360 2757 4427 2,
2789 4378 2879 4417 nn.
2912 4364 3001 4430 52,
3045 4364 3138 4437 53)
3171 4385 3186 4422 :
3233 4377 3289 4423 et
3325 4379 3510 4425 cetera
3539 4382 3635 4438 qua:
3654 4362 3704 4419 ibi
3728 4361 3771 4415 le

2301 4456 2409 4518 gat,
2437 4450 2518 4504 vel
2540 4450 2803 4522 legentem
2829 4455 3029 4523 audiat,
3051 4458 3141 4528 qui
3170 4460 3283 4516 vult
3301 4470 3355 4517 et
3368 4467 3545 4531 potest.
3565 4457 3770 4521 Nuncetgt

2301 4536 2424 4609 quia
2454 4540 2535 4595 bis
2587 4541 2810 4610 relictis,
2843 4545 3034 4614 quibus
3078 4563 3141 4603 ea
3166 4565 3288 4619 qua:
3324 4549 3530 4623 posuisti
3556 4550 3767 4602 astrorum

2299 4637 2457 4700 atque
2508 4632 2849 4700 muniuntur,
2903 4636 2984 4692 sic
3033 4638 3117 4692 illa
3164 4642 3359 4709 putasti
3383 4655 3494 4695 esse
3519 4633 3767 4709 ponenda,ni

2302 4729 2555 4790 tanquam
2582 4722 2636 4791 in
2663 4725 2948 4787 solitudine
2975 4727 3304 4786 defendente
3336 4731 3474 4786 nullo
3496 4725 3765 4784 latrocian

2298 4813 2614 4880 iuvaderes;
2657 4816 2836 4887 legant
2862 4816 2978 4873 haec
3006 4820 3096 4890 qui
3118 4822 3307 4876 volunt
3346 4823 3476 4876 scire
3514 4810 3762 4890 quidcgeﬁt.

2297 4906 2379 4960 vel
2409 4906 2581 4976 potius
2610 4905 2678 4961 ad
2720 4908 2959 4977 ejusdem
3001 4910 3121 4965 libri
3163 4911 3612 4969 considerationem
3649 4913 3763 4959 reae

2295 5006 2436 5066 raut,
2464 4998 2604 5054 unde
2636 5000 2730 5054 ista
2763 5002 2997 5070 reposui.
3026 5012 3081 5058 et
3110 5004 3325 5060 videant
3350 5021 3406 5060 ea
3436 5013 3620 5058 manere
3635 4991 3761 5050 firmis-

2295 5092 2449 5157 sima,
2478 5107 2598 5163 qua:
2639 5093 2784 5148 velut
2836 5095 3045 5151 infirma
3090 5082 3409 5155 labefactare
3444 5092 3643 5152 tentasti.
3676 5080 3759 5153 Οαίδ

2293 5183 2456 5255 igitur
2511 5195 2564 5241 te
2604 5186 2840 5256 adjuvat,
2893 5189 3035 5259 quod
3089 5206 3184 5246 eos
3254 5192 3383 5247 Inibi
3430 5181 3649 5260 obiecisti,
3675 5186 3757 5248 φ¹⁰⁶

2294 5287 2569 5347 exspectat
2597 5279 2690 5335 Dei
2722 5282 2974 5352 patientia
3003 5299 3097 5354 per
3116 5284 3471 5355 ptenitentiam
3493 5269 3753 5347 cortisde

2290 5376 2348 5423 et
2371 5368 2491 5424 ideo
2505 5384 2666 5440 super
2686 5378 2779 5425 eos
2807 5373 2935 5427 oriri
2960 5374 3127 5429 solem
3147 5390 3301 5430 suum
3324 5375 3438 5431 facit
3463 5383 3510 5429 et
3529 5370 3635 5441 pluit
3653 5370 3750 5416 των

2290 5461 2506 5531 egotibi
2535 5460 2719 5518 bredos
2748 5461 2977 5519 sinistra:
3006 5465 3171 5535 partis
3190 5464 3482 5538 objecerint,
3510 5474 3619 5533 quos
3640 5459 3749 5519 υειιιια
3840 5542 3841 5549 γ

2353 5613 2372 5686 ξ
2405 5613 2706 5686 particulam,
2728 5613 2812 5686 ad,
2839 5628 2903 5686 et;
2927 5624 3031 5686 Mss.
3055 5618 3332 5683 adjeeimus.
3503 5677 3515 5686 _
3532 5674 3547 5686 ,
3562 5685 3567 5686 ί

2338 5677 2373 5744 ,³
2405 5668 2539 5735 Editi,
2565 5666 2723 5727 tamen
2739 5666 3346 5753 (\‘iguicriitsﬁl’bﬁrtls—se,
3362 5666 3748 5740 τριμηνιἉὶ

2338 5736 2598 5779 mmlnlnm-
2644 5738 2810 5779 Malim
2851 5749 2955 5779 Msa-
2981 5777 2990 5779 ξ
3019 5749 3178 5779 [nonan
3224 5754 3362 5779 arma“
3396 5742 3458 5779 {id
3478 5746 3542 5779 est
3569 5718 3746 5779 nam

2285 5736 2598 5787 stimulatum.
2644 5736 2956 5793 utetius'ttss.
2980 5777 2993 5803 ,
3018 5736 3178 5798 tamen
3217 5736 3362 5796 tumis
3396 5742 3458 5807 (id
3478 5736 3542 5790 cat
3569 5740 3621 5784 III

2290 5800 2453 5862 {more
2477 5798 2766 5851 simulatum.
