3980 6512
213 373 356 431 ΓΟΘ

213 489 288 543 illi
317 504 424 544 non
451 487 658 559 mquaie
684 478 946 558 Qttifecit.
973 481 1120 542 Fecit
1151 487 1291 541 enim
1319 485 1464 540 Deus
1493 485 1670 540 omnia
1701 486 1801 541 bo-

212 595 279 649 na
311 578 461 633 valde
502 579 652 649 (Gen.
684 595 738 644 ι,
765 577 900 648 3f);
939 576 1032 632 sed
1069 593 1173 631 non
1213 592 1420 631 summe
1451 576 1586 631 bona
1609 617 1624 643 ,
1663 574 1800 630 sicut

209 680 291 735 est
323 671 437 742 ipse
461 688 475 724 :
499 689 617 742 qua:
647 681 824 725 tamen
853 670 992 725 bona
1022 669 1428 740 qualiacumque
1460 683 1565 722 non
1594 675 1795 731 essent,

210 762 313 818 nisi
356 778 418 818 ca
469 762 686 818 fecisset
724 775 936 817 summe
977 760 1190 828 bonus;
1236 775 1336 816 nec
1373 759 1645 814 nmtabilia
1691 757 1798 812 ulla

205 853 348 910 bona
379 862 581 918 essent,
610 853 712 908 nisi
739 868 803 908 ea
834 850 1048 908 fecisset
1073 843 1474 906 itnmutabiliter
1497 850 1688 904 bonus.
1721 847 1798 902 Ac

207 963 309 1020 per
351 947 474 1014 hoc,
521 945 796 1002 Manichaci
839 961 960 1001 cum
1005 954 1252 1017 quaerunt
1289 959 1321 998 a
1357 943 1517 998 nobis
1553 941 1692 998 unde
1728 941 1798 997 sit

206 1040 446 1108 malum,
488 1039 730 1094 volentes
768 1039 1103 1094 introducere
1144 1037 1340 1093 malum
1401 1037 1513 1090 Deo
1569 1045 1794 1090 coaeter-

207 1147 362 1206 num,
393 1132 690 1187 nescientes
719 1127 845 1202 quid
876 1131 944 1184 sit
970 1128 1187 1194 malum,
1219 1127 1374 1199 idque
1405 1136 1647 1196 putantes
1677 1143 1795 1182 esse

206 1233 452 1276 naturam
493 1233 652 1292 atque
694 1220 1043 1275 substantiam
1074 1237 1086 1272 :
1117 1217 1503 1288 reSpoudcutns
1545 1218 1642 1282 eis,
1689 1233 1795 1272 non

204 1327 332 1368 esse
376 1293 587 1366 malunt
622 1327 688 1367 ex
737 1311 867 1378 Deo,
918 1323 1091 1380 neque
1138 1318 1461 1364 coaeternum
1509 1308 1655 1375 Deo;
1700 1308 1794 1364 sed

205 1403 410 1458 malum
442 1411 770 1458 ortumesse
798 1417 862 1456 ex
895 1400 1060 1455 libera
1091 1400 1363 1456 voluntate
1394 1411 1597 1453 natura:
1629 1400 1794 1453 ratio-

205 1492 364 1558 nalis,
397 1509 515 1564 quae
543 1491 678 1548 bene
706 1508 736 1547 a
767 1491 908 1546 bono
935 1491 1146 1546 condita
1171 1500 1251 1546 est
1278 1505 1293 1555 ;
1324 1490 1414 1546 sed
1444 1489 1650 1544 beaitas
1677 1489 1793 1560 ejus

202 1573 314 1638 lion
363 1593 446 1638 est
486 1582 704 1654 aequalis
740 1582 960 1636 bonitati
999 1581 1300 1636 Conditoris
1344 1583 1498 1650 ejus;
1543 1581 1791 1650 quoniam

103 1680 110 1684 “
198 1689 314 1732 non
343 1683 532 1730 natura
554 1715 569 1736 ,
610 1672 702 1729 sed
734 1688 867 1744 opus
897 1673 1010 1744 ejus
1049 1683 1168 1738 est;
1203 1671 1423 1743 ideoque
1455 1671 1634 1726 habuit
1663 1685 1792 1742 pee-

197 1754 362 1828 (andi
404 1763 842 1835 possibilitatem,
885 1781 989 1818 nou
1032 1775 1205 1818 tamen
1243 1762 1635 1818 necessitatem.
1683 1761 1793 1820 Nec

197 1855 612 1927 possibilitatem
639 1865 814 1910 autem
844 1852 1082 1919 haberet,
1111 1855 1156 1910 si
1186 1855 1276 1910 Dei
1301 1865 1484 1909 natura
1512 1865 1674 1923 esset,
1701 1856 1791 1927 qui

196 1963 428 2020 peccare
450 1961 549 2004 nec
568 1948 678 2002 vult
703 1963 879 2018 posse,
907 1964 1008 2004 nec
1033 1957 1205 2018 potest
1227 1947 1382 2002 velle.
1415 1947 1790 2004 Verumtamen

195 2021 480 2094 rationalis
507 2039 606 2094 ista
638 2049 826 2094 natura
856 2039 907 2093 in
950 2037 1049 2095 hac
1089 2037 1436 2109 possibilitate
1465 2030 1724 2109 peccandi
1745 2039 1790 2095 si

195 2144 310 2184 non
336 2137 626 2199 peccasset,
657 2128 867 2200 quando
889 2144 1111 2200 peccare
1134 2129 1413 2200 potuisset,
1444 2145 1691 2201 magnum
1713 2131 1790 2186 si-

196 2219 254 2274 bi
278 2219 526 2276 meritum
546 2229 908 2291 comparasset
930 2237 942 2273 :
961 2219 1114 2290 cujus
1137 2219 1308 2274 meriti
1333 2221 1607 2289 prmmium
1629 2221 1788 2276 etiam

195 2309 307 2367 hoc
351 2318 522 2376 esset,
558 2320 616 2365 ut
650 2311 850 2380 majore
886 2309 1136 2366 felicitate
1176 2326 1398 2381 peccare
1438 2327 1544 2366 non
1581 2321 1785 2381 posset.

197 2385 309 2456 Sed
343 2399 446 2455 hoc
473 2400 656 2455 audito
684 2400 1005 2455 Manicha-us
1031 2400 1206 2456 adhuc
1237 2401 1426 2472 pergit,
1458 2411 1513 2456 et
1540 2401 1669 2457 dicit
1693 2421 1706 2456 :
1731 2403 1787 2458 Si

194 2507 266 2546 ex
314 2490 478 2546 libera
509 2491 776 2546 voluntate
804 2505 1004 2546 natura:
1030 2492 1302 2546 rationalis
1327 2500 1410 2547 est
1436 2494 1652 2558 malum,
1684 2510 1786 2549 un-

196 2583 269 2662 de
296 2595 420 2638 sunt
450 2584 546 2638 ism
577 2593 652 2638 tot
679 2584 836 2650 mala,
864 2599 984 2639 cum
1012 2584 1204 2654 quibus
1229 2585 1374 2639 nasci
1403 2583 1665 2659 videmus,
1694 2585 1789 2657 qui

197 2673 438 2736 nondum
469 2675 712 2730 libertate
750 2673 1038 2744 voluntatis
1077 2675 1340 2730 utuntur?
1368 2674 1520 2731 Unde
1549 2687 1632 2732 est
1658 2693 1787 2732 cond-

194 2768 524 2839 cupisceutia
544 2809 560 2834 ,
589 2784 689 2839 qua
716 2783 842 2822 caro
867 2768 1194 2838 concupiscit
1222 2769 1477 2826 adversus
1502 2770 1742 2841 spiritum
1768 2812 1783 2838 ,

191 2867 250 2916 et
277 2857 346 2913 ad
384 2868 660 2928 peccatum
702 2859 1112 2930 perpetrandum
1157 2858 1350 2926 trahit,
1388 2860 1491 2914 nisi
1529 2861 1784 2916 adversus

190 2963 316 3018 eam
360 2950 577 3021 Spiritus
616 2949 808 3005 fortius
849 2950 1242 3020 concupiscat?
1271 2949 1422 3007 Unde
1467 2951 1522 3006 in
1569 2953 1784 3008 homine

190 3056 303 3094 nuo
332 3039 554 3096 duarum
584 3057 786 3108 rerum,
819 3057 882 3096 ex
914 3041 1107 3111 quibus
1137 3049 1365 3109 constat,
1399 3051 1542 3096 tanta
1573 3041 1782 3098 discor-

188 3131 325 3187 dia?
356 3131 505 3189 Unde
534 3132 620 3190 lex
651 3132 704 3188 in
747 3132 1002 3188 membris
1053 3147 1355 3204 repugnans
1408 3133 1508 3205 legi
1563 3136 1777 3203 mentis,

188 3223 311 3280 sine
339 3240 442 3295 qua
473 3225 591 3296 lege
618 3239 777 3281 nemo
805 3225 1078 3281 nascitur?
1109 3225 1258 3281 Unde
1290 3235 1364 3282 tot
1392 3236 1446 3282 et
1475 3235 1617 3285 tanta
1653 3229 1782 3284 vitia

187 3314 279 3390 vel
315 3313 674 3386 ingeniorum,
714 3315 796 3370 vel
824 3330 1132 3386 corporum,
1165 3332 1284 3372 cum
1315 3317 1506 3389 quibus
1547 3319 1782 3390 plerique

189 3404 525 3462 nascuntur?
560 3405 712 3464 Unde
738 3405 948 3462 labores
978 3417 1029 3462 et
1059 3407 1388 3462 calamitates
1417 3407 1653 3464 nondum
1685 3426 1782 3465 vo-

190 3497 397 3554 luntate
435 3498 766 3568 peccantium
805 3498 1188 3569 parvulorum?
1226 3497 1380 3555 Unde
1407 3515 1529 3556 cum
1562 3501 1783 3557 rationis

191 3606 324 3656 usus
352 3591 676 3659 accesserit,
717 3592 768 3646 in
810 3591 1079 3661 discendis
1107 3591 1298 3646 litteris
1337 3592 1418 3647 vel
1462 3593 1785 3663 quibuslibet

189 3680 400 3736 artibus
429 3688 572 3736 tanta
615 3695 771 3750 pecua
802 3681 1139 3748 mortalium,
1181 3691 1240 3735 ut
1273 3683 1588 3736 mrumuosis
1622 3699 1785 3738 cona-

191 3771 339 3826 tibus
361 3771 518 3826 etiam
545 3772 828 3827 verberum
868 3770 1133 3826 cruciatus
1171 3767 1431 3827 addatur?
1457 3771 1553 3827 llic
1579 3788 1678 3828 nos
1706 3788 1787 3828 reo

191 3863 522 3932 spondemns
548 3906 564 3930 ,
594 3863 755 3918 etiam
803 3863 900 3918 ista
935 3863 1070 3917 maia
1115 3877 1180 3919 ex
1225 3862 1496 3918 voluntate
1539 3863 1784 3920 humana:

190 3963 401 4008 natura:
429 3954 689 4026 originem
716 3953 933 4021 ducere,
965 3969 1066 4025 qua
1093 3954 1370 4024 granditer
1394 3964 1668 4024 peccante,
1703 3955 1782 4008 vi-

191 4049 324 4102 tiata
361 4055 417 4102 et
450 4062 573 4102 cum
603 4047 771 4118 stirpe
799 4047 1046 4102 danmata
1076 4056 1179 4102 est.
1212 4045 1361 4102 Unde
1389 4057 1597 4102 natura:
1625 4045 1784 4118 hujus

191 4147 305 4193 tam
349 4138 514 4193 multa
559 4138 820 4194 naturalia
861 4138 998 4193 bona
1038 4139 1255 4194 veniunt
1292 4137 1359 4193 de
1399 4137 1491 4192 Dei
1529 4138 1780 4208 opifieio,

193 4229 336 4285 mala
375 4229 440 4286 de
473 4229 675 4300 judicio
706 4249 720 4285 :
746 4245 866 4302 qua:
896 4229 1030 4284 mala
1058 4229 1204 4284 nullo
1235 4229 1392 4284 modo
1418 4245 1538 4286 esse
1567 4241 1784 4287 naturas

193 4323 284 4379 vel
308 4323 630 4378 substantias
653 4339 759 4378 non
783 4323 962 4377 vident
987 4321 1298 4388 Manichaei;
1326 4338 1508 4376 verum
1538 4321 1656 4377 ideo
1679 4321 1784 4378 dici

193 4416 491 4483 naturalia,
521 4415 643 4488 quia
672 4432 798 4472 cum
825 4416 902 4471 eis
933 4414 1178 4470 homines
1207 4414 1386 4469 vitiata
1415 4414 1633 4486 originis
1662 4424 1782 4470 tan-

195 4507 572 4577 quamradice
610 4517 919 4563 nascuntur.
962 4505 1066 4561 Sed
1103 4521 1198 4560 vos
1227 4506 1348 4560 novi
1389 4503 1627 4561 haeretici
1657 4523 1784 4561 con-

200 4597 458 4653 tradicitis
487 4598 637 4652 nobis
667 4615 682 4654 :
712 4597 1032 4669 reSpondete
1062 4596 1220 4668 igitur
1246 4597 1588 4663 Manicbaeis;
1620 4597 1783 4655 dicite

198 4687 348 4744 unde
375 4687 481 4762 sint
511 4697 584 4743 tot
608 4704 670 4744 ac
697 4698 844 4744 tanta
872 4688 1027 4754 mala,
1063 4704 1184 4743 cum
1213 4689 1404 4760 quibus
1433 4690 1575 4744 nasri
1604 4688 1782 4744 homi-

203 4794 304 4834 nes
329 4777 375 4834 si
403 4780 638 4851 negatis,
669 4780 756 4835 ubi
784 4791 865 4836 est
891 4780 1040 4835 frons
1065 4781 1281 4838 vestra?
1310 4781 1353 4834 si
1384 4779 1659 4847 fatemini,
1694 4782 1782 4838 ubi

205 4879 290 4926 est
318 4869 538 4927 hazresis
570 4875 783 4926 vestra?
811 4873 914 4928 Sed
938 4873 1072 4927 mala
1096 4873 1194 4928 ista
1221 4889 1325 4928 non
1347 4887 1466 4929 esse
1490 4875 1626 4928 mala
1653 4891 1783 4930 conc

193 4965 431 5032 tendite,
462 4975 515 5020 et
549 4966 849 5034 paradisum
885 4983 989 5021 non
1027 4983 1208 5022 verum
1231 5007 1246 5033 ,
1276 4967 1369 5022 sed
1396 4977 1632 5023 vestrum
1655 5010 1669 5035 ,
1709 4969 1781 5024 la-

196 5054 449 5122 boribus,
491 5055 794 5122 doloribus,
835 5058 1136 5126 erroribus,
1177 5057 1493 5128 gemitibus,
1537 5057 1779 5126 ﬂetibus,

189 5144 447 5219 luctibus,
487 5146 691 5201 etiamsi
731 5163 887 5203 nemo
928 5158 1236 5218 peccasset,
1279 5147 1516 5218 unplete.
1556 5149 1706 5216 Quod
1734 5151 1780 5204 si

195 5250 301 5290 non
341 5235 568 5301 audetis,
602 5251 669 5292 ne
709 5237 774 5291 ab
814 5238 941 5308 ipsis
973 5254 1183 5309 quoque
1209 5239 1446 5309 puerulis
1475 5239 1776 5308 rideamini,

193 5337 251 5381 et
287 5326 606 5382 emendandi
640 5327 821 5382 ferulis
842 5328 1190 5398 judiceutini;
1224 5329 1491 5385 concludit
1520 5329 1780 5386 adversus

195 5431 292 5471 vos
329 5416 673 5483 Manichzeus,
704 5416 820 5473 htce
853 5419 1012 5483 mala,
1045 5433 1164 5490 qua:
1202 5419 1271 5476 de
1300 5420 1479 5474 vitiata
1513 5420 1648 5474 bona
1683 5436 1780 5476 na-

195 5521 311 5567 tura
334 5528 452 5569 esse
473 5527 578 5568 non
600 5512 778 5576 vultis,
808 5513 875 5569 de
898 5513 1277 5570 commixtione
1301 5515 1426 5570 mali
1452 5529 1571 5571 esse
1599 5533 1612 5569 :
1636 5512 1778 5586 quod

191 5605 394 5661 malum
421 5605 551 5662 dicit
575 5621 697 5663 esse
723 5614 963 5661 naturam
992 5617 1310 5663 comternam
1335 5609 1447 5664 Deo
1468 5617 1628 5680 atque
1647 5624 1776 5664 cou-

179 5698 437 5754 ‘trariam.
476 5701 552 5754 Ac
589 5714 686 5770 per
717 5697 820 5754 hoc
847 5698 936 5752 ubi
964 5697 1254 5755 Manichato
1286 5700 1496 5757 conaris
1533 5715 1652 5757 esse
1688 5718 1774 5756 re-

189 5790 408 5859 motior,
439 5789 514 5846 illi
543 5790 772 5846 effiecris
801 5789 916 5860 ejus
945 5789 1171 5860 adjuter.
1501 5803 1510 5807 ·

1561 369 1759 428 LIBER
1797 368 2084 430 SEXTUS.

3361 394 3496 455 1510

1983 485 2069 542 Vl.
2099 487 2216 581 Jun.
2244 490 2358 547 Jam
2387 509 2512 550 vero
2539 497 2588 551 in
2615 495 2788 568 ipsum
2816 497 3002 571 Deum,
3035 505 3146 574 pari
3178 507 3304 574 fine,
3333 509 3494 581 impa-

1907 573 1950 628 ri
1995 578 2246 647 exordio,
2275 586 2674 642 accusationum
2703 590 2804 644 tela
2826 573 3145 660 jaculantur.
3172 573 3494 657 Manichm-ns

1905 668 2100 738 quippe
2126 670 2274 738 dicit,
2307 677 2443 732 Deus
2471 679 2643 736 bonus
2671 683 2864 738 malum
2894 700 3000 741 nan
3025 687 3151 743 facit
3179 707 3193 744 :
3221 691 3315 746 sed
3343 691 3492 749 addit

1905 759 2026 826 quia
2071 775 2164 829 pro
2205 768 2531 822 naturalibus
2574 771 2746 841 culpis
2776 783 2978 829 mterno
3008 776 3252 834 incendio
3282 782 3488 838 animas

1904 848 2177 942 destinet;
2223 856 2365 924 quod
2410 861 2703 930 perspicua:
2748 862 3094 923 immanitatis
3141 879 3222 924 est
3252 889 3265 926 :
3293 887 3357 927 ac
3397 889 3493 942 per

1902 940 2024 1006 hoc,
2067 941 2171 998 fine
2207 947 2470 1014 Opinionis
2503 965 2634 1020 suae,
2673 969 2831 1024 quem
2857 956 3055 1011 bonum
3086 959 3312 1028 dixerat,
3344 940 3489 1017 clara

1903 1031 2180 1103 iniquitate
2223 1043 2567 1124 contaminat.
2615 1045 2780 1100 Porro
2807 1048 3135 1116 Augustinus
3165 1053 3316 1122 quasi
3343 1053 3390 1106 ei
3422 1051 3489 1109 ad
3525 1112 3534 1124 ,

1902 1140 2058 1195 quem
2088 1128 2292 1194 scribit,
2327 1116 2494 1186 fidens
2521 1143 2764 1203 patrono,
2795 1153 2926 1191 ausu
2951 1116 3236 1209 grandiore
3263 1142 3492 1214 despicit

1909 1217 2312 1306 trepidationem
2337 1224 2593 1292 magistri,
2614 1234 2717 1282 nec
2737 1226 2941 1283 dubitat
2966 1230 3085 1286 inde
3109 1233 3359 1303 incipere,
3384 1251 3491 1306 quo

1901 1305 2219 1364 Manichznus
2253 1315 2523 1380 pervenit;
2565 1319 2972 1391 pronuntiatque
3007 1323 3147 1392 quod
3183 1305 3409 1392 malum,
3436 1328 3488 1382 id

1901 1409 1978 1453 est
2008 1401 2309 1470 peccatum,
2338 1402 2497 1460 faciat
2524 1405 2667 1462 Deus
2688 1419 2743 1464 “et
2769 1422 2936 1478 creet,
2963 1429 3119 1481 quem
3147 1424 3351 1471 constat
3381 1433 3488 1472 non

1899 1492 2186 1547 convenire
2211 1493 2260 1548 ei
2285 1495 2410 1561 Deo,
2438 1511 2594 1566 quem
2619 1497 3012 1556 Catholicorum
3037 1503 3171 1560 fides
3195 1506 3341 1560 colit.
3373 1507 3487 1562 Hoc

1898 1581 2235 1654 petissimum
2275 1587 2454 1642 animo
2494 1586 2709 1644 lectoris
2749 1591 2964 1658 insidat,
3001 1601 3056 1648 et
3087 1594 3220 1648 nulli
3256 1609 3488 1667 unquam

1899 1674 2134 1730 fidelium
2158 1676 2413 1747 majorem
2436 1693 2649 1734 causam
2677 1696 2838 1751 quam
2861 1684 3014 1738 nobis
3037 1684 3340 1740 incubuisse
3361 1700 3491 1742 cons

1896 1752 2106 1828 flictus,
2153 1771 2206 1818 et
2244 1780 2455 1820 omnem
2487 1765 2578 1837 qui
2619 1777 2864 1823 naturam
2910 1770 3076 1840 ipsam
3110 1774 3484 1831 necessitatem

1895 1853 2135 1910 criminis
2155 1855 2450 1912 arbitratur
2469 1900 2485 1925 ,
2533 1859 2588 1913 in
2629 1860 2719 1914 Dei
2748 1857 3170 1918 Christianorum
3201 1865 3346 1920 cultu
3377 1873 3487 1921 non‘

1899 1945 2098 2003 habere
2129 1949 2454 2004 consortium
2490 1969 2503 2006 :
2529 1953 2668 2022 quod
2699 1954 2947 2022 qneuiam
2976 1954 3285 2027 frequenter
3312 1959 3484 2015 incul-

1898 2047 2075 2094 catum
2102 2048 2221 2104 est;
2260 2041 2597 2098 iterationem
2626 2043 2824 2114 quippe
2854 2047 3052 2100 utilitas
3080 2063 3255 2104 causa:
3285 2049 3482 2120 princi-

1895 2129 2030 2199 palis
2067 2133 2279 2202 exegit;
2313 2133 2585 2188 veuiamns
2614 2133 2725 2204 jam
2758 2135 2822 2190 ad
2850 2135 3238 2194 discessionem
3278 2140 3483 2210 primo-

1892 2219 2011 2276 rum
2035 2221 2333 2290 hominum,
2357 2241 2579 2295 quorum
2610 2226 2875 2282 taxatione
2895 2228 3027 2284 aciei
3045 2237 3238 2285 neStra:
3255 2229 3482 2287 Numida

1893 2311 2044 2383 Quasi
2073 2321 2313 2369 cetratns
2344 2315 2594 2370 o‘e‘currit.

1964 2405 2097 2459 Avo.
2137 2403 2274 2471 Quid
2299 2401 2617 2462 Mauicineus
2646 2406 2786 2464 dicat
2817 2407 2883 2464 de
2912 2409 3291 2466 commixtione
3320 2411 3485 2468 bouze‘

1900 2503 1955 2548 et
1976 2493 2128 2549 mala:
2149 2495 2478 2561 substantim,
2505 2501 2708 2553 nescire
2732 2505 2784 2552 te
2804 2498 3099 2563 crederem,
3128 2501 3228 2555 nisi
3253 2513 3313 2556 ea
3335 2503 3487 2558 certe”

1892 2599 2010 2654 quae
2039 2583 2297 2640 adversus
2333 2587 2577 2642 eumdem
2628 2604 2866 2644 errorem
2905 2590 3248 2660 scripsimus,
3285 2593 3484 2663 legisse‘

1892 2684 1943 2748 te
1984 2676 2174 2731 scirem
2206 2693 2220 2731 :
2248 2692 2369 2731 nam
2410 2693 2473 2732 ex
2507 2679 2640 2733 libro
2663 2719 2678 2746 ,
2713 2680 2765 2734 in
2795 2696 2898 2751 quo
2927 2681 3149 2736 duarum
3180 2683 3479 2739 animarnni

1894 2767 1945 2820 in
1991 2765 2207 2823 homine
2250 2769 2678 2836 constitutarum,
2722 2785 2945 2840 quarum
2986 2781 3127 2827 esset
3166 2785 3268 2826 uua
3307 2773 3476 2841 bona,

1890 2856 2056 2912 altera
2099 2858 2239 2912 mala
2292 2874 2501 2924 ,eornm
2548 2862 2848 2930 opinionem
2887 2862 3128 2933 redargui
3165 2863 3264 2936 (De
3308 2863 3476 2922 Duab.

1891 2949 2149 3016 Auimab.,
2181 2967 2234 3004 η.
2264 2948 2371 3025 15),
2407 2951 2650 3023 qu:r.dam
2683 2962 2871 3008 contra
2901 2968 2989 3010 me
3017 2955 3187 3024 ipsum
3213 2970 3332 3012 esse
3361 2958 3476 3012 exi—

1888 3041 2115 3097 stimans
2159 3044 2456 3098 testimonia
2503 3045 2791 3116 protulisti.
2825 3046 3148 3103 Manichacus
3176 3063 3305 3119 ergo
3343 3048 3479 3105 duas

1888 3135 2116 3202 animas,
2156 3133 2268 3189 sive
2308 3135 2544 3205 spiritus,
2586 3137 2700 3190 sive
2736 3146 2964 3205 mentes,
3008 3153 3167 3192 uuam
3205 3139 3474 3209 propriam

1889 3225 2084 3303 carnis,
2113 3225 2460 3297 eamdemque
2488 3241 2593 3282 non
2624 3227 2901 3284 accidente
2937 3229 3090 3294 vitio,
3123 3231 3216 3286 sed
3246 3238 3476 3285 coaeter-

1887 3330 2010 3371 nam
2030 3317 2140 3373 1)θο
2162 3327 2346 3372 natura
2377 3319 2590 3381 malum,
2614 3317 2834 3373 alteram
2865 3334 2993 3375 vero
3023 3327 3208 3375 natura
3241 3323 3431 3376 booam
3453 3323 3473 3354 ί

1887 3417 2137 3481 tanquam
2154 3411 2247 3466 Dei
2279 3411 2613 3481 particulam,
2661 3411 2756 3467 sed
2785 3411 2927 3467 illius
2947 3413 3100 3467 malae
3127 3413 3480 3482 permixtione

1888 3501 2221 3566 maculatam,
2263 3502 2315 3556 in
2359 3500 2576 3557 homine
2615 3516 2722 3556 uno
2766 3517 2886 3558 esse
2924 3505 3201 3559 contendit
3230 3521 3244 3558 :
3270 3513 3324 3560 et
3353 3505 3478 3561 hinc

1887 3593 2000 3648 Vult
2027 3593 2160 3659 fieri,
2194 3602 2250 3648 ut
2274 3608 2400 3648 caro
2429 3595 2771 3664 concupiscat
2795 3595 3052 3650 adversus
3077 3597 3342 3666 spiritum,
3375 3598 3479 3666 uti-

1888 3703 1992 3757 que
2018 3686 2236 3754 bonum,
2269 3702 2364 3756 per
2388 3687 2618 3741 animam
2647 3703 2796 3742 suam
2821 3689 3036 3755 malam,
3068 3697 3124 3743 ut
3152 3705 3270 3744 eum
3301 3691 3480 3747 teneat

1890 3779 2215 3848 implicatum
2242 3796 2258 3858 ί
2295 3780 2513 3850 Spiritus
2540 3789 2719 3836 autem
2748 3780 3004 3835 adversus
3035 3795 3249 3835 carnem
3278 3825 3293 3848 ,
3326 3791 3383 3836 ut
3411 3781 3479 3839 ab

1889 3868 1979 3924 illa
2004 3869 2380 3925 commixtione
2403 3869 2679 3924 liberetur.
2705 3869 2855 3938 Quod
2882 3871 2923 3924 si
2953 3885 3052 3924 nec
3077 3870 3259 3924 ultima
3286 3871 3470 3926 mundi

1889 3959 2303 4029 conflagratione
2327 3960 2575 4030 poluerit,
2606 3969 2732 4016 tunc
2755 3976 2880 4015 eum
2909 3960 3035 4015 dicit
3059 3960 3200 4031 affigi
3233 3962 3480 4017 tenebraa

1889 4062 2008 4106 rum
2038 4053 2215 4124 globo,
2247 4061 2407 4125 atque
2436 4054 2488 4108 iu
2520 4061 2779 4108 internum
2815 4055 2905 4108 tali
2937 4054 3198 4126 supplicio
3227 4051 3474 4112 detineri.

1890 4138 2006 4198 Non
2034 4129 2230 4214 itaque,
2259 4154 2316 4199 ut
2337 4144 2489 4210 dicis,
2517 4144 2790 4200 Manichzei
2819 4147 2956 4200 Deus
2985 4165 3003 4198 ι
3035 4161 3130 4216 pro
3149 4148 3480 4204 naturalibus

1892 4236 2062 4308 culpis
2090 4246 2290 4290 interno
2315 4235 2563 4291 incendio
2586 4237 2792 4291 animas
2820 4236 3088 4292 chIinat:
3123 4257 3142 4291 ι
3169 4238 3262 4294 sed
3290 4251 3479 4312 natura

1888 4326 2058 4381 bonas
2085 4325 2290 4380 animas
2320 4341 2416 4397 pro
2445 4325 2633 4382 alienae
2672 4328 2825 4383 malze
2865 4339 3067 4384 natura:
3096 4330 3478 4388 commixtione

1888 4419 1974 4476 eui
2001 4420 2143 4475 malo
2168 4435 2264 4476 eas
2291 4420 2404 4490 ipse
2429 4419 2784 4487 commiscuit,
2814 4437 2948 4492 quas
2974 4422 3096 4476 inde
3119 4437 3222 4478 non
3247 4425 3478 4494 potuerit

1890 4511 2138 4578 liberare,
2167 4527 2272 4582 non
2299 4511 2546 4567 incendio
2572 4521 2808 4578 aeterno;
2838 4529 2958 4566 nam
2987 4513 3191 4569 nullum
3213 4525 3474 4570 aeternum

1889 4601 2214 4657 Manichacus
2241 4602 2489 4672 opinatur
2514 4601 2815 4656 incendium
2839 4621 2853 4666 ;
2886 4605 2978 4658 sed
3007 4613 3227 4672 :eterno,
3255 4593 3316 4660 ut
3341 4605 3472 4673 dixi,

1889 4693 2230 4747 tenebrarum
2261 4693 2439 4764 globo,
2472 4708 2577 4764 quo
2605 4708 2756 4746 mens
2784 4694 3122 4749 tenebrarum
3153 4695 3472 4760 includetur,

1888 4783 2088 4854 affiget.
2122 4782 2393 4838 Catholica
2421 4799 2546 4837 vero
2574 4783 2724 4848 fides,
2756 4800 2915 4855 quam
2945 4785 3255 4855 reliquistis,
3285 4794 3338 4839 ut
3369 4785 3480 4840 Ma-

1879 4865 2239 4942 nichaeorum,
2290 4891 2394 4930 non
2441 4875 2617 4945 plane,
2658 4875 3107 4946 quemadmodum
3154 4877 3348 4946 putatis
3388 4886 3480 4932 aut

1889 4966 2104 5037 fingitis,
2132 4968 2586 5037 Oppugnatricem,
2617 4966 2710 5021 Sed
2740 4966 2914 5036 potius
2939 4966 3251 5036 adjutricem
3277 4979 3476 5024 sectam

1888 5061 2139 5114 novitiam
2165 5060 2484 5121 conderetis.
2508 5076 2628 5114 cum
2652 5059 2798 5114 audit
2819 5068 2911 5114 aut
2934 5059 3060 5129 legit
3080 5061 3218 5130 quod
3241 5061 3314 5116 ait
3337 5064 3476 5131 Apoc

1887 5156 2080 5218 stolus,
2111 5153 2240 5208 Coro
2268 5154 2572 5224 concupiscit
2601 5152 2838 5208 adversus
2865 5153 3120 5222 spiritum,
3153 5154 3355 5223 spirilus
3383 5145 3478 5206 mt-

1880 5243 1984 5300 tem
2013 5246 2253 5299 adversus
2279 5259 2480 5300 carnem
2510 5260 2531 5300 :
2570 5245 2676 5300 hare
2706 5246 2839 5299 enim
2871 5246 3082 5300 invicem
3113 5245 3478 5308 adversantur;

1888 5347 1940 5391 ut
1968 5353 2068 5390 non
2096 5353 2156 5390 ea
2183 5343 2294 5408 quia
2322 5338 2467 5390 vultis
2489 5379 2503 5401 ,
2533 5335 2732 5406 faciatis
2762 5334 2958 5408 (Galal.
2989 5351 3022 5388 ν
3041 5376 3055 5399 ,
3092 5333 3182 5402 17)
3209 5349 3349 5386 :non
3380 5347 3476 5385 na-

1888 5438 2032 5482 turas
2053 5427 2205 5494 duas,
2233 5427 2353 5482 boni
2381 5428 2585 5494 scilicet
2604 5437 2656 5483 et
2679 5428 2824 5494 mali,
2856 5428 2992 5481 inter
3013 5441 3070 5479 se
3091 5426 3157 5477 ab
3179 5423 3475 5478 :eternitate

1887 5519 2202 5584 contrarias,
2227 5532 2278 5576 et
2308 5519 2447 5574 bello
2470 5519 2766 5591 posteriore
2786 5518 3125 5582 eummixtas,
3147 5514 3286 5569 sicut
3308 5514 3474 5570 Mani-

1949 5735 1966 5767 ι
1991 5732 2063 5783 sic
2080 5740 2225 5781 vetus
2243 5729 2395 5781 codex
2410 5739 2670 5780 Portamm.
2684 5727 2805 5776 ﬂlill
2827 5731 3008 5783 autem,
3026 5727 3258 5773 naturain
3268 5717 3466 5779 ntalem.

1885 5795 2084 5845 alterum
2111 5807 2218 5845 vero
2236 5801 2458 5845 naturam
2484 5792 2669 5841 bonum.
