  <div class='ocr_page' id='page_1' title='image "/cluster/home/n/w/nwhite01/storage/ocr_20150623/44-45/uva.x000217727/761.png"; bbox 0 0 4070 6466; ppageno 0'>
   <div class='ocr_carea' id='block_1_1' title="bbox 568 269 700 331">
    <p class='ocr_par' dir='ltr' id='par_1_1' title="bbox 568 269 700 331">
     <span class='ocr_line' id='line_1_1' title="bbox 568 269 700 331; baseline 0.008 -1"><span class='ocrx_word' id='word_1_1' title='bbox 568 269 700 331; x_wconf 68' lang='lat' dir='ltr'><strong>Ili“</strong></span> 
     </span>
    </p>
   </div>
   <div class='ocr_carea' id='block_1_2' title="bbox 565 372 2156 452">
    <p class='ocr_par' dir='ltr' id='par_1_2' title="bbox 565 372 2156 452">
     <span class='ocr_line' id='line_1_2' title="bbox 565 372 2156 452; baseline -0.011 -9"><span class='ocrx_word' id='word_1_2' title='bbox 565 384 748 444; x_wconf 65' lang='lat' dir='ltr'><strong>chartis</strong></span> <span class='ocrx_word' id='word_1_3' title='bbox 771 384 1052 441; x_wconf 69' lang='lat' dir='ltr'><strong>hareticus</strong></span> <span class='ocrx_word' id='word_1_4' title='bbox 1073 382 1349 452; x_wconf 80' lang='lat' dir='ltr'><strong>Opinatur;</strong></span> <span class='ocrx_word' id='word_1_5' title='bbox 1375 378 1469 433; x_wconf 84' lang='lat' dir='ltr'><strong>sed</strong></span> <span class='ocrx_word' id='word_1_6' title='bbox 1492 377 1630 431; x_wconf 87' lang='lat' dir='ltr'><strong>sicut</strong></span> <span class='ocrx_word' id='word_1_7' title='bbox 1649 375 1946 432; x_wconf 87' lang='lat' dir='ltr'><strong>catholicus</strong></span> <span class='ocrx_word' id='word_1_8' title='bbox 1966 372 2156 427; x_wconf 84' lang='lat' dir='ltr'><strong>doctor</strong></span> 
     </span>
    </p>
   </div>
   <div class='ocr_carea' id='block_1_3' title="bbox 568 466 2154 547">
    <p class='ocr_par' dir='ltr' id='par_1_3' title="bbox 568 466 2154 547">
     <span class='ocr_line' id='line_1_3' title="bbox 568 466 2154 547; baseline -0.012 -11"><span class='ocrx_word' id='word_1_9' title='bbox 568 479 885 536; x_wconf 84' lang='lat' dir='ltr'><strong>Ambrosius</strong></span> <span class='ocrx_word' id='word_1_10' title='bbox 912 469 1049 547; x_wconf 85' lang='lat' dir='ltr'><strong>(Lib.</strong></span> <span class='ocrx_word' id='word_1_11' title='bbox 1081 476 1112 528; x_wconf 89' lang='lat'><strong>7</strong></span> <span class='ocrx_word' id='word_1_12' title='bbox 1142 474 1193 527; x_wconf 89' lang='lat' dir='ltr'><strong>in</strong></span> <span class='ocrx_word' id='word_1_13' title='bbox 1225 472 1351 526; x_wconf 85' lang='lat' dir='ltr'><strong>Luc.</strong></span> <span class='ocrx_word' id='word_1_14' title='bbox 1381 487 1476 534; x_wconf 82' lang='lat' dir='ltr'><strong>xu,</strong></span> <span class='ocrx_word' id='word_1_15' title='bbox 1505 470 1617 539; x_wconf 74' lang='lat'><strong>55),</strong></span> <span class='ocrx_word' id='word_1_16' title='bbox 1651 469 1803 522; x_wconf 88' lang='lat' dir='ltr'><strong>istam</strong></span> <span class='ocrx_word' id='word_1_17' title='bbox 1832 466 2154 521; x_wconf 79' lang='lat' dir='ltr'><strong>discordiam</strong></span> 
     </span>
    </p>
   </div>
   <div class='ocr_carea' id='block_1_4' title="bbox 570 556 2152 635">
    <p class='ocr_par' dir='ltr' id='par_1_4' title="bbox 570 556 2152 635">
     <span class='ocr_line' id='line_1_4' title="bbox 570 556 2152 635; baseline -0.009 -12"><span class='ocrx_word' id='word_1_18' title='bbox 570 568 750 624; x_wconf 88' lang='lat' dir='ltr'><strong>carnis</strong></span> <span class='ocrx_word' id='word_1_19' title='bbox 773 578 827 623; x_wconf 91' lang='lat' dir='ltr'><strong>et</strong></span> <span class='ocrx_word' id='word_1_20' title='bbox 850 566 1066 635; x_wconf 89' lang='lat' dir='ltr'><strong>spiritus</strong></span> <span class='ocrx_word' id='word_1_21' title='bbox 1094 579 1158 618; x_wconf 93' lang='lat' dir='ltr'><strong>ex</strong></span> <span class='ocrx_word' id='word_1_22' title='bbox 1190 560 1627 632; x_wconf 70' lang='lat' dir='ltr'><strong>prmvaricatione</strong></span> <span class='ocrx_word' id='word_1_23' title='bbox 1653 559 1808 629; x_wconf 83' lang='lat' dir='ltr'><strong>primi</strong></span> <span class='ocrx_word' id='word_1_24' title='bbox 1836 556 2066 612; x_wconf 84' lang='lat' dir='ltr'><strong>hominis</strong></span> <span class='ocrx_word' id='word_1_25' title='bbox 2098 556 2152 610; x_wconf 91' lang='lat' dir='ltr'><strong>in</strong></span> 
     </span>
    </p>
   </div>
   <div class='ocr_carea' id='block_1_5' title="bbox 566 645 2155 733">
    <p class='ocr_par' dir='ltr' id='par_1_5' title="bbox 566 645 2155 733">
     <span class='ocr_line' id='line_1_5' title="bbox 566 645 2155 733; baseline -0.007 -20"><span class='ocrx_word' id='word_1_26' title='bbox 566 667 813 713; x_wconf 85' lang='lat' dir='ltr'><strong>naturam</strong></span> <span class='ocrx_word' id='word_1_27' title='bbox 842 656 1070 710; x_wconf 78' lang='lat' dir='ltr'><strong>vertisse</strong></span> <span class='ocrx_word' id='word_1_28' title='bbox 1103 651 1414 722; x_wconf 89' lang='lat' dir='ltr'><strong>cognoscit;</strong></span> <span class='ocrx_word' id='word_1_29' title='bbox 1448 658 1505 704; x_wconf 91' lang='lat' dir='ltr'><strong>ut</strong></span> <span class='ocrx_word' id='word_1_30' title='bbox 1534 665 1638 704; x_wconf 90' lang='lat' dir='ltr'><strong>non</strong></span> <span class='ocrx_word' id='word_1_31' title='bbox 1679 646 2001 733; x_wconf 80' lang='lat' dir='ltr'><strong>intelligatur</strong></span> <span class='ocrx_word' id='word_1_32' title='bbox 2040 645 2155 702; x_wconf 73' lang='lat' dir='ltr'><strong>hmc</strong></span> 
     </span>
    </p>
   </div>
   <div class='ocr_carea' id='block_1_6' title="bbox 564 739 2150 813">
    <p class='ocr_par' dir='ltr' id='par_1_6' title="bbox 564 739 2150 813">
     <span class='ocr_line' id='line_1_6' title="bbox 564 739 2150 813; baseline -0.007 -12"><span class='ocrx_word' id='word_1_33' title='bbox 564 756 753 802; x_wconf 88' lang='lat' dir='ltr'><strong>natura</strong></span> <span class='ocrx_word' id='word_1_34' title='bbox 794 744 1027 799; x_wconf 83' lang='lat' dir='ltr'><strong>hominis</strong></span> <span class='ocrx_word' id='word_1_35' title='bbox 1070 743 1314 813; x_wconf 78' lang='lat' dir='ltr'><strong>primitus</strong></span> <span class='ocrx_word' id='word_1_36' title='bbox 1357 742 1623 805; x_wconf 90' lang='lat' dir='ltr'><strong>instituti,</strong></span> <span class='ocrx_word' id='word_1_37' title='bbox 1665 740 1761 796; x_wconf 91' lang='lat' dir='ltr'><strong>sed</strong></span> <span class='ocrx_word' id='word_1_38' title='bbox 1808 739 1861 794; x_wconf 90' lang='lat' dir='ltr'><strong>in</strong></span> <span class='ocrx_word' id='word_1_39' title='bbox 1907 748 2150 793; x_wconf 90' lang='lat' dir='ltr'><strong>naturam</strong></span> 
     </span>
    </p>
   </div>
   <div class='ocr_carea' id='block_1_7' title="bbox 564 827 2152 904">
    <p class='ocr_par' dir='ltr' id='par_1_7' title="bbox 564 827 2152 904">
     <span class='ocr_line' id='line_1_7' title="bbox 564 827 2152 904; baseline -0.006 -14"><span class='ocrx_word' id='word_1_40' title='bbox 564 850 719 891; x_wconf 87' lang='lat' dir='ltr'><strong>versa</strong></span> <span class='ocrx_word' id='word_1_41' title='bbox 750 849 906 904; x_wconf 67' lang='lat' dir='ltr'><strong>paena</strong></span> <span class='ocrx_word' id='word_1_42' title='bbox 936 832 1193 887; x_wconf 82' lang='lat' dir='ltr'><strong>damnati.</strong></span> <span class='ocrx_word' id='word_1_43' title='bbox 1227 832 1352 886; x_wconf 78' lang='lat' dir='ltr'><strong>lla-c</strong></span> <span class='ocrx_word' id='word_1_44' title='bbox 1382 830 1513 885; x_wconf 87' lang='lat' dir='ltr'><strong>lides</strong></span> <span class='ocrx_word' id='word_1_45' title='bbox 1549 845 1653 884; x_wconf 90' lang='lat' dir='ltr'><strong>non</strong></span> <span class='ocrx_word' id='word_1_46' title='bbox 1684 838 1766 883; x_wconf 91' lang='lat' dir='ltr'><strong>est</strong></span> <span class='ocrx_word' id='word_1_47' title='bbox 1793 838 1937 884; x_wconf 80' lang='lat' dir='ltr'><strong>cetra</strong></span> <span class='ocrx_word' id='word_1_48' title='bbox 1969 827 2152 881; x_wconf 86' lang='lat' dir='ltr'><strong>Numi-</strong></span> 
     </span>
    </p>
   </div>
   <div class='ocr_carea' id='block_1_8' title="bbox 563 918 2153 995">
    <p class='ocr_par' dir='ltr' id='par_1_8' title="bbox 563 918 2153 995">
     <span class='ocr_line' id='line_1_8' title="bbox 563 918 2153 995; baseline -0.005 -14"><span class='ocrx_word' id='word_1_49' title='bbox 563 925 703 990; x_wconf 88' lang='lat' dir='ltr'><strong>dica,</strong></span> <span class='ocrx_word' id='word_1_50' title='bbox 732 924 800 979; x_wconf 91' lang='lat' dir='ltr'><strong>de</strong></span> <span class='ocrx_word' id='word_1_51' title='bbox 825 938 926 995; x_wconf 91' lang='lat' dir='ltr'><strong>qua</strong></span> <span class='ocrx_word' id='word_1_52' title='bbox 957 923 1112 978; x_wconf 92' lang='lat' dir='ltr'><strong>nobis</strong></span> <span class='ocrx_word' id='word_1_53' title='bbox 1140 922 1288 977; x_wconf 87' lang='lat' dir='ltr'><strong>velut</strong></span> <span class='ocrx_word' id='word_1_54' title='bbox 1314 920 1517 976; x_wconf 79' lang='lat' dir='ltr'><strong>facetus</strong></span> <span class='ocrx_word' id='word_1_55' title='bbox 1545 920 1803 984; x_wconf 85' lang='lat' dir='ltr'><strong>insultas;</strong></span> <span class='ocrx_word' id='word_1_56' title='bbox 1832 918 1925 973; x_wconf 84' lang='lat' dir='ltr'><strong>sed</strong></span> <span class='ocrx_word' id='word_1_57' title='bbox 1953 927 2035 974; x_wconf 89' lang='lat' dir='ltr'><strong>cst</strong></span> <span class='ocrx_word' id='word_1_58' title='bbox 2061 933 2153 973; x_wconf 86' lang='lat' dir='ltr'><strong>ve-</strong></span> 
     </span>
    </p>
   </div>
   <div class='ocr_carea' id='block_1_9' title="bbox 567 1008 2148 1082">
    <p class='ocr_par' dir='ltr' id='par_1_9' title="bbox 567 1008 2148 1082">
     <span class='ocr_line' id='line_1_9' title="bbox 567 1008 2148 1082; baseline -0.004 -13"><span class='ocrx_word' id='word_1_59' title='bbox 567 1016 791 1071; x_wconf 88' lang='lat' dir='ltr'><strong>ridicum</strong></span> <span class='ocrx_word' id='word_1_60' title='bbox 814 1022 1040 1079; x_wconf 79' lang='lat' dir='ltr'><strong>scutum,</strong></span> <span class='ocrx_word' id='word_1_61' title='bbox 1068 1015 1120 1067; x_wconf 92' lang='lat' dir='ltr'><strong>in</strong></span> <span class='ocrx_word' id='word_1_62' title='bbox 1141 1026 1247 1082; x_wconf 90' lang='lat' dir='ltr'><strong>quo</strong></span> <span class='ocrx_word' id='word_1_63' title='bbox 1263 1027 1448 1066; x_wconf 88' lang='lat' dir='ltr'><strong>omnes</strong></span> <span class='ocrx_word' id='word_1_64' title='bbox 1470 1011 1686 1081; x_wconf 82' lang='lat' dir='ltr'><strong>sagittas</strong></span> <span class='ocrx_word' id='word_1_65' title='bbox 1704 1010 1893 1080; x_wconf 89' lang='lat' dir='ltr'><strong>iguitas</strong></span> <span class='ocrx_word' id='word_1_66' title='bbox 1913 1008 2148 1079; x_wconf 81' lang='lat' dir='ltr'><strong>maligni,</strong></span> 
     </span>
    </p>
   </div>
   <div class='ocr_carea' id='block_1_10' title="bbox 560 1091 2147 1176">
    <p class='ocr_par' dir='ltr' id='par_1_10' title="bbox 560 1091 2147 1176">
     <span class='ocr_line' id='line_1_10' title="bbox 560 1091 2147 1176; baseline -0.004 -14"><span class='ocrx_word' id='word_1_67' title='bbox 560 1108 697 1163; x_wconf 84' lang='lat' dir='ltr'><strong>sicut</strong></span> <span class='ocrx_word' id='word_1_68' title='bbox 718 1107 959 1163; x_wconf 85' lang='lat' dir='ltr'><strong>hortatur</strong></span> <span class='ocrx_word' id='word_1_69' title='bbox 977 1105 1285 1176; x_wconf 84' lang='lat' dir='ltr'><strong>Apostolus,</strong></span> <span class='ocrx_word' id='word_1_70' title='bbox 1299 1104 1687 1173; x_wconf 75' lang='lat' dir='ltr'><strong>exstinguimus</strong></span> <span class='ocrx_word' id='word_1_71' title='bbox 1709 1091 1924 1172; x_wconf 73' lang='lat' dir='ltr'><strong>(Ep/tes.</strong></span> <span class='ocrx_word' id='word_1_72' title='bbox 1944 1117 2018 1168; x_wconf 74' lang='lat' dir='ltr'><strong>vn,</strong></span> <span class='ocrx_word' id='word_1_73' title='bbox 2036 1099 2147 1174; x_wconf 80' lang='grc'><strong>16).</strong></span> 
     </span>
    </p>
   </div>
   <div class='ocr_carea' id='block_1_11' title="bbox 561 1190 2149 1265">
    <p class='ocr_par' dir='ltr' id='par_1_11' title="bbox 561 1190 2149 1265">
     <span class='ocr_line' id='line_1_11' title="bbox 561 1190 2149 1265; baseline -0.005 -11"><span class='ocrx_word' id='word_1_74' title='bbox 561 1198 675 1254; x_wconf 81' lang='lat' dir='ltr'><strong>Hoc</strong></span> <span class='ocrx_word' id='word_1_75' title='bbox 705 1196 1045 1253; x_wconf 81' lang='lat' dir='ltr'><strong>muniebatur</strong></span> <span class='ocrx_word' id='word_1_76' title='bbox 1073 1205 1255 1261; x_wconf 89' lang='lat' dir='ltr'><strong>scuto,</strong></span> <span class='ocrx_word' id='word_1_77' title='bbox 1284 1194 1497 1265; x_wconf 85' lang='lat' dir='ltr'><strong>quando</strong></span> <span class='ocrx_word' id='word_1_78' title='bbox 1522 1193 1671 1248; x_wconf 79' lang='lat' dir='ltr'><strong>vobis</strong></span> <span class='ocrx_word' id='word_1_79' title='bbox 1702 1191 1889 1246; x_wconf 81' lang='lat' dir='ltr'><strong>futuris</strong></span> <span class='ocrx_word' id='word_1_80' title='bbox 1913 1190 2022 1261; x_wconf 89' lang='lat' dir='ltr'><strong>jam</strong></span> <span class='ocrx_word' id='word_1_81' title='bbox 2053 1206 2149 1246; x_wconf 91' lang='lat' dir='ltr'><strong>oc-</strong></span> 
     </span>
    </p>
   </div>
   <div class='ocr_carea' id='block_1_12' title="bbox 560 1274 2148 1355">
    <p class='ocr_par' dir='ltr' id='par_1_12' title="bbox 560 1274 2148 1355">
     <span class='ocr_line' id='line_1_12' title="bbox 560 1274 2148 1355; baseline -0.006 -10"><span class='ocrx_word' id='word_1_82' title='bbox 560 1289 810 1345; x_wconf 81' lang='lat' dir='ltr'><strong>currebat</strong></span> <span class='ocrx_word' id='word_1_83' title='bbox 846 1295 1084 1342; x_wconf 82' lang='lat' dir='ltr'><strong>armatus</strong></span> <span class='ocrx_word' id='word_1_84' title='bbox 1107 1327 1122 1351; x_wconf 95' lang='lat'><strong>,</strong></span> <span class='ocrx_word' id='word_1_85' title='bbox 1162 1290 1270 1341; x_wconf 79' lang='lat' dir='ltr'><strong>non</strong></span> <span class='ocrx_word' id='word_1_86' title='bbox 1305 1284 1518 1355; x_wconf 84' lang='lat' dir='ltr'><strong>quidem</strong></span> <span class='ocrx_word' id='word_1_87' title='bbox 1543 1276 1768 1338; x_wconf 80' lang='lat' dir='ltr'><strong>Numida</strong></span> <span class='ocrx_word' id='word_1_88' title='bbox 1793 1323 1808 1348; x_wconf 90' lang='lat'><strong>,</strong></span> <span class='ocrx_word' id='word_1_89' title='bbox 1849 1274 1945 1337; x_wconf 91' lang='lat' dir='ltr'><strong>sed</strong></span> <span class='ocrx_word' id='word_1_90' title='bbox 1972 1276 2148 1336; x_wconf 86' lang='lat' dir='ltr'><strong>tamen</strong></span> 
     </span>
    </p>
   </div>
   <div class='ocr_carea' id='block_1_13' title="bbox 561 1372 2147 1449">
    <p class='ocr_par' dir='ltr' id='par_1_13' title="bbox 561 1372 2147 1449">
     <span class='ocr_line' id='line_1_13' title="bbox 561 1372 2147 1449; baseline -0.005 -13"><span class='ocrx_word' id='word_1_91' title='bbox 561 1378 763 1436; x_wconf 71' lang='lat' dir='ltr'><strong>Ptnnus</strong></span> <span class='ocrx_word' id='word_1_92' title='bbox 794 1379 885 1433; x_wconf 90' lang='lat' dir='ltr'><strong>ille</strong></span> <span class='ocrx_word' id='word_1_93' title='bbox 913 1376 1231 1449; x_wconf 80' lang='lat' dir='ltr'><strong>Cyprianus,</strong></span> <span class='ocrx_word' id='word_1_94' title='bbox 1260 1390 1368 1447; x_wconf 91' lang='lat' dir='ltr'><strong>quo</strong></span> <span class='ocrx_word' id='word_1_95' title='bbox 1397 1388 1581 1429; x_wconf 89' lang='lat' dir='ltr'><strong>rursus</strong></span> <span class='ocrx_word' id='word_1_96' title='bbox 1607 1374 1822 1428; x_wconf 88' lang='lat' dir='ltr'><strong>nomine</strong></span> <span class='ocrx_word' id='word_1_97' title='bbox 1848 1381 1936 1427; x_wconf 90' lang='lat' dir='ltr'><strong>tua</strong></span> <span class='ocrx_word' id='word_1_98' title='bbox 1966 1372 2021 1426; x_wconf 92' lang='lat' dir='ltr'><strong>in</strong></span> <span class='ocrx_word' id='word_1_99' title='bbox 2050 1388 2147 1428; x_wconf 90' lang='lat' dir='ltr'><strong>nos</strong></span> 
     </span>
    </p>
   </div>
   <div class='ocr_carea' id='block_1_14' title="bbox 556 1461 2146 1541">
    <p class='ocr_par' dir='ltr' id='par_1_14' title="bbox 556 1461 2146 1541">
     <span class='ocr_line' id='line_1_14' title="bbox 556 1461 2146 1541; baseline -0.006 -14"><span class='ocrx_word' id='word_1_100' title='bbox 556 1473 725 1527; x_wconf 87' lang='lat' dir='ltr'><strong>insilit</strong></span> <span class='ocrx_word' id='word_1_101' title='bbox 752 1486 886 1525; x_wconf 88' lang='lat' dir='ltr'><strong>vana</strong></span> <span class='ocrx_word' id='word_1_102' title='bbox 916 1470 1247 1541; x_wconf 80' lang='lat' dir='ltr'><strong>loquacitas;</strong></span> <span class='ocrx_word' id='word_1_103' title='bbox 1281 1470 1411 1534; x_wconf 93' lang='lat' dir='ltr'><strong>hoc,</strong></span> <span class='ocrx_word' id='word_1_104' title='bbox 1448 1469 1692 1538; x_wconf 87' lang='lat' dir='ltr'><strong>inquam,</strong></span> <span class='ocrx_word' id='word_1_105' title='bbox 1728 1476 1881 1521; x_wconf 91' lang='lat' dir='ltr'><strong>scuto</strong></span> <span class='ocrx_word' id='word_1_106' title='bbox 1909 1461 2146 1520; x_wconf 85' lang='lat' dir='ltr'><strong>armatus</strong></span> 
     </span>
    </p>
   </div>
   <div class='ocr_carea' id='block_1_15' title="bbox 558 1547 2145 1622">
    <p class='ocr_par' dir='ltr' id='par_1_15' title="bbox 558 1547 2145 1622">
     <span class='ocr_line' id='line_1_15' title="bbox 558 1547 2145 1622; baseline -0.006 -1"><span class='ocrx_word' id='word_1_107' title='bbox 558 1564 759 1622; x_wconf 73' lang='lat' dir='ltr'><strong>Pmnus</strong></span> <span class='ocrx_word' id='word_1_108' title='bbox 786 1563 874 1618; x_wconf 90' lang='lat' dir='ltr'><strong>ille</strong></span> <span class='ocrx_word' id='word_1_109' title='bbox 902 1561 1111 1617; x_wconf 90' lang='lat' dir='ltr'><strong>dicebat</strong></span> <span class='ocrx_word' id='word_1_110' title='bbox 1142 1561 1194 1615; x_wconf 91' lang='lat' dir='ltr'><strong>in</strong></span> <span class='ocrx_word' id='word_1_111' title='bbox 1223 1561 1358 1615; x_wconf 87' lang='lat' dir='ltr'><strong>libro</strong></span> <span class='ocrx_word' id='word_1_112' title='bbox 1385 1559 1451 1615; x_wconf 89' lang='lat' dir='ltr'><strong>de</strong></span> <span class='ocrx_word' id='word_1_113' title='bbox 1477 1559 1728 1615; x_wconf 91' lang='lat' dir='ltr'><strong>Oratione</strong></span> <span class='ocrx_word' id='word_1_114' title='bbox 1757 1547 2058 1622; x_wconf 89' lang='lat' dir='ltr'><strong>Dominica,</strong></span> <span class='ocrx_word' id='word_1_115' title='bbox 2094 1555 2145 1611; x_wconf 87' lang='lat' dir='ltr'><strong>id</strong></span> 
     </span>
    </p>
   </div>
   <div class='ocr_carea' id='block_1_16' title="bbox 553 1649 2145 1720">
    <p class='ocr_par' dir='ltr' id='par_1_16' title="bbox 553 1649 2145 1720">
     <span class='ocr_line' id='line_1_16' title="bbox 553 1649 2145 1720; baseline -0.006 -7"><span class='ocrx_word' id='word_1_116' title='bbox 553 1670 657 1713; x_wconf 82' lang='lat' dir='ltr'><strong>nos</strong></span> <span class='ocrx_word' id='word_1_117' title='bbox 699 1670 876 1720; x_wconf 90' lang='lat' dir='ltr'><strong>orare,</strong></span> <span class='ocrx_word' id='word_1_118' title='bbox 919 1669 1039 1709; x_wconf 87' lang='lat' dir='ltr'><strong>cum</strong></span> <span class='ocrx_word' id='word_1_119' title='bbox 1081 1653 1329 1719; x_wconf 88' lang='lat' dir='ltr'><strong>dicimus,</strong></span> <span class='ocrx_word' id='word_1_120' title='bbox 1378 1651 1498 1706; x_wconf 85' lang='lat' dir='ltr'><strong>Fiat</strong></span> <span class='ocrx_word' id='word_1_121' title='bbox 1538 1651 1770 1706; x_wconf 77' lang='lat' dir='ltr'><strong>voluntas</strong></span> <span class='ocrx_word' id='word_1_122' title='bbox 1795 1659 1882 1703; x_wconf 90' lang='lat' dir='ltr'><strong>tua</strong></span> <span class='ocrx_word' id='word_1_123' title='bbox 1920 1650 2051 1703; x_wconf 83' lang='lat' dir='ltr'><strong>sicut</strong></span> <span class='ocrx_word' id='word_1_124' title='bbox 2090 1649 2145 1704; x_wconf 78' lang='lat' dir='ltr'><strong>in</strong></span> 
     </span>
    </p>
   </div>
   <div class='ocr_carea' id='block_1_17' title="bbox 555 1738 2143 1816">
    <p class='ocr_par' dir='ltr' id='par_1_17' title="bbox 555 1738 2143 1816">
     <span class='ocr_line' id='line_1_17' title="bbox 555 1738 2143 1816; baseline -0.004 -15"><span class='ocrx_word' id='word_1_125' title='bbox 555 1744 682 1801; x_wconf 68' lang='lat' dir='ltr'><strong>calo</strong></span> <span class='ocrx_word' id='word_1_126' title='bbox 708 1755 755 1801; x_wconf 84' lang='lat' dir='ltr'><strong>et</strong></span> <span class='ocrx_word' id='word_1_127' title='bbox 785 1746 836 1799; x_wconf 89' lang='lat' dir='ltr'><strong>in</strong></span> <span class='ocrx_word' id='word_1_128' title='bbox 865 1755 997 1798; x_wconf 86' lang='lat' dir='ltr'><strong>terra</strong></span> <span class='ocrx_word' id='word_1_129' title='bbox 1025 1743 1236 1816; x_wconf 78' lang='lat' dir='ltr'><strong>(Matth.</strong></span> <span class='ocrx_word' id='word_1_130' title='bbox 1271 1759 1352 1808; x_wconf 73' lang='lat' dir='ltr'><strong>vn,</strong></span> <span class='ocrx_word' id='word_1_131' title='bbox 1384 1740 1472 1815; x_wconf 81' lang='grc'><strong>10)</strong></span> <span class='ocrx_word' id='word_1_132' title='bbox 1497 1784 1513 1808; x_wconf 83' lang='grc'><em>,</em></span> <span class='ocrx_word' id='word_1_133' title='bbox 1541 1751 1600 1803; x_wconf 85' lang='lat' dir='ltr'><strong>ut</strong></span> <span class='ocrx_word' id='word_1_134' title='bbox 1625 1742 1764 1796; x_wconf 90' lang='lat' dir='ltr'><strong>inter</strong></span> <span class='ocrx_word' id='word_1_135' title='bbox 1793 1741 1898 1795; x_wconf 90' lang='lat' dir='ltr'><strong>duo</strong></span> <span class='ocrx_word' id='word_1_136' title='bbox 1926 1740 2023 1794; x_wconf 80' lang='lat' dir='ltr'><strong>ista</strong></span> <span class='ocrx_word' id='word_1_137' title='bbox 2043 1780 2059 1807; x_wconf 92' lang='lat'><strong>,</strong></span> <span class='ocrx_word' id='word_1_138' title='bbox 2090 1738 2143 1794; x_wconf 89' lang='lat' dir='ltr'><strong>id</strong></span> 
     </span>
    </p>
   </div>
   <div class='ocr_carea' id='block_1_18' title="bbox 553 1829 2139 1904">
    <p class='ocr_par' dir='ltr' id='par_1_18' title="bbox 553 1829 2139 1904">
     <span class='ocr_line' id='line_1_18' title="bbox 553 1829 2139 1904; baseline -0.006 -12"><span class='ocrx_word' id='word_1_139' title='bbox 553 1845 638 1892; x_wconf 85' lang='lat' dir='ltr'><strong>est</strong></span> <span class='ocrx_word' id='word_1_140' title='bbox 656 1851 870 1892; x_wconf 84' lang='lat' dir='ltr'><strong>carnem</strong></span> <span class='ocrx_word' id='word_1_141' title='bbox 896 1844 950 1889; x_wconf 91' lang='lat' dir='ltr'><strong>et</strong></span> <span class='ocrx_word' id='word_1_142' title='bbox 975 1834 1241 1904; x_wconf 88' lang='lat' dir='ltr'><strong>spiritum,</strong></span> <span class='ocrx_word' id='word_1_143' title='bbox 1270 1835 1359 1887; x_wconf 83' lang='lat' dir='ltr'><strong>ﬁat</strong></span> <span class='ocrx_word' id='word_1_144' title='bbox 1386 1833 1494 1887; x_wconf 91' lang='lat' dir='ltr'><strong>Deo</strong></span> <span class='ocrx_word' id='word_1_145' title='bbox 1518 1831 1811 1900; x_wconf 86' lang='lat' dir='ltr'><strong>Opitulante</strong></span> <span class='ocrx_word' id='word_1_146' title='bbox 1832 1829 2139 1886; x_wconf 86' lang='lat' dir='ltr'><strong>concordia.</strong></span> 
     </span>
    </p>
   </div>
   <div class='ocr_carea' id='block_1_19' title="bbox 552 1923 2142 1997">
    <p class='ocr_par' dir='ltr' id='par_1_19' title="bbox 552 1923 2142 1997">
     <span class='ocr_line' id='line_1_19' title="bbox 552 1923 2142 1997; baseline -0.004 -12"><span class='ocrx_word' id='word_1_147' title='bbox 552 1927 656 1985; x_wconf 91' lang='lat' dir='ltr'><strong>Ubi</strong></span> <span class='ocrx_word' id='word_1_148' title='bbox 685 1926 883 1984; x_wconf 89' lang='lat' dir='ltr'><strong>Christi</strong></span> <span class='ocrx_word' id='word_1_149' title='bbox 917 1928 1069 1981; x_wconf 83' lang='lat' dir='ltr'><strong>miles</strong></span> <span class='ocrx_word' id='word_1_150' title='bbox 1106 1926 1352 1997; x_wconf 79' lang='lat' dir='ltr'><strong>egregius</strong></span> <span class='ocrx_word' id='word_1_151' title='bbox 1377 1934 1429 1981; x_wconf 91' lang='lat' dir='ltr'><strong>ct</strong></span> <span class='ocrx_word' id='word_1_152' title='bbox 1458 1940 1486 1979; x_wconf 93' lang='lat' dir='ltr'><strong>a</strong></span> <span class='ocrx_word' id='word_1_153' title='bbox 1515 1923 1819 1979; x_wconf 74' lang='lat' dir='ltr'><strong>Manichaeis</strong></span> <span class='ocrx_word' id='word_1_154' title='bbox 1848 1932 1901 1979; x_wconf 92' lang='lat' dir='ltr'><strong>et</strong></span> <span class='ocrx_word' id='word_1_155' title='bbox 1930 1939 1960 1978; x_wconf 92' lang='lat' dir='ltr'><strong>a</strong></span> <span class='ocrx_word' id='word_1_156' title='bbox 1991 1923 2142 1979; x_wconf 86' lang='lat' dir='ltr'><strong>vobis</strong></span> 
     </span>
    </p>
   </div>
   <div class='ocr_carea' id='block_1_20' title="bbox 557 2008 2141 2090">
    <p class='ocr_par' dir='ltr' id='par_1_20' title="bbox 557 2008 2141 2090">
     <span class='ocr_line' id='line_1_20' title="bbox 557 2008 2141 2090; baseline -0.003 -16"><span class='ocrx_word' id='word_1_157' title='bbox 557 2018 800 2088; x_wconf 87' lang='lat' dir='ltr'><strong>conjecta</strong></span> <span class='ocrx_word' id='word_1_158' title='bbox 825 2018 988 2090; x_wconf 90' lang='lat' dir='ltr'><strong>ignita</strong></span> <span class='ocrx_word' id='word_1_159' title='bbox 1007 2017 1219 2088; x_wconf 87' lang='lat' dir='ltr'><strong>maligni</strong></span> <span class='ocrx_word' id='word_1_160' title='bbox 1239 2016 1413 2087; x_wconf 91' lang='lat' dir='ltr'><strong>jacula</strong></span> <span class='ocrx_word' id='word_1_161' title='bbox 1437 2016 1780 2086; x_wconf 71' lang='lat' dir='ltr'><strong>exstinguit’:</strong></span> <span class='ocrx_word' id='word_1_162' title='bbox 1801 2015 1883 2071; x_wconf 91' lang='lat' dir='ltr'><strong>cui</strong></span> <span class='ocrx_word' id='word_1_163' title='bbox 1908 2008 2141 2086; x_wconf 88' lang='lat' dir='ltr'><strong>maligno</strong></span> 
     </span>
    </p>
   </div>
   <div class='ocr_carea' id='block_1_21' title="bbox 554 2098 2143 2177">
    <p class='ocr_par' dir='ltr' id='par_1_21' title="bbox 554 2098 2143 2177">
     <span class='ocr_line' id='line_1_21' title="bbox 554 2098 2143 2177; baseline -0.004 -10"><span class='ocrx_word' id='word_1_164' title='bbox 554 2110 785 2167; x_wconf 89' lang='lat' dir='ltr'><strong>militant</strong></span> <span class='ocrx_word' id='word_1_165' title='bbox 804 2124 990 2165; x_wconf 88' lang='lat' dir='ltr'><strong>omnes</strong></span> <span class='ocrx_word' id='word_1_166' title='bbox 1017 2107 1273 2174; x_wconf 74' lang='lat' dir='ltr'><strong>haeretici,</strong></span> <span class='ocrx_word' id='word_1_167' title='bbox 1299 2116 1355 2163; x_wconf 92' lang='lat' dir='ltr'><strong>et</strong></span> <span class='ocrx_word' id='word_1_168' title='bbox 1377 2107 1527 2177; x_wconf 82' lang='lat' dir='ltr'><strong>cujus</strong></span> <span class='ocrx_word' id='word_1_169' title='bbox 1567 2118 1738 2162; x_wconf 88' lang='lat' dir='ltr'><strong>castra</strong></span> <span class='ocrx_word' id='word_1_170' title='bbox 1781 2098 2026 2161; x_wconf 86' lang='lat' dir='ltr'><strong>tirocinio</strong></span> <span class='ocrx_word' id='word_1_171' title='bbox 2049 2120 2143 2161; x_wconf 87' lang='lat' dir='ltr'><strong>ve-</strong></span> 
     </span>
    </p>
   </div>
   <div class='ocr_carea' id='block_1_22' title="bbox 548 2186 2141 2273">
    <p class='ocr_par' dir='ltr' id='par_1_22' title="bbox 548 2186 2141 2273">
     <span class='ocr_line' id='line_1_22' title="bbox 548 2186 2141 2273; baseline -0.004 -14"><span class='ocrx_word' id='word_1_172' title='bbox 548 2211 666 2259; x_wconf 86' lang='lat' dir='ltr'><strong>stro</strong></span> <span class='ocrx_word' id='word_1_173' title='bbox 683 2202 881 2273; x_wconf 85' lang='lat' dir='ltr'><strong>putatis</strong></span> <span class='ocrx_word' id='word_1_174' title='bbox 904 2192 1167 2271; x_wconf 87' lang='lat' dir='ltr'><strong>augenda.</strong></span> <span class='ocrx_word' id='word_1_175' title='bbox 1185 2186 1316 2254; x_wconf 76' lang='lat' dir='ltr'><strong>Nam</strong></span> <span class='ocrx_word' id='word_1_176' title='bbox 1336 2199 1551 2269; x_wconf 88' lang='lat' dir='ltr'><strong>spiritus</strong></span> <span class='ocrx_word' id='word_1_177' title='bbox 1574 2208 1628 2253; x_wconf 92' lang='lat' dir='ltr'><strong>et</strong></span> <span class='ocrx_word' id='word_1_178' title='bbox 1651 2198 1827 2253; x_wconf 90' lang='lat' dir='ltr'><strong>carnis</strong></span> <span class='ocrx_word' id='word_1_179' title='bbox 1850 2194 2141 2268; x_wconf 58' lang='lat' dir='ltr'><strong>quaerendo</strong></span> 
     </span>
    </p>
   </div>
   <div class='ocr_carea' id='block_1_23' title="bbox 548 2286 2140 2358">
    <p class='ocr_par' dir='ltr' id='par_1_23' title="bbox 548 2286 2140 2358">
     <span class='ocr_line' id='line_1_23' title="bbox 548 2286 2140 2358; baseline -0.005 -10"><span class='ocrx_word' id='word_1_180' title='bbox 548 2290 889 2348; x_wconf 85' lang='lat' dir='ltr'><strong>concordiam</strong></span> <span class='ocrx_word' id='word_1_181' title='bbox 915 2332 932 2358; x_wconf 94' lang='lat'><strong>,</strong></span> <span class='ocrx_word' id='word_1_182' title='bbox 964 2300 1149 2346; x_wconf 89' lang='lat' dir='ltr'><strong>contra</strong></span> <span class='ocrx_word' id='word_1_183' title='bbox 1181 2289 1500 2344; x_wconf 72' lang='lat' dir='ltr'><strong>Manicbmos</strong></span> <span class='ocrx_word' id='word_1_184' title='bbox 1528 2287 1706 2355; x_wconf 90' lang='lat' dir='ltr'><strong>docet,</strong></span> <span class='ocrx_word' id='word_1_185' title='bbox 1736 2286 1922 2342; x_wconf 88' lang='lat' dir='ltr'><strong>ambas</strong></span> <span class='ocrx_word' id='word_1_186' title='bbox 1947 2286 2140 2355; x_wconf 90' lang='lat' dir='ltr'><strong>quibus</strong></span> 
     </span>
    </p>
   </div>
   <div class='ocr_carea' id='block_1_24' title="bbox 546 2377 2138 2446">
    <p class='ocr_par' dir='ltr' id='par_1_24' title="bbox 546 2377 2138 2446">
     <span class='ocr_line' id='line_1_24' title="bbox 546 2377 2138 2446; baseline -0.004 -7"><span class='ocrx_word' id='word_1_187' title='bbox 546 2392 855 2440; x_wconf 80' lang='lat' dir='ltr'><strong>constamus</strong></span> <span class='ocrx_word' id='word_1_188' title='bbox 882 2382 1051 2438; x_wconf 90' lang='lat' dir='ltr'><strong>bonas</strong></span> <span class='ocrx_word' id='word_1_189' title='bbox 1087 2396 1207 2436; x_wconf 90' lang='lat' dir='ltr'><strong>esse</strong></span> <span class='ocrx_word' id='word_1_190' title='bbox 1236 2390 1452 2435; x_wconf 90' lang='lat' dir='ltr'><strong>naturas</strong></span> <span class='ocrx_word' id='word_1_191' title='bbox 1477 2422 1492 2446; x_wconf 94' lang='lat'><strong>,</strong></span> <span class='ocrx_word' id='word_1_192' title='bbox 1537 2379 1582 2434; x_wconf 93' lang='lat' dir='ltr'><strong>si</strong></span> <span class='ocrx_word' id='word_1_193' title='bbox 1622 2377 1902 2434; x_wconf 79' lang='lat' dir='ltr'><strong>discordia:</strong></span> <span class='ocrx_word' id='word_1_194' title='bbox 1939 2377 2138 2432; x_wconf 88' lang='lat' dir='ltr'><strong>malum</strong></span> 
     </span>
    </p>
   </div>
   <div class='ocr_carea' id='block_1_25' title="bbox 548 2468 2138 2539">
    <p class='ocr_par' dir='ltr' id='par_1_25' title="bbox 548 2468 2138 2539">
     <span class='ocr_line' id='line_1_25' title="bbox 548 2468 2138 2539; baseline -0.004 -9"><span class='ocrx_word' id='word_1_195' title='bbox 548 2473 731 2531; x_wconf 85' lang='lat' dir='ltr'><strong>divina</strong></span> <span class='ocrx_word' id='word_1_196' title='bbox 757 2474 1099 2529; x_wconf 84' lang='lat' dir='ltr'><strong>miseratione</strong></span> <span class='ocrx_word' id='word_1_197' title='bbox 1119 2481 1373 2528; x_wconf 90' lang='lat' dir='ltr'><strong>sanetur:</strong></span> <span class='ocrx_word' id='word_1_198' title='bbox 1396 2471 1547 2526; x_wconf 84' lang='lat' dir='ltr'><strong>vobis</strong></span> <span class='ocrx_word' id='word_1_199' title='bbox 1566 2480 1743 2526; x_wconf 89' lang='lat' dir='ltr'><strong>autem</strong></span> <span class='ocrx_word' id='word_1_200' title='bbox 1767 2468 1990 2536; x_wconf 86' lang='lat' dir='ltr'><strong>resistit,</strong></span> <span class='ocrx_word' id='word_1_201' title='bbox 2013 2468 2138 2539; x_wconf 83' lang='lat' dir='ltr'><strong>quia</strong></span> 
     </span>
    </p>
   </div>
   <div class='ocr_carea' id='block_1_26' title="bbox 551 2559 2139 2635">
    <p class='ocr_par' dir='ltr' id='par_1_26' title="bbox 551 2559 2139 2635">
     <span class='ocr_line' id='line_1_26' title="bbox 551 2559 2139 2635; baseline -0.004 -13"><span class='ocrx_word' id='word_1_202' title='bbox 551 2566 729 2623; x_wconf 88' lang='lat' dir='ltr'><strong>carnis</strong></span> <span class='ocrx_word' id='word_1_203' title='bbox 755 2565 1239 2635; x_wconf 87' lang='lat' dir='ltr'><strong>concupiscentiam</strong></span> <span class='ocrx_word' id='word_1_204' title='bbox 1265 2564 1437 2620; x_wconf 90' lang='lat' dir='ltr'><strong>dicitis</strong></span> <span class='ocrx_word' id='word_1_205' title='bbox 1457 2563 1650 2618; x_wconf 89' lang='lat' dir='ltr'><strong>bonam</strong></span> <span class='ocrx_word' id='word_1_206' title='bbox 1667 2562 1689 2594; x_wconf 85' lang='grc'>¹</span> <span class='ocrx_word' id='word_1_207' title='bbox 1710 2603 1727 2629; x_wconf 87' lang='grc'><em>,</em></span> <span class='ocrx_word' id='word_1_208' title='bbox 1756 2576 1858 2632; x_wconf 90' lang='lat' dir='ltr'><strong>qua</strong></span> <span class='ocrx_word' id='word_1_209' title='bbox 1884 2559 2139 2616; x_wconf 82' lang='lat' dir='ltr'><strong>infestan-</strong></span> 
     </span>
    </p>
   </div>
   <div class='ocr_carea' id='block_1_27' title="bbox 551 2651 2139 2725">
    <p class='ocr_par' dir='ltr' id='par_1_27' title="bbox 551 2651 2139 2725">
     <span class='ocr_line' id='line_1_27' title="bbox 551 2651 2139 2725; baseline -0.003 -14"><span class='ocrx_word' id='word_1_210' title='bbox 551 2662 613 2713; x_wconf 85' lang='lat' dir='ltr'><strong>te</strong></span> <span class='ocrx_word' id='word_1_211' title='bbox 638 2655 818 2711; x_wconf 81' lang='lat' dir='ltr'><strong>existit</strong></span> <span class='ocrx_word' id='word_1_212' title='bbox 846 2655 947 2710; x_wconf 87' lang='lat' dir='ltr'><strong>ista</strong></span> <span class='ocrx_word' id='word_1_213' title='bbox 975 2653 1241 2710; x_wconf 85' lang='lat' dir='ltr'><strong>discordia</strong></span> <span class='ocrx_word' id='word_1_214' title='bbox 1262 2694 1279 2721; x_wconf 96' lang='lat'><strong>,</strong></span> <span class='ocrx_word' id='word_1_215' title='bbox 1304 2669 1464 2725; x_wconf 89' lang='lat' dir='ltr'><strong>quam</strong></span> <span class='ocrx_word' id='word_1_216' title='bbox 1502 2653 1675 2724; x_wconf 92' lang='lat' dir='ltr'><strong>poscit</strong></span> <span class='ocrx_word' id='word_1_217' title='bbox 1708 2652 1799 2707; x_wconf 89' lang='lat' dir='ltr'><strong>ille</strong></span> <span class='ocrx_word' id='word_1_218' title='bbox 1826 2651 2002 2707; x_wconf 89' lang='lat' dir='ltr'><strong>sanari</strong></span> <span class='ocrx_word' id='word_1_219' title='bbox 2025 2667 2047 2717; x_wconf 79' lang='lat'><strong>,&#39;</strong></span> <span class='ocrx_word' id='word_1_220' title='bbox 2083 2658 2139 2707; x_wconf 88' lang='lat' dir='ltr'><strong>et</strong></span> 
     </span>
    </p>
   </div>
   <div class='ocr_carea' id='block_1_28' title="bbox 552 2743 2138 2817">
    <p class='ocr_par' dir='ltr' id='par_1_28' title="bbox 552 2743 2138 2817">
     <span class='ocr_line' id='line_1_28' title="bbox 552 2743 2138 2817; baseline -0.004 -13"><span class='ocrx_word' id='word_1_221' title='bbox 552 2755 680 2804; x_wconf 90' lang='lat' dir='ltr'><strong>tunc</strong></span> <span class='ocrx_word' id='word_1_222' title='bbox 703 2747 881 2804; x_wconf 77' lang='lat' dir='ltr'><strong>existit</strong></span> <span class='ocrx_word' id='word_1_223' title='bbox 905 2746 1117 2817; x_wconf 86' lang='lat' dir='ltr'><strong>quando</strong></span> <span class='ocrx_word' id='word_1_224' title='bbox 1142 2745 1282 2801; x_wconf 85' lang='lat' dir='ltr'><strong>bene</strong></span> <span class='ocrx_word' id='word_1_225' title='bbox 1303 2746 1528 2816; x_wconf 77' lang='lat' dir='ltr'><strong>agimus,</strong></span> <span class='ocrx_word' id='word_1_226' title='bbox 1557 2752 1617 2800; x_wconf 89' lang='lat' dir='ltr'><strong>ut</strong></span> <span class='ocrx_word' id='word_1_227' title='bbox 1642 2743 1914 2799; x_wconf 85' lang='lat' dir='ltr'><strong>infestanti</strong></span> <span class='ocrx_word' id='word_1_228' title='bbox 1939 2757 2138 2799; x_wconf 89' lang='lat' dir='ltr'><strong>concu-</strong></span> 
     </span>
    </p>
   </div>
   <div class='ocr_carea' id='block_1_29' title="bbox 549 2838 2133 2913">
    <p class='ocr_par' dir='ltr' id='par_1_29' title="bbox 549 2838 2133 2913">
     <span class='ocr_line' id='line_1_29' title="bbox 549 2838 2133 2913; baseline -0.005 -14"><span class='ocrx_word' id='word_1_229' title='bbox 549 2841 826 2913; x_wconf 75' lang='lat' dir='ltr'><strong>piscentia:</strong></span> <span class='ocrx_word' id='word_1_230' title='bbox 852 2841 1061 2905; x_wconf 89' lang='lat' dir='ltr'><strong>carnis,</strong></span> <span class='ocrx_word' id='word_1_231' title='bbox 1101 2848 1287 2895; x_wconf 84' lang='lat' dir='ltr'><strong>contra</strong></span> <span class='ocrx_word' id='word_1_232' title='bbox 1317 2839 1727 2909; x_wconf 84' lang='lat' dir='ltr'><strong>concupiscente</strong></span> <span class='ocrx_word' id='word_1_233' title='bbox 1753 2838 1943 2908; x_wconf 86' lang='lat' dir='ltr'><strong>spiritu</strong></span> <span class='ocrx_word' id='word_1_234' title='bbox 1971 2849 2133 2907; x_wconf 89' lang='lat' dir='ltr'><strong>repu-</strong></span> 
     </span>
    </p>
   </div>
   <div class='ocr_carea' id='block_1_30' title="bbox 544 2928 2136 3006">
    <p class='ocr_par' dir='ltr' id='par_1_30' title="bbox 544 2928 2136 3006">
     <span class='ocr_line' id='line_1_30' title="bbox 544 2928 2136 3006; baseline -0.003 -17"><span class='ocrx_word' id='word_1_235' title='bbox 544 2948 789 3006; x_wconf 86' lang='lat' dir='ltr'><strong>gnemus.</strong></span> <span class='ocrx_word' id='word_1_236' title='bbox 819 2931 951 2988; x_wconf 84' lang='lat' dir='ltr'><strong>Nam</strong></span> <span class='ocrx_word' id='word_1_237' title='bbox 978 2932 1025 2988; x_wconf 89' lang='lat' dir='ltr'><strong>si</strong></span> <span class='ocrx_word' id='word_1_238' title='bbox 1059 2932 1443 2999; x_wconf 86' lang='lat' dir='ltr'><strong>consentimus,</strong></span> <span class='ocrx_word' id='word_1_239' title='bbox 1472 2947 1579 2986; x_wconf 89' lang='lat' dir='ltr'><strong>non</strong></span> <span class='ocrx_word' id='word_1_240' title='bbox 1605 2931 1875 3002; x_wconf 87' lang='lat' dir='ltr'><strong>optabilis,</strong></span> <span class='ocrx_word' id='word_1_241' title='bbox 1901 2930 1995 2987; x_wconf 90' lang='lat' dir='ltr'><strong>sed</strong></span> <span class='ocrx_word' id='word_1_242' title='bbox 2021 2928 2136 2985; x_wconf 79' lang='lat' dir='ltr'><strong>cul-</strong></span> 
     </span>
    </p>
   </div>
   <div class='ocr_carea' id='block_1_31' title="bbox 542 3023 2133 3098">
    <p class='ocr_par' dir='ltr' id='par_1_31' title="bbox 542 3023 2133 3098">
     <span class='ocr_line' id='line_1_31' title="bbox 542 3023 2133 3098; baseline -0.003 -16"><span class='ocrx_word' id='word_1_243' title='bbox 542 3027 755 3098; x_wconf 87' lang='lat' dir='ltr'><strong>pabilis,</strong></span> <span class='ocrx_word' id='word_1_244' title='bbox 795 3025 879 3082; x_wconf 89' lang='lat' dir='ltr'><strong>vel</strong></span> <span class='ocrx_word' id='word_1_245' title='bbox 916 3027 1079 3082; x_wconf 89' lang='lat' dir='ltr'><strong>etiam</strong></span> <span class='ocrx_word' id='word_1_246' title='bbox 1119 3026 1437 3081; x_wconf 81' lang='lat' dir='ltr'><strong>damnabilis</strong></span> <span class='ocrx_word' id='word_1_247' title='bbox 1472 3023 1532 3079; x_wconf 88' lang='lat' dir='ltr'><strong>lit</strong></span> <span class='ocrx_word' id='word_1_248' title='bbox 1565 3024 1775 3096; x_wconf 89' lang='lat' dir='ltr'><strong>spiritui</strong></span> <span class='ocrx_word' id='word_1_249' title='bbox 1812 3038 1933 3079; x_wconf 83' lang='lat' dir='ltr'><strong>cum</strong></span> <span class='ocrx_word' id='word_1_250' title='bbox 1964 3037 2133 3078; x_wconf 84' lang='lat' dir='ltr'><strong>carne</strong></span> 
     </span>
    </p>
   </div>
   <div class='ocr_carea' id='block_1_32' title="bbox 541 3112 2133 3184">
    <p class='ocr_par' dir='ltr' id='par_1_32' title="bbox 541 3112 2133 3184">
     <span class='ocr_line' id='line_1_32' title="bbox 541 3112 2133 3184; baseline -0.003 -11"><span class='ocrx_word' id='word_1_251' title='bbox 541 3117 853 3173; x_wconf 87' lang='lat' dir='ltr'><strong>concordia.</strong></span> <span class='ocrx_word' id='word_1_252' title='bbox 892 3116 1090 3170; x_wconf 87' lang='lat' dir='ltr'><strong>Contra</strong></span> <span class='ocrx_word' id='word_1_253' title='bbox 1129 3130 1225 3169; x_wconf 83' lang='lat' dir='ltr'><strong>vos</strong></span> <span class='ocrx_word' id='word_1_254' title='bbox 1262 3126 1346 3169; x_wconf 92' lang='lat' dir='ltr'><strong>est</strong></span> <span class='ocrx_word' id='word_1_255' title='bbox 1385 3114 1586 3181; x_wconf 88' lang='lat' dir='ltr'><strong>etiam,</strong></span> <span class='ocrx_word' id='word_1_256' title='bbox 1627 3113 1750 3184; x_wconf 88' lang='lat' dir='ltr'><strong>quia</strong></span> <span class='ocrx_word' id='word_1_257' title='bbox 1790 3112 1960 3168; x_wconf 91' lang='lat' dir='ltr'><strong>libero</strong></span> <span class='ocrx_word' id='word_1_258' title='bbox 1997 3113 2133 3169; x_wconf 82' lang='lat' dir='ltr'><strong>datis</strong></span> 
     </span>
    </p>
   </div>
   <div class='ocr_carea' id='block_1_33' title="bbox 548 3200 2136 3276">
    <p class='ocr_par' dir='ltr' id='par_1_33' title="bbox 548 3200 2136 3276">
     <span class='ocr_line' id='line_1_33' title="bbox 548 3200 2136 3276; baseline -0.003 -13"><span class='ocrx_word' id='word_1_259' title='bbox 548 3207 771 3263; x_wconf 83' lang='lat' dir='ltr'><strong>arbitrio</strong></span> <span class='ocrx_word' id='word_1_260' title='bbox 790 3206 813 3238; x_wconf 85' lang='grc'>⁸</span> <span class='ocrx_word' id='word_1_261' title='bbox 837 3248 852 3272; x_wconf 90' lang='grc'><em>,</em></span> <span class='ocrx_word' id='word_1_262' title='bbox 874 3207 1014 3276; x_wconf 90' lang='lat' dir='ltr'><strong>quod</strong></span> <span class='ocrx_word' id='word_1_263' title='bbox 1040 3207 1131 3262; x_wconf 92' lang='lat' dir='ltr'><strong>ille</strong></span> <span class='ocrx_word' id='word_1_264' title='bbox 1155 3217 1211 3260; x_wconf 90' lang='lat' dir='ltr'><strong>ut</strong></span> <span class='ocrx_word' id='word_1_265' title='bbox 1235 3200 1327 3260; x_wconf 78' lang='lat' dir='ltr'><strong>ﬂat</strong></span> <span class='ocrx_word' id='word_1_266' title='bbox 1350 3205 1404 3260; x_wconf 93' lang='lat' dir='ltr'><strong>in</strong></span> <span class='ocrx_word' id='word_1_267' title='bbox 1432 3204 1668 3270; x_wconf 90' lang='lat' dir='ltr'><strong>homine,</strong></span> <span class='ocrx_word' id='word_1_268' title='bbox 1693 3220 1724 3259; x_wconf 90' lang='lat' dir='ltr'><strong>a</strong></span> <span class='ocrx_word' id='word_1_269' title='bbox 1752 3204 1862 3260; x_wconf 91' lang='lat' dir='ltr'><strong>Deo</strong></span> <span class='ocrx_word' id='word_1_270' title='bbox 1888 3200 2136 3274; x_wconf 81' lang='lat' dir='ltr'><strong>intelligit</strong></span> 
     </span>
    </p>
   </div>
   <div class='ocr_carea' id='block_1_34' title="bbox 547 3293 2130 3367">
    <p class='ocr_par' dir='ltr' id='par_1_34' title="bbox 547 3293 2130 3367">
     <span class='ocr_line' id='line_1_34' title="bbox 547 3293 2130 3367; baseline -0.004 -14"><span class='ocrx_word' id='word_1_271' title='bbox 547 3311 670 3353; x_wconf 87' lang='lat' dir='ltr'><strong>esse</strong></span> <span class='ocrx_word' id='word_1_272' title='bbox 692 3296 1035 3366; x_wconf 85' lang='lat' dir='ltr'><strong>poscendum.</strong></span> <span class='ocrx_word' id='word_1_273' title='bbox 1059 3297 1138 3352; x_wconf 84' lang='lat' dir='ltr'><strong>Tu</strong></span> <span class='ocrx_word' id='word_1_274' title='bbox 1161 3306 1338 3352; x_wconf 91' lang='lat' dir='ltr'><strong>autem</strong></span> <span class='ocrx_word' id='word_1_275' title='bbox 1358 3296 1448 3367; x_wconf 88' lang='lat' dir='ltr'><strong>qui</strong></span> <span class='ocrx_word' id='word_1_276' title='bbox 1467 3295 1710 3351; x_wconf 84' lang='lat' dir='ltr'><strong>nesciens</strong></span> <span class='ocrx_word' id='word_1_277' title='bbox 1729 3293 1855 3366; x_wconf 89' lang='lat' dir='ltr'><strong>quid</strong></span> <span class='ocrx_word' id='word_1_278' title='bbox 1878 3294 2130 3366; x_wconf 82' lang='lat' dir='ltr'><strong>loquaris,</strong></span> 
     </span>
    </p>
   </div>
   <div class='ocr_carea' id='block_1_35' title="bbox 545 3388 2131 3461">
    <p class='ocr_par' dir='ltr' id='par_1_35' title="bbox 545 3388 2131 3461">
     <span class='ocr_line' id='line_1_35' title="bbox 545 3388 2131 3461; baseline 0 -18"><span class='ocrx_word' id='word_1_279' title='bbox 545 3388 736 3459; x_wconf 88' lang='lat' dir='ltr'><strong>objicis</strong></span> <span class='ocrx_word' id='word_1_280' title='bbox 773 3388 900 3443; x_wconf 91' lang='lat' dir='ltr'><strong>mihi</strong></span> <span class='ocrx_word' id='word_1_281' title='bbox 928 3389 1071 3461; x_wconf 91' lang='lat' dir='ltr'><strong>quod</strong></span> <span class='ocrx_word' id='word_1_282' title='bbox 1099 3389 1272 3444; x_wconf 89' lang='lat' dir='ltr'><strong>dicam</strong></span> <span class='ocrx_word' id='word_1_283' title='bbox 1300 3390 1467 3445; x_wconf 88' lang='lat' dir='ltr'><strong>Deum</strong></span> <span class='ocrx_word' id='word_1_284' title='bbox 1493 3403 1677 3445; x_wconf 89' lang='lat' dir='ltr'><strong>creare</strong></span> <span class='ocrx_word' id='word_1_285' title='bbox 1705 3396 1978 3459; x_wconf 89' lang='lat' dir='ltr'><strong>peccatum</strong></span> <span class='ocrx_word' id='word_1_286' title='bbox 1997 3428 2014 3455; x_wconf 93' lang='lat'><strong>,</strong></span> <span class='ocrx_word' id='word_1_287' title='bbox 2043 3402 2131 3443; x_wconf 90' lang='lat' dir='ltr'><strong>re-</strong></span> 
     </span>
    </p>
   </div>
   <div class='ocr_carea' id='block_1_36' title="bbox 546 3478 2132 3551">
    <p class='ocr_par' dir='ltr' id='par_1_36' title="bbox 546 3478 2132 3551">
     <span class='ocr_line' id='line_1_36' title="bbox 546 3478 2132 3551; baseline 0 -15"><span class='ocrx_word' id='word_1_288' title='bbox 546 3479 678 3536; x_wconf 87' lang='lat' dir='ltr'><strong>siste</strong></span> <span class='ocrx_word' id='word_1_289' title='bbox 705 3478 998 3536; x_wconf 67' lang='lat' dir='ltr'><strong>Manichaee</strong></span> <span class='ocrx_word' id='word_1_290' title='bbox 1022 3481 1220 3537; x_wconf 87' lang='lat' dir='ltr'><strong>dicenti</strong></span> <span class='ocrx_word' id='word_1_291' title='bbox 1253 3481 1308 3536; x_wconf 89' lang='lat' dir='ltr'><strong>in</strong></span> <span class='ocrx_word' id='word_1_292' title='bbox 1336 3480 1602 3536; x_wconf 85' lang='lat' dir='ltr'><strong>discordia</strong></span> <span class='ocrx_word' id='word_1_293' title='bbox 1630 3481 1807 3535; x_wconf 89' lang='lat' dir='ltr'><strong>carnis</strong></span> <span class='ocrx_word' id='word_1_294' title='bbox 1834 3490 1890 3535; x_wconf 90' lang='lat' dir='ltr'><strong>et</strong></span> <span class='ocrx_word' id='word_1_295' title='bbox 1915 3481 2132 3551; x_wconf 76' lang='lat' dir='ltr'><strong>Spiritus</strong></span> 
     </span>
    </p>
   </div>
   <div class='ocr_carea' id='block_1_37' title="bbox 544 3568 2131 3642">
    <p class='ocr_par' dir='ltr' id='par_1_37' title="bbox 544 3568 2131 3642">
     <span class='ocr_line' id='line_1_37' title="bbox 544 3568 2131 3642; baseline 0 -16"><span class='ocrx_word' id='word_1_296' title='bbox 544 3569 680 3627; x_wconf 89' lang='lat' dir='ltr'><strong>duas</strong></span> <span class='ocrx_word' id='word_1_297' title='bbox 709 3571 850 3627; x_wconf 92' lang='lat' dir='ltr'><strong>inter</strong></span> <span class='ocrx_word' id='word_1_298' title='bbox 875 3586 935 3627; x_wconf 88' lang='lat' dir='ltr'><strong>se</strong></span> <span class='ocrx_word' id='word_1_299' title='bbox 959 3572 1254 3631; x_wconf 87' lang='lat' dir='ltr'><strong>contrarias</strong></span> <span class='ocrx_word' id='word_1_300' title='bbox 1290 3568 1412 3627; x_wconf 91' lang='lat' dir='ltr'><strong>mali</strong></span> <span class='ocrx_word' id='word_1_301' title='bbox 1440 3580 1493 3628; x_wconf 91' lang='lat' dir='ltr'><strong>et</strong></span> <span class='ocrx_word' id='word_1_302' title='bbox 1520 3571 1644 3626; x_wconf 90' lang='lat' dir='ltr'><strong>boni</strong></span> <span class='ocrx_word' id='word_1_303' title='bbox 1677 3586 1937 3642; x_wconf 88' lang='lat' dir='ltr'><strong>apparere</strong></span> <span class='ocrx_word' id='word_1_304' title='bbox 1975 3579 2131 3626; x_wconf 86' lang='lat' dir='ltr'><strong>natu-</strong></span> 
     </span>
    </p>
   </div>
   <div class='ocr_carea' id='block_1_38' title="bbox 512 3660 2133 3734">
    <p class='ocr_par' dir='ltr' id='par_1_38' title="bbox 512 3660 2133 3734">
     <span class='ocr_line' id='line_1_38' title="bbox 512 3660 2133 3734; baseline 0 -16"><span class='ocrx_word' id='word_1_305' title='bbox 512 3675 651 3729; x_wconf 24' lang='lat' dir='ltr'><strong>‘I‘as.</strong></span> <span class='ocrx_word' id='word_1_306' title='bbox 676 3660 850 3718; x_wconf 87' lang='lat' dir='ltr'><strong>Unum</strong></span> <span class='ocrx_word' id='word_1_307' title='bbox 871 3671 955 3718; x_wconf 91' lang='lat' dir='ltr'><strong>est</strong></span> <span class='ocrx_word' id='word_1_308' title='bbox 974 3663 1118 3719; x_wconf 90' lang='lat' dir='ltr'><strong>enim</strong></span> <span class='ocrx_word' id='word_1_309' title='bbox 1143 3663 1282 3734; x_wconf 90' lang='lat' dir='ltr'><strong>quod</strong></span> <span class='ocrx_word' id='word_1_310' title='bbox 1308 3662 1747 3734; x_wconf 85' lang='lat' dir='ltr'><strong>respondeamus.</strong></span> <span class='ocrx_word' id='word_1_311' title='bbox 1773 3671 1828 3716; x_wconf 88' lang='lat' dir='ltr'><strong>ut</strong></span> <span class='ocrx_word' id='word_1_312' title='bbox 1849 3662 2014 3731; x_wconf 87' lang='lat' dir='ltr'><strong>pestis</strong></span> <span class='ocrx_word' id='word_1_313' title='bbox 2033 3663 2133 3718; x_wconf 89' lang='lat' dir='ltr'><strong>ista</strong></span> 
     </span>
    </p>
   </div>
   <div class='ocr_carea' id='block_1_39' title="bbox 538 3753 2129 3826">
    <p class='ocr_par' dir='ltr' id='par_1_39' title="bbox 538 3753 2129 3826">
     <span class='ocr_line' id='line_1_39' title="bbox 538 3753 2129 3826; baseline 0 -17"><span class='ocrx_word' id='word_1_314' title='bbox 538 3754 822 3821; x_wconf 73' lang='lat' dir='ltr'><strong>vincatur;</strong></span> <span class='ocrx_word' id='word_1_315' title='bbox 856 3753 995 3810; x_wconf 92' lang='lat' dir='ltr'><strong>hanc</strong></span> <span class='ocrx_word' id='word_1_316' title='bbox 1022 3756 1231 3811; x_wconf 86' lang='lat' dir='ltr'><strong>scilicet</strong></span> <span class='ocrx_word' id='word_1_317' title='bbox 1255 3755 1577 3811; x_wconf 89' lang='lat' dir='ltr'><strong>discordiam</strong></span> <span class='ocrx_word' id='word_1_318' title='bbox 1606 3770 1704 3826; x_wconf 89' lang='lat' dir='ltr'><strong>per</strong></span> <span class='ocrx_word' id='word_1_319' title='bbox 1732 3755 2129 3826; x_wconf 66' lang='lat' dir='ltr'><strong>praevaricatio-</strong></span> 
     </span>
    </p>
   </div>
   <div class='ocr_carea' id='block_1_40' title="bbox 541 3842 2133 3918">
    <p class='ocr_par' dir='ltr' id='par_1_40' title="bbox 541 3842 2133 3918">
     <span class='ocr_line' id='line_1_40' title="bbox 541 3842 2133 3918; baseline 0 -14"><span class='ocrx_word' id='word_1_320' title='bbox 541 3860 669 3904; x_wconf 79' lang='lat' dir='ltr'><strong>nem</strong></span> <span class='ocrx_word' id='word_1_321' title='bbox 693 3847 846 3918; x_wconf 90' lang='lat' dir='ltr'><strong>primi</strong></span> <span class='ocrx_word' id='word_1_322' title='bbox 870 3847 1103 3903; x_wconf 83' lang='lat' dir='ltr'><strong>hominis</strong></span> <span class='ocrx_word' id='word_1_323' title='bbox 1127 3848 1180 3903; x_wconf 89' lang='lat' dir='ltr'><strong>in</strong></span> <span class='ocrx_word' id='word_1_324' title='bbox 1203 3858 1438 3904; x_wconf 91' lang='lat' dir='ltr'><strong>nostram</strong></span> <span class='ocrx_word' id='word_1_325' title='bbox 1459 3850 1678 3905; x_wconf 80' lang='lat' dir='ltr'><strong>vertisse</strong></span> <span class='ocrx_word' id='word_1_326' title='bbox 1695 3858 1935 3904; x_wconf 89' lang='lat' dir='ltr'><strong>naturam</strong></span> <span class='ocrx_word' id='word_1_327' title='bbox 1958 3842 2133 3918; x_wconf 88' lang='lat' dir='ltr'><strong>:quod</strong></span> 
     </span>
    </p>
   </div>
   <div class='ocr_carea' id='block_1_41' title="bbox 546 3936 2132 4009">
    <p class='ocr_par' dir='ltr' id='par_1_41' title="bbox 546 3936 2132 4009">
     <span class='ocr_line' id='line_1_41' title="bbox 546 3936 2132 4009; baseline 0.002 -18"><span class='ocrx_word' id='word_1_328' title='bbox 546 3944 602 3991; x_wconf 89' lang='lat' dir='ltr'><strong>tu</strong></span> <span class='ocrx_word' id='word_1_329' title='bbox 630 3936 874 4008; x_wconf 86' lang='lat' dir='ltr'><strong>negando</strong></span> <span class='ocrx_word' id='word_1_330' title='bbox 901 3938 1111 3994; x_wconf 87' lang='lat' dir='ltr'><strong>conaris</strong></span> <span class='ocrx_word' id='word_1_331' title='bbox 1144 3947 1201 3994; x_wconf 90' lang='lat' dir='ltr'><strong>ut</strong></span> <span class='ocrx_word' id='word_1_332' title='bbox 1237 3937 1486 4003; x_wconf 82' lang='lat' dir='ltr'><strong>vincant;</strong></span> <span class='ocrx_word' id='word_1_333' title='bbox 1516 3938 1751 4009; x_wconf 87' lang='lat' dir='ltr'><strong>satisque</strong></span> <span class='ocrx_word' id='word_1_334' title='bbox 1776 3955 1827 3993; x_wconf 90' lang='lat' dir='ltr'><strong>m</strong></span> <span class='ocrx_word' id='word_1_335' title='bbox 1848 3939 2132 3994; x_wconf 65' lang='lat' dir='ltr'><strong>nnil&#39;estaris</strong></span> 
     </span>
    </p>
   </div>
   <div class='ocr_carea' id='block_1_42' title="bbox 538 4024 1986 4101">
    <p class='ocr_par' dir='ltr' id='par_1_42' title="bbox 538 4024 1986 4101">
     <span class='ocr_line' id='line_1_42' title="bbox 538 4024 1986 4101; baseline 0.001 -20"><span class='ocrx_word' id='word_1_336' title='bbox 538 4024 705 4101; x_wconf 60' lang='lat' dir='ltr'><strong>falsus</strong></span> <span class='ocrx_word' id='word_1_337' title='bbox 732 4027 1143 4084; x_wconf 69' lang='lat' dir='ltr'><strong>Manichaeorum</strong></span> <span class='ocrx_word' id='word_1_338' title='bbox 1173 4038 1533 4100; x_wconf 81' lang='lat' dir='ltr'><strong>oppugnatur,</strong></span> <span class='ocrx_word' id='word_1_339' title='bbox 1565 4040 1725 4084; x_wconf 74' lang='lat' dir='ltr'><strong>vertis</strong></span> <span class='ocrx_word' id='word_1_340' title='bbox 1755 4024 1986 4099; x_wconf 64' lang='lat' dir='ltr'><strong>z&#39;djutor.</strong></span> 
     </span>
    </p>
   </div>
   <div class='ocr_carea' id='block_1_43' title="bbox 610 4115 2128 4189">
    <p class='ocr_par' dir='ltr' id='par_1_43' title="bbox 610 4115 2128 4189">
     <span class='ocr_line' id='line_1_43' title="bbox 610 4115 2128 4189; baseline 0.002 -18"><span class='ocrx_word' id='word_1_341' title='bbox 610 4115 723 4171; x_wconf 79' lang='lat' dir='ltr'><strong>Vll.</strong></span> <span class='ocrx_word' id='word_1_342' title='bbox 762 4116 881 4173; x_wconf 71' lang='lat' dir='ltr'><strong>Jun.</strong></span> <span class='ocrx_word' id='word_1_343' title='bbox 921 4117 1119 4189; x_wconf 83' lang='lat' dir='ltr'><strong>Ingerit</strong></span> <span class='ocrx_word' id='word_1_344' title='bbox 1143 4119 1339 4189; x_wconf 87' lang='lat' dir='ltr'><strong>quippe</strong></span> <span class='ocrx_word' id='word_1_345' title='bbox 1377 4119 1627 4174; x_wconf 88' lang='lat' dir='ltr'><strong>omnibus</strong></span> <span class='ocrx_word' id='word_1_346' title='bbox 1665 4119 1942 4189; x_wconf 89' lang='lat' dir='ltr'><strong>scripturis</strong></span> <span class='ocrx_word' id='word_1_347' title='bbox 1986 4119 2128 4188; x_wconf 90' lang='lat' dir='ltr'><strong>suis,</strong></span> 
     </span>
    </p>
   </div>
   <div class='ocr_carea' id='block_1_44' title="bbox 537 4207 2130 4280">
    <p class='ocr_par' dir='ltr' id='par_1_44' title="bbox 537 4207 2130 4280">
     <span class='ocr_line' id='line_1_44' title="bbox 537 4207 2130 4280; baseline 0 -15"><span class='ocrx_word' id='word_1_348' title='bbox 537 4207 710 4265; x_wconf 77' lang='lat' dir='ltr'><strong>Adam</strong></span> <span class='ocrx_word' id='word_1_349' title='bbox 756 4218 917 4280; x_wconf 90' lang='lat' dir='ltr'><strong>atque</strong></span> <span class='ocrx_word' id='word_1_350' title='bbox 966 4210 1132 4264; x_wconf 81' lang='lat' dir='ltr'><strong>Evam</strong></span> <span class='ocrx_word' id='word_1_351' title='bbox 1179 4209 1350 4265; x_wconf 90' lang='lat' dir='ltr'><strong>bonos</strong></span> <span class='ocrx_word' id='word_1_352' title='bbox 1391 4218 1595 4264; x_wconf 89' lang='lat' dir='ltr'><strong>tantum</strong></span> <span class='ocrx_word' id='word_1_353' title='bbox 1640 4224 1672 4265; x_wconf 90' lang='lat' dir='ltr'><strong>a</strong></span> <span class='ocrx_word' id='word_1_354' title='bbox 1717 4209 1825 4265; x_wconf 88' lang='lat' dir='ltr'><strong>Deo</strong></span> <span class='ocrx_word' id='word_1_355' title='bbox 1862 4208 2130 4278; x_wconf 89' lang='lat' dir='ltr'><strong>conditos,</strong></span> 
     </span>
    </p>
   </div>
   <div class='ocr_carea' id='block_1_45' title="bbox 541 4299 2132 4372">
    <p class='ocr_par' dir='ltr' id='par_1_45' title="bbox 541 4299 2132 4372">
     <span class='ocr_line' id='line_1_45' title="bbox 541 4299 2132 4372; baseline 0.001 -17"><span class='ocrx_word' id='word_1_356' title='bbox 541 4299 596 4355; x_wconf 87' lang='lat' dir='ltr'><strong>id</strong></span> <span class='ocrx_word' id='word_1_357' title='bbox 645 4308 767 4367; x_wconf 87' lang='lat' dir='ltr'><strong>est,</strong></span> <span class='ocrx_word' id='word_1_358' title='bbox 815 4299 944 4355; x_wconf 92' lang='lat' dir='ltr'><strong>nulli</strong></span> <span class='ocrx_word' id='word_1_359' title='bbox 997 4300 1224 4355; x_wconf 88' lang='lat' dir='ltr'><strong>naturali</strong></span> <span class='ocrx_word' id='word_1_360' title='bbox 1262 4300 1472 4355; x_wconf 88' lang='lat' dir='ltr'><strong>crimini</strong></span> <span class='ocrx_word' id='word_1_361' title='bbox 1532 4300 1898 4370; x_wconf 91' lang='lat' dir='ltr'><strong>mancipatos,</strong></span> <span class='ocrx_word' id='word_1_362' title='bbox 1931 4315 2132 4372; x_wconf 83' lang='lat' dir='ltr'><strong>eosque</strong></span> 
     </span>
    </p>
   </div>
   <div class='ocr_carea' id='block_1_46' title="bbox 540 4389 2132 4461">
    <p class='ocr_par' dir='ltr' id='par_1_46' title="bbox 540 4389 2132 4461">
     <span class='ocr_line' id='line_1_46' title="bbox 540 4389 2132 4461; baseline 0.001 -17"><span class='ocrx_word' id='word_1_363' title='bbox 540 4389 708 4446; x_wconf 91' lang='lat' dir='ltr'><strong>libera</strong></span> <span class='ocrx_word' id='word_1_364' title='bbox 754 4389 1027 4446; x_wconf 88' lang='lat' dir='ltr'><strong>voluntate</strong></span> <span class='ocrx_word' id='word_1_365' title='bbox 1079 4405 1366 4460; x_wconf 86' lang='lat' dir='ltr'><strong>peccasse,</strong></span> <span class='ocrx_word' id='word_1_366' title='bbox 1425 4389 1520 4444; x_wconf 86' lang='lat' dir='ltr'><strong>sed</strong></span> <span class='ocrx_word' id='word_1_367' title='bbox 1569 4390 1640 4444; x_wconf 88' lang='lat' dir='ltr'><strong>ita</strong></span> <span class='ocrx_word' id='word_1_368' title='bbox 1695 4390 2012 4461; x_wconf 87' lang='lat' dir='ltr'><strong>granditer,</strong></span> <span class='ocrx_word' id='word_1_369' title='bbox 2071 4401 2132 4447; x_wconf 94' lang='lat' dir='ltr'><strong>ut</strong></span> 
     </span>
    </p>
   </div>
   <div class='ocr_carea' id='block_1_47' title="bbox 538 4466 2130 4538">
    <p class='ocr_par' dir='ltr' id='par_1_47' title="bbox 538 4466 2130 4538">
     <span class='ocr_line' id='line_1_47' title="bbox 538 4466 2130 4538; baseline 0.001 -2"><span class='ocrx_word' id='word_1_370' title='bbox 538 4482 718 4537; x_wconf 90' lang='lat' dir='ltr'><strong>omnia</strong></span> <span class='ocrx_word' id='word_1_371' title='bbox 748 4480 801 4536; x_wconf 92' lang='lat' dir='ltr'><strong>in</strong></span> <span class='ocrx_word' id='word_1_372' title='bbox 830 4492 1017 4536; x_wconf 88' lang='lat' dir='ltr'><strong>natura</strong></span> <span class='ocrx_word' id='word_1_373' title='bbox 1042 4495 1136 4537; x_wconf 90' lang='lat' dir='ltr'><strong>sua</strong></span> <span class='ocrx_word' id='word_1_374' title='bbox 1168 4479 1262 4535; x_wconf 91' lang='lat' dir='ltr'><strong>Dei</strong></span> <span class='ocrx_word' id='word_1_375' title='bbox 1292 4479 1529 4534; x_wconf 90' lang='lat' dir='ltr'><strong>instituta</strong></span> <span class='ocrx_word' id='word_1_376' title='bbox 1560 4479 1902 4538; x_wconf 50' lang='lat' dir='ltr'><strong>subruerent.</strong></span> <span class='ocrx_word' id='word_1_377' title='bbox 1941 4498 1961 4533; x_wconf 70' lang='grc' dir='ltr'><strong>α</strong></span> <span class='ocrx_word' id='word_1_378' title='bbox 1996 4466 2130 4537; x_wconf 79' lang='lat' dir='ltr'><strong>Illud</strong></span> 
     </span>
    </p>
   </div>
   <div class='ocr_carea' id='block_1_48' title="bbox 540 4572 2130 4646">
    <p class='ocr_par' dir='ltr' id='par_1_48' title="bbox 540 4572 2130 4646">
     <span class='ocr_line' id='line_1_48' title="bbox 540 4572 2130 4646; baseline 0.001 -17"><span class='ocrx_word' id='word_1_379' title='bbox 540 4573 722 4640; x_wconf 88' lang='lat' dir='ltr'><strong>enim,</strong></span> <span class='ocrx_word' id='word_1_380' title='bbox 773 4590 794 4625; x_wconf 75' lang='grc' dir='ltr'><strong><em>ι</em></strong></span> <span class='ocrx_word' id='word_1_381' title='bbox 844 4572 1055 4643; x_wconf 89' lang='lat' dir='ltr'><strong>inquit,</strong></span> <span class='ocrx_word' id='word_1_382' title='bbox 1120 4589 1142 4625; x_wconf 74' lang='grc' dir='ltr'>ι</span> <span class='ocrx_word' id='word_1_383' title='bbox 1195 4583 1475 4644; x_wconf 86' lang='lat' dir='ltr'><strong>peccatum</strong></span> <span class='ocrx_word' id='word_1_384' title='bbox 1528 4572 1681 4628; x_wconf 85' lang='lat' dir='ltr'><strong>valde</strong></span> <span class='ocrx_word' id='word_1_385' title='bbox 1730 4573 1903 4643; x_wconf 77' lang='lat' dir='ltr'><strong>majus</strong></span> <span class='ocrx_word' id='word_1_386' title='bbox 1966 4583 2130 4646; x_wconf 83' lang='lat' dir='ltr'><strong>atque</strong></span> 
     </span>
    </p>
   </div>
   <div class='ocr_carea' id='block_1_49' title="bbox 538 4648 2131 4733">
    <p class='ocr_par' dir='ltr' id='par_1_49' title="bbox 538 4648 2131 4733">
     <span class='ocr_line' id='line_1_49' title="bbox 538 4648 2131 4733; baseline 0.003 -18"><span class='ocrx_word' id='word_1_387' title='bbox 538 4662 698 4717; x_wconf 90' lang='lat' dir='ltr'><strong>altius</strong></span> <span class='ocrx_word' id='word_1_388' title='bbox 720 4648 964 4718; x_wconf 86' lang='lat' dir='ltr'><strong>diabolus</strong></span> <span class='ocrx_word' id='word_1_389' title='bbox 988 4661 1180 4730; x_wconf 87' lang='lat' dir='ltr'><strong>inlixit,</strong></span> <span class='ocrx_word' id='word_1_390' title='bbox 1206 4677 1367 4733; x_wconf 90' lang='lat' dir='ltr'><strong>quam</strong></span> <span class='ocrx_word' id='word_1_391' title='bbox 1397 4668 1523 4716; x_wconf 90' lang='lat' dir='ltr'><strong>sunt</strong></span> <span class='ocrx_word' id='word_1_392' title='bbox 1548 4662 1646 4718; x_wconf 89' lang='lat' dir='ltr'><strong>ista</strong></span> <span class='ocrx_word' id='word_1_393' title='bbox 1683 4660 1986 4718; x_wconf 90' lang='lat' dir='ltr'><strong>hominibus</strong></span> <span class='ocrx_word' id='word_1_394' title='bbox 2008 4673 2131 4720; x_wconf 87' lang='lat' dir='ltr'><strong>uota</strong></span> 
     </span>
    </p>
   </div>
   <div class='ocr_carea' id='block_1_50' title="bbox 540 4753 2134 4825">
    <p class='ocr_par' dir='ltr' id='par_1_50' title="bbox 540 4753 2134 4825">
     <span class='ocr_line' id='line_1_50' title="bbox 540 4753 2134 4825; baseline 0.002 -17"><span class='ocrx_word' id='word_1_395' title='bbox 540 4764 778 4825; x_wconf 87' lang='lat' dir='ltr'><strong>peccata.</strong></span> <span class='ocrx_word' id='word_1_396' title='bbox 814 4753 962 4810; x_wconf 89' lang='lat' dir='ltr'><strong>Unde</strong></span> <span class='ocrx_word' id='word_1_397' title='bbox 988 4755 1081 4809; x_wconf 89' lang='lat' dir='ltr'><strong>illo</strong></span> <span class='ocrx_word' id='word_1_398' title='bbox 1106 4769 1299 4825; x_wconf 90' lang='lat' dir='ltr'><strong>magno</strong></span> <span class='ocrx_word' id='word_1_399' title='bbox 1326 4754 1481 4825; x_wconf 89' lang='lat' dir='ltr'><strong>primi</strong></span> <span class='ocrx_word' id='word_1_400' title='bbox 1505 4755 1737 4809; x_wconf 85' lang='lat' dir='ltr'><strong>hominis</strong></span> <span class='ocrx_word' id='word_1_401' title='bbox 1767 4764 2008 4825; x_wconf 88' lang='lat' dir='ltr'><strong>peccato,</strong></span> <span class='ocrx_word' id='word_1_402' title='bbox 2037 4772 2134 4811; x_wconf 83' lang='lat' dir='ltr'><strong>na-</strong></span> 
     </span>
    </p>
   </div>
   <div class='ocr_carea' id='block_1_51' title="bbox 540 4842 2131 4912">
    <p class='ocr_par' dir='ltr' id='par_1_51' title="bbox 540 4842 2131 4912">
     <span class='ocr_line' id='line_1_51' title="bbox 540 4842 2131 4912; baseline 0.003 -15"><span class='ocrx_word' id='word_1_403' title='bbox 540 4851 658 4898; x_wconf 90' lang='lat' dir='ltr'><strong>tura</strong></span> <span class='ocrx_word' id='word_1_404' title='bbox 709 4842 780 4898; x_wconf 89' lang='lat' dir='ltr'><strong>ibi</strong></span> <span class='ocrx_word' id='word_1_405' title='bbox 828 4852 1009 4900; x_wconf 89' lang='lat' dir='ltr'><strong>nostra</strong></span> <span class='ocrx_word' id='word_1_406' title='bbox 1058 4845 1111 4898; x_wconf 91' lang='lat' dir='ltr'><strong>in</strong></span> <span class='ocrx_word' id='word_1_407' title='bbox 1142 4843 1378 4900; x_wconf 82' lang='lat' dir='ltr'><strong>deteritts</strong></span> <span class='ocrx_word' id='word_1_408' title='bbox 1417 4854 1764 4912; x_wconf 91' lang='lat' dir='ltr'><strong>commutata,</strong></span> <span class='ocrx_word' id='word_1_409' title='bbox 1810 4863 1916 4901; x_wconf 90' lang='lat' dir='ltr'><strong>non</strong></span> <span class='ocrx_word' id='word_1_410' title='bbox 1957 4848 2131 4902; x_wconf 85' lang='lat' dir='ltr'><strong>solum</strong></span> 
     </span>
    </p>
   </div>
   <div class='ocr_carea' id='block_1_52' title="bbox 539 4933 2125 5009">
    <p class='ocr_par' dir='ltr' id='par_1_52' title="bbox 539 4933 2125 5009">
     <span class='ocr_line' id='line_1_52' title="bbox 539 4933 2125 5009; baseline 0.004 -20"><span class='ocrx_word' id='word_1_411' title='bbox 539 4933 677 4989; x_wconf 83' lang='lat' dir='ltr'><strong>facta</strong></span> <span class='ocrx_word' id='word_1_412' title='bbox 706 4942 790 4991; x_wconf 89' lang='lat' dir='ltr'><strong>est</strong></span> <span class='ocrx_word' id='word_1_413' title='bbox 815 4936 1101 5006; x_wconf 77' lang='lat' dir='ltr'><strong>peccatrix,</strong></span> <span class='ocrx_word' id='word_1_414' title='bbox 1130 4951 1314 4991; x_wconf 86' lang='lat' dir='ltr'><strong>verum</strong></span> <span class='ocrx_word' id='word_1_415' title='bbox 1345 4936 1506 4991; x_wconf 87' lang='lat' dir='ltr'><strong>etiam</strong></span> <span class='ocrx_word' id='word_1_416' title='bbox 1532 4946 1753 5009; x_wconf 89' lang='lat' dir='ltr'><strong>generat</strong></span> <span class='ocrx_word' id='word_1_417' title='bbox 1779 4949 2125 5009; x_wconf 86' lang='lat' dir='ltr'><strong>peccatores;</strong></span> 
     </span>
    </p>
   </div>
   <div class='ocr_carea' id='block_1_53' title="bbox 539 5025 2131 5101">
    <p class='ocr_par' dir='ltr' id='par_1_53' title="bbox 539 5025 2131 5101">
     <span class='ocr_line' id='line_1_53' title="bbox 539 5025 2131 5101; baseline 0.003 -20"><span class='ocrx_word' id='word_1_418' title='bbox 539 5038 594 5081; x_wconf 91' lang='lat' dir='ltr'><strong>et</strong></span> <span class='ocrx_word' id='word_1_419' title='bbox 638 5035 815 5081; x_wconf 88' lang='lat' dir='ltr'><strong>tamen</strong></span> <span class='ocrx_word' id='word_1_420' title='bbox 837 5025 952 5096; x_wconf 90' lang='lat' dir='ltr'><strong>ipse</strong></span> <span class='ocrx_word' id='word_1_421' title='bbox 980 5027 1219 5097; x_wconf 87' lang='lat' dir='ltr'><strong>languor,</strong></span> <span class='ocrx_word' id='word_1_422' title='bbox 1259 5043 1366 5097; x_wconf 89' lang='lat' dir='ltr'><strong>quo</strong></span> <span class='ocrx_word' id='word_1_423' title='bbox 1396 5029 1533 5084; x_wconf 88' lang='lat' dir='ltr'><strong>bene</strong></span> <span class='ocrx_word' id='word_1_424' title='bbox 1556 5029 1767 5083; x_wconf 83' lang='lat' dir='ltr'><strong>vivendi</strong></span> <span class='ocrx_word' id='word_1_425' title='bbox 1800 5030 1972 5085; x_wconf 88' lang='lat' dir='ltr'><strong>virtus</strong></span> <span class='ocrx_word' id='word_1_426' title='bbox 2006 5046 2131 5101; x_wconf 86' lang='lat' dir='ltr'><strong>per-</strong></span> 
     </span>
    </p>
   </div>
   <div class='ocr_carea' id='block_1_54' title="bbox 542 5119 2129 5191">
    <p class='ocr_par' dir='ltr' id='par_1_54' title="bbox 542 5119 2129 5191">
     <span class='ocr_line' id='line_1_54' title="bbox 542 5119 2129 5191; baseline 0.003 -19"><span class='ocrx_word' id='word_1_427' title='bbox 542 5119 636 5185; x_wconf 92' lang='lat' dir='ltr'><strong>iit,</strong></span> <span class='ocrx_word' id='word_1_428' title='bbox 670 5135 774 5173; x_wconf 90' lang='lat' dir='ltr'><strong>non</strong></span> <span class='ocrx_word' id='word_1_429' title='bbox 805 5129 888 5175; x_wconf 91' lang='lat' dir='ltr'><strong>est</strong></span> <span class='ocrx_word' id='word_1_430' title='bbox 916 5128 1122 5185; x_wconf 86' lang='lat' dir='ltr'><strong>natura,</strong></span> <span class='ocrx_word' id='word_1_431' title='bbox 1158 5119 1252 5174; x_wconf 87' lang='lat' dir='ltr'><strong>sed</strong></span> <span class='ocrx_word' id='word_1_432' title='bbox 1282 5119 1491 5174; x_wconf 90' lang='lat' dir='ltr'><strong>vitium.</strong></span> <span class='ocrx_word' id='word_1_433' title='bbox 1519 5120 1650 5177; x_wconf 87' lang='lat' dir='ltr'><strong>lllud</strong></span> <span class='ocrx_word' id='word_1_434' title='bbox 1677 5135 1806 5190; x_wconf 86' lang='lat' dir='ltr'><strong>ergo</strong></span> <span class='ocrx_word' id='word_1_435' title='bbox 1830 5132 2129 5191; x_wconf 87' lang='lat' dir='ltr'><strong>peccatum,</strong></span> 
     </span>
    </p>
   </div>
   <div class='ocr_carea' id='block_1_55' title="bbox 542 5205 2127 5284">
    <p class='ocr_par' dir='ltr' id='par_1_55' title="bbox 542 5205 2127 5284">
     <span class='ocr_line' id='line_1_55' title="bbox 542 5205 2127 5284; baseline 0.001 -19"><span class='ocrx_word' id='word_1_436' title='bbox 542 5205 685 5281; x_wconf 92' lang='lat' dir='ltr'><strong>quod</strong></span> <span class='ocrx_word' id='word_1_437' title='bbox 717 5209 887 5280; x_wconf 90' lang='lat' dir='ltr'><strong>ipsum</strong></span> <span class='ocrx_word' id='word_1_438' title='bbox 931 5208 1200 5265; x_wconf 86' lang='lat' dir='ltr'><strong>hominem</strong></span> <span class='ocrx_word' id='word_1_439' title='bbox 1234 5210 1287 5264; x_wconf 95' lang='lat' dir='ltr'><strong>in</strong></span> <span class='ocrx_word' id='word_1_440' title='bbox 1332 5207 1578 5280; x_wconf 84' lang='lat' dir='ltr'><strong>paradiso</strong></span> <span class='ocrx_word' id='word_1_441' title='bbox 1609 5214 1832 5265; x_wconf 90' lang='lat' dir='ltr'><strong>mutavit</strong></span> <span class='ocrx_word' id='word_1_442' title='bbox 1870 5213 1921 5266; x_wconf 93' lang='lat' dir='ltr'><strong>iu</strong></span> <span class='ocrx_word' id='word_1_443' title='bbox 1955 5214 2127 5284; x_wconf 90' lang='lat' dir='ltr'><strong>pejus,</strong></span> 
     </span>
    </p>
   </div>
   <div class='ocr_carea' id='block_1_56' title="bbox 605 5383 2131 5455">
    <p class='ocr_par' dir='ltr' id='par_1_56' title="bbox 605 5383 2131 5455">
     <span class='ocr_line' id='line_1_56' title="bbox 605 5383 2131 5455; baseline 0.007 -20"><span class='ocrx_word' id='word_1_444' title='bbox 605 5389 623 5421; x_wconf 80' lang='grc' dir='ltr'><strong>ι</strong></span> <span class='ocrx_word' id='word_1_445' title='bbox 651 5389 952 5455; x_wconf 80' lang='lat' dir='ltr'><strong>_\’ignlertus,</strong></span> <span class='ocrx_word' id='word_1_446' title='bbox 976 5384 1129 5455; x_wconf 78' lang='lat' dir='ltr'><strong>ignita</strong></span> <span class='ocrx_word' id='word_1_447' title='bbox 1158 5383 1360 5455; x_wconf 72' lang='lat' dir='ltr'><strong>maligni</strong></span> <span class='ocrx_word' id='word_1_448' title='bbox 1388 5385 1678 5453; x_wconf 74' lang='lat' dir='ltr'><strong>exstinguit;</strong></span> <span class='ocrx_word' id='word_1_449' title='bbox 1716 5389 1914 5452; x_wconf 87' lang='lat' dir='ltr'><strong>omisso,</strong></span> <span class='ocrx_word' id='word_1_450' title='bbox 1941 5390 2131 5455; x_wconf 76' lang='lat' dir='ltr'><strong>jacula,</strong></span> 
     </span>
    </p>
   </div>
   <div class='ocr_carea' id='block_1_57' title="bbox 536 5448 1432 5515">
    <p class='ocr_par' dir='ltr' id='par_1_57' title="bbox 536 5448 1432 5515">
     <span class='ocr_line' id='line_1_57' title="bbox 536 5448 1432 5515; baseline -0.002 -16"><span class='ocrx_word' id='word_1_451' title='bbox 536 5448 667 5515; x_wconf 87' lang='lat' dir='ltr'><strong>quod</strong></span> <span class='ocrx_word' id='word_1_452' title='bbox 691 5448 755 5499; x_wconf 65' lang='lat' dir='ltr'><strong>e&#39;x</strong></span> <span class='ocrx_word' id='word_1_453' title='bbox 781 5448 1119 5515; x_wconf 76' lang='lat' dir='ltr'><strong>manuscriptis</strong></span> <span class='ocrx_word' id='word_1_454' title='bbox 1137 5448 1432 5499; x_wconf 74' lang='lat' dir='ltr'><strong>restituitur.</strong></span> 
     </span>
    </p>
   </div>
   <div class='ocr_carea' id='block_1_58' title="bbox 601 5509 1065 5569">
    <p class='ocr_par' dir='ltr' id='par_1_58' title="bbox 601 5509 1065 5569">
     <span class='ocr_line' id='line_1_58' title="bbox 601 5509 1065 5569; baseline 0 -11"><span class='ocrx_word' id='word_1_455' title='bbox 601 5514 621 5543; x_wconf 74' lang='grc' dir='ltr'>ι</span> <span class='ocrx_word' id='word_1_456' title='bbox 653 5517 704 5559; x_wconf 88' lang='lat' dir='ltr'><strong>tn</strong></span> <span class='ocrx_word' id='word_1_457' title='bbox 726 5517 853 5569; x_wconf 65' lang='lat' dir='ltr'><strong>Mss,</strong></span> <span class='ocrx_word' id='word_1_458' title='bbox 877 5509 1065 5560; x_wconf 80' lang='lat' dir='ltr'><strong>bonum.</strong></span> 
     </span>
    </p>
   </div>
   <div class='ocr_carea' id='block_1_59' title="bbox 602 5565 2137 5641">
    <p class='ocr_par' dir='ltr' id='par_1_59' title="bbox 602 5565 2137 5641">
     <span class='ocr_line' id='line_1_59' title="bbox 602 5565 2137 5641; baseline 0.007 -22"><span class='ocrx_word' id='word_1_459' title='bbox 602 5572 624 5604; x_wconf 85' lang='grc'><strong><em>³</em></strong></span> <span class='ocrx_word' id='word_1_460' title='bbox 656 5572 789 5641; x_wconf 67' lang='grc' dir='ltr'><strong>ξΔὶιὶ,</strong></span> <span class='ocrx_word' id='word_1_461' title='bbox 812 5565 993 5641; x_wconf 68' lang='lat' dir='ltr'><strong>contra</strong></span> <span class='ocrx_word' id='word_1_462' title='bbox 1020 5584 1101 5622; x_wconf 83' lang='lat' dir='ltr'><strong>vos</strong></span> <span class='ocrx_word' id='word_1_463' title='bbox 1128 5571 1294 5641; x_wconf 77' lang='lat' dir='ltr'><strong>etiam,</strong></span> <span class='ocrx_word' id='word_1_464' title='bbox 1325 5569 1440 5635; x_wconf 80' lang='lat' dir='ltr'><strong>quia</strong></span> <span class='ocrx_word' id='word_1_465' title='bbox 1469 5565 1619 5624; x_wconf 74' lang='lat' dir='ltr'><strong>libero</strong></span> <span class='ocrx_word' id='word_1_466' title='bbox 1649 5574 1893 5641; x_wconf 70' lang='lat' dir='ltr'><strong>arbitrio;</strong></span> <span class='ocrx_word' id='word_1_467' title='bbox 1929 5587 2137 5641; x_wconf 57' lang='lat' dir='ltr'><strong>prmter-</strong></span> 
     </span>
    </p>
   </div>
   <div class='ocr_carea' id='block_1_60' title="bbox 536 5633 2135 5702">
    <p class='ocr_par' dir='ltr' id='par_1_60' title="bbox 536 5633 2135 5702">
     <span class='ocr_line' id='line_1_60' title="bbox 536 5633 2135 5702; baseline 0.006 -20"><span class='ocrx_word' id='word_1_468' title='bbox 536 5634 699 5682; x_wconf 81' lang='lat' dir='ltr'><strong>missis</strong></span> <span class='ocrx_word' id='word_1_469' title='bbox 721 5635 903 5693; x_wconf 86' lang='lat' dir='ltr'><strong>verbis,</strong></span> <span class='ocrx_word' id='word_1_470' title='bbox 925 5639 1014 5694; x_wconf 82' lang='lat' dir='ltr'><strong>est,</strong></span> <span class='ocrx_word' id='word_1_471' title='bbox 1039 5642 1110 5688; x_wconf 80' lang='lat' dir='ltr'><strong>et.</strong></span> <span class='ocrx_word' id='word_1_472' title='bbox 1133 5633 1279 5696; x_wconf 83' lang='lat' dir='ltr'><strong>datis,</strong></span> <span class='ocrx_word' id='word_1_473' title='bbox 1297 5633 1408 5697; x_wconf 65' lang='lat' dir='ltr'><strong>qua:</strong></span> <span class='ocrx_word' id='word_1_474' title='bbox 1432 5647 1497 5684; x_wconf 87' lang='lat' dir='ltr'><strong>ex</strong></span> <span class='ocrx_word' id='word_1_475' title='bbox 1516 5640 1853 5702; x_wconf 82' lang='lat' dir='ltr'><strong>manuscriptis</strong></span> <span class='ocrx_word' id='word_1_476' title='bbox 1868 5633 2135 5692; x_wconf 73' lang='lat' dir='ltr'><strong>restituun-</strong></span> 
     </span>
    </p>
   </div>
   <div class='ocr_carea' id='block_1_61' title="bbox 1246 255 3225 327">
    <p class='ocr_par' dir='ltr' id='par_1_61' title="bbox 1246 255 3225 327">
     <span class='ocr_line' id='line_1_61' title="bbox 1246 255 3225 327; baseline -0.001 -6"><span class='ocrx_word' id='word_1_477' title='bbox 1246 257 1491 321; x_wconf 79' lang='lat' dir='ltr'><strong>OPERlS</strong></span> <span class='ocrx_word' id='word_1_478' title='bbox 1527 255 1935 317; x_wconf 68' lang='lat' dir='ltr'><strong>IMPERFECTI</strong></span> <span class='ocrx_word' id='word_1_479' title='bbox 1974 255 2250 313; x_wconf 68' lang='lat' dir='ltr'><strong>CONTRA</strong></span> <span class='ocrx_word' id='word_1_480' title='bbox 2291 257 2647 327; x_wconf 78' lang='lat' dir='ltr'><strong>JULl.\NU.\l,</strong></span> <span class='ocrx_word' id='word_1_481' title='bbox 2687 260 2746 318; x_wconf 89' lang='lat' dir='ltr'><strong>S.</strong></span> <span class='ocrx_word' id='word_1_482' title='bbox 2790 261 3154 320; x_wconf 61' lang='grc' dir='ltr'><strong>Αυουετικι</strong></span> <span class='ocrx_word' id='word_1_483' title='bbox 3218 302 3225 305; x_wconf 60' lang='grc' dir='ltr'><strong>τ</strong></span> 
     </span>
    </p>
   </div>
   <div class='ocr_carea' id='block_1_62' title="bbox 3708 271 3832 330">
    <p class='ocr_par' dir='ltr' id='par_1_62' title="bbox 3708 271 3832 330">
     <span class='ocr_line' id='line_1_62' title="bbox 3708 271 3832 330; baseline 0 -1"><span class='ocrx_word' id='word_1_484' title='bbox 3708 271 3832 330; x_wconf 71' lang='grc'><strong>1511</strong></span> 
     </span>
    </p>
   </div>
   <div class='ocr_carea' id='block_1_63' title="bbox 2262 375 3839 456">
    <p class='ocr_par' dir='ltr' id='par_1_63' title="bbox 2262 375 3839 456">
     <span class='ocr_line' id='line_1_63' title="bbox 2262 375 3839 456; baseline 0.009 -31"><span class='ocrx_word' id='word_1_485' title='bbox 2262 375 2382 445; x_wconf 87' lang='lat' dir='ltr'><strong>quia</strong></span> <span class='ocrx_word' id='word_1_486' title='bbox 2433 376 2599 431; x_wconf 91' lang='lat' dir='ltr'><strong>multo</strong></span> <span class='ocrx_word' id='word_1_487' title='bbox 2626 385 2709 432; x_wconf 91' lang='lat' dir='ltr'><strong>est</strong></span> <span class='ocrx_word' id='word_1_488' title='bbox 2749 379 3003 448; x_wconf 85' lang='lat' dir='ltr'><strong>grandius</strong></span> <span class='ocrx_word' id='word_1_489' title='bbox 3046 396 3200 452; x_wconf 88' lang='lat' dir='ltr'><strong>quam</strong></span> <span class='ocrx_word' id='word_1_490' title='bbox 3237 378 3478 452; x_wconf 73' lang='lat' dir='ltr'><strong>judicare</strong></span> <span class='ocrx_word' id='word_1_491' title='bbox 3517 397 3616 437; x_wconf 83' lang='lat' dir='ltr'><strong>nos</strong></span> <span class='ocrx_word' id='word_1_492' title='bbox 3657 400 3839 456; x_wconf 63' lang='lat' dir='ltr'><strong>possm</strong></span> 
     </span>
    </p>
   </div>
   <div class='ocr_carea' id='block_1_64' title="bbox 2262 465 3843 544">
    <p class='ocr_par' dir='ltr' id='par_1_64' title="bbox 2262 465 3843 544">
     <span class='ocr_line' id='line_1_64' title="bbox 2262 465 3843 544; baseline 0.008 -27"><span class='ocrx_word' id='word_1_493' title='bbox 2262 479 2401 531; x_wconf 89' lang='lat' dir='ltr'><strong>mus,</strong></span> <span class='ocrx_word' id='word_1_494' title='bbox 2426 465 2493 519; x_wconf 90' lang='lat' dir='ltr'><strong>ab</strong></span> <span class='ocrx_word' id='word_1_495' title='bbox 2513 466 2657 520; x_wconf 91' lang='lat' dir='ltr'><strong>omni</strong></span> <span class='ocrx_word' id='word_1_496' title='bbox 2683 478 2931 525; x_wconf 89' lang='lat' dir='ltr'><strong>nascente</strong></span> <span class='ocrx_word' id='word_1_497' title='bbox 2953 470 3314 539; x_wconf 74' lang='lat' dir='ltr'><strong>lmltilursUJe</strong></span> <span class='ocrx_word' id='word_1_498' title='bbox 3340 469 3552 544; x_wconf 78' lang='lat' dir='ltr'><strong>Nuptiis</strong></span> <span class='ocrx_word' id='word_1_499' title='bbox 3575 484 3623 528; x_wconf 79' lang='lat' dir='ltr'><strong>et</strong></span> <span class='ocrx_word' id='word_1_500' title='bbox 3652 474 3843 530; x_wconf 79' lang='lat' dir='ltr'><strong>Concu-</strong></span> 
     </span>
    </p>
   </div>
   <div class='ocr_carea' id='block_1_65' title="bbox 2259 552 3841 635">
    <p class='ocr_par' dir='ltr' id='par_1_65' title="bbox 2259 552 3841 635">
     <span class='ocr_line' id='line_1_65' title="bbox 2259 552 3841 635; baseline 0.008 -29"><span class='ocrx_word' id='word_1_501' title='bbox 2259 554 2536 625; x_wconf 85' lang='lat' dir='ltr'><strong>piscenlia,</strong></span> <span class='ocrx_word' id='word_1_502' title='bbox 2586 558 2676 612; x_wconf 87' lang='lat' dir='ltr'><strong>lib.</strong></span> <span class='ocrx_word' id='word_1_503' title='bbox 2715 552 2785 624; x_wconf 70' lang='grc'><strong>2,</strong></span> <span class='ocrx_word' id='word_1_504' title='bbox 2834 577 2921 613; x_wconf 85' lang='lat' dir='ltr'><strong>nn.</strong></span> <span class='ocrx_word' id='word_1_505' title='bbox 2968 561 3071 627; x_wconf 85' lang='lat'><strong>57,</strong></span> <span class='ocrx_word' id='word_1_506' title='bbox 3112 561 3223 631; x_wconf 83' lang='lat'><strong>58).</strong></span> <span class='ocrx_word' id='word_1_507' title='bbox 3275 563 3411 617; x_wconf 81' lang='lat' dir='ltr'><strong>Ecce</strong></span> <span class='ocrx_word' id='word_1_508' title='bbox 3447 578 3609 633; x_wconf 86' lang='lat' dir='ltr'><strong>quam</strong></span> <span class='ocrx_word' id='word_1_509' title='bbox 3661 567 3841 635; x_wconf 76' lang='lat' dir='ltr'><strong>aperte</strong></span> 
     </span>
    </p>
   </div>
   <div class='ocr_carea' id='block_1_66' title="bbox 2258 642 3841 722">
    <p class='ocr_par' dir='ltr' id='par_1_66' title="bbox 2258 642 3841 722">
     <span class='ocr_line' id='line_1_66' title="bbox 2258 642 3841 722; baseline 0.008 -23"><span class='ocrx_word' id='word_1_510' title='bbox 2258 642 2384 716; x_wconf 88' lang='lat' dir='ltr'><strong>quid</strong></span> <span class='ocrx_word' id='word_1_511' title='bbox 2413 648 2635 703; x_wconf 90' lang='lat' dir='ltr'><strong>sentiret</strong></span> <span class='ocrx_word' id='word_1_512' title='bbox 2676 650 2962 720; x_wconf 88' lang='lat' dir='ltr'><strong>exposuit:</strong></span> <span class='ocrx_word' id='word_1_513' title='bbox 2996 652 3192 719; x_wconf 89' lang='lat' dir='ltr'><strong>Primi,</strong></span> <span class='ocrx_word' id='word_1_514' title='bbox 3238 652 3440 722; x_wconf 90' lang='lat' dir='ltr'><strong>inquit,</strong></span> <span class='ocrx_word' id='word_1_515' title='bbox 3482 654 3558 709; x_wconf 90' lang='lat' dir='ltr'><strong>illi</strong></span> <span class='ocrx_word' id='word_1_516' title='bbox 3601 655 3841 711; x_wconf 83' lang='lat' dir='ltr'><strong>homines</strong></span> 
     </span>
    </p>
   </div>
   <div class='ocr_carea' id='block_1_67' title="bbox 2258 734 3836 813">
    <p class='ocr_par' dir='ltr' id='par_1_67' title="bbox 2258 734 3836 813">
     <span class='ocr_line' id='line_1_67' title="bbox 2258 734 3836 813; baseline 0.006 -22"><span class='ocrx_word' id='word_1_517' title='bbox 2258 734 2451 791; x_wconf 88' lang='lat' dir='ltr'><strong>bonam</strong></span> <span class='ocrx_word' id='word_1_518' title='bbox 2483 738 2713 795; x_wconf 89' lang='lat' dir='ltr'><strong>habuere</strong></span> <span class='ocrx_word' id='word_1_519' title='bbox 2741 750 3005 809; x_wconf 88' lang='lat' dir='ltr'><strong>naturam,</strong></span> <span class='ocrx_word' id='word_1_520' title='bbox 3034 742 3128 797; x_wconf 92' lang='lat' dir='ltr'><strong>sed</strong></span> <span class='ocrx_word' id='word_1_521' title='bbox 3153 752 3426 813; x_wconf 88' lang='lat' dir='ltr'><strong>peccatum</strong></span> <span class='ocrx_word' id='word_1_522' title='bbox 3455 754 3563 799; x_wconf 89' lang='lat' dir='ltr'><strong>tam</strong></span> <span class='ocrx_word' id='word_1_523' title='bbox 3583 745 3836 813; x_wconf 84' lang='lat' dir='ltr'><strong>immane,</strong></span> 
     </span>
    </p>
   </div>
   <div class='ocr_carea' id='block_1_68' title="bbox 2261 831 3841 906">
    <p class='ocr_par' dir='ltr' id='par_1_68' title="bbox 2261 831 3841 906">
     <span class='ocr_line' id='line_1_68' title="bbox 2261 831 3841 906; baseline 0.007 -24"><span class='ocrx_word' id='word_1_524' title='bbox 2261 836 2367 883; x_wconf 88' lang='lat' dir='ltr'><strong>tam</strong></span> <span class='ocrx_word' id='word_1_525' title='bbox 2399 831 2773 888; x_wconf 68' lang='lat' dir='ltr'><strong>inaestimabile</strong></span> <span class='ocrx_word' id='word_1_526' title='bbox 2817 844 3208 906; x_wconf 90' lang='lat' dir='ltr'><strong>perpetrarunt,</strong></span> <span class='ocrx_word' id='word_1_527' title='bbox 3248 844 3305 891; x_wconf 91' lang='lat' dir='ltr'><strong>ut</strong></span> <span class='ocrx_word' id='word_1_528' title='bbox 3328 837 3579 892; x_wconf 86' lang='lat' dir='ltr'><strong>virtutem</strong></span> <span class='ocrx_word' id='word_1_529' title='bbox 3607 837 3746 893; x_wconf 86' lang='lat' dir='ltr'><strong>bene</strong></span> <span class='ocrx_word' id='word_1_530' title='bbox 3768 834 3841 892; x_wconf 83' lang='lat' dir='ltr'><strong>vi-</strong></span> 
     </span>
    </p>
   </div>
   <div class='ocr_carea' id='block_1_69' title="bbox 2256 922 3840 1001">
    <p class='ocr_par' dir='ltr' id='par_1_69' title="bbox 2256 922 3840 1001">
     <span class='ocr_line' id='line_1_69' title="bbox 2256 922 3840 1001; baseline 0.006 -25"><span class='ocrx_word' id='word_1_531' title='bbox 2256 922 2413 978; x_wconf 89' lang='lat' dir='ltr'><strong>vendi</strong></span> <span class='ocrx_word' id='word_1_532' title='bbox 2468 924 2851 992; x_wconf 90' lang='lat' dir='ltr'><strong>interimerent,</strong></span> <span class='ocrx_word' id='word_1_533' title='bbox 2884 926 3038 983; x_wconf 90' lang='lat' dir='ltr'><strong>liberi</strong></span> <span class='ocrx_word' id='word_1_534' title='bbox 3074 928 3279 984; x_wconf 89' lang='lat' dir='ltr'><strong>arbitrii</strong></span> <span class='ocrx_word' id='word_1_535' title='bbox 3318 929 3497 986; x_wconf 90' lang='lat' dir='ltr'><strong>lumen</strong></span> <span class='ocrx_word' id='word_1_536' title='bbox 3539 931 3840 1001; x_wconf 80' lang='lat' dir='ltr'><strong>exstingue-</strong></span> 
     </span>
    </p>
   </div>
   <div class='ocr_carea' id='block_1_70' title="bbox 2255 1012 3835 1088">
    <p class='ocr_par' dir='ltr' id='par_1_70' title="bbox 2255 1012 3835 1088">
     <span class='ocr_line' id='line_1_70' title="bbox 2255 1012 3835 1088; baseline 0.006 -23"><span class='ocrx_word' id='word_1_537' title='bbox 2255 1016 2394 1080; x_wconf 85' lang='lat' dir='ltr'><strong>rc‘nt,</strong></span> <span class='ocrx_word' id='word_1_538' title='bbox 2422 1013 2660 1070; x_wconf 80' lang='lat' dir='ltr'><strong>lacerent</strong></span> <span class='ocrx_word' id='word_1_539' title='bbox 2686 1016 2735 1069; x_wconf 92' lang='lat' dir='ltr'><strong>in</strong></span> <span class='ocrx_word' id='word_1_540' title='bbox 2766 1016 3024 1087; x_wconf 88' lang='lat' dir='ltr'><strong>reliquum</strong></span> <span class='ocrx_word' id='word_1_541' title='bbox 3046 1012 3300 1088; x_wconf 86' lang='lat' dir='ltr'><strong>peccandi</strong></span> <span class='ocrx_word' id='word_1_542' title='bbox 3328 1018 3741 1086; x_wconf 83' lang='lat' dir='ltr'><strong>necessitatem;</strong></span> <span class='ocrx_word' id='word_1_543' title='bbox 3769 1034 3835 1077; x_wconf 92' lang='lat' dir='ltr'><strong>ne</strong></span> 
     </span>
    </p>
   </div>
   <div class='ocr_carea' id='block_1_71' title="bbox 2254 1102 3835 1178">
    <p class='ocr_par' dir='ltr' id='par_1_71' title="bbox 2254 1102 3835 1178">
     <span class='ocr_line' id='line_1_71' title="bbox 2254 1102 3835 1178; baseline 0.004 -19"><span class='ocrx_word' id='word_1_544' title='bbox 2254 1104 2341 1159; x_wconf 87' lang='lat' dir='ltr'><strong>cui</strong></span> <span class='ocrx_word' id='word_1_545' title='bbox 2367 1114 2508 1160; x_wconf 86' lang='lat' dir='ltr'><strong>esset</strong></span> <span class='ocrx_word' id='word_1_546' title='bbox 2531 1104 2783 1175; x_wconf 90' lang='lat' dir='ltr'><strong>possibile</strong></span> <span class='ocrx_word' id='word_1_547' title='bbox 2809 1102 2876 1162; x_wconf 91' lang='lat' dir='ltr'><strong>de</strong></span> <span class='ocrx_word' id='word_1_548' title='bbox 2895 1112 3077 1163; x_wconf 78' lang='lat' dir='ltr'><strong>ebrum</strong></span> <span class='ocrx_word' id='word_1_549' title='bbox 3104 1109 3270 1178; x_wconf 90' lang='lat' dir='ltr'><strong>stirpe</strong></span> <span class='ocrx_word' id='word_1_550' title='bbox 3293 1110 3556 1176; x_wconf 88' lang='lat' dir='ltr'><strong>nascenti,</strong></span> <span class='ocrx_word' id='word_1_551' title='bbox 3589 1111 3645 1164; x_wconf 91' lang='lat' dir='ltr'><strong>in</strong></span> <span class='ocrx_word' id='word_1_552' title='bbox 3675 1111 3835 1166; x_wconf 84' lang='lat' dir='ltr'><strong>virtu-</strong></span> 
     </span>
    </p>
   </div>
   <div class='ocr_carea' id='block_1_72' title="bbox 2255 1190 3831 1272">
    <p class='ocr_par' dir='ltr' id='par_1_72' title="bbox 2255 1190 3831 1272">
     <span class='ocr_line' id='line_1_72' title="bbox 2255 1190 3831 1272; baseline 0.008 -25"><span class='ocrx_word' id='word_1_553' title='bbox 2255 1194 2365 1248; x_wconf 89' lang='lat' dir='ltr'><strong>tum</strong></span> <span class='ocrx_word' id='word_1_554' title='bbox 2389 1194 2581 1250; x_wconf 90' lang='lat' dir='ltr'><strong>decora</strong></span> <span class='ocrx_word' id='word_1_555' title='bbox 2611 1190 2815 1267; x_wconf 78' lang='lat' dir='ltr'><strong>conari,</strong></span> <span class='ocrx_word' id='word_1_556' title='bbox 2846 1206 2900 1254; x_wconf 91' lang='lat' dir='ltr'><strong>et</strong></span> <span class='ocrx_word' id='word_1_557' title='bbox 2917 1197 3196 1255; x_wconf 89' lang='lat' dir='ltr'><strong>declinatis</strong></span> <span class='ocrx_word' id='word_1_558' title='bbox 3223 1198 3367 1256; x_wconf 88' lang='lat' dir='ltr'><strong>vitiis</strong></span> <span class='ocrx_word' id='word_1_559' title='bbox 3391 1210 3697 1272; x_wconf 88' lang='lat' dir='ltr'><strong>compotem</strong></span> <span class='ocrx_word' id='word_1_560' title='bbox 3721 1202 3831 1259; x_wconf 82' lang='lat' dir='ltr'><strong>ﬁeri</strong></span> 
     </span>
    </p>
   </div>
   <div class='ocr_carea' id='block_1_73' title="bbox 2252 1286 3577 1343">
    <p class='ocr_par' dir='ltr' id='par_1_73' title="bbox 2252 1286 3577 1343">
     <span class='ocr_line' id='line_1_73' title="bbox 2252 1286 3577 1343; baseline -0.002 -2"><span class='ocrx_word' id='word_1_561' title='bbox 2252 1286 2568 1343; x_wconf 88' lang='lat' dir='ltr'><strong>sanctitatis.</strong></span> <span class='ocrx_word' id='word_1_562' title='bbox 3560 1331 3577 1339; x_wconf 92' lang='lat'><strong>-</strong></span> 
     </span>
    </p>
   </div>
   <div class='ocr_carea' id='block_1_74' title="bbox 2325 1376 3828 1446">
    <p class='ocr_par' dir='ltr' id='par_1_74' title="bbox 2325 1376 3828 1446">
     <span class='ocr_line' id='line_1_74' title="bbox 2325 1376 3828 1446; baseline 0.006 -13"><span class='ocrx_word' id='word_1_563' title='bbox 2325 1381 2458 1436; x_wconf 78' lang='lat' dir='ltr'><strong>Auc.</strong></span> <span class='ocrx_word' id='word_1_564' title='bbox 2497 1379 2709 1435; x_wconf 77' lang='lat' dir='ltr'><strong>Videris</strong></span> <span class='ocrx_word' id='word_1_565' title='bbox 2739 1380 2853 1446; x_wconf 92' lang='lat' dir='ltr'><strong>tibi,</strong></span> <span class='ocrx_word' id='word_1_566' title='bbox 2882 1381 2969 1437; x_wconf 89' lang='lat' dir='ltr'><strong>vel</strong></span> <span class='ocrx_word' id='word_1_567' title='bbox 2998 1383 3523 1439; x_wconf 59' lang='lat' dir='ltr'><strong>etiam‘consortibus</strong></span> <span class='ocrx_word' id='word_1_568' title='bbox 3544 1383 3653 1439; x_wconf 86' lang='lat' dir='ltr'><strong>tuis</strong></span> <span class='ocrx_word' id='word_1_569' title='bbox 3677 1376 3828 1442; x_wconf 79' lang='lat' dir='ltr'><strong>Pela-</strong></span> 
     </span>
    </p>
   </div>
   <div class='ocr_carea' id='block_1_75' title="bbox 2250 1467 3827 1543">
    <p class='ocr_par' dir='ltr' id='par_1_75' title="bbox 2250 1467 3827 1543">
     <span class='ocr_line' id='line_1_75' title="bbox 2250 1467 3827 1543; baseline 0.005 -22"><span class='ocrx_word' id='word_1_570' title='bbox 2250 1467 2419 1538; x_wconf 85' lang='lat' dir='ltr'><strong>gianis</strong></span> <span class='ocrx_word' id='word_1_571' title='bbox 2442 1469 2639 1538; x_wconf 90' lang='lat' dir='ltr'><strong>aliquid</strong></span> <span class='ocrx_word' id='word_1_572' title='bbox 2670 1470 2849 1525; x_wconf 89' lang='lat' dir='ltr'><strong>dicere</strong></span> <span class='ocrx_word' id='word_1_573' title='bbox 2868 1513 2883 1538; x_wconf 91' lang='lat'><strong>,</strong></span> <span class='ocrx_word' id='word_1_574' title='bbox 2919 1486 3040 1526; x_wconf 91' lang='lat' dir='ltr'><strong>cum</strong></span> <span class='ocrx_word' id='word_1_575' title='bbox 3069 1473 3253 1527; x_wconf 82' lang='lat' dir='ltr'><strong>relicta</strong></span> <span class='ocrx_word' id='word_1_576' title='bbox 3283 1467 3607 1528; x_wconf 82' lang='lat' dir='ltr'><strong>auctoritate</strong></span> <span class='ocrx_word' id='word_1_577' title='bbox 3629 1473 3827 1543; x_wconf 84' lang='lat' dir='ltr'><strong>divina,</strong></span> 
     </span>
    </p>
   </div>
   <div class='ocr_carea' id='block_1_76' title="bbox 2248 1557 3833 1633">
    <p class='ocr_par' dir='ltr' id='par_1_76' title="bbox 2248 1557 3833 1633">
     <span class='ocr_line' id='line_1_76' title="bbox 2248 1557 3833 1633; baseline 0.004 -21"><span class='ocrx_word' id='word_1_578' title='bbox 2248 1557 2479 1613; x_wconf 90' lang='lat' dir='ltr'><strong>humana</strong></span> <span class='ocrx_word' id='word_1_579' title='bbox 2509 1560 2739 1615; x_wconf 88' lang='lat' dir='ltr'><strong>vanitate</strong></span> <span class='ocrx_word' id='word_1_580' title='bbox 2762 1560 2982 1632; x_wconf 89' lang='lat' dir='ltr'><strong>jactaris</strong></span> <span class='ocrx_word' id='word_1_581' title='bbox 3001 1602 3018 1628; x_wconf 95' lang='lat'><strong>,</strong></span> <span class='ocrx_word' id='word_1_582' title='bbox 3049 1573 3104 1617; x_wconf 92' lang='lat' dir='ltr'><strong>et</strong></span> <span class='ocrx_word' id='word_1_583' title='bbox 3127 1563 3682 1633; x_wconf 82' lang='lat' dir='ltr'><strong>argumentationibus</strong></span> <span class='ocrx_word' id='word_1_584' title='bbox 3716 1579 3833 1619; x_wconf 57' lang='lat' dir='ltr'><strong>eor.</strong></span> 
     </span>
    </p>
   </div>
   <div class='ocr_carea' id='block_1_77' title="bbox 2247 1648 3830 1721">
    <p class='ocr_par' dir='ltr' id='par_1_77' title="bbox 2247 1648 3830 1721">
     <span class='ocr_line' id='line_1_77' title="bbox 2247 1648 3830 1721; baseline 0.005 -19"><span class='ocrx_word' id='word_1_585' title='bbox 2247 1648 2331 1703; x_wconf 92' lang='lat' dir='ltr'><strong>dis</strong></span> <span class='ocrx_word' id='word_1_586' title='bbox 2360 1648 2433 1703; x_wconf 91' lang='lat' dir='ltr'><strong>tui</strong></span> <span class='ocrx_word' id='word_1_587' title='bbox 2460 1659 2759 1705; x_wconf 88' lang='lat' dir='ltr'><strong>sanctarum</strong></span> <span class='ocrx_word' id='word_1_588' title='bbox 2791 1650 3186 1721; x_wconf 86' lang='lat' dir='ltr'><strong>Scripturardm</strong></span> <span class='ocrx_word' id='word_1_589' title='bbox 3211 1653 3421 1708; x_wconf 84' lang='lat' dir='ltr'><strong>veritati</strong></span> <span class='ocrx_word' id='word_1_590' title='bbox 3450 1653 3755 1709; x_wconf 88' lang='lat' dir='ltr'><strong>adversaris</strong></span> <span class='ocrx_word' id='word_1_591' title='bbox 3776 1662 3830 1710; x_wconf 88' lang='lat' dir='ltr'><strong>et</strong></span> 
     </span>
    </p>
   </div>
   <div class='ocr_carea' id='block_1_78' title="bbox 2245 1734 3830 1815">
    <p class='ocr_par' dir='ltr' id='par_1_78' title="bbox 2245 1734 3830 1815">
     <span class='ocr_line' id='line_1_78' title="bbox 2245 1734 3830 1815; baseline 0.004 -20"><span class='ocrx_word' id='word_1_592' title='bbox 2245 1739 2530 1811; x_wconf 87' lang='lat' dir='ltr'><strong>obstrepis.</strong></span> <span class='ocrx_word' id='word_1_593' title='bbox 2573 1740 2704 1796; x_wconf 83' lang='lat' dir='ltr'><strong>Nam</strong></span> <span class='ocrx_word' id='word_1_594' title='bbox 2746 1740 2926 1813; x_wconf 79' lang='lat' dir='ltr'><strong>utique</strong></span> <span class='ocrx_word' id='word_1_595' title='bbox 2956 1743 2999 1798; x_wconf 92' lang='lat' dir='ltr'><strong>si</strong></span> <span class='ocrx_word' id='word_1_596' title='bbox 3039 1734 3331 1799; x_wconf 87' lang='lat' dir='ltr'><strong>christiano</strong></span> <span class='ocrx_word' id='word_1_597' title='bbox 3373 1752 3534 1815; x_wconf 89' lang='lat' dir='ltr'><strong>atque</strong></span> <span class='ocrx_word' id='word_1_598' title='bbox 3566 1745 3830 1802; x_wconf 85' lang='lat' dir='ltr'><strong>catholico</strong></span> 
     </span>
    </p>
   </div>
   <div class='ocr_carea' id='block_1_79' title="bbox 2245 1829 3827 1907">
    <p class='ocr_par' dir='ltr' id='par_1_79' title="bbox 2245 1829 3827 1907">
     <span class='ocr_line' id='line_1_79' title="bbox 2245 1829 3827 1907; baseline 0.003 -21"><span class='ocrx_word' id='word_1_599' title='bbox 2245 1832 2425 1887; x_wconf 84' lang='lat' dir='ltr'><strong>animo</strong></span> <span class='ocrx_word' id='word_1_600' title='bbox 2450 1829 2751 1889; x_wconf 86' lang='lat' dir='ltr'><strong>attenderes</strong></span> <span class='ocrx_word' id='word_1_601' title='bbox 2778 1834 2918 1906; x_wconf 85' lang='lat' dir='ltr'><strong>quod</strong></span> <span class='ocrx_word' id='word_1_602' title='bbox 2944 1835 3019 1889; x_wconf 92' lang='lat' dir='ltr'><strong>ait</strong></span> <span class='ocrx_word' id='word_1_603' title='bbox 3044 1834 3329 1905; x_wconf 79' lang='lat' dir='ltr'><strong>Apostolus</strong></span> <span class='ocrx_word' id='word_1_604' title='bbox 3350 1875 3365 1899; x_wconf 90' lang='lat'><strong>,</strong></span> <span class='ocrx_word' id='word_1_605' title='bbox 3405 1834 3605 1907; x_wconf 86' lang='lat' dir='ltr'><strong>Corpus</strong></span> <span class='ocrx_word' id='word_1_606' title='bbox 3629 1837 3827 1906; x_wconf 75' lang='lat' dir='ltr'><strong>quidem</strong></span> 
     </span>
    </p>
   </div>
   <div class='ocr_carea' id='block_1_80' title="bbox 2245 1922 3827 1998">
    <p class='ocr_par' dir='ltr' id='par_1_80' title="bbox 2245 1922 3827 1998">
     <span class='ocr_line' id='line_1_80' title="bbox 2245 1922 3827 1998; baseline 0.004 -22"><span class='ocrx_word' id='word_1_607' title='bbox 2245 1934 2499 1977; x_wconf 85' lang='lat' dir='ltr'><strong>mortuum</strong></span> <span class='ocrx_word' id='word_1_608' title='bbox 2524 1922 2597 1978; x_wconf 86' lang='lat' dir='ltr'><strong>est</strong></span> <span class='ocrx_word' id='word_1_609' title='bbox 2639 1934 2845 1996; x_wconf 81' lang='lat' dir='ltr'><strong>prapter</strong></span> <span class='ocrx_word' id='word_1_610' title='bbox 2873 1936 3166 1997; x_wconf 80' lang='lat' dir='ltr'><strong>peccatum;</strong></span> <span class='ocrx_word' id='word_1_611' title='bbox 3210 1925 3449 1996; x_wconf 78' lang='lat' dir='ltr'><strong>profecto</strong></span> <span class='ocrx_word' id='word_1_612' title='bbox 3494 1926 3827 1998; x_wconf 67' lang='lat' dir='ltr'><strong>intelligere!</strong></span> 
     </span>
    </p>
   </div>
   <div class='ocr_carea' id='block_1_81' title="bbox 2246 2014 3827 2088">
    <p class='ocr_par' dir='ltr' id='par_1_81' title="bbox 2246 2014 3827 2088">
     <span class='ocr_line' id='line_1_81' title="bbox 2246 2014 3827 2088; baseline 0.003 -19"><span class='ocrx_word' id='word_1_613' title='bbox 2246 2021 2351 2069; x_wconf 88' lang='lat' dir='ltr'><strong>tam</strong></span> <span class='ocrx_word' id='word_1_614' title='bbox 2376 2014 2648 2085; x_wconf 83' lang='lat' dir='ltr'><strong>granditer</strong></span> <span class='ocrx_word' id='word_1_615' title='bbox 2674 2030 2922 2086; x_wconf 91' lang='lat' dir='ltr'><strong>peccasse</strong></span> <span class='ocrx_word' id='word_1_616' title='bbox 2948 2015 3176 2087; x_wconf 90' lang='lat' dir='ltr'><strong>primum</strong></span> <span class='ocrx_word' id='word_1_617' title='bbox 3200 2016 3491 2083; x_wconf 89' lang='lat' dir='ltr'><strong>hominem,</strong></span> <span class='ocrx_word' id='word_1_618' title='bbox 3525 2026 3582 2072; x_wconf 89' lang='lat' dir='ltr'><strong>ut</strong></span> <span class='ocrx_word' id='word_1_619' title='bbox 3610 2032 3677 2073; x_wconf 88' lang='lat' dir='ltr'><strong>eo</strong></span> <span class='ocrx_word' id='word_1_620' title='bbox 3704 2033 3827 2088; x_wconf 81' lang='lat' dir='ltr'><strong>pec-</strong></span> 
     </span>
    </p>
   </div>
   <div class='ocr_carea' id='block_1_82' title="bbox 2242 2108 3832 2187">
    <p class='ocr_par' dir='ltr' id='par_1_82' title="bbox 2242 2108 3832 2187">
     <span class='ocr_line' id='line_1_82' title="bbox 2242 2108 3832 2187; baseline 0.003 -25"><span class='ocrx_word' id='word_1_621' title='bbox 2242 2115 2379 2173; x_wconf 87' lang='lat' dir='ltr'><strong>cato,</strong></span> <span class='ocrx_word' id='word_1_622' title='bbox 2413 2122 2518 2163; x_wconf 88' lang='lat' dir='ltr'><strong>non</strong></span> <span class='ocrx_word' id='word_1_623' title='bbox 2562 2108 2718 2164; x_wconf 92' lang='lat' dir='ltr'><strong>unius</strong></span> <span class='ocrx_word' id='word_1_624' title='bbox 2746 2108 2997 2175; x_wconf 88' lang='lat' dir='ltr'><strong>hominis,</strong></span> <span class='ocrx_word' id='word_1_625' title='bbox 3027 2108 3122 2163; x_wconf 91' lang='lat' dir='ltr'><strong>sed</strong></span> <span class='ocrx_word' id='word_1_626' title='bbox 3164 2109 3326 2164; x_wconf 90' lang='lat' dir='ltr'><strong>totius</strong></span> <span class='ocrx_word' id='word_1_627' title='bbox 3351 2109 3568 2180; x_wconf 85' lang='lat' dir='ltr'><strong>generis</strong></span> <span class='ocrx_word' id='word_1_628' title='bbox 3610 2109 3832 2187; x_wconf 75' lang='lat' dir='ltr'><strong>humani</strong></span> 
     </span>
    </p>
   </div>
   <div class='ocr_carea' id='block_1_83' title="bbox 2242 2194 3832 2271">
    <p class='ocr_par' dir='ltr' id='par_1_83' title="bbox 2242 2194 3832 2271">
     <span class='ocr_line' id='line_1_83' title="bbox 2242 2194 3832 2271; baseline 0.002 -16"><span class='ocrx_word' id='word_1_629' title='bbox 2242 2210 2442 2255; x_wconf 89' lang='lat' dir='ltr'><strong>mutata</strong></span> <span class='ocrx_word' id='word_1_630' title='bbox 2484 2210 2669 2255; x_wconf 89' lang='lat' dir='ltr'><strong>natura</strong></span> <span class='ocrx_word' id='word_1_631' title='bbox 2714 2216 2781 2256; x_wconf 86' lang='lat' dir='ltr'><strong>ex</strong></span> <span class='ocrx_word' id='word_1_632' title='bbox 2821 2194 3171 2271; x_wconf 89' lang='lat' dir='ltr'><strong>possibilitate</strong></span> <span class='ocrx_word' id='word_1_633' title='bbox 3210 2200 3625 2256; x_wconf 90' lang='lat' dir='ltr'><strong>immortalitatis</strong></span> <span class='ocrx_word' id='word_1_634' title='bbox 3654 2201 3712 2257; x_wconf 87' lang='lat' dir='ltr'><strong>in</strong></span> <span class='ocrx_word' id='word_1_635' title='bbox 3737 2217 3832 2258; x_wconf 79' lang='lat' dir='ltr'><strong>nc-</strong></span> 
     </span>
    </p>
   </div>
   <div class='ocr_carea' id='block_1_84' title="bbox 2241 2291 3831 2367">
    <p class='ocr_par' dir='ltr' id='par_1_84' title="bbox 2241 2291 3831 2367">
     <span class='ocr_line' id='line_1_84' title="bbox 2241 2291 3831 2367; baseline 0.001 -17"><span class='ocrx_word' id='word_1_636' title='bbox 2241 2293 2542 2350; x_wconf 87' lang='lat' dir='ltr'><strong>cessitatem</strong></span> <span class='ocrx_word' id='word_1_637' title='bbox 2569 2294 2755 2350; x_wconf 89' lang='lat' dir='ltr'><strong>mortis</strong></span> <span class='ocrx_word' id='word_1_638' title='bbox 2786 2294 2932 2367; x_wconf 86' lang='lat' dir='ltr'><strong>lapsa</strong></span> <span class='ocrx_word' id='word_1_639' title='bbox 2963 2294 3225 2349; x_wconf 87' lang='lat' dir='ltr'><strong>corruerit</strong></span> <span class='ocrx_word' id='word_1_640' title='bbox 3250 2311 3265 2348; x_wconf 93' lang='lat'><strong>:</strong></span> <span class='ocrx_word' id='word_1_641' title='bbox 3317 2294 3387 2349; x_wconf 87' lang='lat' dir='ltr'><strong>ita</strong></span> <span class='ocrx_word' id='word_1_642' title='bbox 3414 2303 3472 2349; x_wconf 92' lang='lat' dir='ltr'><strong>ut</strong></span> <span class='ocrx_word' id='word_1_643' title='bbox 3498 2291 3663 2349; x_wconf 88' lang='lat' dir='ltr'><strong>etiam</strong></span> <span class='ocrx_word' id='word_1_644' title='bbox 3697 2296 3718 2328; x_wconf 76' lang='grc'>⁸</span> <span class='ocrx_word' id='word_1_645' title='bbox 3742 2295 3831 2366; x_wconf 84' lang='lat' dir='ltr'><strong>qui</strong></span> 
     </span>
    </p>
   </div>
   <div class='ocr_carea' id='block_1_85' title="bbox 2240 2378 3830 2453">
    <p class='ocr_par' dir='ltr' id='par_1_85' title="bbox 2240 2378 3830 2453">
     <span class='ocr_line' id='line_1_85' title="bbox 2240 2378 3830 2453; baseline 0.001 -15"><span class='ocrx_word' id='word_1_646' title='bbox 2240 2391 2627 2438; x_wconf 89' lang='lat' dir='ltr'><strong>convertuntur</strong></span> <span class='ocrx_word' id='word_1_647' title='bbox 2653 2382 2718 2437; x_wconf 90' lang='lat' dir='ltr'><strong>ad</strong></span> <span class='ocrx_word' id='word_1_648' title='bbox 2746 2383 2936 2450; x_wconf 90' lang='lat' dir='ltr'><strong>Deum,</strong></span> <span class='ocrx_word' id='word_1_649' title='bbox 2987 2398 3082 2453; x_wconf 89' lang='lat' dir='ltr'><strong>per</strong></span> <span class='ocrx_word' id='word_1_650' title='bbox 3126 2390 3288 2437; x_wconf 88' lang='lat' dir='ltr'><strong>unum</strong></span> <span class='ocrx_word' id='word_1_651' title='bbox 3331 2382 3424 2438; x_wconf 90' lang='lat' dir='ltr'><strong>Dei</strong></span> <span class='ocrx_word' id='word_1_652' title='bbox 3466 2391 3521 2439; x_wconf 89' lang='lat' dir='ltr'><strong>et</strong></span> <span class='ocrx_word' id='word_1_653' title='bbox 3548 2378 3830 2439; x_wconf 79' lang='lat' dir='ltr'><strong>hominum</strong></span> 
     </span>
    </p>
   </div>
   <div class='ocr_carea' id='block_1_86' title="bbox 2240 2469 3830 2538">
    <p class='ocr_par' dir='ltr' id='par_1_86' title="bbox 2240 2469 3830 2538">
     <span class='ocr_line' id='line_1_86' title="bbox 2240 2469 3830 2538; baseline 0.001 -10"><span class='ocrx_word' id='word_1_654' title='bbox 2240 2472 2588 2529; x_wconf 87' lang='lat' dir='ltr'><strong>mediatorem</strong></span> <span class='ocrx_word' id='word_1_655' title='bbox 2616 2472 2886 2528; x_wconf 85' lang='lat' dir='ltr'><strong>hominem</strong></span> <span class='ocrx_word' id='word_1_656' title='bbox 2904 2470 3171 2529; x_wconf 89' lang='lat' dir='ltr'><strong>Christum</strong></span> <span class='ocrx_word' id='word_1_657' title='bbox 3202 2469 3409 2538; x_wconf 73' lang='lat' dir='ltr'><strong>Iesum,</strong></span> <span class='ocrx_word' id='word_1_658' title='bbox 3437 2489 3543 2528; x_wconf 92' lang='lat' dir='ltr'><strong>non</strong></span> <span class='ocrx_word' id='word_1_659' title='bbox 3573 2474 3830 2530; x_wconf 82' lang='lat' dir='ltr'><strong>continuo</strong></span> 
     </span>
    </p>
   </div>
   <div class='ocr_carea' id='block_1_87' title="bbox 2240 2554 3829 2637">
    <p class='ocr_par' dir='ltr' id='par_1_87' title="bbox 2240 2554 3829 2637">
     <span class='ocr_line' id='line_1_87' title="bbox 2240 2554 3829 2637; baseline 0.001 -17"><span class='ocrx_word' id='word_1_660' title='bbox 2240 2554 2692 2620; x_wconf 84' lang='lat' dir='ltr'><strong>immortalitatem</strong></span> <span class='ocrx_word' id='word_1_661' title='bbox 2737 2565 2983 2635; x_wconf 90' lang='lat' dir='ltr'><strong>corporis</strong></span> <span class='ocrx_word' id='word_1_662' title='bbox 3030 2573 3274 2632; x_wconf 90' lang='lat' dir='ltr'><strong>sumant;</strong></span> <span class='ocrx_word' id='word_1_663' title='bbox 3304 2564 3398 2620; x_wconf 91' lang='lat' dir='ltr'><strong>sed</strong></span> <span class='ocrx_word' id='word_1_664' title='bbox 3423 2566 3503 2621; x_wconf 86' lang='lat' dir='ltr'><strong>eis</strong></span> <span class='ocrx_word' id='word_1_665' title='bbox 3531 2578 3631 2636; x_wconf 86' lang='lat' dir='ltr'><strong>per</strong></span> <span class='ocrx_word' id='word_1_666' title='bbox 3658 2566 3829 2637; x_wconf 86' lang='lat' dir='ltr'><strong>Spiri-</strong></span> 
     </span>
    </p>
   </div>
   <div class='ocr_carea' id='block_1_88' title="bbox 2239 2652 3831 2726">
    <p class='ocr_par' dir='ltr' id='par_1_88' title="bbox 2239 2652 3831 2726">
     <span class='ocr_line' id='line_1_88' title="bbox 2239 2652 3831 2726; baseline 0.003 -17"><span class='ocrx_word' id='word_1_667' title='bbox 2239 2661 2352 2709; x_wconf 91' lang='lat' dir='ltr'><strong>tum</strong></span> <span class='ocrx_word' id='word_1_668' title='bbox 2384 2654 2498 2721; x_wconf 89' lang='lat' dir='ltr'><strong>Dei,</strong></span> <span class='ocrx_word' id='word_1_669' title='bbox 2541 2669 2649 2726; x_wconf 93' lang='lat' dir='ltr'><strong>quo</strong></span> <span class='ocrx_word' id='word_1_670' title='bbox 2673 2669 2813 2710; x_wconf 90' lang='lat' dir='ltr'><strong>nunc</strong></span> <span class='ocrx_word' id='word_1_671' title='bbox 2850 2654 3235 2723; x_wconf 86' lang='lat' dir='ltr'><strong>inhabitantur,</strong></span> <span class='ocrx_word' id='word_1_672' title='bbox 3258 2652 3431 2710; x_wconf 84' lang='lat' dir='ltr'><strong>danda</strong></span> <span class='ocrx_word' id='word_1_673' title='bbox 3460 2662 3645 2726; x_wconf 78' lang='lat' dir='ltr'><strong>pbstea</strong></span> <span class='ocrx_word' id='word_1_674' title='bbox 3688 2671 3831 2714; x_wconf 84' lang='lat' dir='ltr'><strong>nunc</strong></span> 
     </span>
    </p>
   </div>
   <div class='ocr_carea' id='block_1_89' title="bbox 2236 2745 3832 2819">
    <p class='ocr_par' dir='ltr' id='par_1_89' title="bbox 2236 2745 3832 2819">
     <span class='ocr_line' id='line_1_89' title="bbox 2236 2745 3832 2819; baseline 0.003 -19"><span class='ocrx_word' id='word_1_675' title='bbox 2236 2747 2596 2819; x_wconf 81' lang='lat' dir='ltr'><strong>promittatur.</strong></span> <span class='ocrx_word' id='word_1_676' title='bbox 2628 2745 2780 2815; x_wconf 80' lang='lat' dir='ltr'><strong>Quod</strong></span> <span class='ocrx_word' id='word_1_677' title='bbox 2811 2746 2952 2802; x_wconf 91' lang='lat' dir='ltr'><strong>idem</strong></span> <span class='ocrx_word' id='word_1_678' title='bbox 2974 2747 3253 2817; x_wconf 90' lang='lat' dir='ltr'><strong>apostolus</strong></span> <span class='ocrx_word' id='word_1_679' title='bbox 3280 2747 3470 2803; x_wconf 85' lang='lat' dir='ltr'><strong>eodem</strong></span> <span class='ocrx_word' id='word_1_680' title='bbox 3499 2748 3620 2803; x_wconf 90' lang='lat' dir='ltr'><strong>loco</strong></span> <span class='ocrx_word' id='word_1_681' title='bbox 3643 2749 3723 2804; x_wconf 88' lang='lat' dir='ltr'><strong>sic</strong></span> <span class='ocrx_word' id='word_1_682' title='bbox 3744 2764 3832 2804; x_wconf 81' lang='lat' dir='ltr'><strong>ex-</strong></span> 
     </span>
    </p>
   </div>
   <div class='ocr_carea' id='block_1_90' title="bbox 2237 2827 3829 2910">
    <p class='ocr_par' dir='ltr' id='par_1_90' title="bbox 2237 2827 3829 2910">
     <span class='ocr_line' id='line_1_90' title="bbox 2237 2827 3829 2910; baseline 0.001 -18"><span class='ocrx_word' id='word_1_683' title='bbox 2237 2838 2398 2910; x_wconf 89' lang='lat' dir='ltr'><strong>plicat</strong></span> <span class='ocrx_word' id='word_1_684' title='bbox 2422 2854 2437 2892; x_wconf 89' lang='lat'><strong>:</strong></span> <span class='ocrx_word' id='word_1_685' title='bbox 2470 2837 2533 2894; x_wconf 87' lang='lat' dir='ltr'><strong>Si</strong></span> <span class='ocrx_word' id='word_1_686' title='bbox 2560 2839 2690 2908; x_wconf 86' lang='lat' dir='ltr'><strong>quis,</strong></span> <span class='ocrx_word' id='word_1_687' title='bbox 2719 2836 2908 2908; x_wconf 82' lang='lat' dir='ltr'><strong>inquit,</strong></span> <span class='ocrx_word' id='word_1_688' title='bbox 2933 2827 3187 2908; x_wconf 80' lang='lat' dir='ltr'><strong>Spiritum</strong></span> <span class='ocrx_word' id='word_1_689' title='bbox 3210 2830 3401 2893; x_wconf 79' lang='lat' dir='ltr'><strong>Christi</strong></span> <span class='ocrx_word' id='word_1_690' title='bbox 3426 2854 3526 2893; x_wconf 84' lang='lat' dir='ltr'><strong>non</strong></span> <span class='ocrx_word' id='word_1_691' title='bbox 3548 2839 3717 2904; x_wconf 80' lang='lat' dir='ltr'><strong>habet,</strong></span> <span class='ocrx_word' id='word_1_692' title='bbox 3747 2841 3829 2894; x_wconf 69' lang='lat' dir='ltr'><strong>hic</strong></span> 
     </span>
    </p>
   </div>
   <div class='ocr_carea' id='block_1_91' title="bbox 2236 2923 3827 3003">
    <p class='ocr_par' dir='ltr' id='par_1_91' title="bbox 2236 2923 3827 3003">
     <span class='ocr_line' id='line_1_91' title="bbox 2236 2923 3827 3003; baseline 0 -18"><span class='ocrx_word' id='word_1_693' title='bbox 2236 2947 2338 2985; x_wconf 86' lang='lat' dir='ltr'><strong>non</strong></span> <span class='ocrx_word' id='word_1_694' title='bbox 2366 2940 2437 2986; x_wconf 83' lang='lat' dir='ltr'><strong>est</strong></span> <span class='ocrx_word' id='word_1_695' title='bbox 2462 2930 2589 3003; x_wconf 84' lang='lat' dir='ltr'><strong>ejus.</strong></span> <span class='ocrx_word' id='word_1_696' title='bbox 2637 2923 2700 2986; x_wconf 86' lang='lat' dir='ltr'><strong>Si</strong></span> <span class='ocrx_word' id='word_1_697' title='bbox 2739 2930 2907 2984; x_wconf 60' lang='lat' dir='ltr'><strong>autem</strong></span> <span class='ocrx_word' id='word_1_698' title='bbox 2950 2928 3181 2984; x_wconf 80' lang='lat' dir='ltr'><strong>Christus</strong></span> <span class='ocrx_word' id='word_1_699' title='bbox 3218 2930 3273 2984; x_wconf 82' lang='lat' dir='ltr'><strong>in</strong></span> <span class='ocrx_word' id='word_1_700' title='bbox 3316 2930 3455 2984; x_wconf 77' lang='lat' dir='ltr'><strong>vobis</strong></span> <span class='ocrx_word' id='word_1_701' title='bbox 3493 2940 3589 2995; x_wconf 81' lang='lat' dir='ltr'><strong>est,</strong></span> <span class='ocrx_word' id='word_1_702' title='bbox 3640 2941 3827 3001; x_wconf 61' lang='lat' dir='ltr'><strong>corpus</strong></span> 
     </span>
    </p>
   </div>
   <div class='ocr_carea' id='block_1_92' title="bbox 2235 3019 3828 3092">
    <p class='ocr_par' dir='ltr' id='par_1_92' title="bbox 2235 3019 3828 3092">
     <span class='ocr_line' id='line_1_92' title="bbox 2235 3019 3828 3092; baseline 0 -17"><span class='ocrx_word' id='word_1_703' title='bbox 2235 3019 2437 3092; x_wconf 82' lang='lat' dir='ltr'><strong>quidem</strong></span> <span class='ocrx_word' id='word_1_704' title='bbox 2474 3029 2729 3076; x_wconf 78' lang='lat' dir='ltr'><strong>mortuum</strong></span> <span class='ocrx_word' id='word_1_705' title='bbox 2766 3031 2838 3075; x_wconf 87' lang='lat' dir='ltr'><strong>est</strong></span> <span class='ocrx_word' id='word_1_706' title='bbox 2864 3030 3073 3092; x_wconf 84' lang='lat' dir='ltr'><strong>propter</strong></span> <span class='ocrx_word' id='word_1_707' title='bbox 3102 3029 3386 3092; x_wconf 82' lang='lat' dir='ltr'><strong>peccatum,</strong></span> <span class='ocrx_word' id='word_1_708' title='bbox 3414 3020 3627 3092; x_wconf 74' lang='lat' dir='ltr'><strong>spiritus</strong></span> <span class='ocrx_word' id='word_1_709' title='bbox 3657 3030 3828 3076; x_wconf 73' lang='lat' dir='ltr'><strong>autem</strong></span> 
     </span>
    </p>
   </div>
   <div class='ocr_carea' id='block_1_93' title="bbox 2235 3104 3829 3186">
    <p class='ocr_par' dir='ltr' id='par_1_93' title="bbox 2235 3104 3829 3186">
     <span class='ocr_line' id='line_1_93' title="bbox 2235 3104 3829 3186; baseline 0.001 -19"><span class='ocrx_word' id='word_1_710' title='bbox 2235 3114 2336 3168; x_wconf 75' lang='lat' dir='ltr'><strong>vita</strong></span> <span class='ocrx_word' id='word_1_711' title='bbox 2351 3122 2424 3168; x_wconf 84' lang='lat' dir='ltr'><strong>est</strong></span> <span class='ocrx_word' id='word_1_712' title='bbox 2444 3118 2647 3183; x_wconf 83' lang='lat' dir='ltr'><strong>propter</strong></span> <span class='ocrx_word' id='word_1_713' title='bbox 2651 3104 2927 3184; x_wconf 72' lang='lat' dir='ltr'><strong>justitiam.</strong></span> <span class='ocrx_word' id='word_1_714' title='bbox 2953 3113 3013 3170; x_wconf 88' lang='lat' dir='ltr'><strong>Si</strong></span> <span class='ocrx_word' id='word_1_715' title='bbox 3032 3129 3152 3185; x_wconf 83' lang='lat' dir='ltr'><strong>ergo</strong></span> <span class='ocrx_word' id='word_1_716' title='bbox 3172 3112 3398 3185; x_wconf 87' lang='lat' dir='ltr'><strong>Spiritus</strong></span> <span class='ocrx_word' id='word_1_717' title='bbox 3422 3114 3534 3184; x_wconf 70' lang='lat' dir='ltr'><strong>ejus</strong></span> <span class='ocrx_word' id='word_1_718' title='bbox 3562 3115 3651 3186; x_wconf 86' lang='lat' dir='ltr'><strong>qui</strong></span> <span class='ocrx_word' id='word_1_719' title='bbox 3667 3115 3829 3169; x_wconf 75' lang='lat' dir='ltr'><strong>susci-</strong></span> 
     </span>
    </p>
   </div>
   <div class='ocr_carea' id='block_1_94' title="bbox 2235 3188 3828 3276">
    <p class='ocr_par' dir='ltr' id='par_1_94' title="bbox 2235 3188 3828 3276">
     <span class='ocr_line' id='line_1_94' title="bbox 2235 3188 3828 3276; baseline 0.001 -16"><span class='ocrx_word' id='word_1_720' title='bbox 2235 3206 2356 3260; x_wconf 79' lang='lat' dir='ltr'><strong>tavit</strong></span> <span class='ocrx_word' id='word_1_721' title='bbox 2389 3198 2564 3260; x_wconf 68' lang='lat' dir='ltr'><strong>Iesum</strong></span> <span class='ocrx_word' id='word_1_722' title='bbox 2588 3222 2654 3259; x_wconf 77' lang='lat' dir='ltr'><strong>ea:</strong></span> <span class='ocrx_word' id='word_1_723' title='bbox 2676 3206 2887 3260; x_wconf 85' lang='lat' dir='ltr'><strong>mortuis</strong></span> <span class='ocrx_word' id='word_1_724' title='bbox 2905 3246 2920 3273; x_wconf 93' lang='lat'><strong>,</strong></span> <span class='ocrx_word' id='word_1_725' title='bbox 2951 3205 3144 3259; x_wconf 82' lang='lat' dir='ltr'><strong>habitat</strong></span> <span class='ocrx_word' id='word_1_726' title='bbox 3173 3205 3225 3259; x_wconf 85' lang='lat' dir='ltr'><strong>in</strong></span> <span class='ocrx_word' id='word_1_727' title='bbox 3256 3205 3429 3270; x_wconf 82' lang='lat' dir='ltr'><strong>vobis;</strong></span> <span class='ocrx_word' id='word_1_728' title='bbox 3455 3206 3540 3276; x_wconf 83' lang='lat' dir='ltr'><strong>qui</strong></span> <span class='ocrx_word' id='word_1_729' title='bbox 3562 3188 3828 3261; x_wconf 43' lang='lat' dir='ltr'><strong>su‘scitas‘it</strong></span> 
     </span>
    </p>
   </div>
   <div class='ocr_carea' id='block_1_95' title="bbox 2238 3287 3834 3375">
    <p class='ocr_par' dir='ltr' id='par_1_95' title="bbox 2238 3287 3834 3375">
     <span class='ocr_line' id='line_1_95' title="bbox 2238 3287 3834 3375; baseline 0 -24"><span class='ocrx_word' id='word_1_730' title='bbox 2238 3287 2418 3351; x_wconf 69' lang='lat' dir='ltr'><strong>Iesum</strong></span> <span class='ocrx_word' id='word_1_731' title='bbox 2453 3294 2712 3351; x_wconf 85' lang='lat' dir='ltr'><strong>Christum</strong></span> <span class='ocrx_word' id='word_1_732' title='bbox 2745 3313 2777 3350; x_wconf 92' lang='lat' dir='ltr'><strong>a</strong></span> <span class='ocrx_word' id='word_1_733' title='bbox 2811 3297 3045 3363; x_wconf 84' lang='lat' dir='ltr'><strong>mortuis,</strong></span> <span class='ocrx_word' id='word_1_734' title='bbox 3077 3295 3345 3365; x_wconf 78' lang='lat' dir='ltr'><strong>viriﬁcabit</strong></span> <span class='ocrx_word' id='word_1_735' title='bbox 3382 3304 3433 3350; x_wconf 83' lang='lat' dir='ltr'><strong>et</strong></span> <span class='ocrx_word' id='word_1_736' title='bbox 3454 3296 3697 3375; x_wconf 77' lang='lat' dir='ltr'><strong>mortalia</strong></span> <span class='ocrx_word' id='word_1_737' title='bbox 3721 3313 3834 3350; x_wconf 76' lang='lat' dir='ltr'><strong>cor-</strong></span> 
     </span>
    </p>
   </div>
   <div class='ocr_carea' id='block_1_96' title="bbox 2235 3383 3833 3459">
    <p class='ocr_par' dir='ltr' id='par_1_96' title="bbox 2235 3383 3833 3459">
     <span class='ocr_line' id='line_1_96' title="bbox 2235 3383 3833 3459; baseline 0 -18"><span class='ocrx_word' id='word_1_738' title='bbox 2235 3403 2362 3459; x_wconf 86' lang='lat' dir='ltr'><strong>pora</strong></span> <span class='ocrx_word' id='word_1_739' title='bbox 2406 3397 2571 3442; x_wconf 79' lang='lat' dir='ltr'><strong>vestra</strong></span> <span class='ocrx_word' id='word_1_740' title='bbox 2610 3403 2702 3457; x_wconf 82' lang='lat' dir='ltr'><strong>per</strong></span> <span class='ocrx_word' id='word_1_741' title='bbox 2744 3386 3107 3441; x_wconf 83' lang='lat' dir='ltr'><strong>inhabitantem</strong></span> <span class='ocrx_word' id='word_1_742' title='bbox 3145 3383 3398 3456; x_wconf 88' lang='lat' dir='ltr'><strong>Spiritum</strong></span> <span class='ocrx_word' id='word_1_743' title='bbox 3433 3386 3548 3455; x_wconf 70' lang='lat' dir='ltr'><strong>eius</strong></span> <span class='ocrx_word' id='word_1_744' title='bbox 3594 3386 3650 3440; x_wconf 82' lang='lat' dir='ltr'><strong>in</strong></span> <span class='ocrx_word' id='word_1_745' title='bbox 3694 3385 3833 3441; x_wconf 61' lang='lat' dir='ltr'><strong>vehis</strong></span> 
     </span>
    </p>
   </div>
   <div class='ocr_carea' id='block_1_97' title="bbox 2236 3472 3832 3549">
    <p class='ocr_par' dir='ltr' id='par_1_97' title="bbox 2236 3472 3832 3549">
     <span class='ocr_line' id='line_1_97' title="bbox 2236 3472 3832 3549; baseline 0.001 -18"><span class='ocrx_word' id='word_1_746' title='bbox 2236 3472 2414 3549; x_wconf 83' lang='lat' dir='ltr'><strong>(Rom.</strong></span> <span class='ocrx_word' id='word_1_747' title='bbox 2442 3493 2555 3544; x_wconf 86' lang='lat' dir='ltr'><strong>vnt,</strong></span> <span class='ocrx_word' id='word_1_748' title='bbox 2587 3474 2761 3549; x_wconf 82' lang='lat' dir='ltr'><strong>9-H).</strong></span> <span class='ocrx_word' id='word_1_749' title='bbox 2788 3476 3000 3547; x_wconf 90' lang='lat' dir='ltr'><strong>Corpus</strong></span> <span class='ocrx_word' id='word_1_750' title='bbox 3024 3491 3153 3547; x_wconf 90' lang='lat' dir='ltr'><strong>ergo</strong></span> <span class='ocrx_word' id='word_1_751' title='bbox 3192 3484 3460 3531; x_wconf 90' lang='lat' dir='ltr'><strong>mortuum</strong></span> <span class='ocrx_word' id='word_1_752' title='bbox 3497 3485 3583 3531; x_wconf 89' lang='lat' dir='ltr'><strong>est</strong></span> <span class='ocrx_word' id='word_1_753' title='bbox 3610 3485 3832 3549; x_wconf 73' lang='lat' dir='ltr'><strong>propter</strong></span> 
     </span>
    </p>
   </div>
   <div class='ocr_carea' id='block_1_98' title="bbox 2234 3565 3832 3638">
    <p class='ocr_par' dir='ltr' id='par_1_98' title="bbox 2234 3565 3832 3638">
     <span class='ocr_line' id='line_1_98' title="bbox 2234 3565 3832 3638; baseline -0.001 -16"><span class='ocrx_word' id='word_1_754' title='bbox 2234 3576 2542 3638; x_wconf 89' lang='lat' dir='ltr'><strong>peccatum;</strong></span> <span class='ocrx_word' id='word_1_755' title='bbox 2570 3567 2819 3637; x_wconf 89' lang='lat' dir='ltr'><strong>quoniam</strong></span> <span class='ocrx_word' id='word_1_756' title='bbox 2857 3566 3228 3622; x_wconf 90' lang='lat' dir='ltr'><strong>necessitatem</strong></span> <span class='ocrx_word' id='word_1_757' title='bbox 3257 3566 3445 3620; x_wconf 86' lang='lat' dir='ltr'><strong>mortis</strong></span> <span class='ocrx_word' id='word_1_758' title='bbox 3472 3565 3637 3621; x_wconf 85' lang='lat' dir='ltr'><strong>etiam</strong></span> <span class='ocrx_word' id='word_1_759' title='bbox 3667 3567 3727 3620; x_wconf 84' lang='lat' dir='ltr'><strong>in</strong></span> <span class='ocrx_word' id='word_1_760' title='bbox 3755 3565 3832 3620; x_wconf 63' lang='lat' dir='ltr'><strong>vi.</strong></span> 
     </span>
    </p>
   </div>
   <div class='ocr_carea' id='block_1_99' title="bbox 2233 3640 3832 3726">
    <p class='ocr_par' dir='ltr' id='par_1_99' title="bbox 2233 3640 3832 3726">
     <span class='ocr_line' id='line_1_99' title="bbox 2233 3640 3832 3726; baseline -0.001 -14"><span class='ocrx_word' id='word_1_761' title='bbox 2233 3640 2482 3712; x_wconf 86' lang='lat' dir='ltr'><strong>ventibus</strong></span> <span class='ocrx_word' id='word_1_762' title='bbox 2508 3656 2688 3713; x_wconf 86' lang='lat' dir='ltr'><strong>habet.</strong></span> <span class='ocrx_word' id='word_1_763' title='bbox 2715 3656 2865 3726; x_wconf 82' lang='lat' dir='ltr'><strong>Quod</strong></span> <span class='ocrx_word' id='word_1_764' title='bbox 2896 3666 3074 3711; x_wconf 89' lang='lat' dir='ltr'><strong>autem</strong></span> <span class='ocrx_word' id='word_1_765' title='bbox 3103 3665 3400 3726; x_wconf 84' lang='lat' dir='ltr'><strong>peccatum,</strong></span> <span class='ocrx_word' id='word_1_766' title='bbox 3423 3656 3524 3710; x_wconf 86' lang='lat' dir='ltr'><strong>nisi</strong></span> <span class='ocrx_word' id='word_1_767' title='bbox 3545 3656 3712 3726; x_wconf 88' lang='lat' dir='ltr'><strong>primi</strong></span> <span class='ocrx_word' id='word_1_768' title='bbox 3744 3658 3832 3711; x_wconf 87' lang='lat' dir='ltr'><strong>ho-</strong></span> 
     </span>
    </p>
   </div>
   <div class='ocr_carea' id='block_1_100' title="bbox 2234 3748 3827 3825">
    <p class='ocr_par' dir='ltr' id='par_1_100' title="bbox 2234 3748 3827 3825">
     <span class='ocr_line' id='line_1_100' title="bbox 2234 3748 3827 3825; baseline -0.002 -20"><span class='ocrx_word' id='word_1_769' title='bbox 2234 3749 2433 3806; x_wconf 78' lang='lat' dir='ltr'><strong>minis?</strong></span> <span class='ocrx_word' id='word_1_770' title='bbox 2457 3748 2895 3825; x_wconf 81' lang='lat' dir='ltr'><strong>Quandoquidem</strong></span> <span class='ocrx_word' id='word_1_771' title='bbox 2919 3764 3013 3819; x_wconf 55' lang='lat' dir='ltr'><strong>per</strong></span> <span class='ocrx_word' id='word_1_772' title='bbox 3033 3749 3293 3818; x_wconf 89' lang='lat' dir='ltr'><strong>justitiam</strong></span> <span class='ocrx_word' id='word_1_773' title='bbox 3319 3748 3539 3805; x_wconf 88' lang='lat' dir='ltr'><strong>secundi</strong></span> <span class='ocrx_word' id='word_1_774' title='bbox 3568 3748 3827 3817; x_wconf 68' lang='lat' dir='ltr'><strong>hom‘nis,</strong></span> 
     </span>
    </p>
   </div>
   <div class='ocr_carea' id='block_1_101' title="bbox 2235 3835 3829 3917">
    <p class='ocr_par' dir='ltr' id='par_1_101' title="bbox 2235 3835 3829 3917">
     <span class='ocr_line' id='line_1_101' title="bbox 2235 3835 3829 3917; baseline -0.001 -21"><span class='ocrx_word' id='word_1_775' title='bbox 2235 3835 2289 3897; x_wconf 85' lang='lat' dir='ltr'><strong>id</strong></span> <span class='ocrx_word' id='word_1_776' title='bbox 2340 3850 2425 3896; x_wconf 91' lang='lat' dir='ltr'><strong>est</strong></span> <span class='ocrx_word' id='word_1_777' title='bbox 2467 3837 2690 3907; x_wconf 77' lang='lat' dir='ltr'><strong>Christi,</strong></span> <span class='ocrx_word' id='word_1_778' title='bbox 2729 3840 2904 3896; x_wconf 89' lang='lat' dir='ltr'><strong>eidem</strong></span> <span class='ocrx_word' id='word_1_779' title='bbox 2945 3842 3158 3911; x_wconf 88' lang='lat' dir='ltr'><strong>corpori</strong></span> <span class='ocrx_word' id='word_1_780' title='bbox 3191 3839 3332 3917; x_wconf 86' lang='lat' dir='ltr'><strong>quod</strong></span> <span class='ocrx_word' id='word_1_781' title='bbox 3376 3855 3517 3895; x_wconf 90' lang='lat' dir='ltr'><strong>nunc</strong></span> <span class='ocrx_word' id='word_1_782' title='bbox 3555 3850 3829 3896; x_wconf 87' lang='lat' dir='ltr'><strong>mortuum</strong></span> 
     </span>
    </p>
   </div>
   <div class='ocr_carea' id='block_1_102' title="bbox 2234 3928 3831 3996">
    <p class='ocr_par' dir='ltr' id='par_1_102' title="bbox 2234 3928 3831 3996">
     <span class='ocr_line' id='line_1_102' title="bbox 2234 3928 3831 3996; baseline 0.001 -10"><span class='ocrx_word' id='word_1_783' title='bbox 2234 3931 2450 3996; x_wconf 89' lang='lat' dir='ltr'><strong>dicitur,</strong></span> <span class='ocrx_word' id='word_1_784' title='bbox 2476 3928 2758 3987; x_wconf 87' lang='lat' dir='ltr'><strong>vivillcatio</strong></span> <span class='ocrx_word' id='word_1_785' title='bbox 2787 3932 2938 3987; x_wconf 89' lang='lat' dir='ltr'><strong>beata</strong></span> <span class='ocrx_word' id='word_1_786' title='bbox 2971 3943 3194 3988; x_wconf 80' lang='lat' dir='ltr'><strong>ventura</strong></span> <span class='ocrx_word' id='word_1_787' title='bbox 3221 3939 3324 3986; x_wconf 91' lang='lat' dir='ltr'><strong>est.</strong></span> <span class='ocrx_word' id='word_1_788' title='bbox 3369 3929 3526 3988; x_wconf 88' lang='lat' dir='ltr'><strong>Unde</strong></span> <span class='ocrx_word' id='word_1_789' title='bbox 3550 3941 3607 3986; x_wconf 91' lang='lat' dir='ltr'><strong>et</strong></span> <span class='ocrx_word' id='word_1_790' title='bbox 3633 3946 3831 3988; x_wconf 77' lang='lat' dir='ltr'><strong>secun-</strong></span> 
     </span>
    </p>
   </div>
   <div class='ocr_carea' id='block_1_103' title="bbox 2234 4017 3828 4080">
    <p class='ocr_par' dir='ltr' id='par_1_103' title="bbox 2234 4017 3828 4080">
     <span class='ocr_line' id='line_1_103' title="bbox 2234 4017 3828 4080; baseline 0 -1"><span class='ocrx_word' id='word_1_791' title='bbox 2234 4017 2334 4079; x_wconf 91' lang='lat' dir='ltr'><strong>dus</strong></span> <span class='ocrx_word' id='word_1_792' title='bbox 2358 4019 2522 4079; x_wconf 87' lang='lat' dir='ltr'><strong>homo</strong></span> <span class='ocrx_word' id='word_1_793' title='bbox 2546 4032 2602 4080; x_wconf 87' lang='lat' dir='ltr'><strong>et</strong></span> <span class='ocrx_word' id='word_1_794' title='bbox 2625 4023 2889 4079; x_wconf 89' lang='lat' dir='ltr'><strong>secundus</strong></span> <span class='ocrx_word' id='word_1_795' title='bbox 2910 4024 3079 4079; x_wconf 79' lang='lat' dir='ltr'><strong>Adam</strong></span> <span class='ocrx_word' id='word_1_796' title='bbox 3103 4023 3276 4079; x_wconf 88' lang='lat' dir='ltr'><strong>dictus</strong></span> <span class='ocrx_word' id='word_1_797' title='bbox 3298 4031 3381 4079; x_wconf 90' lang='lat' dir='ltr'><strong>est</strong></span> <span class='ocrx_word' id='word_1_798' title='bbox 3400 4023 3645 4080; x_wconf 87' lang='lat' dir='ltr'><strong>Christus</strong></span> <span class='ocrx_word' id='word_1_799' title='bbox 3671 4040 3828 4079; x_wconf 87' lang='lat' dir='ltr'><strong>:cum</strong></span> 
     </span>
    </p>
   </div>
   <div class='ocr_carea' id='block_1_104' title="bbox 2236 4110 3826 4183">
    <p class='ocr_par' dir='ltr' id='par_1_104' title="bbox 2236 4110 3826 4183">
     <span class='ocr_line' id='line_1_104' title="bbox 2236 4110 3826 4183; baseline 0 -11"><span class='ocrx_word' id='word_1_800' title='bbox 2236 4110 2374 4172; x_wconf 85' lang='lat' dir='ltr'><strong>inter</strong></span> <span class='ocrx_word' id='word_1_801' title='bbox 2407 4112 2576 4172; x_wconf 85' lang='lat' dir='ltr'><strong>Adam</strong></span> <span class='ocrx_word' id='word_1_802' title='bbox 2616 4115 2886 4171; x_wconf 89' lang='lat' dir='ltr'><strong>hominem</strong></span> <span class='ocrx_word' id='word_1_803' title='bbox 2916 4116 3134 4183; x_wconf 84' lang='lat' dir='ltr'><strong>factum,</strong></span> <span class='ocrx_word' id='word_1_804' title='bbox 3171 4129 3225 4173; x_wconf 90' lang='lat' dir='ltr'><strong>et</strong></span> <span class='ocrx_word' id='word_1_805' title='bbox 3255 4117 3525 4171; x_wconf 89' lang='lat' dir='ltr'><strong>Christum</strong></span> <span class='ocrx_word' id='word_1_806' title='bbox 3555 4117 3826 4173; x_wconf 87' lang='lat' dir='ltr'><strong>hominem</strong></span> 
     </span>
    </p>
   </div>
   <div class='ocr_carea' id='block_1_105' title="bbox 2236 4209 3828 4281">
    <p class='ocr_par' dir='ltr' id='par_1_105' title="bbox 2236 4209 3828 4281">
     <span class='ocr_line' id='line_1_105' title="bbox 2236 4209 3828 4281; baseline 0.001 -18"><span class='ocrx_word' id='word_1_807' title='bbox 2236 4219 2441 4277; x_wconf 91' lang='lat' dir='ltr'><strong>natum,</strong></span> <span class='ocrx_word' id='word_1_808' title='bbox 2473 4219 2550 4266; x_wconf 91' lang='lat' dir='ltr'><strong>tot</strong></span> <span class='ocrx_word' id='word_1_809' title='bbox 2584 4210 2957 4281; x_wconf 84' lang='lat' dir='ltr'><strong>generationes</strong></span> <span class='ocrx_word' id='word_1_810' title='bbox 3006 4209 3283 4264; x_wconf 90' lang='lat' dir='ltr'><strong>hominum</strong></span> <span class='ocrx_word' id='word_1_811' title='bbox 3323 4210 3602 4264; x_wconf 83' lang='lat' dir='ltr'><strong>transiisse</strong></span> <span class='ocrx_word' id='word_1_812' title='bbox 3640 4210 3828 4265; x_wconf 82' lang='lat' dir='ltr'><strong>vidca-</strong></span> 
     </span>
    </p>
   </div>
   <div class='ocr_carea' id='block_1_106' title="bbox 2236 4298 3829 4371">
    <p class='ocr_par' dir='ltr' id='par_1_106' title="bbox 2236 4298 3829 4371">
     <span class='ocr_line' id='line_1_106' title="bbox 2236 4298 3829 4371; baseline -0.001 -15"><span class='ocrx_word' id='word_1_813' title='bbox 2236 4316 2399 4368; x_wconf 90' lang='lat' dir='ltr'><strong>mus,</strong></span> <span class='ocrx_word' id='word_1_814' title='bbox 2447 4317 2548 4357; x_wconf 91' lang='lat' dir='ltr'><strong>nec</strong></span> <span class='ocrx_word' id='word_1_815' title='bbox 2598 4301 2650 4355; x_wconf 92' lang='lat' dir='ltr'><strong>in</strong></span> <span class='ocrx_word' id='word_1_816' title='bbox 2705 4316 2891 4355; x_wconf 90' lang='lat' dir='ltr'><strong>earum</strong></span> <span class='ocrx_word' id='word_1_817' title='bbox 2935 4298 3125 4356; x_wconf 88' lang='lat' dir='ltr'><strong>ordine</strong></span> <span class='ocrx_word' id='word_1_818' title='bbox 3183 4301 3350 4371; x_wconf 91' lang='lat' dir='ltr'><strong>possit</strong></span> <span class='ocrx_word' id='word_1_819' title='bbox 3403 4301 3508 4355; x_wconf 89' lang='lat' dir='ltr'><strong>dici</strong></span> <span class='ocrx_word' id='word_1_820' title='bbox 3560 4301 3829 4356; x_wconf 86' lang='lat' dir='ltr'><strong>secundus</strong></span> 
     </span>
    </p>
   </div>
   <div class='ocr_carea' id='block_1_107' title="bbox 2236 4390 3822 4463">
    <p class='ocr_par' dir='ltr' id='par_1_107' title="bbox 2236 4390 3822 4463">
     <span class='ocr_line' id='line_1_107' title="bbox 2236 4390 3822 4463; baseline -0.003 -15"><span class='ocrx_word' id='word_1_821' title='bbox 2236 4390 2419 4459; x_wconf 90' lang='lat' dir='ltr'><strong>homo,</strong></span> <span class='ocrx_word' id='word_1_822' title='bbox 2457 4392 2560 4448; x_wconf 91' lang='lat' dir='ltr'><strong>nisi</strong></span> <span class='ocrx_word' id='word_1_823' title='bbox 2598 4391 2727 4448; x_wconf 88' lang='lat' dir='ltr'><strong>Cain</strong></span> <span class='ocrx_word' id='word_1_824' title='bbox 2752 4408 2766 4446; x_wconf 88' lang='lat'><strong>:</strong></span> <span class='ocrx_word' id='word_1_825' title='bbox 2795 4392 2888 4446; x_wconf 90' lang='lat' dir='ltr'><strong>sed</strong></span> <span class='ocrx_word' id='word_1_826' title='bbox 2919 4392 3040 4462; x_wconf 84' lang='lat' dir='ltr'><strong>quia</strong></span> <span class='ocrx_word' id='word_1_827' title='bbox 3072 4392 3242 4463; x_wconf 87' lang='lat' dir='ltr'><strong>prima</strong></span> <span class='ocrx_word' id='word_1_828' title='bbox 3273 4400 3357 4447; x_wconf 90' lang='lat' dir='ltr'><strong>est</strong></span> <span class='ocrx_word' id='word_1_829' title='bbox 3384 4405 3532 4446; x_wconf 89' lang='lat' dir='ltr'><strong>mors</strong></span> <span class='ocrx_word' id='word_1_830' title='bbox 3558 4394 3822 4461; x_wconf 80' lang='lat' dir='ltr'><strong>corporis.</strong></span> 
     </span>
    </p>
   </div>
   <div class='ocr_carea' id='block_1_108' title="bbox 2235 4480 3827 4557">
    <p class='ocr_par' dir='ltr' id='par_1_108' title="bbox 2235 4480 3827 4557">
     <span class='ocr_line' id='line_1_108' title="bbox 2235 4480 3827 4557; baseline -0.003 -16"><span class='ocrx_word' id='word_1_831' title='bbox 2235 4502 2356 4557; x_wconf 74' lang='lat' dir='ltr'><strong>qua:</strong></span> <span class='ocrx_word' id='word_1_832' title='bbox 2385 4485 2520 4541; x_wconf 82' lang='lat' dir='ltr'><strong>facta</strong></span> <span class='ocrx_word' id='word_1_833' title='bbox 2546 4494 2629 4541; x_wconf 90' lang='lat' dir='ltr'><strong>est</strong></span> <span class='ocrx_word' id='word_1_834' title='bbox 2653 4493 2873 4556; x_wconf 89' lang='lat' dir='ltr'><strong>propter</strong></span> <span class='ocrx_word' id='word_1_835' title='bbox 2894 4495 3171 4553; x_wconf 89' lang='lat' dir='ltr'><strong>peccatum</strong></span> <span class='ocrx_word' id='word_1_836' title='bbox 3198 4482 3349 4547; x_wconf 77' lang='lat' dir='ltr'><strong>Adzu,</strong></span> <span class='ocrx_word' id='word_1_837' title='bbox 3378 4483 3430 4537; x_wconf 91' lang='lat' dir='ltr'><strong>in</strong></span> <span class='ocrx_word' id='word_1_838' title='bbox 3463 4497 3567 4553; x_wconf 91' lang='lat' dir='ltr'><strong>qua</strong></span> <span class='ocrx_word' id='word_1_839' title='bbox 3589 4480 3827 4538; x_wconf 83' lang='lat' dir='ltr'><strong>decurrit</strong></span> 
     </span>
    </p>
   </div>
   <div class='ocr_carea' id='block_1_109' title="bbox 2238 4576 3828 4647">
    <p class='ocr_par' dir='ltr' id='par_1_109' title="bbox 2238 4576 3828 4647">
     <span class='ocr_line' id='line_1_109' title="bbox 2238 4576 3828 4647; baseline -0.001 -15"><span class='ocrx_word' id='word_1_840' title='bbox 2238 4578 2340 4633; x_wconf 91' lang='lat' dir='ltr'><strong>hoc</strong></span> <span class='ocrx_word' id='word_1_841' title='bbox 2378 4577 2666 4643; x_wconf 64' lang='lat' dir='ltr'><strong>sarculum;</strong></span> <span class='ocrx_word' id='word_1_842' title='bbox 2712 4576 2946 4632; x_wconf 87' lang='lat' dir='ltr'><strong>secunda</strong></span> <span class='ocrx_word' id='word_1_843' title='bbox 2988 4577 3093 4631; x_wconf 85' lang='lat' dir='ltr'><strong>vita</strong></span> <span class='ocrx_word' id='word_1_844' title='bbox 3140 4584 3222 4631; x_wconf 90' lang='lat' dir='ltr'><strong>est</strong></span> <span class='ocrx_word' id='word_1_845' title='bbox 3258 4576 3521 4645; x_wconf 87' lang='lat' dir='ltr'><strong>corporis,</strong></span> <span class='ocrx_word' id='word_1_846' title='bbox 3569 4590 3693 4647; x_wconf 64' lang='lat' dir='ltr'><strong>qua:</strong></span> <span class='ocrx_word' id='word_1_847' title='bbox 3738 4576 3828 4630; x_wconf 81' lang='lat' dir='ltr'><strong>lict</strong></span> 
     </span>
    </p>
   </div>
   <div class='ocr_carea' id='block_1_110' title="bbox 2238 4666 3827 4741">
    <p class='ocr_par' dir='ltr' id='par_1_110' title="bbox 2238 4666 3827 4741">
     <span class='ocr_line' id='line_1_110' title="bbox 2238 4666 3827 4741; baseline -0.001 -16"><span class='ocrx_word' id='word_1_848' title='bbox 2238 4679 2455 4741; x_wconf 90' lang='lat' dir='ltr'><strong>propter</strong></span> <span class='ocrx_word' id='word_1_849' title='bbox 2476 4670 2735 4740; x_wconf 88' lang='lat' dir='ltr'><strong>justitiam</strong></span> <span class='ocrx_word' id='word_1_850' title='bbox 2775 4669 2994 4734; x_wconf 85' lang='lat' dir='ltr'><strong>Christi,</strong></span> <span class='ocrx_word' id='word_1_851' title='bbox 3022 4678 3077 4725; x_wconf 89' lang='lat' dir='ltr'><strong>et</strong></span> <span class='ocrx_word' id='word_1_852' title='bbox 3119 4666 3260 4724; x_wconf 82' lang='lat' dir='ltr'><strong>facta</strong></span> <span class='ocrx_word' id='word_1_853' title='bbox 3303 4675 3388 4724; x_wconf 91' lang='lat' dir='ltr'><strong>est</strong></span> <span class='ocrx_word' id='word_1_854' title='bbox 3427 4667 3479 4722; x_wconf 91' lang='lat' dir='ltr'><strong>in</strong></span> <span class='ocrx_word' id='word_1_855' title='bbox 3512 4684 3679 4724; x_wconf 89' lang='lat' dir='ltr'><strong>carne</strong></span> <span class='ocrx_word' id='word_1_856' title='bbox 3719 4666 3827 4739; x_wconf 86' lang='lat' dir='ltr'><strong>jam</strong></span> 
     </span>
    </p>
   </div>
   <div class='ocr_carea' id='block_1_111' title="bbox 2236 4758 3830 4833">
    <p class='ocr_par' dir='ltr' id='par_1_111' title="bbox 2236 4758 3830 4833">
     <span class='ocr_line' id='line_1_111' title="bbox 2236 4758 3830 4833; baseline -0.003 -14"><span class='ocrx_word' id='word_1_857' title='bbox 2236 4758 2476 4828; x_wconf 88' lang='lat' dir='ltr'><strong>Christi,</strong></span> <span class='ocrx_word' id='word_1_858' title='bbox 2512 4763 2564 4817; x_wconf 91' lang='lat' dir='ltr'><strong>iu</strong></span> <span class='ocrx_word' id='word_1_859' title='bbox 2596 4780 2697 4833; x_wconf 90' lang='lat' dir='ltr'><strong>qua</strong></span> <span class='ocrx_word' id='word_1_860' title='bbox 2727 4764 2833 4816; x_wconf 84' lang='lat' dir='ltr'><strong>vita</strong></span> <span class='ocrx_word' id='word_1_861' title='bbox 2881 4760 3117 4817; x_wconf 81' lang='lat' dir='ltr'><strong>futurum</strong></span> <span class='ocrx_word' id='word_1_862' title='bbox 3163 4762 3416 4817; x_wconf 69' lang='lat' dir='ltr'><strong>smculum</strong></span> <span class='ocrx_word' id='word_1_863' title='bbox 3455 4762 3830 4829; x_wconf 81' lang='lat' dir='ltr'><strong>permanebit;</strong></span> 
     </span>
    </p>
   </div>
   <div class='ocr_carea' id='block_1_112' title="bbox 2237 4850 3831 4924">
    <p class='ocr_par' dir='ltr' id='par_1_112' title="bbox 2237 4850 3831 4924">
     <span class='ocr_line' id='line_1_112' title="bbox 2237 4850 3831 4924; baseline -0.002 -14"><span class='ocrx_word' id='word_1_864' title='bbox 2237 4850 2359 4910; x_wconf 91' lang='lat' dir='ltr'><strong>ideo</strong></span> <span class='ocrx_word' id='word_1_865' title='bbox 2389 4855 2475 4909; x_wconf 90' lang='lat' dir='ltr'><strong>ille</strong></span> <span class='ocrx_word' id='word_1_866' title='bbox 2503 4855 2703 4924; x_wconf 86' lang='lat' dir='ltr'><strong>primus</strong></span> <span class='ocrx_word' id='word_1_867' title='bbox 2732 4850 2814 4909; x_wconf 89' lang='lat' dir='ltr'><strong>vel</strong></span> <span class='ocrx_word' id='word_1_868' title='bbox 2844 4853 3012 4908; x_wconf 79' lang='lat' dir='ltr'><strong>Adam</strong></span> <span class='ocrx_word' id='word_1_869' title='bbox 3044 4854 3123 4908; x_wconf 85' lang='lat' dir='ltr'><strong>vel</strong></span> <span class='ocrx_word' id='word_1_870' title='bbox 3157 4853 3317 4907; x_wconf 90' lang='lat' dir='ltr'><strong>homo</strong></span> <span class='ocrx_word' id='word_1_871' title='bbox 3338 4894 3353 4915; x_wconf 89' lang='lat'><strong>.</strong></span> <span class='ocrx_word' id='word_1_872' title='bbox 3390 4852 3490 4907; x_wconf 78' lang='lat' dir='ltr'><strong>iste</strong></span> <span class='ocrx_word' id='word_1_873' title='bbox 3517 4864 3702 4907; x_wconf 82' lang='lat' dir='ltr'><strong>autem</strong></span> <span class='ocrx_word' id='word_1_874' title='bbox 3745 4868 3831 4907; x_wconf 84' lang='lat' dir='ltr'><strong>se-</strong></span> 
     </span>
    </p>
   </div>
   <div class='ocr_carea' id='block_1_113' title="bbox 2236 4941 3829 5016">
    <p class='ocr_par' dir='ltr' id='par_1_113' title="bbox 2236 4941 3829 5016">
     <span class='ocr_line' id='line_1_113' title="bbox 2236 4941 3829 5016; baseline -0.001 -16"><span class='ocrx_word' id='word_1_875' title='bbox 2236 4941 2441 5000; x_wconf 83' lang='lat' dir='ltr'><strong>cundus</strong></span> <span class='ocrx_word' id='word_1_876' title='bbox 2470 4955 2552 5000; x_wconf 91' lang='lat' dir='ltr'><strong>est</strong></span> <span class='ocrx_word' id='word_1_877' title='bbox 2578 4945 2769 4999; x_wconf 91' lang='lat' dir='ltr'><strong>dictus.</strong></span> <span class='ocrx_word' id='word_1_878' title='bbox 2807 4944 2875 4999; x_wconf 86' lang='lat' dir='ltr'><strong>Et</strong></span> <span class='ocrx_word' id='word_1_879' title='bbox 2906 4959 3010 4998; x_wconf 89' lang='lat' dir='ltr'><strong>non</strong></span> <span class='ocrx_word' id='word_1_880' title='bbox 3044 4944 3122 4999; x_wconf 77' lang='lat' dir='ltr'><strong>vis</strong></span> <span class='ocrx_word' id='word_1_881' title='bbox 3151 4944 3447 5016; x_wconf 79' lang='lat' dir='ltr'><strong>intelligere</strong></span> <span class='ocrx_word' id='word_1_882' title='bbox 3485 4955 3592 4998; x_wconf 91' lang='lat' dir='ltr'><strong>tam</strong></span> <span class='ocrx_word' id='word_1_883' title='bbox 3622 4943 3829 5015; x_wconf 80' lang='lat' dir='ltr'><strong>grande</strong></span> 
     </span>
    </p>
   </div>
   <div class='ocr_carea' id='block_1_114' title="bbox 2239 5034 3834 5106">
    <p class='ocr_par' dir='ltr' id='par_1_114' title="bbox 2239 5034 3834 5106">
     <span class='ocr_line' id='line_1_114' title="bbox 2239 5034 3834 5106; baseline -0.002 -14"><span class='ocrx_word' id='word_1_884' title='bbox 2239 5036 2382 5092; x_wconf 89' lang='lat' dir='ltr'><strong>illius</strong></span> <span class='ocrx_word' id='word_1_885' title='bbox 2405 5034 2571 5092; x_wconf 83' lang='lat' dir='ltr'><strong>fuisse</strong></span> <span class='ocrx_word' id='word_1_886' title='bbox 2598 5048 2897 5106; x_wconf 71' lang='lat' dir='ltr'><strong>p:!t&#39;(‘:tlum,</strong></span> <span class='ocrx_word' id='word_1_887' title='bbox 2942 5045 2997 5089; x_wconf 91' lang='lat' dir='ltr'><strong>ut</strong></span> <span class='ocrx_word' id='word_1_888' title='bbox 3024 5036 3327 5090; x_wconf 90' lang='lat' dir='ltr'><strong>mortalium</strong></span> <span class='ocrx_word' id='word_1_889' title='bbox 3357 5035 3637 5103; x_wconf 68' lang='lat' dir='ltr'><strong>sarculum,</strong></span> <span class='ocrx_word' id='word_1_890' title='bbox 3671 5035 3834 5104; x_wconf 86' lang='lat' dir='ltr'><strong>hujus</strong></span> 
     </span>
    </p>
   </div>
   <div class='ocr_carea' id='block_1_115' title="bbox 2238 5126 3834 5199">
    <p class='ocr_par' dir='ltr' id='par_1_115' title="bbox 2238 5126 3834 5199">
     <span class='ocr_line' id='line_1_115' title="bbox 2238 5126 3834 5199; baseline -0.002 -16"><span class='ocrx_word' id='word_1_891' title='bbox 2238 5144 2368 5184; x_wconf 85' lang='lat' dir='ltr'><strong>vero</strong></span> <span class='ocrx_word' id='word_1_892' title='bbox 2408 5138 2512 5183; x_wconf 86' lang='lat' dir='ltr'><strong>tam</strong></span> <span class='ocrx_word' id='word_1_893' title='bbox 2543 5128 2798 5197; x_wconf 84' lang='lat' dir='ltr'><strong>grandem</strong></span> <span class='ocrx_word' id='word_1_894' title='bbox 2823 5126 3114 5199; x_wconf 87' lang='lat' dir='ltr'><strong>justitiam,</strong></span> <span class='ocrx_word' id='word_1_895' title='bbox 3151 5134 3210 5181; x_wconf 91' lang='lat' dir='ltr'><strong>ut</strong></span> <span class='ocrx_word' id='word_1_896' title='bbox 3235 5126 3617 5181; x_wconf 88' lang='lat' dir='ltr'><strong>immortalium</strong></span> <span class='ocrx_word' id='word_1_897' title='bbox 3663 5144 3834 5182; x_wconf 66' lang='lat' dir='ltr'><strong>sarcu-</strong></span> 
     </span>
    </p>
   </div>
   <div class='ocr_carea' id='block_1_116' title="bbox 2237 5218 3832 5292">
    <p class='ocr_par' dir='ltr' id='par_1_116' title="bbox 2237 5218 3832 5292">
     <span class='ocr_line' id='line_1_116' title="bbox 2237 5218 3832 5292; baseline -0.002 -16"><span class='ocrx_word' id='word_1_898' title='bbox 2237 5218 2349 5276; x_wconf 88' lang='lat' dir='ltr'><strong>lum</strong></span> <span class='ocrx_word' id='word_1_899' title='bbox 2377 5221 2730 5292; x_wconf 85' lang='lat' dir='ltr'><strong>propagaret?</strong></span> <span class='ocrx_word' id='word_1_900' title='bbox 2756 5220 2820 5276; x_wconf 87' lang='lat' dir='ltr'><strong>Et</strong></span> <span class='ocrx_word' id='word_1_901' title='bbox 2851 5219 2977 5274; x_wconf 88' lang='lat' dir='ltr'><strong>mihi</strong></span> <span class='ocrx_word' id='word_1_902' title='bbox 3006 5219 3197 5290; x_wconf 80' lang='lat' dir='ltr'><strong>objiris</strong></span> <span class='ocrx_word' id='word_1_903' title='bbox 3227 5220 3425 5288; x_wconf 89' lang='lat' dir='ltr'><strong>peccati</strong></span> <span class='ocrx_word' id='word_1_904' title='bbox 3459 5219 3619 5289; x_wconf 85' lang='lat' dir='ltr'><strong>primi</strong></span> <span class='ocrx_word' id='word_1_905' title='bbox 3650 5219 3832 5273; x_wconf 79' lang='lat' dir='ltr'><strong>honu-</strong></span> 
     </span>
    </p>
   </div>
   <div class='ocr_carea' id='block_1_117' title="bbox 2239 5292 3828 5382">
    <p class='ocr_par' dir='ltr' id='par_1_117' title="bbox 2239 5292 3828 5382">
     <span class='ocr_line' id='line_1_117' title="bbox 2239 5292 3828 5382; baseline 0 -17"><span class='ocrx_word' id='word_1_906' title='bbox 2239 5310 2323 5366; x_wconf 88' lang='lat' dir='ltr'><strong>nis</strong></span> <span class='ocrx_word' id='word_1_907' title='bbox 2356 5311 2730 5382; x_wconf 84' lang='lat' dir='ltr'><strong>granditatem,</strong></span> <span class='ocrx_word' id='word_1_908' title='bbox 2773 5326 2892 5382; x_wconf 76' lang='lat' dir='ltr'><strong>qua:</strong></span> <span class='ocrx_word' id='word_1_909' title='bbox 2935 5310 3065 5373; x_wconf 87' lang='lat' dir='ltr'><strong>tanti</strong></span> <span class='ocrx_word' id='word_1_910' title='bbox 3107 5309 3231 5363; x_wconf 82' lang='lat' dir='ltr'><strong>ntali</strong></span> <span class='ocrx_word' id='word_1_911' title='bbox 3276 5309 3553 5364; x_wconf 87' lang='lat' dir='ltr'><strong>hominum</strong></span> <span class='ocrx_word' id='word_1_912' title='bbox 3582 5292 3828 5365; x_wconf 74' lang='lat' dir='ltr'><strong>ninnium</strong></span> 
     </span>
    </p>
   </div>
   <div class='ocr_carea' id='block_1_118' title="bbox 2238 5386 3833 5472">
    <p class='ocr_par' dir='ltr' id='par_1_118' title="bbox 2238 5386 3833 5472">
     <span class='ocr_line' id='line_1_118' title="bbox 2238 5386 3833 5472; baseline -0.002 -14"><span class='ocrx_word' id='word_1_913' title='bbox 2238 5403 2444 5458; x_wconf 83' lang='lat' dir='ltr'><strong>exstitit</strong></span> <span class='ocrx_word' id='word_1_914' title='bbox 2469 5416 2627 5456; x_wconf 69' lang='lat' dir='ltr'><strong>enisa</strong></span> <span class='ocrx_word' id='word_1_915' title='bbox 2650 5442 2666 5467; x_wconf 94' lang='lat'><strong>,</strong></span> <span class='ocrx_word' id='word_1_916' title='bbox 2696 5400 2845 5472; x_wconf 91' lang='lat' dir='ltr'><strong>quasi</strong></span> <span class='ocrx_word' id='word_1_917' title='bbox 2887 5396 2991 5456; x_wconf 84' lang='lat' dir='ltr'><strong>hoc</strong></span> <span class='ocrx_word' id='word_1_918' title='bbox 3019 5416 3120 5471; x_wconf 87' lang='lat' dir='ltr'><strong>ego</strong></span> <span class='ocrx_word' id='word_1_919' title='bbox 3144 5400 3289 5455; x_wconf 88' lang='lat' dir='ltr'><strong>solus</strong></span> <span class='ocrx_word' id='word_1_920' title='bbox 3319 5399 3399 5454; x_wconf 90' lang='lat' dir='ltr'><strong>vel</strong></span> <span class='ocrx_word' id='word_1_921' title='bbox 3440 5396 3647 5470; x_wconf 83' lang='lat' dir='ltr'><strong>primus</strong></span> <span class='ocrx_word' id='word_1_922' title='bbox 3673 5386 3833 5458; x_wconf 77' lang='lat' dir='ltr'><strong>dixe-</strong></span> 
     </span>
    </p>
   </div>
   <div class='ocr_carea' id='block_1_119' title="bbox 2240 5491 3832 5562">
    <p class='ocr_par' dir='ltr' id='par_1_119' title="bbox 2240 5491 3832 5562">
     <span class='ocr_line' id='line_1_119' title="bbox 2240 5491 3832 5562; baseline -0.001 -15"><span class='ocrx_word' id='word_1_923' title='bbox 2240 5493 2381 5549; x_wconf 83' lang='lat' dir='ltr'><strong>rim?</strong></span> <span class='ocrx_word' id='word_1_924' title='bbox 2401 5492 2537 5548; x_wconf 79' lang='lat' dir='ltr'><strong>Audi</strong></span> <span class='ocrx_word' id='word_1_925' title='bbox 2558 5492 2816 5547; x_wconf 81' lang='lat' dir='ltr'><strong>Joannem</strong></span> <span class='ocrx_word' id='word_1_926' title='bbox 2842 5491 3484 5562; x_wconf 62' lang='lat' dir='ltr'><strong>Consuantinopolitanum</strong></span> <span class='ocrx_word' id='word_1_927' title='bbox 3505 5492 3832 5547; x_wconf 78' lang='lat' dir='ltr'><strong>excellentis</strong></span> 
     </span>
    </p>
   </div>
   <div class='ocr_carea' id='block_1_120' title="bbox 2242 5640 3837 5759">
    <p class='ocr_par' dir='ltr' id='par_1_120' title="bbox 2242 5640 3837 5759">
     <span class='ocr_line' id='line_1_120' title="bbox 2242 5640 3837 5759; baseline -0.003 -64"><span class='ocrx_word' id='word_1_928' title='bbox 2242 5644 2646 5759; x_wconf 34' lang='lat' dir='ltr'><strong>“gignimus,</strong></span> <span class='ocrx_word' id='word_1_929' title='bbox 2668 5642 2739 5696; x_wconf 85' lang='lat' dir='ltr'><strong>ita</strong></span> <span class='ocrx_word' id='word_1_930' title='bbox 2768 5648 2821 5695; x_wconf 86' lang='lat' dir='ltr'><strong>ut</strong></span> <span class='ocrx_word' id='word_1_931' title='bbox 2862 5656 2987 5696; x_wconf 73' lang='lat' dir='ltr'><strong>eain.</strong></span> <span class='ocrx_word' id='word_1_932' title='bbox 3011 5650 3103 5693; x_wconf 71' lang='lat' dir='ltr'><strong>Nos</strong></span> <span class='ocrx_word' id='word_1_933' title='bbox 3146 5655 3208 5693; x_wconf 84' lang='lat' dir='ltr'><strong>ex</strong></span> <span class='ocrx_word' id='word_1_934' title='bbox 3254 5647 3334 5691; x_wconf 64' lang='lat' dir='ltr'><strong>Its.</strong></span> <span class='ocrx_word' id='word_1_935' title='bbox 3359 5647 3627 5702; x_wconf 70' lang='lat' dir='ltr'><strong>Portntum,</strong></span> <span class='ocrx_word' id='word_1_936' title='bbox 3660 5640 3738 5692; x_wconf 74' lang='lat' dir='ltr'><strong>ita</strong></span> <span class='ocrx_word' id='word_1_937' title='bbox 3781 5644 3837 5692; x_wconf 67' lang='lat' dir='ltr'><strong>ut</strong></span> 
     </span>
    </p>
   </div>
  </div>
