3980 6476
221 332 345 390 ’1513

218 453 388 515 gloriae
416 445 784 504 sacerdotem:
821 465 840 500 ι
870 446 1142 514 Peccavit,
1184 466 1202 502 i
1235 446 1423 520 inquit,
1457 465 1476 501 α
1513 447 1678 503 Adam
1717 449 1784 503 il-

218 541 296 596 lud
336 540 559 610 grande
583 551 877 610 peccatum,
920 549 976 596 et
1011 555 1170 597 omne
1212 557 1378 613 genus
1425 539 1702 595 hominum
1733 538 1787 593 in

215 647 484 687 commune
526 631 797 688 damnavit
830 651 851 685 ι
896 630 1087 707 (Epist.
1118 633 1186 688 ad
1216 631 1618 705 Olympiadem).
1651 629 1786 685 Audi

216 727 361 780 etiam
399 726 451 780 in
483 725 664 780 Lazari
707 727 1114 783 resuscitatioue
1141 728 1263 798 quid
1291 727 1469 792 dicat,
1502 735 1561 781 ιιι
1589 724 1788 779 intelli-

212 835 298 890 gas
319 821 476 874 etiam
502 819 742 890 corporis
771 828 996 876 mortem
1019 821 1085 877 de
1111 821 1200 876 illo
1226 820 1413 892 grandi
1439 819 1648 874 venisse
1665 833 1790 888 pce-

212 924 322 968 rato
364 930 378 967 :
425 931 443 964 ι
479 913 702 981 Flebat,
738 932 758 966 ›
797 914 1005 985 inquit,
1044 932 1064 967 ι
1100 915 1366 976 Christus,
1406 913 1548 984 quod
1578 928 1671 969 eos
1698 912 1787 983 qui

213 1004 535 1060 immortales
573 1019 693 1060 esse
732 1013 1042 1076 potuerunt,
1075 1005 1318 1062 diabolus
1345 1005 1471 1060 fecit
1497 1021 1616 1061 esse
1644 1021 1788 1059 mor-

212 1096 337 1149 tales
389 1113 406 1148 θ
443 1095 665 1167 (Homil.
699 1097 762 1150 de
791 1096 984 1156 Lazaro
1011 1096 1346 1169 resuscitato).
1392 1096 1526 1164 Ubi,
1567 1097 1790 1152 obsecro

212 1196 281 1252 te,
308 1187 550 1242 diabolus
575 1202 764 1243 omnes
805 1188 1048 1244 homines
1084 1189 1208 1244 fecit
1233 1203 1353 1244 esse
1377 1189 1655 1254 mortales,
1688 1188 1788 1243 nisi

213 1280 260 1334 in
298 1281 386 1334 illo
412 1281 496 1334 cui
538 1282 990 1350 praevaricationis
1015 1281 1205 1336 inﬂixit
1235 1292 1339 1336 tam
1377 1281 1576 1354 grande
1603 1297 1792 1352 pecca-

213 1384 339 1436 tum,
368 1391 473 1445 quo
500 1391 562 1430 ex
599 1376 824 1445 paradisi
845 1375 1169 1431 beatitudine
1196 1375 1246 1430 in
1271 1384 1468 1430 tantam
1497 1375 1786 1443 miseriam,

211 1481 363 1536 quam
410 1467 652 1522 videmus
693 1476 852 1538 atque
895 1468 1175 1532 sentimus,
1225 1482 1394 1538 genus
1441 1466 1791 1537 projiceretur

211 1556 551 1613 humanum?
613 1559 764 1626 Quod
830 1575 936 1614 non
1006 1560 1118 1614 sola
1174 1573 1320 1613 mors
1366 1557 1642 1628 corporis,
1696 1558 1789 1612 sed

212 1649 373 1719 ipsius
419 1665 627 1721 quoque
669 1651 895 1719 animm,
946 1666 1101 1721 quam
1155 1650 1497 1722 corruptibile
1542 1659 1790 1721 aggravat

212 1756 401 1810 corpus
433 1782 448 1808 ,
513 1741 650 1795 mala
706 1751 785 1796 tot
836 1750 891 1797 et
947 1749 1090 1796 tanta
1158 1749 1458 1807 testantur,
1525 1751 1577 1795 et
1632 1755 1793 1810 grave

208 1831 388 1903 jugum
432 1848 593 1903 super
629 1833 766 1888 lilios
792 1833 960 1888 Adam
989 1849 1018 1888 a
1053 1833 1141 1890 die
1169 1834 1342 1888 exitus
1376 1833 1442 1888 de
1466 1841 1651 1888 ventre
1680 1848 1791 1887 ma-

214 1928 302 1981 tris
327 1943 510 1982 corum
543 1945 556 1981 :
599 1927 698 1982 sub
733 1943 838 1998 quo
863 1927 990 1998 jugo
1016 1937 1098 1982 est
1127 1927 1287 1982 etiam
1317 1925 1456 1997 quod
1487 1927 1539 1981 in
1581 1927 1793 1981 Psalmo

211 2019 428 2089 legitur,
475 2019 722 2075 Universa
770 2020 965 2075 vanitas
1015 2020 1177 2074 onmis
1217 2021 1366 2073 homo
1408 2019 1574 2073 vivens
1615 2018 1789 2088 (Psal.

210 2128 426 2179 xxxvru,
470 2111 545 2184 6).
581 2111 709 2180 Quae
751 2120 807 2166 tu
850 2113 989 2166 mala
1013 2112 1204 2167 nolens
1243 2111 1478 2166 tribuere
1505 2109 1580 2165 illi
1606 2109 1791 2180 grandi

213 2215 427 2274 peccato
457 2205 610 2276 primi
654 2203 906 2268 hominis,
947 2203 1071 2275 quid
1102 2205 1234 2275 agis,
1263 2204 1364 2258 nisi
1395 2212 1454 2258 ut
1477 2218 1560 2269 ea,
1594 2212 1650 2257 tu
1677 2204 1793 2273 qui-

210 2297 327 2352 dem
365 2281 623 2367 paradiso
663 2297 804 2353 illius
833 2305 942 2352 tam
973 2313 1178 2368 magnae
1204 2295 1471 2352 felicitatis
1512 2294 1791 2367 importes,

209 2398 457 2460 tauquam
486 2399 540 2445 et
582 2390 690 2446 illic
730 2390 902 2445 futura
941 2399 1142 2457 essent,
1188 2389 1232 2444 si
1273 2404 1432 2445 nemo
1481 2397 1790 2460 peccasset;

207 2484 480 2540 Ilanicluei
514 2499 640 2541 vero
668 2500 730 2541 ea
757 2485 992 2541 tribuant
1017 2485 1162 2556 genti
1193 2484 1531 2540 tenebrarum
1559 2526 1574 2552 ,
1603 2499 1710 2540 non
1742 2493 1794 2541 te

208 2585 489 2633 accusante
531 2575 760 2642 confusi,
789 2577 884 2633 sed
924 2576 1208 2648 adjuvante
1253 2575 1460 2643 confisi,
1489 2575 1592 2632 nisi
1619 2585 1795 2632 tecum

210 2669 341 2724 ﬁant
382 2678 626 2742 tanquam
674 2671 1023 2735 invictissimo
1060 2669 1238 2741 gladio
1280 2669 1546 2725 catholica
1572 2669 1797 2725 veritate

208 2761 480 2816 confossi?
525 2761 641 2818 Non
683 2769 884 2829 autem,
918 2770 976 2816 ut
1013 2760 1312 2829 insimulas,
1344 2759 1591 2826 dicimus,
1640 2777 1658 2812 ‹
1689 2758 1794 2815 Ne-

205 2853 334 2907 mini
379 2851 445 2908 de
495 2853 792 2923 primorum
843 2851 1117 2908 hominum
1163 2852 1332 2922 stirpe
1382 2851 1624 2907 nascenti
1676 2865 1796 2908 esse

202 2942 458 3014 possibile
523 2946 575 2999 in
626 2945 883 3000 virtutum
947 2945 1142 3000 decora
1194 2944 1397 3000 conari.
1446 2962 1466 2997 ι
1521 2943 1798 3000 Conantur

202 3036 346 3090 enim
369 3037 542 3101 multi,
566 3037 619 3092 in
643 3037 837 3108 quibus
854 3037 996 3092 Deus
1015 3047 1270 3107 operatur
1291 3045 1345 3091 et
1367 3035 1506 3091 velle
1533 3034 1793 3109 (Philipp.

201 3143 262 3195 ιι,
299 3128 389 3200 l3)
430 3146 444 3183 :
474 3113 586 3184 hec
615 3129 731 3185 sine
761 3127 934 3184 fructu
962 3129 1321 3200 perventionis
1357 3129 1474 3199 ipso
1512 3128 1798 3198 adjuvante

199 3229 484 3276 conantur.
533 3220 639 3276 Sed
681 3221 728 3276 si
771 3221 1005 3275 animam
1052 3234 1253 3300 cprpus
1296 3219 1642 3290 corruptibile
1687 3235 1795 3278 non

199 3321 468 3383 gravaret,
496 3328 601 3369 non
630 3303 810 3383 utique
839 3321 1181 3369 conarentur.
1210 3314 1289 3367 Ac
1313 3327 1408 3382 per
1430 3310 1534 3367 hoc
1563 3312 1616 3366 in
1644 3326 1797 3384 para-

199 3403 320 3459 diso
350 3404 422 3475 (si
452 3420 614 3460 nemo
641 3415 941 3476 peccasset,
993 3413 1048 3460 et
1085 3419 1249 3475 super
1275 3404 1413 3459 ﬁlios
1442 3403 1612 3459 Adam
1636 3418 1799 3474 grave

196 3493 386 3568 iugum
419 3513 525 3552 non
555 3499 722 3568 esset)
744 3499 859 3554 sine
887 3507 1084 3554 conatu
1111 3497 1222 3552 Deo
1247 3511 1344 3553 suo
1369 3496 1524 3552 facile
1552 3505 1610 3552 et
1628 3494 1798 3552 felici-

201 3597 286 3646 ter
310 3590 614 3647 obedirent.

275 3681 413 3737 VIII.
459 3684 577 3740 Juc.
628 3683 846 3739 Illorum
892 3697 1020 3754 ergo
1058 3681 1356 3754 primorum
1398 3679 1697 3747 hominum,
1743 3677 1799 3735 id

201 3783 312 3842 est,
338 3783 541 3830 tantum
566 3775 818 3843 duorum,
849 3775 1100 3846 Opitulari
1124 3774 1223 3829 sibi
1249 3773 1458 3830 laudem
1485 3772 1796 3837 arbitratur,

203 3865 276 3921 ad
308 3867 704 3923 distinctionem
737 3868 874 3923 inter
898 3866 1220 3924 Manichaeos
1245 3875 1299 3921 et
1328 3865 1690 3921 Traducianos
1717 3871 1798 3919 te-

201 3959 436 4015 nendam
485 3979 498 4015 :
550 3976 653 4032 qua
697 3962 949 4033 opinione
996 3959 1136 4015 haud
1181 3958 1338 4014 facile
1377 3959 1664 4029 quidquam
1715 3956 1799 4013 vel

199 4053 527 4110 eminentius
559 4055 599 4122 ‘,
647 4055 730 4110 vel
762 4053 1122 4124 impudentius
1157 4051 1354 4107 oil'endi
1387 4060 1580 4122 potest.
1614 4049 1801 4105 Liber-

199 4154 309 4210 tas,
356 4145 546 4216 inquit,
591 4145 822 4212 arbitrii,
872 4154 1150 4216 postquam
1195 4159 1254 4199 se
1303 4142 1376 4197 uti
1429 4142 1611 4212 erepit,
1657 4142 1800 4196 vires

201 4249 334 4288 suas
379 4236 627 4306 perdidit.
679 4236 746 4290 Et
794 4245 850 4290 ut
894 4235 1137 4290 conversi
1180 4233 1246 4288 ad
1291 4249 1434 4300 eum,
1467 4232 1793 4304 pedetentim

201 4327 386 4381 omnia
419 4336 854 4397 perscrutemur:
889 4326 1161 4382 confiteris
1194 4341 1387 4396 nempe
1427 4326 1653 4396 primum
1697 4324 1793 4379 ho-

200 4419 405 4473 minem
437 4419 683 4474 effectum
707 4434 826 4474 esse
850 4419 1068 4474 arbitrio
1089 4418 1280 4484 libero,
1311 4418 1614 4486 bonumque
1634 4431 1663 4471 a
1688 4415 1800 4471 Deo

198 4513 501 4576 conditum,
542 4513 681 4566 nulla
722 4513 790 4568 ab
829 4511 1048 4568 exordio
1095 4511 1295 4580 peccati
1337 4511 1457 4565 tabe
1503 4509 1793 4578 pollutum;

203 4602 309 4657 sed
344 4605 659 4660 conditionis
698 4605 939 4658 innocuae
967 4610 1158 4671 Sponte
1186 4601 1442 4670 deinceps
1475 4598 1795 4670 pracvarica-

205 4706 349 4761 tum,
383 4697 707 4752 coactionem
752 4694 1111 4751 inevitabilem
1140 4693 1347 4748 cunctis
1377 4708 1444 4747 ex
1473 4705 1530 4746 se
1558 4688 1799 4744 oriundis

198 4787 452 4842 intulisse
501 4787 775 4858 peccandi.
824 4786 935 4841 Hoc
982 4794 1129 4840 certe
1181 4791 1264 4839 est
1307 4783 1494 4853 dogma
1541 4792 1798 4864 vestrum,

192 4881 347 4952 quod
395 4895 492 4937 nos
533 4880 603 4937 de
648 4880 924 4936 Manichtei
967 4893 1123 4934 como
1153 4886 1412 4932 testamur
1458 4889 1794 4946 expressum,

191 4975 290 5043 qui
323 4981 378 5027 et
399 4973 565 5042 ipsius
587 4975 716 5028 Adae
743 4982 1007 5035 naturam,
1040 4971 1165 5026 licet
1191 4969 1258 5024 de
1282 4970 1464 5039 prima:
1492 4976 1797 5024 concretam

193 5067 341 5120 tlore
369 5066 700 5131 substantiae,
730 5065 897 5119 multo
923 5063 1201 5118 meliorem
1227 5061 1447 5126 secutis,
1475 5067 1657 5115 tamen
1680 5071 1798 5113 ma-

193 5159 308 5212 lum
344 5159 656 5214 naturaliter
684 5159 950 5228 Opinatur.

276 5252 410 5306 Avo.
455 5249 712 5320 Superius
753 5265 870 5321 qua).
913 5249 1054 5305 dicta
1098 5255 1242 5312 sunt,
1274 5246 1404 5302 satis
1442 5243 1695 5311 indicant,
1747 5253 1803 5301 et

190 5341 527 5398 catholicum
580 5341 774 5412 dogma
820 5351 1097 5409 nostrum,
1150 5348 1206 5396 et
1248 5339 1440 5410 dogma
1491 5337 1799 5394 hiereticum

191 5443 466 5503 vestrum,
511 5437 581 5492 de
630 5437 812 5506 primis
859 5435 1164 5490 hominibus
1208 5444 1261 5489 et
1304 5433 1532 5504 posteris
1569 5446 1798 5498 eorum;

193 5524 312 5580 illis
341 5528 503 5582 rectis
532 5543 561 5582 a
604 5529 714 5582 Deo
742 5528 990 5594 conditis,
1041 5527 1156 5581 istis
1194 5534 1393 5590 autem,
1425 5524 1668 5594 quamvis
1709 5537 1800 5578 eo-

192 5619 332 5675 dem
366 5621 642 5677 conditore
667 5661 682 5687 ,
717 5630 894 5676 tamen
922 5621 990 5675 de
1016 5630 1204 5674 natura
1232 5629 1450 5689 peccato
1475 5619 1652 5671 vitiata
1679 5632 1798 5671 cum

190 5713 415 5784 peccati
447 5711 658 5767 vinculo
702 5712 921 5775 exortis,
954 5718 1110 5778 atque
1150 5725 1180 5763 a
1210 5710 1380 5766 salute
1411 5711 1462 5765 in
1503 5723 1604 5780 qua
1634 5707 1800 5764 homo

233 5819 253 5852 ι
298 5816 467 5876 Forte,
491 5815 736 5866 amantius.

477 5905 705 5968 Surr.
757 5904 796 5962 Α
812 5916 1012 5962 uous-
1085 5907 1132 5927 "

1591 328 1797 390 LIBER
1834 330 2123 392 SEXTUS.

1895 450 2138 519 primitus
2163 449 2332 509 factus
2361 461 2443 510 est
2471 455 2522 510 in
2546 456 2874 528 contagionis
2903 459 3210 532 languorem
3243 473 3294 520 et
3325 482 3475 522 mur-

1896 541 1961 596 tis
1983 545 2353 603 necessitatem
2380 549 2600 620 originis
2627 551 2928 607 conditione
2954 553 3196 624 dejectis.
3249 555 3474 628 Propter

1894 633 2032 704 quod
2060 635 2136 691 eis
2163 652 2264 708 0pc
2290 655 2422 711 opus
2453 653 2536 698 est
2561 642 2872 713 Salvatoris,
2903 647 2992 716 qui
3024 649 3252 716 primum
3295 649 3474 704 salvos

1893 726 2020 783 facit
2050 729 2066 760 ³
2105 733 2419 790 remissione
2456 738 2692 792 omnium
2733 751 3099 808 peccatorum;
3150 751 3270 811 post
3315 745 3476 799 etiam

1894 821 2131 875 omniqu
2163 825 2440 881 sanatione
2463 825 2773 898 languorum
2805 829 2975 901 (Psal.
3005 847 3096 896 cn,
3129 833 3208 902 ὅ).
3239 833 3356 888 Jam
3386 834 3478 887 ba-

1895 912 2103 982 ptizatis
2133 915 2298 983 enim,
2332 927 2386 972 et
2414 919 2489 972 eis
2519 920 2609 989 qui
2629 921 2738 992 jam
2771 923 3026 994 Spiritum
3055 935 3295 980 sanetum
3321 942 3478 981 acce-

1895 1016 2082 1074 perant
2127 1006 2337 1062 dicebat
2369 1011 2655 1081 Apostolus
2677 1055 2693 1080 ,
2733 1014 2864 1070 Caro
2907 1017 3212 1086 concupiscit
3242 1020 3480 1074 adversus

1893 1099 2147 1170 spiritum,
2174 1103 2381 1171 spiritus
2405 1115 2569 1159 autem
2592 1107 2832 1161 adversus
2850 1125 3049 1162 carnem
3077 1129 3096 1165 :
3123 1113 3230 1166 haec
3248 1113 3378 1166 enim
3402 1113 3480 1166 iu-

1894 1193 2048 1246 vicem
2075 1193 2440 1260 adversantur;
2478 1207 2534 1250 ut
2559 1215 2659 1252 non
2684 1215 2742 1253 ea
2767 1217 2879 1270 quin
2901 1203 3048 1257 vultis
3073 1245 3086 1268 ,
3120 1205 3315 1272 faciatis
3352 1205 3480 1277 (Ga-

1896 1286 1988 1344 lat.
2022 1303 2078 1354 v,
2115 1286 2223 1360 l7).
2254 1288 2353 1344 Ubi
2387 1301 2437 1344 tu
2463 1292 2551 1360 qui
2581 1307 2742 1363 negas
2773 1293 2996 1350 liberum
3033 1298 3306 1351 arbitrium
3335 1298 3477 1352 vires

1895 1392 2018 1433 suas
2055 1379 2350 1448 perdidisse
2381 1383 2677 1450 peccando,
2729 1385 2781 1438 id
2831 1394 2934 1452 est,
2982 1389 3120 1442 male
3150 1404 3206 1443 se
3246 1389 3477 1453 utendo;

1894 1468 2019 1539 quid
2050 1471 2418 1541 respondebis,
2442 1474 2662 1530 audiens
2687 1477 2828 1546 quod
2847 1493 3008 1534 carne
3028 1481 3438 1548 concupiscente
3458 1482 3478 1511 ¹

1895 1559 2148 1616 adversus
2175 1563 2439 1633 spiritum,
2471 1581 2576 1619 non
2609 1581 2670 1620 ea
2699 1583 2817 1637 qua:
2843 1571 3027 1623 volunt
3058 1571 3254 1625 faciant
3283 1582 3338 1626 et
3361 1572 3484 1626 lide-

1896 1653 1994 1718 les,
2026 1671 2130 1708 non
2159 1671 2218 1710 ea
2244 1673 2362 1727 qute
2385 1658 2570 1712 volunt
2591 1659 2783 1715 faciant
2803 1662 2964 1716 etiam
2987 1662 3038 1717 lii
3061 1664 3253 1733 quibus
3281 1677 3404 1720 sunt
3431 1667 3481 1720 iu

1896 1743 2167 1817 Baptismo
2182 1747 2399 1803 dimissa
2424 1760 2636 1820 peccata
2659 1769 2672 1817 ;
2698 1767 2802 1806 non
2828 1768 2888 1808 ea
2917 1769 3034 1821 qua:
3058 1755 3244 1810 volunt
3266 1757 3484 1824 faciant,

1895 1855 2030 1911 quos
2055 1843 2340 1912 Apostolus
2361 1859 2425 1898 ex
2448 1844 2627 1899 auditu
2652 1845 2772 1901 ﬁdei
2799 1847 2924 1902 dicit
2941 1849 3209 1918 accepisse
3231 1850 3484 1920 Spiritum

1897 1942 2138 1989 sanctum
2177 1934 2285 2006 (Id.
2310 1952 2388 2002 Ill,
2422 1936 2475 2007 2)
2503 1956 2516 1992 :
2546 1947 2814 2006 postremo
2841 1955 2946 1994 non
2972 1956 3030 1994 ea
3056 1957 3172 2010 qua:
3199 1942 3385 1996 volunt
3406 1943 3486 1996 fa-

1897 2025 2044 2080 ciant
2073 2042 2167 2097 per
2207 2027 2426 2082 liberam
2456 2028 2807 2094 voluntatem,
2835 2045 2968 2100 quos
3003 2031 3076 2086 ait
3119 2031 3258 2085 idem
3299 2032 3487 2087 doctor

1897 2117 2170 2186 Gentium,
2205 2130 2420 2175 vocatos
2451 2121 2504 2174 in
2529 2121 2827 2177 libertatem
2857 2121 2967 2194 (Id.
2999 2140 3050 2190 v,
3086 2121 3220 2196 i5)?
3253 2125 3476 2190 Deinde,

1899 2218 2004 2265 tam
2033 2210 2264 2266 disertus
2290 2211 2541 2266 defensor
2570 2215 2682 2280 ipse
2708 2213 2941 2268 libidinis
2967 2256 2978 2276 ,
3013 2214 3101 2284 qui
3135 2215 3280 2268 velut
3308 2223 3486 2285 patro-

1897 2317 2000 2358 nus
2026 2303 2268 2374 egregins
2295 2319 2390 2374 pro
2420 2315 2663 2374 suscepta
2695 2315 2779 2359 tua
2812 2314 3012 2359 tantum
3036 2305 3200 2360 audes
3224 2345 3240 2372 ,
3270 2319 3326 2360 ut
3351 2321 3485 2362 con-

1899 2393 2214 2463 piscentiam
2241 2395 2437 2462 carnis,
2465 2411 2568 2464 qua
2590 2396 2914 2465 concupiscit
2935 2395 3190 2450 adversus
3217 2395 3485 2466 Spiritum,

1899 2488 2061 2543 etiam
2088 2488 2140 2542 in
2172 2488 2419 2559 paradiso
2459 2503 2567 2543 non
2594 2488 2800 2544 dubites
2832 2487 2990 2544 fuisse
3021 2501 3148 2544 ante
3174 2499 3486 2558 peccatum;

1900 2594 2006 2635 non
2027 2579 2180 2635 vides
2199 2579 2384 2634 adhoc
2405 2588 2455 2634 te
2475 2580 2744 2650 compelli,
2762 2587 2820 2634 ut
2839 2579 2984 2634 dicas
2999 2593 3099 2634 nec
3119 2588 3243 2635 tunc
3261 2579 3420 2635 fuisse
3437 2581 3490 2636 in

1899 2672 2002 2728 illis
2034 2672 2217 2743 primis
2252 2671 2556 2727 hominibus
2585 2671 2854 2727 ellicacem
2881 2674 3103 2728 liberam
3123 2672 3492 2727 voluntatem?

1899 2760 1955 2817 Si
1984 2761 2125 2817 enim
2143 2771 2196 2817 et
2219 2771 2345 2817 tunc
2369 2777 2496 2817 caro
2515 2763 2927 2832 concupiscebat
2946 2764 3200 2818 adversus
3221 2763 3488 2834 spiritum,

1901 2869 2007 2909 non
2025 2869 2085 2908 ea
2102 2870 2220 2925 quae
2234 2853 2484 2909 volebant
2503 2854 2684 2926 utique
2704 2853 2990 2911 faciebant.
3009 2855 3113 2911 Sed
3135 2855 3382 2925 quoniam
3398 2869 3494 2924 per

1901 2946 2124 3002 liberum
2155 2946 2452 3014 arbitrium,
2479 2946 2620 3016 quod
2662 2955 2787 3002 tunc
2825 2947 3196 3018 integerrimas
3221 2947 3364 3001 vires
3390 2945 3490 3000 ha-

1900 3038 2035 3106 buit,
2061 3055 2122 3093 ea
2151 3038 2414 3094 faciebant
2437 3038 2625 3109 procul
2652 3037 2813 3093 dubio
2841 3053 2959 3108 qua:
2994 3037 3263 3101 volebant,
3298 3037 3349 3091 id
3387 3049 3490 3102 est,

1900 3129 2093 3185 divinae
2136 3130 2236 3201 legi
2280 3144 2384 3183 non
2417 3129 2588 3184 solum
2640 3128 2782 3183 nulla
2825 3129 3277 3198 impossibilitate,
3309 3142 3495 3181 verum

1901 3221 2060 3276 etiam
2091 3220 2231 3275 nulla
2259 3219 2576 3274 difﬁcultate
2618 3219 2925 3275 serviebant
2970 3236 2982 3271 :
3027 3228 3111 3273 tua
3141 3218 3214 3273 ibi
3245 3225 3496 3287 suscepta

1903 3328 2010 3368 non
2037 3313 2153 3379 fuit,
2181 3327 2281 3383 qua
2308 3327 2432 3367 caro
2452 3311 2781 3382 concupiscit
2805 3312 3064 3366 adversus
3089 3311 3329 3380 spiritum
3356 3327 3370 3376 ;
3396 3325 3493 3380 per

1901 3421 2058 3477 quam
2090 3405 2149 3460 ﬁt
2175 3414 2231 3460 ut
2259 3405 2502 3460 homines
2525 3404 2634 3474 jam
2666 3405 2826 3460 etiam
2856 3420 2949 3474 per
2976 3404 3131 3458 fidem
3159 3404 3402 3458 conversi
3425 3402 3495 3458 ad

1903 3498 2102 3565 Deum,
2130 3499 2239 3568 jam
2267 3497 2514 3568 haptizati
2535 3538 2548 3562 ,
2579 3496 2890 3551 sanetilicati
2913 3537 2926 3556 ,
2972 3495 3023 3549 in
3057 3495 3357 3550 libertatem
3389 3509 3488 3547 vo-

1902 3591 2007 3647 cati
2031 3632 2048 3660 ,
2076 3606 2181 3645 non
2217 3589 2409 3645 faciant
2438 3590 2487 3644 in
2515 3589 2898 3659 exstinguenda
2933 3589 3118 3643 vitiosa
3145 3587 3495 3644 delectatione

1903 3700 2022 3756 quae
2050 3683 2251 3738 volunt.
2298 3680 2757 3751 Verissimumque
2799 3680 2928 3735 illud
2956 3691 3066 3745 est,
3095 3679 3236 3750 quod
3269 3695 3365 3750 per
3393 3696 3492 3732 au-

1906 3776 2124 3830 tistitem
2157 3773 2495 3830 Ambrosium
2526 3771 2655 3826 ﬁdes
2689 3771 2948 3826 catholica
2977 3772 3129 3835 dixit,
3179 3771 3278 3824 hoc
3309 3772 3493 3826 vitium

1904 3882 2009 3937 quo
2035 3881 2160 3922 caro
2190 3864 2518 3934 concupiscit
2545 3864 2806 3918 adversus
2828 3863 3093 3932 spiritum,
3128 3877 3221 3929 per
3249 3863 3496 3930 praevari-

1905 3959 2169 4015 cationem
2219 3957 2373 4026 primi
2425 3955 2656 4009 hominis
2711 3955 2764 4010 in
2803 3963 3038 4008 nostram
3081 3956 3302 4010 vertisse
3348 3964 3496 4008 natu-

1904 4065 2017 4106 ram
2048 4049 2184 4119 (Lib.
2226 4049 2258 4102 7
2292 4049 2345 4101 in
2383 4047 2510 4102 Luc.
2543 4064 2637 4114 xu,
2670 4048 2786 4118 55).
2819 4047 2936 4113 Quo
2979 4047 3084 4101 telo
3128 4047 3416 4101 inevitabili
3443 4056 3499 4102 et

1906 4143 2250 4214 insuperabili
2281 4142 2516 4196 veritatis
2542 4183 2556 4208 ,
2589 4148 2646 4196 et
2671 4139 2996 4195 Maniclimus
3026 4139 3372 4193 obtruncatur
3396 4181 3412 4205 ,
3442 4148 3497 4193 ct

1906 4246 1984 4292 tu.
2011 4237 2184 4292 Ambo
2208 4235 2403 4306 quippe
2433 4235 2484 4288 in
2512 4234 2611 4290 hac
2635 4250 2713 4300 re,
2745 4234 2923 4289 videto
2951 4233 2970 4264 ³
2995 4234 3116 4304 quis
3144 4245 3376 4287 vestrum
3406 4249 3498 4304 pe-

1903 4331 1991 4402 jus
2009 4372 2024 4396 ,
2055 4340 2230 4385 tamen
2255 4343 2477 4400 prorsus
2501 4329 2692 4382 erratis
2723 4347 2736 4384 :
2769 4337 2822 4381 tu
2866 4337 3148 4398 propterea
3173 4369 3185 4391 ,
3225 4328 3346 4396 quia
3373 4344 3499 4382 cou-

1907 4421 2080 4478 tendis
2099 4421 2237 4492 quod
2260 4421 2358 4474 ista
2379 4419 2680 4492 pestilentia
2702 4419 2896 4472 malum
2915 4434 3019 4473 non
3043 4419 3111 4472 sit
3135 4433 3148 4481 ;
3186 4418 3270 4472 ille
3292 4428 3493 4480 autem,

1906 4514 2028 4585 quia
2072 4514 2267 4568 malum
2298 4512 2510 4583 quidem
2546 4511 2802 4580 agnoscit,
2837 4510 2933 4566 sed
2970 4510 3109 4565 unde
3129 4511 3198 4563 sit
3227 4511 3416 4577 nescit,
3449 4519 3498 4564 ct

1907 4605 2012 4661 ﬁde
2060 4601 2321 4660 catholica
2379 4603 2665 4658 destitutus
2709 4602 2936 4657 fabulam
2993 4601 3392 4655 mendaciorum
3444 4611 3499 4656 et

1909 4697 2294 4767 turpitudinum
2342 4695 2594 4765 plenam,
2640 4694 2707 4748 de
2744 4694 2968 4747 duarum
3018 4692 3500 4748 naturarum'boui

1907 4792 2112 4847 scilicet
2158 4799 2212 4844 et
2263 4788 2387 4843 mali
2438 4787 2790 4858 permixtione
2838 4785 3128 4855 componit.
3177 4784 3328 4838 Nunc
3373 4801 3500 4851 ergo

1908 4893 2090 4940 nostra
2121 4882 2324 4954 justitia
2353 4888 2456 4946 est,
2485 4888 2541 4934 ut
2562 4878 2834 4949 iustificati
2869 4894 2962 4947 per
2990 4876 3145 4930 fidem
3187 4892 3371 4944 pacem
3400 4877 3494 4930 lia-

1908 4976 2128 5031 beamus
2165 4974 2232 5027 ad
2283 4973 2445 5027 Deum
2492 4970 2668 5042 (Rom.
2703 4985 2756 5036 ν,
2803 4970 2890 5039 l);
2938 4977 3120 5023 contra
3156 4984 3282 5021 vero
3321 4967 3508 5022 carnis

1907 5064 2394 5136 concupiscentiam
2458 5078 2554 5117 nos
2595 5069 3012 5132 oppugnantem,
3054 5076 3148 5130 per
3194 5060 3359 5130 ipsius
3402 5060 3496 5113 Dei

1907 5159 2159 5212 auxilium
2206 5162 2534 5225 repugnante
2563 5151 2585 5183 ⁸
2637 5152 2826 5222 spiritu
2873 5147 3210 5205 diu'iiccuius.
3253 5149 3366 5202 Non
3411 5159 3495 5201 est

1907 5266 2035 5323 ergo
2059 5249 2218 5318 hujus
2247 5249 2366 5302 vita:
2389 5246 2616 5316 justitia,
2649 5245 2834 5298 vitium
2861 5258 2966 5298 non
2998 5241 3220 5304 habere;
3250 5240 3340 5293 sed
3372 5239 3498 5291 vitia

1908 5358 2014 5396 non
2063 5340 2142 5396 eis
2187 5335 2573 5393 consentiendo
2627 5335 2889 5398 minuere,
2943 5331 3125 5399 eisque
3175 5327 3489 5392 resistendo,

1909 5439 2266 5502 temperanter
2293 5438 2348 5483 et
2369 5428 2511 5497 juste
2537 5435 2590 5481 et
2621 5427 2703 5495 pie
2734 5424 2934 5478 vivere.
2967 5420 3180 5475 Nullum
3213 5427 3388 5470 autem
3414 5418 3498 5469 cui

1908 5525 2220 5580 resistamus
2252 5521 2446 5574 habere
2493 5519 2698 5582 vitium,
2747 5513 3056 5586 posterioris
3087 5519 3168 5564 cst
3207 5508 3347 5573 \‘itu‘,
3380 5523 3498 5576 qua:

1973 5636 1991 5668 ι
2025 5635 2098 5683 Sic
2121 5641 2224 5682 Mss.
2262 5632 2394 5690 editi.
2419 5628 2548 5694 β’σίτς
2678 5690 2686 5694 -
2861 5693 2868 5694 κ
3172 5682 3184 5694 ⁸

1972 5699 1992 5729 ²
2028 5697 2315 5756 \‘ignierius,
2340 5688 2734 5756 concupiscendo.
2760 5696 2813 5740 At
2833 5693 2960 5743 διες..
2985 5688 3364 5746 concupiscam.

1974 5761 1995 5791 ³
2028 5755 2178 5805 Vetus
2201 5757 2350 5804 "'dcx
2373 5755 2512 5812 (Tltll‘.,
2538 5755 2714 5802 ridere.

1973 5822 1992 5852 ⁸
2027 5827 2091 5870 lla
2117 5825 2218 5870 Mss.
2245 5818 2360 5868 Witi
2386 5825 2568 5874 autem,
2597 5820 2928 5876 ›·;’;ιι.’ί2έ.·ιηίιῖ.ς.

2704 5887 3298 5982 {Quarch-Jtuit.)
