3980 6476
579 340 720 406 1518

576 464 712 523 bene
753 471 916 539 gesta:
962 461 1237 534 przesentis
1264 469 1350 519 est
1388 459 1698 532 praemium;
1742 460 2018 516 sanatione
2059 473 2158 513 no-

575 567 721 623 stra),
761 570 867 610 non
896 554 1054 626 (sicut
1092 551 1440 619 Manichacus,
1469 552 1620 627 cujus
1645 567 1706 607 es
1746 549 1975 627 adjutor,
2016 549 2160 604 insa-

578 647 680 715 nit)
705 646 890 699 alienae
916 644 1250 714 separatione
1278 651 1499 697 naturae.
1529 634 1671 697 Ecce
1697 641 1887 715 dogma
1915 650 2159 703 nostrum

576 753 683 792 non
709 735 882 791 estde
910 735 1181 789 Manicluei
1207 749 1382 802 caeno,
1411 735 1551 789 sicut
1577 733 1876 791 criminaris
1896 774 1911 801 ,
1937 747 2165 813 expres:

578 843 731 890 sum;
761 842 866 897 quo
895 826 1141 901 dogmate
1166 826 1551 893 Manichaeum,
1583 826 1630 881 si
1658 841 1766 882 non
1791 842 2005 883 omnem
2030 840 2158 891 sen-

497 983 511 994 _
575 936 692 977 sum
720 920 965 987 amisisti,
992 927 1163 976 tecum
1192 920 1370 976 cernis
1398 934 1733 993 Oppressum.

644 1013 735 1068 ix.
761 1012 881 1069 ΙΙοι..
912 1011 1073 1069 Nobis
1101 1013 1260 1084 igitur
1287 1013 1339 1068 in
1370 1014 1621 1084 praesenti
1649 1010 2013 1070 convincenda
2048 1011 2157 1087 pri-

484 1104 487 1107 λ
573 1122 660 1160 mo
714 1114 797 1162 est
837 1120 1027 1161 sensus
1061 1105 1224 1160 vestri
1265 1104 1568 1171 bebetudo;
1606 1113 1718 1160 tum
1765 1103 2153 1161 ostendendum

572 1198 710 1269 quod
735 1213 879 1269 srepe
900 1197 1010 1269 jam
1032 1195 1274 1265 fecimus,
1305 1213 1373 1254 ne
1402 1212 1508 1252 uno
1533 1197 1748 1269 quidem
1778 1195 1913 1268 pede
1934 1211 1964 1253 a
1988 1194 2154 1250 Mani-

573 1290 839 1345 clneorum
864 1305 960 1345 vos
986 1289 1271 1361 gurgustiis
1298 1287 1692 1358 meritoriisque
1718 1287 2012 1345 discedere.
2042 1285 2151 1341 ini-

571 1380 644 1436 tio
671 1381 844 1452 igitur,
882 1381 1305 1437 amentissimum
1336 1388 1420 1436 est
1458 1379 1660 1435 arbitrii
1693 1378 1957 1450 negotium
1988 1377 2150 1439 semi-

570 1471 725 1526 nibus
745 1471 1040 1527 immixtum
1068 1479 1275 1542 putare,
1326 1480 1379 1526 et
1403 1470 1579 1527 officia
1625 1470 1952 1525 voluntatum
1986 1469 2153 1525 inole-

570 1563 714 1619 visse
746 1564 1132 1636 conceptibus:
1163 1572 1220 1617 ut
1264 1577 1348 1631 ea,
1380 1578 1503 1635 quae
1530 1571 1613 1617 est
1654 1562 1949 1617 clarissima
1993 1568 2151 1631 atque

567 1657 886 1725 vastissima,
918 1667 1220 1713 naturarum
1252 1664 1307 1713 et
1331 1656 1625 1712 studiorum
1656 1654 1996 1713 distinctione
2023 1652 2150 1711 Sub-

568 1750 692 1817 lata,
721 1748 969 1804 voluntas
1000 1750 1290 1819 primorum
1344 1748 1573 1820 posteris
1612 1762 1672 1803 se
1714 1745 2017 1818 ingenuisse
2064 1743 2148 1799 di-

569 1854 738 1899 catur.
776 1842 871 1899 Cui
903 1843 1073 1898 errori
1124 1842 1422 1898 obluctatur
1452 1837 1705 1911 quidquid
1750 1839 1803 1893 in
1848 1837 2005 1893 rebus
2045 1843 2144 1892 est.

567 1936 843 2008 Nunquam
874 1936 1136 2009 siquidem
1166 1936 1256 1990 lilii
1285 1934 1605 1990 disertorum
1640 1939 1971 1987 venustatem
2016 1929 2148 1989 artis

566 2038 797 2098 paternae
835 2029 887 2083 in
917 2029 1179 2099 vagitibus
1207 2028 1519 2096 attulerunt,
1557 2035 1647 2080 aut
1680 2025 1893 2080 soboles
1931 2024 2147 2080 histrio-

564 2137 691 2176 num
737 2120 908 2176 doctis
939 2121 1169 2176 motibus
1208 2119 1272 2175 ad
1315 2119 1475 2174 verba
1526 2133 1715 2173 manus
1746 2115 2003 2181 tetendit;
2050 2130 2148 2170 nec

566 2211 882 2267 bellatorum
912 2210 1007 2266 lilii
1034 2210 1210 2266 tubam
1232 2210 1426 2280 populo
1447 2215 1825 2280 poposcerunt.
1867 2205 2014 2260 Licet
2048 2204 2147 2261 hac

563 2302 752 2369 forma,
798 2300 1041 2372 exempla
1068 2301 1302 2356 omnium
1333 2300 1572 2371 persequi
1604 2298 1833 2353 clariora
1862 2296 2145 2355 tonitribus

562 2393 915 2449 concinentia.
946 2390 1310 2463 Respondebit
1341 2391 1680 2457 universitas,
1727 2387 1860 2444 alios
1898 2403 2018 2444 esse
2044 2404 2143 2443 na-

571 2496 702 2540 turae
730 2482 953 2551 limites,
985 2483 1120 2539 alios
1145 2482 1464 2547 voluntatis;
1509 2481 1946 2552 conditionesque
1977 2480 2143 2535 semi-

562 2592 687 2631 num
711 2576 1007 2633 studiorum
1028 2574 1351 2646 appetitibus
1378 2573 1588 2644 pervias
1612 2574 1631 2605 ¹
1658 2586 1779 2628 esse
1817 2586 1923 2627 non
1961 2585 2136 2641 posse.

563 2666 943 2722 Bardissimum
986 2667 1166 2738 itaque
1218 2673 1271 2719 et
1318 2662 1577 2733 depositm
1621 2661 1925 2717 stoliditatis
1971 2675 2139 2732 appa-

563 2758 735 2826 ruit’,
769 2758 989 2814 credere
1025 2770 1340 2812 conversum
1371 2755 1423 2810 in
1470 2763 1735 2822 naturam,
1785 2752 1927 2824 quod
1955 2753 2143 2808 volun-

562 2850 754 2906 larium
784 2849 949 2907 fuisse
978 2850 1197 2906 fateare.
1224 2849 1487 2905 Creterum
1515 2847 1642 2902 illud
1669 2846 1809 2901 aliud
1836 2846 1995 2916 longe
2020 2845 2141 2900 lon-

561 2956 730 3014 geque
754 2942 1071 3007 deformius,
1093 2941 1233 3011 quod
1267 2939 1671 3010 possibilitatem
1703 2938 1956 3010 operandi
1986 2938 2141 2993 initio

561 3037 642 3090 ais
676 3035 1000 3105 operationis
1042 3035 1396 3103 absumptam,
1422 3034 1474 3088 id
1500 3043 1603 3099 est,
1632 3041 1690 3087 ut
1730 3033 1955 3088 liberum
2000 3033 2142 3089 arbi-

565 3126 721 3181 Irinm
750 3125 910 3198 (quod
934 3141 1039 3181 non
1066 3133 1149 3181 est
1173 3125 1312 3179 aliud
1339 3139 1493 3196 quam
1535 3124 1858 3195 possibilitas
1883 3125 2139 3196 peccandi

559 3228 615 3274 et
642 3233 745 3274 non
771 3216 1022 3289 peccandi
1046 3216 1088 3284 ⁸,
1124 3216 1251 3271 nulli
1285 3217 1449 3287 partis
1477 3215 1746 3270 alterutrae
1771 3215 1979 3272 subdita
2020 3216 2137 3273 vio-

562 3309 760 3375 lentias,
806 3306 899 3363 sed
942 3323 1061 3379 qua:
1089 3307 1279 3362 habeat
1318 3305 1618 3363 facultatem
1651 3308 1702 3361 in
1740 3306 1879 3378 quod
1908 3306 2139 3372 voluerit

560 3403 698 3456 latus
739 3407 929 3470 suopte
967 3397 1250 3455 insistendi
1297 3397 1601 3470 arbitratu),
1647 3408 1926 3470 postquam
1974 3399 2139 3471 cmpit

559 3495 785 3550 alterum
813 3493 969 3558 velle,
998 3503 1279 3562 utrumque
1309 3506 1461 3562 posse
1482 3490 1793 3562 perdiderit.

631 3588 766 3642 Anc.
804 3584 953 3640 itane
994 3597 1123 3639 vero
1163 3598 1267 3640 non
1307 3583 1501 3649 cernis,
1549 3581 1838 3637 Manichaeo
1864 3590 1935 3648 te,
1981 3585 2134 3654 igno-

560 3686 740 3734 ranter
762 3675 995 3747 quidem,
1025 3674 1118 3731 sed
1144 3676 1401 3730 instanter
1424 3683 1600 3729 tamen
1636 3675 1740 3729 isto
1767 3684 1868 3730 ture
1894 3674 2134 3745 loquaci-

562 3769 684 3824 tatis
722 3767 905 3823 inilato
946 3775 1107 3838 atque
1148 3779 1400 3836 Spumoso
1429 3766 1653 3835 strepitu
1693 3765 2012 3836 suifragari?
2076 3762 2134 3820 Si

563 3859 704 3913 enim
733 3866 1003 3929 quaerente
1025 3857 1118 3913 illo
1143 3874 1173 3912 a
1199 3856 1352 3912 nobis
1375 3857 1513 3911 unde
1530 3857 1598 3911 sit
1625 3856 1839 3923 malum,
1862 3870 1965 3927 qua
1988 3872 2135 3927 quae-

560 3950 732 4004 stione
781 3956 1170 4004 consuevemnt
1219 3947 1381 4003 corda
1427 3947 1687 4002 inerudita
1738 3949 1985 4015 turbare;
2036 3962 2134 4003 nos

564 4036 1031 4108 responderemus,
1077 4037 1144 4094 de
1185 4039 1351 4094 libera
1384 4038 1654 4093 voluntate
1684 4040 1957 4095 rationalis
1986 4054 2136 4095 crea-

563 4140 694 4185 turas
735 4139 974 4185 exortum
1001 4147 1014 4184 :
1040 4136 1199 4200 atque
1234 4130 1323 4184 ille
1359 4129 1599 4198 diceret,
1653 4128 1807 4186 Unde
1843 4144 1971 4201 ergo
2011 4139 2133 4187 sunt

562 4231 659 4276 ista
681 4228 759 4276 tot
781 4222 938 4288 maia,
966 4236 1083 4291 qua:
1117 4236 1221 4275 non
1256 4221 1363 4291 jam
1394 4221 1551 4286 natis,
1584 4229 1639 4276 et
1663 4221 1948 4276 voluntatis
1985 4223 2133 4277 arbi-

563 4313 664 4366 trio
687 4311 977 4367 accedente
1006 4319 1162 4366 aetate
1181 4310 1291 4381 jam
1313 4311 1584 4367 utentibus
1601 4310 1868 4378 accidunt,
1897 4313 1992 4368 sed
2011 4329 2133 4370 eum

560 4404 750 4474 quibus
773 4403 854 4459 vel
875 4417 1084 4471 omnes,
1127 4403 1210 4459 vei
1246 4403 1483 4474 plerique
1505 4404 1837 4458 nascuntur?
1879 4404 2136 4461 omnibus

560 4496 753 4566 quippe
777 4495 1053 4567 eongenita
1078 4503 1162 4550 est
1191 4495 1368 4550 carnis
1393 4495 1838 4565 concupiscentia,
1879 4510 1981 4566 qua
2008 4510 2136 4552 caro

560 4585 883 4655 concupiscit
905 4585 1162 4640 adversus
1184 4586 1431 4655 spiritum
1450 4625 1465 4651 ,
1494 4584 1654 4640 etiam
1680 4594 1824 4640 recta
1853 4584 1955 4640 fide
1976 4594 2136 4657 atque

559 4677 795 4732 doctrina
841 4677 1053 4746 pietatis
1091 4677 1384 4743 imbutum;
1437 4675 1682 4731 omnibus
1727 4677 2005 4747 congenita
2054 4688 2137 4732 est

512 4838 514 4840 ν
558 4767 798 4838 quaedam
824 4768 984 4822 etiam
1012 4767 1230 4822 tarditas
1255 4767 1465 4833 mentis,
1513 4782 1618 4838 qua
1646 4776 1700 4823 et
1743 4767 1797 4822 hi
1836 4767 1924 4838 qui
1954 4769 2136 4840 appel-

560 4859 734 4914 lantur
758 4858 1038 4929 ingeniosi,
1072 4873 1178 4913 non
1214 4865 1389 4913 tamen
1430 4858 1545 4913 sine
1579 4858 1751 4928 aliqua
1782 4858 1979 4914 laboris
2001 4874 2142 4914 (cru-

559 4966 624 5006 ua
648 4950 738 5006 vel
766 4965 1124 5020 quascumque
1139 4960 1300 5015 artes,
1331 4950 1415 5005 vel
1444 4965 1535 5007 eas
1561 4952 1720 5006 etiam
1733 4966 1864 5022 quas
1881 4952 2132 5008 liberales

560 5048 867 5111 nuncupant
888 5082 903 5109 ,
937 5041 1164 5106 discunt,
1193 5042 1276 5097 vel
1306 5042 1470 5111 ipsius
1510 5042 1784 5114 religionis
1829 5044 2132 5099 uberiorem

558 5134 832 5189 scientiam
859 5143 1276 5203 consequuntur.
1323 5132 1549 5200 Quidam
1590 5135 1749 5190 etiam
1776 5149 2007 5204 corpore
2036 5136 2133 5191 de-

559 5222 715 5279 forati
742 5231 799 5278 et
818 5221 1100 5293 aliquando
1117 5232 1478 5291 monstruoso,
1510 5222 1665 5278 multi
1685 5224 1949 5291 obliviost,
1982 5225 2137 5281 multi

557 5314 644 5368 ad.
672 5314 1069 5385 intelligendum
1117 5314 1254 5370 tardi
1298 5322 1355 5370 et
1396 5314 1630 5381 obtunsi,
1679 5315 1833 5370 multi
1871 5315 2131 5387 iracundi,

559 5403 708 5459 multi
746 5390 1050 5472 libidinosi,
1104 5405 1344 5461 nonnulli
1407 5405 1568 5461 etiam
1615 5408 1834 5465 omnino
1875 5408 2136 5466 excordes

621 5562 642 5637 ἒ
674 5562 791 5637 Et!!!
815 5559 1045 5637 νρτίεηαεο
1062 5563 1459 5637 aestimasse.
1473 5566 1824 5637 ωαηιιεωριίξτ

621 5623 818 5696 "aditi,
833 5622 879 5673 et
909 5622 1174 5696 depositum
1194 5622 1483 5696 ’A'stoltiditatis
1518 5622 1760 5696 apparuit.
1786 5625 1953 5696 melius
1973 5628 2131 5696 codex

559 5690 703 5743 νυνι,
719 5688 765 5734 et
784 5684 1011 5757 depositiz
1043 5685 1110 5747 (id
1135 5692 1228 5745 est,
1251 5684 1561 5750 dcaperatw)’
1578 5684 1849 5740 stoliditatis
1890 5693 2134 5754 apparuit.

624 5744 646 5777 ³
677 5750 727 5793 in
766 5746 908 5809 editis
938 5747 1207 5809 exciderat,
1245 5754 1289 5799 et
1330 5760 1424 5799 non
1456 5748 1707 5809 peccandi.
1755 5754 2030 5803 ticstituitur
2069 5768 2136 5806 ex

1245 344 1491 404 OPERIS
1528 338 1937 402 IMPERFECTI
1972 302 2241 400 conm
2281 340 2644 413 JULIANUM,
2684 344 2742 405 s.
2783 332 3149 407 accusanti

3652 363 3746 427 15ίῦ

2266 457 2499 532 fatuique
2534 468 2842 519 nascuntur.
2868 462 3005 530 Quid
3022 462 3165 523 aliud
3204 463 3462 527 catholica
3488 478 3753 545 tum

2264 549 2414 617 ﬁdes,
2446 551 2544 611 nisi
2573 551 2687 615 haec
2709 552 2886 619 omnia
2914 555 3073 623 mata.
3098 569 3166 627 ex
3185 572 3298 627 quo
3314 561 3535 627 peccavit
3558 564 3700 637 hanc,
3717 588 3756 633 α

2263 642 2330 704 de
2375 644 2643 717 paradiso,
2690 645 2743 719 id
2768 654 2871 717 est,
2924 647 3045 715 loco
3081 646 3354 713 felicitatis
3399 652 3681 731 ejectusct,
3711 683 3757 726 οι

2264 744 2448 811 natura
2477 751 2595 808 qua:
2632 737 2835 808 peccati
2876 738 3191 808 contagione
3221 741 3403 807 vitiata
3446 757 3541 813 est,
3584 757 3759 814 arma:

2261 825 2442 898 Neque
2465 827 2628 897 enim,
2683 828 2730 885 si
2774 843 2933 889 nemo
2960 839 3262 900 peccasset.
3314 833 3397 895 vel
3428 836 3542 899 talia
3581 840 3625 899 in
3656 858 3760 913 pan-

2260 912 2397 984 diso,
2432 917 2514 973 vel
2544 919 2645 979 alia
2674 918 2780 979 ulla
2808 920 2931 981 vitia
2959 930 3334 987 nascerentur.
3376 924 3490 995 Quo
3513 912 3683 998 audito.
3703 937 3762 995 ille

2261 1016 2347 1062 tua
2375 1008 2548 1077 nobis,
2563 1009 2610 1067 si
2631 1010 2874 1081 haberet,
2897 1012 3057 1073 verba
3079 1015 3355 1083 recitaret.
3370 1016 3461 1073 ubi
3483 1018 3619 1090 dicis,
3637 1042 3654 1081 t
3675 1026 3763 1086 Esse

2257 1099 2697 1171 amentissimum,
2743 1102 2947 1165 arbitrii
2989 1105 3267 1182 negotium
3301 1108 3582 1169 seminibus
3605 1115 3762 1174 immix.

2258 1198 2367 1244 tum
2397 1199 2600 1262 putare,
2644 1203 2697 1248 et
2738 1191 2915 1253 ofﬁcia
2960 1195 3296 1259 voluntatum
3335 1197 3605 1269 imbuisse
3624 1219 3764 1263 conm-

2256 1279 2429 1350 ptibus
2459 1298 2474 1335 :
2506 1298 2527 1334 ›
2558 1290 2611 1337 et
2640 1282 2693 1338 in
2724 1282 2864 1340 hanc
2891 1286 3211 1351 sententiam
3234 1287 3489 1363 quidquid
3511 1293 3634 1351 aliud
3656 1299 3763 1355 addi-

2255 1368 2398 1436 disti,
2434 1385 2501 1426 ex
2537 1369 2640 1427 hoc
2670 1388 2786 1428 eam
2815 1375 3043 1447 probare
3088 1388 3342 1447 conatus.
3391 1393 3492 1449 quo
3510 1397 3598 1442 nec
3634 1383 3765 1445 discut

2255 1459 2594 1528 disertorum,
2622 1478 2720 1519 nec
2741 1463 3029 1523 histriones
3050 1467 3404 1540 histrionum,
3427 1486 3525 1529 nec
3547 1472 3764 1537 bellatores

2254 1563 2543 1608 nascuntur
2579 1553 2670 1610 lilii
2711 1554 3046 1613 bellatorum.
3096 1558 3205 1625 lsto
3240 1568 3335 1621 tuo
3374 1562 3619 1633 adjutorio
3651 1567 3765 1629 itani-

2254 1641 2436 1698 chaeus
2479 1643 2546 1699 ad
2585 1644 2686 1700 hoc
2737 1647 2902 1711 utitur
2930 1647 2970 1714 ⁸,
2994 1657 3056 1710 ut
3102 1642 3380 1721 oppugnet
3417 1654 3551 1729 quod
3576 1656 3760 1729 dicimus,

2254 1744 2473 1804 peccato
2500 1737 2655 1809 primi
2682 1737 2912 1795 hominis
2952 1741 3240 1807 humanam
3271 1745 3505 1805 vitiatam
3547 1747 3763 1809 fuissem-

2256 1834 2448 1897 turam,
2481 1828 2637 1885 etiam
2662 1831 2712 1883 in
2744 1834 2973 1902 posteris
2998 1834 3114 1905 ejus
3133 1835 3176 1905 ',
3220 1835 3315 1909 qui
3346 1837 3546 1897 ratione
3583 1843 3760 1900 sentienti

2251 1919 2303 1973 in
2339 1919 2429 1977 illo
2457 1931 2630 1988 erant,
2661 1923 2871 1993 quando
2915 1925 2969 1984 in
3018 1926 3107 1982 illa
3157 1928 3351 2001 grandi
3404 1912 3762 2005 praevaricatione

2249 2013 2485 2081 peccavit
2515 2032 2528 2069 :
2557 2017 2698 2085 quod
2725 2031 2845 2075 cum
2890 2021 3298 2091 oppugnat-erit,
3345 2021 3624 2079 introducat
3658 2040 3760 2085 com.

2249 2103 2555 2159 mixtionem
2598 2105 2819 2161 duarum
2858 2117 3167 2165 naturarum
3215 2128 3433 2171 snarum
3465 2112 3506 2181 ⁸,
3552 2123 3683 2184 atque
3717 2133 3762 2175 et

2257 2196 2850 2261 commixtioncnatura:
2878 2201 3033 2255 mala:
3066 2201 3153 2257 illa
3184 2204 3351 2273 mala,
3372 2220 3493 2263 cum
3517 2206 3676 2277 quibus
3696 2208 3759 2265 iw-

2249 2286 2419 2340 mines
2462 2299 2768 2359 nascuntur,
2818 2302 3091 2348 asseveret
3132 2295 3391 2353 existere.
3438 2294 3512 2351 Tu
3549 2304 3692 2357 autem
3720 2309 3759 2357 ut

2248 2377 2379 2432 mihi
2423 2380 2658 2444 resistas,
2712 2398 2825 2439 rem
2868 2384 3311 2441 absurdissimam
3341 2400 3396 2440 et
3438 2385 3759 2447 detestabilissi-

2248 2484 2388 2523 mam
2426 2471 2633 2542 cogeris
2678 2472 2878 2542 dicere,
2937 2476 3074 2530 mala
3097 2477 3303 2535 scilicet
3358 2478 3456 2541 ista
3500 2481 3756 2543 nascentium

2247 2559 2405 2615 etiam
2436 2560 2488 2615 in
2518 2561 2760 2632 paradiso
2785 2575 3032 2625 exortnra
3063 2565 3250 2636 fuisse,
3280 2572 3327 2623 si
3357 2584 3511 2625 nemo
3531 2582 3753 2641 peccasset.

2252 2650 2349 2707 llic
2369 2661 2421 2707 te
2441 2651 2759 2711 Manichacus
2784 2656 3012 2729 urgebit,
3046 2659 3262 2715 utdicas
3286 2660 3430 2721 unde
3456 2661 3755 2727 fuerantexor-

2248 2753 2384 2798 tura.
2408 2742 2509 2800 Ubi
2534 2746 2736 2815 magnis
2780 2756 3079 2804 coarctatus
3119 2751 3414 2827 angustiis,
3442 2751 3486 2806 si
3524 2751 3684 2811 dixeris
3710 2770 3751 2815 et

2246 2836 2374 2904 ipsis
2399 2837 2601 2892 naturis
2616 2838 2943 2894 nascentium
2962 2853 3208 2897 exortura
3226 2842 3397 2901 fuisse
3416 2844 3543 2907 maia
3566 2843 3662 2912 ista,
3675 2845 3750 2900 sine

2246 2927 2405 2983 ullius
2427 2929 2616 2985 merito
2644 2930 2934 2988 voluntatis
2957 2951 2971 3000 ;
3003 2934 3243 3009 profecto
3265 2952 3457 3007 argues
3473 2935 3746 2995 Creatorem:

2245 3019 2386 3089 quod
2416 3035 2483 3075 ne
2510 3021 2692 3088 facias,
2723 3021 3091 3094 confugiturus
3112 3041 3169 3080 es
3198 3027 3267 3081 ad
3291 3027 3476 3085 merita
3497 3027 3747 3086 voluntatum

2243 3109 2524 3163 malarum.
2546 3110 2648 3166 Sed
2663 3111 2751 3167 illc
2776 3115 3094 3184 quiasiturus
3118 3125 3218 3183 est,
3249 3116 3485 3187 Quarum
3504 3118 3525 3171 ?
3546 3116 3642 3173 Non
3655 3118 3748 3172 enim

2244 3208 2326 3255 est
2358 3201 2604 3258 voluntas
2624 3203 2730 3258 ulla
2767 3207 3049 3273 seminum,
3094 3207 3173 3262 vel
3206 3208 3535 3284 nascentium
3570 3210 3747 3280 parvulo-

2242 3307 2381 3348 rum.
2408 3291 2546 3361 Quid
2576 3311 2703 3366 ergo
2728 3297 2965 3365 restabit,
2992 3299 3093 3355 nisi
3127 3309 3184 3354 ut
3216 3301 3491 3357 nobiscum
3536 3300 3748 3370 intelligas,

2242 3385 2288 3439 si
2319 3385 2397 3441 vis
2425 3386 2650 3442 evadere
2681 3388 2763 3443 vel
2799 3404 3053 3460 superare
3090 3390 3460 3463 Maniciizeum,
3507 3394 3554 3449 in
3578 3391 3740 3453 occulti;

2243 3478 2505 3548 originum
2527 3479 2730 3535 sinibus
2759 3482 2984 3539 latenter
3010 3483 3272 3554 implicari
3302 3486 3460 3542 etiam
3496 3485 3665 3543 semina
3688 3498 3750 3538 tu-

2242 3572 2525 3637 scentium,
2577 3570 2680 3627 et‘
2708 3588 2777 3628 ex
2825 3575 2964 3630 maia
3011 3575 3287 3633 voluntate
3330 3577 3576 3635 venientia
3615 3574 3746 3629 meti“

2242 3662 2607 3732 generantium
2638 3678 2652 3716 :
2681 3663 2774 3719 sed
2802 3664 2956 3735 primi
2985 3666 3213 3725 hominis
3241 3676 3353 3723 tam
3389 3682 3610 3739 magnum
3633 3663 3747 3723 fuisse

2241 3754 2540 3823 peccatum,
2570 3763 2628 3809 ut
2652 3770 2809 3811 omne
2832 3770 3000 3827 genus
3028 3757 3342 3828 humanum,
3376 3769 3431 3814 ut
3451 3758 3603 3821 verbis
3627 3754 3745 3809 sancti

2241 3843 2461 3900 Joannis
2490 3854 2626 3914 utar,
2660 3847 2713 3901 in
2728 3860 3010 3904 commune
3033 3848 3315 3907 damnaret
3340 3850 3597 3923 (Chrysost.
3623 3844 3742 3914 Epist.

2241 3936 2311 3990 ad
2333 3934 2738 4010 Olympiadem)?
2770 3938 2847 3994 Ex
2869 3955 2975 4013 quo
3000 3941 3276 3997 coniicitur
3298 3943 3429 4003 maia
3453 3942 3539 4001 ista
3559 3948 3743 3995 exortata

2242 4043 2350 4082 non
2377 4027 2562 4103 fuisse,
2594 4029 2636 4084 si
2660 4045 2817 4085 nemo
2854 4042 3162 4102 peccasset;
3210 4050 3313 4091 nec
3352 4037 3405 4090 in
3430 4032 3642 4111 paradiso
3662 4040 3744 4083 esse

2241 4121 2499 4190 potuisse,
2526 4121 2668 4177 unde
2695 4123 2783 4193 qui
2813 4138 3182 4194 peccaverant,
3215 4137 3490 4199 antequam
3512 4124 3739 4201 gignerent,

2243 4211 2508 4266 exierunt.
2540 4213 2657 4280 Quo
2677 4215 2942 4270 catholico
2970 4215 3216 4289 dogmate
3246 4229 3494 4277 vacuatur
3512 4259 3527 4287 ,
3567 4210 3679 4289 quod
3696 4208 3741 4262 de

2241 4304 2442 4360 artibus
2470 4306 2663 4375 putasti
2688 4322 2810 4362 esse
2840 4309 3195 4379 subdendum,
3226 4313 3511 4368 admonens
3538 4322 3635 4375 nos,
3657 4316 3739 4360 cum

2242 4396 2324 4451 sui
2365 4398 2532 4467 patris
2575 4406 2690 4454 arte
2745 4401 3011 4456 neminem
3059 4405 3225 4461 nasci.
3279 4404 3435 4462 Aliud
3458 4412 3532 4459 est
3568 4408 3737 4466 namque

2243 4503 2464 4557 peccare
2492 4490 2544 4545 in
2584 4490 2843 4559 moribus,
2896 4495 3087 4564 quibus
3123 4507 3271 4553 recte
3311 4498 3513 4559 vivitur,
3533 4490 3649 4565 quod
3683 4483 3736 4540 vel

2243 4579 2447 4650 legibus
2489 4582 2627 4638 solet
2656 4584 2738 4639 vei
2785 4583 2965 4640 divino
2997 4586 3198 4657 judicio
3237 4588 3511 4653 vindicari;
3551 4580 3664 4643 aliud
3700 4577 3733 4630 in

2242 4672 2465 4740 artibus,
2511 4675 2623 4731 sive
2665 4675 2902 4732 honesta:
2948 4680 3074 4746 sint,
3117 4680 3228 4735 sive
3258 4690 3453 4753 turpes,
3493 4677 3568 4733 ubi
3602 4681 3733 4727 contra

2242 4772 2410 4818 artem
2456 4763 2649 4820 factum
2686 4768 2880 4838 aliquid
2919 4769 3112 4826 dicitur
3143 4790 3157 4826 :
3189 4790 3308 4844 quae
3340 4772 3542 4849 peccata
3575 4781 3656 4820 non
3677 4761 3731 4814 di-

2243 4856 2362 4910 vina
2393 4858 2477 4912 vel
2502 4859 2965 4928 reprehenduntur
2992 4862 3131 4935 lege,
3158 4864 3241 4920 vel
3274 4865 3537 4922 severitate
3555 4859 3731 4931 plcctuﬂ'

2242 4954 2355 5013 tur;
2384 4947 2476 5003 sed
2502 4950 2570 5005 ab
2594 4951 2663 5004 iis
2689 4951 3014 5021 hominibus,
3056 4970 3281 5025 quorum
3304 4956 3502 5029 judiciis
3526 4950 3620 5005 hate
3639 4941 3727 4997 sub-

2236 5038 2437 5110 jacent,
2479 5042 2812 5114 maximeque
2857 5060 2889 5100 a
2934 5048 3200 5118 magistris
3229 5032 3424 5121 earum,
3463 5059 3567 5105 cum
3590 5044 3729 5117 ρυονοδ

2242 5129 2455 5193 docent,
2491 5132 2591 5187 sub
2613 5134 2801 5190 timore
2828 5143 2919 5190 aut
2961 5136 3147 5193 dolore
3191 5154 3473 5211 poenarum.
3509 5133 3600 5201 Qua
3629 5129 3724 5211 inre

2241 5228 2420 5276 tamen
2448 5221 2682 5292 cogitare
2707 5224 2985 5294 debemus,
3028 5228 3150 5298 quia
3177 5204 3222 5283 si
3249 5230 3301 5285 in
3350 5224 3564 5301 paradiso
3583 5204 3724 5284 aliquid

2241 5309 2556 5379 disceretur,
2572 5313 2711 5384 quod
2731 5314 2804 5371 illi
2823 5316 2944 5372 vitae
2967 5327 3111 5375 esset
3138 5320 3265 5381 utile
3290 5321 3435 5387 scire,
3458 5316 3554 5371 sine
3571 5306 3652 5364 ullo
3670 5303 3720 5354 la-

2304 5509 2326 5573 4
2356 5515 2513 5573 Forte,
2535 5516 2720 5563 utatur.

2303 5572 2554 5643 {stam
2579 5581 2629 5624 In
2650 5575 2908 5643 viguerit},
2932 5575 3147 5628 dilaniat
3167 5574 3492 5643 meracius.

2243 5634 2517 5745 wzrﬁd’dex
2567 5625 2734 5699 rore,"
3557 5625 3716 5677 ω¹⁸³⁹⁹

2243 5729 2759 5871 ritiliiitauctoritate
2799 5770 2879 5811 ius.
2913 5769 3038 5814 Port.
3084 5763 3299 5815 addimus
3325 5756 3581 5827 00';th
3610 5729 3712 5807 ['6'

2400 5856 2499 5881 ,ιιι
