3980 6518
253 509 391 575 bore
414 514 507 571 aut
522 506 709 577 dolore
733 505 788 563 id
811 510 1186 578 assequemur
1207 503 1364 562 beata
1384 512 1593 573 natura,
1615 504 1701 561 vel
1726 503 1847 558 Deo

254 600 507 673 docente,
538 597 620 665 vel
645 612 704 655 se
727 596 862 677 ipsa.
892 594 1185 680 Undequls
1213 612 1321 659 non
1345 596 1630 673 intelligat,
1662 594 1716 650 in
1744 593 1846 659 hac

254 694 364 765 vita
394 693 553 765 etiam
581 699 843 757 tormenta
870 690 1187 749 discentium
1210 691 1276 748 ad
1305 691 1553 749 miserias
1568 689 1728 762 hujus
1747 703 1855 745 sre-

250 784 386 851 culi,
407 782 546 867 quod
573 798 639 851 ex
659 797 768 838 uno
793 782 848 839 in
871 781 1370 841 condemnationem
1393 787 1742 863 propagatum
1766 786 1851 836 est

251 877 437 951 (Rom.
469 893 519 955 γ,
550 874 662 953 i6),
690 876 999 949 pertinere?
1028 875 1127 945 Ubi
1150 876 1311 933 etiam
1339 875 1593 939 miserum
1623 872 1726 939 hoc
1742 879 1845 942 est,

250 971 485 1035 miseras
515 979 724 1035 mentes
767 968 909 1035 nolle
947 968 1089 1053 quod
1135 967 1337 1031 bonum
1371 975 1488 1039 est;
1529 965 1611 1022 vel
1652 966 1696 1021 si
1737 964 1849 1043 jam

255 1072 441 1134 parata
470 1070 554 1125 est
582 1063 874 1127 voluntasa
905 1062 1130 1121 Domino
1173 1058 1357 1135 (Prop.
1379 1075 1494 1143 vui,
1520 1074 1622 1114 sec.
1652 1055 1846 1132 LXX),

253 1155 489 1216 clamare
535 1163 712 1221 tamen
742 1152 917 1221 adhuc
955 1167 1078 1211 eum
1105 1153 1195 1234 qui
1224 1151 1278 1208 in
1307 1155 1411 1218 hoc
1449 1151 1579 1213 vivit
1626 1148 1845 1218 sarculo,

263 1244 407 1309 Velle
426 1248 625 1320 adjacet
646 1247 810 1315 mihi;
833 1247 1073 1334 perﬁcere
1098 1255 1268 1301 autem
1297 1243 1506 1314 bonum,
1536 1260 1638 1309 non
1663 1241 1845 1321 (Rom.

256 1354 353 1407 vn,
382 1337 495 1411 i8).
525 1336 637 1405 Hoc
658 1339 701 1394 si
731 1345 934 1406 teneas,
965 1335 1289 1405 Manichacus
1311 1337 1495 1393 vinces
1525 1355 1538 1392 :
1570 1335 1693 1417 quia
1720 1351 1849 1394 vero

254 1445 365 1491 non
390 1438 562 1515 tenes,
594 1439 851 1504 utrosque
874 1440 1117 1499 vestrum
1145 1431 1312 1493 vincit
1339 1431 1455 1487 hate
1479 1428 1632 1487 ﬁdes.

332 1521 401 1581 Χ.
423 1522 540 1581 ιω..
565 1520 718 1593 Nunc
740 1524 901 1603 igitur
924 1522 1251 1603 approbetur
1271 1520 1413 1603 quod
1430 1521 1679 1599 diximus,
1698 1521 1847 1583 nullo

254 1629 287 1669 a
320 1614 627 1681 Manichtuis
643 1625 878 1683 vestrum
899 1614 1090 1693 dogma
1119 1615 1354 1681 diii‘erre.
1382 1614 1500 1681 Non
1525 1623 1608 1671 est
1628 1615 1846 1673 omnino

252 1703 499 1775 dubium,
550 1705 743 1775 [actam
780 1706 1071 1795 pessimam
1108 1705 1277 1783 ipsius
1323 1705 1750 1795 Adm‘naturam,
1799 1704 1847 1761 si

251 1795 362 1863 hac
388 1806 470 1863 est
495 1782 801 1875 conditione
838 1797 1082 1868 formata,
1110 1782 1169 1853 ut
1195 1795 1419 1863 haberet
1458 1782 1582 1853 inali
1611 1797 1849 1854 necessi-

252 1896 443 1965 tatem,
484 1903 602 1960 qua:
642 1904 748 1958 non
793 1886 1025 1947 habebat
1067 1888 1233 1961 boni;
1286 1887 1339 1945 id
1373 1896 1474 1963 est,
1518 1896 1579 1945 ut
1617 1889 1843 1967 crimen,

249 1982 467 2051 etiamsi
492 1982 680 2055 luisset
702 1982 975 2049 voluntate
1002 1990 1340 2063 conceptum,
1384 1988 1561 2051 tamen
1607 1982 1759 2049 iieret
1793 1983 1846 2038 in

249 2088 319 2128 ea
351 2073 616 2149 naturale,
663 2072 716 2130 in
744 2089 844 2151 qua
874 2071 1088 2141 bonitas
1113 2090 1217 2143 non
1252 2073 1402 2131 ﬁeret
1424 2072 1682 2147 naturalis
1710 2091 1724 2128 :
1749 2073 1848 2130 fal-

248 2179 425 2247 soque
466 2165 661 2235 dicitur
705 2167 978 2231 voluntate
1031 2181 1319 2247 peccasse,
1366 2168 1459 2240 qui
1505 2167 1846 2249 nequissima:

247 2256 576 2327 conditionis
600 2256 910 2341 praeiudicio
929 2258 1211 2319 laboravit.
1241 2259 1476 2335 Apparet
1492 2259 1656 2327 enim,
1686 2275 1846 2339 quam

248 2349 464 2417 vinctus
493 2348 511 2380 ί
537 2348 681 2419 malo
723 2347 901 2418 fuerit,
952 2350 1042 2437 qui
1081 2357 1197 2407 erat
1241 2349 1466 2407 crimine
1506 2349 1846 2429 inseparabili

246 2437 573 2495 farcieudus.
621 2437 759 2517 Quid
804 2441 947 2498 enim
977 2440 1127 2523 pejus
1163 2456 1224 2497 ea
1256 2440 1420 2527 quibo
1446 2441 1692 2503 invenire
1718 2441 1845 2498 sub-

251 2532 470 2601 stantia,
499 2548 619 2607 qum
648 2533 783 2601 iacta
801 2542 882 2589 est
911 2542 969 2589 ut
996 2534 1049 2588 in
1078 2533 1413 2619 iniquitatem
1435 2541 1619 2611 posset
1641 2534 1846 2601 incide-

251 2638 336 2691 re,
365 2632 419 2689 et
442 2625 692 2691 recedere
716 2624 783 2689 ab
821 2623 1098 2705 iniquitate
1127 2643 1234 2683 non
1263 2627 1494 2703 posset?
1533 2626 1683 2684 lianc
1719 2629 1763 2693 si
1790 2628 1844 2685 in

253 2714 381 2772 boni
407 2725 558 2793 parte
584 2715 890 2783 violentiam
919 2717 1249 2803 pertulisset,
1298 2718 1344 2774 si
1389 2718 1619 2783 liberum
1664 2718 1845 2797 perdi-

251 2807 417 2879 disset
442 2808 741 2881 arbitrium,
790 2819 965 2879 tamen
1012 2810 1144 2875 nihil
1174 2820 1481 2869 accusasset
1521 2818 1840 2879 auctorem;

249 2899 371 2970 quia
397 2915 555 2963 nemo
579 2901 628 2969 ei
655 2900 721 2967 de
747 2900 919 2977 copiis
952 2902 1299 2979 benignitatis
1325 2904 1677 2987 quaestionem
1720 2919 1843 2965 mo-

248 2998 402 3053 veret
430 3006 443 3044 :
471 3005 590 3053 cum
623 3006 752 3057 vero
782 2990 837 3047 in
862 2991 989 3047 mali
1017 3001 1169 3074 parte
1196 2991 1491 3063 dominatio
1522 2992 1642 3050 talis
1670 2994 1844 3057 collo-

248 3095 398 3147 catur
425 3123 441 3150 .
490 3084 760 3151 neminem.
789 3086 957 3165 magis
986 3102 1148 3165 quam
1175 3087 1349 3161 insutu
1394 3088 1629 3157 hominis
1668 3090 1844 3175 arguit

246 3172 604 3251 conditorem,
634 3184 689 3243 et
715 3191 1041 3249 supervacua
1073 3178 1479 3251 criminatoer
1508 3172 1753 3259 suorum,
1788 3179 1841 3249 ω

247 3273 350 3335 est,
380 3276 579 3341 vestra,
612 3268 753 3351 Dens
791 3269 913 3335 talis
939 3269 1242 3341 adulatione
1269 3271 1535 3351 palpatur.
1576 3273 1666 3345 nni
1699 3273 1841 3339 alui-

250 3358 503 3425 cissimus
526 3361 742 3429 malitize
760 3404 780 3432 .
806 3363 1095 3433 creationis
1151 3379 1268 3431 suae
1299 3363 1541 3435 fmditate
1567 3368 1842 3437 convinci-

249 3457 355 3507 tur.
401 3452 497 3515 Cui
528 3453 672 3521 enim
700 3455 1010 3529 persuaderi
1039 3465 1237 3538 potest,
1283 3457 1516 3535 primum
1564 3457 1839 3529 hominem

246 3558 351 3605 non
378 3543 676 3613 destinasse
702 3546 1035 3615 criminibus,
1067 3547 1118 3617 si
1149 3547 1299 3617 illum
1342 3547 1732 3617 emendationis
1761 3552 1840 3619 fa-

245 3636 441 3703 cultate
468 3638 699 3719 privavit
714 3656 737 3717 ξ
766 3640 813 3703 si
836 3648 942 3707 tam
968 3655 1134 3723 pravo
1164 3640 1343 3711 atiecit
1367 3642 1572 3715 anima.
1600 3652 1657 3709 ut
1685 3659 1841 3713 error

247 3743 375 3793 suus
403 3728 453 3797 ei
481 3729 768 3803 displicere
798 3746 905 3795 non
942 3739 1144 3812 posset,
1176 3741 1237 3803 ut
1276 3734 1481 3803 nullum
1522 3734 1744 3803 haberet.
1771 3735 1842 3805 ad

248 3816 581 3887 honestatem
631 3837 960 3901 regressum.
995 3838 1095 3891 nec
1134 3823 1291 3893 ﬁeret
1328 3834 1450 3903 post
1471 3826 1838 3897 experimenta

246 3914 554 3995 correctior,
608 3926 671 3977 ac
708 3931 778 3977 ne
830 3915 967 3975 forte
1005 3916 1387 3989 recnperandae
1429 3919 1713 3997 probitatis
1743 3935 1842 3989 un.

245 4016 402 4074 quam
430 4005 654 4069 sentiret
678 4005 953 4079 aﬂ‘ecmm,
992 4006 1164 4091 ipsam
1193 4008 1243 4073 ei
1278 4009 1685 4080 possibilitatem
1712 4026 1836 4075 cor.-

242 4096 498 4163 rectionis
523 4097 751 4157 evellit?
788 4100 1020 4163 Prorsus
1060 4102 1107 4169 si
1138 4100 1261 4159 talis
1300 4101 1418 4174 eius
1441 4101 1676 4167 conditio
1715 4103 1836 4189 fuit,

246 4196 309 4253 ut
355 4187 607 4261 quamdiu
653 4190 708 4257 in
759 4189 860 4249 hac
909 4193 1016 4259 vita
1060 4200 1198 4271 erat,
1228 4208 1338 4254 uno
1381 4194 1533 4267 lapsu
1584 4187 1839 4267 virtutem

246 4281 635 4349 emendationis
682 4284 988 4353 amitteret,
1033 4300 1142 4341 non
1183 4294 1268 4355 est
1305 4285 1376 4357 ob
1395 4285 1544 4357 aliud
1570 4303 1731 4359 quam
1780 4298 1840 4359 ut

245 4371 461 4435 caderet
496 4374 801 4443 institutus;
860 4376 969 4437 imo
994 4392 1097 4437 nec
1123 4379 1411 4455 corruisse,
1464 4379 1563 4445 sed
1601 4380 1838 4457 iacuisse

244 4477 457 4534 semper
482 4464 662 4523 verius
688 4464 902 4541 dicitur,
938 4467 1028 4543 qui
1068 4483 1175 4535 non
1222 4468 1435 4537 sinitur,
1475 4480 1733 4545 quantum
1768 4469 1837 4541 ad

245 4567 426 4610 mores
449 4564 673 4627 spectat,
703 4562 1011 4635 exstirgere.
1056 4554 1239 4633 Qualis
1262 4576 1392 4639 ergo
1419 4560 1518 4627 fuit
1545 4562 1636 4619 illa
1676 4563 1839 4622 libcrv

251 4650 352 4709 tas,
380 4660 497 4716 quae
520 4645 570 4711 ei
594 4647 782 4707 collata
810 4649 957 4719 prius
986 4648 1263 4721 creditur;
1310 4650 1354 4709 si
1385 4666 1416 4707 e
1450 4651 1657 4715 duabus
1703 4669 1835 4715 con-

247 4738 426 4802 trariis
454 4739 793 4815 qualitatibus
832 4741 1132 4821 peiorem-tt
1186 4744 1510 4814 necessario,
1553 4747 1832 4811 meliorem

243 4845 276 4889 a
300 4830 539 4901 mutabili
568 4833 924 4912 capessebat;
968 4834 1079 4903 imo
1108 4850 1139 4903 a
1166 4835 1446 4907 tyrannide
1473 4837 1710 4905 criminis
1736 4853 1832 4895 oc-

241 4933 453 5001 cupata,
481 4924 884 5005 despoliabatur
909 4926 1297 5007 resipiscentige
1334 4927 1607 4996 facultate.
1636 4928 1833 4991 Tetcr-

243 5016 413 5079 rimus
430 5033 561 5093 ergo
585 5019 746 5095 primi
768 5019 1001 5087 hominis
1026 5029 1200 5089 status
1217 5020 1286 5089 ab
1311 5020 1429 5101 ipso
1457 5020 1702 5095 exordio,
1733 5022 1834 5089 sia

243 5108 353 5165 Deo
372 5119 456 5169 est
484 5120 591 5175 tam
620 5109 907 5179 infeliciter
939 5111 1233 5178 institutus,
1264 5121 1322 5179 ut
1361 5112 1601 5183 ruiturus
1643 5113 1698 5177 in
1725 5113 1832 5183 cri-

240 5215 365 5259 men
392 5212 649 5279 perpetua
680 5205 932 5275 peccandi
957 5207 1279 5273 necessitate
1304 5206 1580 5281 ligaretur,

311 5295 447 5365 Aug.
492 5294 599 5355 Res
627 5295 781 5365 dicis,
805 5312 937 5369 quas
960 5299 1008 5359 si
1033 5296 1190 5363 nobis
1210 5299 1399 5367 saltem
1421 5299 1833 5375 admonentibus

238 5384 583 5451 conaidcrare
613 5403 718 5451 non
758 5388 991 5469 negligas
1010 5431 1029 5465 ,
1060 5390 1221 5461 etiam
1248 5390 1345 5461 tibi
1376 5390 1474 5463 ipsi
1500 5433 1514 5458 ,
1540 5402 1831 5464 quantuuh

240 5474 374 5545 libet
391 5478 466 5543 ais
490 5478 794 5559 impudens.
815 5480 1133 5549 erubescas?
1155 5478 1263 5553 Clu
1282 5483 1424 5549 enim
1446 5498 1552 5539 non
1574 5484 1827 5559 attendis.

239 5569 287 5625 si
329 5572 559 5640 pessima
596 5581 680 5628 est
720 5573 858 5628 facta
900 5581 1120 5642 natura,
1165 5591 1285 5646 quae
1324 5576 1597 5633 voluntate
1636 5577 1830 5649 iniusta

240 5659 468 5719 incurrit
494 5664 549 5720 in
576 5664 777 5721 malum
799 5706 815 5733 ,
842 5680 999 5737 pana
1028 5680 1158 5721 vero
1184 5666 1378 5755 iniusta
1404 5684 1510 5724 non
1536 5677 1712 5741 potest
1734 5685 1828 5727 re-

237 5768 460 5814 currere
482 5758 534 5814 in
554 5759 785 5826 bonum;
813 5774 922 5816 non
942 5757 1230 5827 humanm
1254 5778 1413 5839 quam
1437 5764 1593 5833 uoltis
1608 5762 1824 5838 amcis,

306 5889 329 5960 β
359 5897 412 5944 In
440 5898 570 5957 uss,
584 5892 800 5958 juncta.

1638 382 1845 457 LIBER
1879 376 2172 453 SEXTUS.

3400 396 3540 461 1518

1962 498 2056 556 sed
2082 499 2373 577 angelicam
2416 519 2629 585 quoque
2673 514 2917 564 naturam
2966 509 3252 581 pessimam
3298 511 3539 573 iactam!

1955 591 2067 650 Nisi
2096 593 2234 661 forte
2254 595 2420 663 dices,
2449 599 2610 655 etiam
2636 598 2907 657 diabolum
2932 604 3204 662 voluntate
3227 620 3256 659 a
3284 605 3429 663 bono
3454 606 3540 663 ia-

1956 697 2131 765 psum,
2154 686 2198 741 si
2226 687 2471 756 voluerit,
2499 698 2553 745 et
2578 691 2793 763 quando
2814 693 3064 763 voluerit,
3090 696 3145 750 in
3171 695 3370 753 bonum
3393 697 3540 769 quod

1954 773 2192 831 deseruit
2234 787 2608 848 reversurum;
2660 793 2715 839 et
2756 782 2999 857 Origenis
3023 786 3178 843 nobis
3214 788 3542 848 insultabis

1954 880 2213 923 errorem.
2243 867 2397 936 Quod
2425 871 2472 926 si
2509 887 2617 928 non
2658 871 2822 944 facis;
2869 877 3011 948 quod
3037 879 3216 936 dixisti
3245 882 3493 939 incautus
3517 922 3535 948 ,

1952 958 2160 1030 corrige
2213 960 2519 1019 admonitus
2559 981 2574 1019 :
2617 974 2675 1022 et
2718 970 2979 1026 conﬁtere
3022 972 3216 1028 bonam
3267 974 3538 1033 conditam

1952 1062 2074 1105 esse
2101 1057 2363 1119 naturam,
2389 1068 2510 1125 qua:
2538 1055 2592 1113 in
2618 1058 2815 1114 malum
2844 1060 2987 1131 quod
3012 1061 3157 1129 iecit,
3182 1064 3325 1120 nulla
3350 1080 3540 1123 neces-

1952 1142 2107 1198 sitate
2149 1142 2423 1215 compulsa
2448 1189 2464 1215 ,
2496 1147 2591 1204 sed
2638 1164 2734 1206 sua
2764 1151 3034 1209 voluntate
3070 1154 3302 1227 collapsa
3346 1165 3450 1215 est.
3482 1159 3542 1216 in

1951 1232 2149 1289 bonum
2177 1244 2357 1293 autem
2386 1238 2528 1323 quod
2568 1240 2821 1313 reliquit,
2850 1243 3019 1301 solius
3048 1245 3142 1303 Dei
3179 1247 3347 1319 gratia
3386 1266 3541 1306 revo-

1951 1325 2062 1381 cari
2088 1335 2301 1398 potest,
2333 1344 2437 1385 non
2464 1332 2736 1389 voluntate
2767 1334 2787 1368 ⁸
2835 1335 3094 1396 iiberta'tis
3116 1381 3133 1408 ,
3160 1355 3319 1412 quam
3346 1344 3547 1398 merito

1951 1416 2246 1490 iniquitatis
2275 1422 2474 1479 amisit.
2503 1422 2689 1481 Potest
2712 1428 2909 1501 quippe
2936 1438 2990 1486 et
3018 1432 3177 1499 alius,
3204 1433 3455 1491 similiter
3483 1443 3544 1490 ut

1951 1516 2010 1565 tu
2032 1523 2240 1580 errans,
2269 1512 2468 1583 dicere,
2496 1514 2634 1585 Quid
2663 1519 2814 1593 pejus
2841 1534 2906 1577 ea
2931 1533 3120 1592 potero
3144 1522 3387 1581 invenire
3409 1525 3543 1583 sub—

1950 1604 2167 1673 stantia,
2186 1621 2305 1678 quze
2326 1607 2461 1665 facta
2486 1619 2574 1667 est
2593 1619 2653 1667 ut
2677 1612 2731 1668 in
2753 1622 3011 1671 aeternum
3031 1617 3349 1688 supplicium
3372 1619 3545 1691 possit

1951 1695 2050 1765 ire,
2079 1706 2134 1753 et
2159 1698 2283 1771 inde
2312 1701 2491 1758 redire
2518 1718 2622 1760 non
2648 1705 2855 1775 possit?
2893 1706 2961 1763 Et
2989 1707 3174 1780 utique
3199 1708 3340 1767 Deus
3365 1711 3544 1766 omni-

1953 1797 2141 1861 potens
2166 1807 2196 1848 a
2221 1810 2327 1866 quo
2355 1795 2468 1852 vult
2507 1796 2769 1868 supplicio
2807 1813 2998 1858 eruere
3025 1810 3238 1873 potest;
3264 1802 3357 1859 sed
3384 1818 3544 1861 men-

1952 1884 2039 1943 tiri
2065 1901 2170 1943 non
2214 1896 2421 1971 potest,
2456 1890 2546 1971 qui
2573 1891 2806 1949 minatus
2842 1903 2926 1950 est
2964 1894 3070 1951 hoc
3096 1911 3157 1953 se
3180 1911 3287 1953 non
3315 1912 3437 1954 esse
3464 1894 3545 1951 Ia-

1950 1984 2182 2053 cturum,
2210 1980 2425 2051 quando
2448 1980 2503 2037 id
2527 1982 2845 2055 supplicium
2875 1985 3008 2042 dixit
3035 1996 3315 2044 arternum.
3344 1988 3453 2047 Sed
3482 1996 3546 2044 ut

1950 2069 2020 2126 de
2047 2069 2148 2128 hac
2188 2088 2249 2128 re
2275 2087 2411 2129 vana
2436 2075 2613 2146 sapias
2633 2118 2647 2144 ,
2675 2074 2813 2132 fallit
2852 2085 2903 2133 te
2927 2076 3167 2135 deﬁnitio
3195 2087 3283 2135 tua
3308 2122 3324 2149 ,
3352 2095 3455 2152 qua
3481 2081 3541 2137 in

1950 2162 2215 2239 superiori
2243 2166 2621 2235 prosecutione
2642 2166 2688 2236 ⁸,
2720 2168 2806 2223 cui
2831 2168 2941 2239 jam
2969 2170 3368 2242 respondimus,
3399 2172 3541 2228 sicut

1950 2267 2093 2325 stupe
2113 2262 2169 2317 et
2186 2254 2313 2311 alibi
2335 2256 2486 2326 facis,
2520 2258 2743 2315 liberum
2766 2259 3044 2318 arbitrium
3072 2262 3326 2319 deﬁnisti.
3350 2263 3542 2321 Dixisti

1950 2345 2115 2415 enim,
2144 2367 2162 2399 ι
2188 2347 2440 2413 Liberum
2467 2349 2745 2408 arbitrium
2774 2368 2882 2410 non
2907 2361 2990 2410 cst
3014 2355 3157 2411 aliud
3178 2369 3336 2429 quam
3363 2357 3543 2428 possi-

1948 2434 2129 2493 bilitas
2156 2440 2413 2519 peccandi
2458 2450 2511 2498 et
2559 2457 2666 2499 non
2711 2443 2990 2516 peccandi.
3027 2464 3048 2499 ι
3078 2444 3191 2514 Qua
3230 2445 3543 2505 deﬁnitione

1950 2528 2180 2600 primum
2212 2531 2310 2611 ipsi
2339 2532 2451 2589 Deo
2476 2532 2699 2591 liberum
2728 2536 3005 2593 arbitrium
3043 2537 3346 2605 abstulisti,
3378 2553 3541 2611 quem

1949 2637 2057 2679 non
2085 2639 2270 2697 negas,
2297 2625 2421 2701 quia
2447 2634 2501 2693 et
2530 2627 2633 2693 hoc
2658 2642 2802 2708 saepe
2829 2626 2984 2697 dicis,
3010 2638 3066 2686 et
3087 2645 3275 2687 verum
3301 2641 3403 2699 est,
3432 2648 3542 2690 non

1949 2728 2108 2786 posse
2136 2729 2379 2785 peceare.
2414 2715 2619 2774 Deinde
2644 2716 2747 2789 ipsi
2780 2719 2948 2776 sancti
2978 2720 3035 2776 in
3060 2735 3228 2793 regno
3257 2721 3373 2803 eius
3402 2722 3542 2780 iibe-

1948 2821 2068 2877 rum
2098 2806 2376 2869 arbitrium
2408 2808 2666 2889 perdituri
2694 2819 2855 2879 sunt,
2885 2812 2977 2868 nbl
3008 2828 3231 2884 peccare
3254 2829 3366 2871 non
3393 2825 3544 2887 pote-

1948 2906 2094 2953 runt.
2128 2897 2326 2965 Verum
2356 2899 2446 2956 hic
2471 2899 2840 2959 admonendus
2879 2919 2940 2961 es
2962 2945 2977 2970 ,
3008 2904 3138 2977 quid
3169 2906 3236 2962 de
3263 2906 3365 2963 hoc
3398 2907 3539 2966 unde

1949 3004 2092 3045 nunc
2117 2990 2345 3063 agimus,
2373 3006 2561 3067 sapere
2588 2993 2810 3063 debeas,
2843 3008 3056 3065 poenam
3086 2996 3293 3055 scilicet
3324 3005 3382 3055 et
3402 3015 3544 3071 prm-

1948 3081 2136 3149 mium,
2169 3081 2419 3143 intuenda
2462 3080 2604 3145 inter
2632 3100 2691 3142 se
2730 3101 2852 3144 esse
2882 3089 3148 3145 contraria
3174 3132 3190 3159 ,
3219 3100 3275 3147 et
3302 3093 3403 3149 alia
3434 3094 3542 3149 duo

1947 3173 2216 3230 contraria
2243 3172 2329 3230 his
2348 3175 2634 3232 contrariis
2658 3177 2935 3235 adhaerere
2962 3196 2977 3233 :
3006 3179 3084 3236 sic
3107 3178 3132 3213 ⁸
3155 3195 3285 3252 ergo
3302 3183 3359 3237 in
3378 3197 3541 3254 poena

1946 3272 2031 3335 est
2059 3282 2163 3321 non
2194 3281 2356 3344 posse
2380 3275 2526 3324 recte
2551 3283 2709 3340 agere
2733 3310 2747 3333 .
2781 3270 2920 3326 sicut
2960 3271 3063 3328 erit
3100 3273 3154 3328 in
3187 3276 3410 3344 praemio
3433 3290 3542 3332 non

1947 3374 2104 3429 posse
2131 3342 2375 3432 peccare.
2405 3360 2635 3421 Attende
2655 3361 2980 3435 Scripturas,
3007 3380 3036 3420 a
3065 3342 3258 3443 quibus
3283 3366 3542 3424 miseran-

1950 3450 2051 3515 dus
2071 3453 2366 3527 exorbitas,
2394 3463 2451 3512 et
2474 3456 2819 3528 vagabundus
2838 3468 3056 3515 ventosa
3082 3461 3403 3533 loquacitate
3422 3470 3541 3520 tan-

1946 3559 2105 3625 quam
2153 3554 2472 3625 tempestate
2514 3548 2763 3623 jactaris;
2819 3559 2875 3608 et
2919 3552 3042 3609 vide
3090 3555 3543 3625 quemadmodum

1945 3622 2146 3691 dictum
2176 3622 2279 3704 sit
2309 3635 2460 3705 Quod
2486 3622 2740 3715 quwrebat
2763 3638 2934 3698 Israel
2957 3685 2971 3711 ,
3004 3622 3230 3700 hoc—non
3260 3656 3333 3701 est
3361 3662 3541 3704 consc-

1946 3734 2130 3791 cutus;
2172 3727 2347 3795 electio
2374 3739 2543 3783 autem
2587 3741 2854 3786 consecuta
2892 3742 2965 3789 est
2994 3748 3016 3789 ι
3044 3736 3213 3791 elateri
3234 3752 3350 3792 vero
3378 3754 3543 3794 exca-

1944 3820 2047 3873 cati
2065 3828 2217 3893 sunt;
2255 3820 2384 3883 sicut
2407 3822 2655 3895 scriptum
2681 3832 2755 3878 eat
2776 3866 2791 3893 ,
2827 3822 2979 3881 Dedit
3004 3825 3108 3883 illis
3137 3828 3277 3885 Deus
3304 3830 3544 3903 spiritum

1946 3914 2369 3989 compunctionis,
2403 3917 2575 3973 oculos
2617 3925 2673 3973 ut
2718 3935 2821 3975 non
2850 3920 3074 3990 uideant,
3106 3931 3151 3978 et
3177 3939 3328 3980 aures
3353 3936 3409 3981 ut
3435 3943 3540 3983 non

1944 4007 2177 4077 audiant,
2204 4022 2357 4085 usque
2381 4006 2436 4062 in
2456 4005 2758 4065 hodiernum
2786 4012 2938 4067 diem.
2969 4010 3039 4068 Et
3058 4012 3228 4070 Dauid
3248 4017 3393 4086 dicit,
3416 4017 3544 4076 Fiat

1946 4113 2119 4154 mensa
2145 4115 2319 4157 eorum
2336 4100 2391 4155 in
2411 4099 2667 4174 laqueum,
2700 4111 2745 4158 et
2770 4104 2823 4160 in
2845 4105 3149 4180 captionem,
3171 4118 3217 4163 et
3238 4109 3293 4166 in
3313 4113 3539 4169 scanda-

1945 4190 2085 4263 lum,
2117 4200 2163 4245 et
2199 4190 2253 4245 in
2294 4191 2671 4255 retributionem
2708 4194 2811 4251 illis
2823 4213 2843 4263 ;
2886 4198 3218 4256 obscurentur
3241 4203 3376 4259 oculi
3398 4201 3422 4236 ⁵
3448 4194 3538 4260 eo-

1943 4300 2058 4345 rum
2099 4300 2162 4339 ne
2198 4284 2398 4341 uideant
2421 4326 2436 4352 ,
2487 4294 2536 4342 et
2584 4286 2792 4343 dorsum
2840 4289 3049 4346 illorum
3090 4307 3288 4367 semper
3330 4295 3534 4352 incurva

1945 4375 2139 4450 (Rom.
2178 4393 2233 4434 χι
2254 4420 2269 4447 ,
2304 4376 2502 4453 740).
2532 4379 2728 4453 Aspice
2768 4378 2930 4443 etiam
2960 4382 3090 4439 illud
3115 4383 3169 4440 in
3200 4385 3489 4463 Evangeiio
3527 4429 3536 4442 .

1944 4469 2226 4544 Propterea
2249 4511 2267 4545 ,
2298 4470 2509 4544 inquit,
2540 4488 2642 4528 non
2667 4482 2901 4549 poterant
2939 4476 3142 4543 credere
3160 4520 3174 4546 ,
3205 4480 3326 4550 quia
3354 4479 3520 4536 iterun

1943 4558 2073 4624 dixit
2088 4560 2278 4629 Isaias,
2300 4559 2588 4627 Excwcavit
2604 4562 2780 4620 oculos
2805 4582 2999 4635 eorum,
3025 4574 3073 4623 et
3087 4566 3344 4627 induravit
3363 4588 3533 4631 eorum
3560 4552 3588 4656 ξτ

1942 4671 2050 4721 cor,
2080 4664 2135 4711 ut
2156 4672 2259 4711 non
2283 4654 2485 4711 videant
2505 4656 2685 4723 oculis,
2714 4675 2804 4715 nec
2831 4658 3117 4734 intelligant
3145 4663 3314 4731 corde,
3345 4674 3395 4721 et
3414 4681 3510 4723 con
3558 4654 3571 4731 ί

1943 4756 2220 4815 vertantur,
2245 4757 2291 4813 et
2314 4765 2488 4804 canem
2514 4766 2597 4805 eos
2622 4748 2813 4823 (Joan.
2835 4768 2931 4822 xu,
2958 4753 3049 4821 39,
3079 4753 3205 4835 40).
3238 4756 3365 4815 Haec
3387 4775 3509 4816 com
3556 4742 3569 4763 τ

1944 4840 2277 4908 memoravi,
2307 4848 2366 4895 ut
2394 4839 2696 4921 intelligas,
2735 4842 2780 4899 si
2824 4844 3019 4923 possis,
3051 4845 3166 4909 ﬁeri
3194 4860 3292 4918 per
3317 4864 3534 4922 pmnan;

1943 4936 2131 5008 procul
2154 4934 2317 5001 dubio
2341 4934 2540 5006 justam
2583 4945 2645 4993 ut
2680 4953 2786 4993 non
2830 4938 3054 4997 credant
3080 4940 3328 5001 homines
3354 4962 3533 5003 axem-

1942 5038 2064 5101 cato
2088 5027 2291 5101 corde;
2338 5044 2459 5094 cum
2500 5044 2598 5103 per
2623 5029 3045 5095 misericordiam
3094 5032 3188 5101 iiat
3225 5042 3285 5092 ut
3309 5036 3535 5101 credant

1943 5119 2109 5187 libera
2133 5120 2427 5179 voluntate.
2456 5119 2591 5188 Quis
2618 5122 2761 5185 enim
2792 5123 2983 5199 nescit,
3013 5125 3284 5189 neminem
3309 5112 3535 5187 credere

1940 5212 2044 5275 nisi
2070 5212 2239 5277 libero
2259 5213 2547 5281 voluntatis
2572 5213 2833 5272 arbitrio?
2854 5215 2961 5274 Sed
2988 5226 3207 5299 paratur
3230 5220 3475 5279 voluntas
3498 5238 3531 5278 a

1940 5304 2170 5362 Domino
2201 5323 2216 5363 :
2249 5320 2348 5363 nec
2375 5308 2597 5364 omnino
2633 5310 2839 5364 eruitur
2867 5325 2898 5365 a
2939 5312 3196 5369 servitute
3236 5315 3375 5369 mala
3416 5328 3530 5372 suis

1939 5397 2147 5454 meritis
2173 5396 2349 5455 debita
2374 5441 2391 5468 ,
2433 5399 2535 5455 nisi
2578 5400 2795 5473 quando
2839 5416 2938 5471 per
2972 5403 3255 5474 gratuitam
3297 5408 3527 5477 gratiam

1938 5501 2157 5575 paratur
2184 5509 2216 5549 a
2241 5492 2488 5563 Domino.
2531 5493 2588 5552 Si
2632 5496 2778 5552 enim
2822 5496 2966 5555 Dens
2996 5512 3069 5561 es
3097 5495 3407 5561 uolentia
3433 5515 3529 5557 vo-

2000 5714 2017 5747 ι
2051 5712 2190 5788 editi,
2214 5723 2309 5762 non
2328 5709 2654 5798 inmunitate.
2691 5710 2854 5825 Δὶ)εῇ
2877 5713 2947 5777 in,
2970 5724 3003 5775 λ

2000 5778 2020 5817 ﬂ
2050 5783 2123 5825 Sic
2143 5781 2253 5825 uss.
2275 5782 2327 5825 tn
2346 5784 2503 5825 neu“
2526 5771 2788 5825 persecutio
2853 5809 2866 5822 .

1999 5778 2020 5817 ³
2050 5777 2123 5849 sic
2275 5782 2327 5837 tn
2346 5771 2503 5887 vstitu"
2523 5771 2866 5886 ggmutlong’.

2000 5838 2024 5872 ⁸
2053 5838 2371 5887 νιετῐιιρι-ἱυς..
2409 5874 2420 5886 .
2450 5844 2502 5887 At
2620 5872 2651 5887 ..
2675 5834 2762 5887 sic.

2000 5844 2024 5872 ι
2053 5844 2343 5899 Vignlerius,
2362 5844 2420 5888 si.
2450 5844 2502 5887 At
2523 5844 2651 5896 Mss,
2675 5844 2762 5887 sic.

2000 5902 2024 5934 δ
2053 5898 2361 5966 Editi,coraa.
2380 5899 2541 5967 codex
2564 5906 2708 5962 ναι..
2730 5897 2875 5967 (lculi,
2898 5905 2953 5959 ut
2972 5902 3100 5985 apud
3120 5904 3413 5983 4pm
