  <div class='ocr_page' id='page_1' title='image "/cluster/home/n/w/nwhite01/storage/ocr_20150623/44-45/uva.x000217727/765.png"; bbox 0 0 3980 6470; ppageno 0'>
   <div class='ocr_carea' id='block_1_1' title="bbox 529 408 671 474">
    <p class='ocr_par' dir='ltr' id='par_1_1' title="bbox 529 408 671 474">
     <span class='ocr_line' id='line_1_1' title="bbox 529 408 671 474; baseline -0.007 -1"><span class='ocrx_word' id='word_1_1' title='bbox 529 408 671 474; x_wconf 77' lang='grc'>1519</span> 
     </span>
    </p>
   </div>
   <div class='ocr_carea' id='block_1_2' title="bbox 528 505 2116 589">
    <p class='ocr_par' dir='ltr' id='par_1_2' title="bbox 528 505 2116 589">
     <span class='ocr_line' id='line_1_2' title="bbox 528 505 2116 589; baseline -0.021 0"><span class='ocrx_word' id='word_1_2' title='bbox 528 532 706 589; x_wconf 78' lang='lat' dir='ltr'><strong>lentes</strong></span> <span class='ocrx_word' id='word_1_3' title='bbox 732 541 839 584; x_wconf 91' lang='lat' dir='ltr'><strong>non</strong></span> <span class='ocrx_word' id='word_1_4' title='bbox 867 523 1097 586; x_wconf 89' lang='lat' dir='ltr'><strong>faceret;</strong></span> <span class='ocrx_word' id='word_1_5' title='bbox 1142 515 1381 587; x_wconf 89' lang='lat' dir='ltr'><strong>profecto</strong></span> <span class='ocrx_word' id='word_1_6' title='bbox 1410 526 1507 583; x_wconf 90' lang='lat' dir='ltr'><strong>pro</strong></span> <span class='ocrx_word' id='word_1_7' title='bbox 1536 509 1616 565; x_wconf 91' lang='lat' dir='ltr'><strong>eis</strong></span> <span class='ocrx_word' id='word_1_8' title='bbox 1650 506 1741 579; x_wconf 86' lang='lat' dir='ltr'><strong>qui</strong></span> <span class='ocrx_word' id='word_1_9' title='bbox 1777 505 1966 561; x_wconf 90' lang='lat' dir='ltr'><strong>nolunt</strong></span> <span class='ocrx_word' id='word_1_10' title='bbox 1994 517 2116 558; x_wconf 89' lang='lat' dir='ltr'><strong>cre-</strong></span> 
     </span>
    </p>
   </div>
   <div class='ocr_carea' id='block_1_3' title="bbox 529 595 2117 689">
    <p class='ocr_par' dir='ltr' id='par_1_3' title="bbox 529 595 2117 689">
     <span class='ocr_line' id='line_1_3' title="bbox 529 595 2117 689; baseline -0.018 -11"><span class='ocrx_word' id='word_1_11' title='bbox 529 621 680 689; x_wconf 82' lang='lat' dir='ltr'><strong>dere,</strong></span> <span class='ocrx_word' id='word_1_12' title='bbox 710 633 819 674; x_wconf 90' lang='lat' dir='ltr'><strong>non</strong></span> <span class='ocrx_word' id='word_1_13' title='bbox 844 624 1122 671; x_wconf 90' lang='lat' dir='ltr'><strong>oraremus</strong></span> <span class='ocrx_word' id='word_1_14' title='bbox 1150 617 1208 663; x_wconf 93' lang='lat' dir='ltr'><strong>ut</strong></span> <span class='ocrx_word' id='word_1_15' title='bbox 1232 606 1451 661; x_wconf 93' lang='lat' dir='ltr'><strong>vellent.</strong></span> <span class='ocrx_word' id='word_1_16' title='bbox 1484 599 1635 668; x_wconf 82' lang='lat' dir='ltr'><strong>Quod</strong></span> <span class='ocrx_word' id='word_1_17' title='bbox 1665 608 1723 654; x_wconf 91' lang='lat' dir='ltr'><strong>et</strong></span> <span class='ocrx_word' id='word_1_18' title='bbox 1748 595 2038 667; x_wconf 75' lang='lat' dir='ltr'><strong>Apostolus</strong></span> <span class='ocrx_word' id='word_1_19' title='bbox 2056 608 2117 649; x_wconf 93' lang='lat' dir='ltr'><strong>se</strong></span> 
     </span>
    </p>
   </div>
   <div class='ocr_carea' id='block_1_4' title="bbox 529 688 2119 779">
    <p class='ocr_par' dir='ltr' id='par_1_4' title="bbox 529 688 2119 779">
     <span class='ocr_line' id='line_1_4' title="bbox 529 688 2119 779; baseline -0.019 -9"><span class='ocrx_word' id='word_1_20' title='bbox 529 688 725 770; x_wconf 88' lang='lat' dir='ltr'><strong>fecisse</strong></span> <span class='ocrx_word' id='word_1_21' title='bbox 750 723 848 779; x_wconf 94' lang='lat' dir='ltr'><strong>pro</strong></span> <span class='ocrx_word' id='word_1_22' title='bbox 871 704 1071 762; x_wconf 64' lang='lat' dir='ltr'><strong>Iudaeis</strong></span> <span class='ocrx_word' id='word_1_23' title='bbox 1099 699 1433 760; x_wconf 77' lang='lat' dir='ltr'><strong>monstravit,</strong></span> <span class='ocrx_word' id='word_1_24' title='bbox 1463 694 1555 749; x_wconf 91' lang='lat' dir='ltr'><strong>ubi</strong></span> <span class='ocrx_word' id='word_1_25' title='bbox 1588 693 1663 747; x_wconf 87' lang='lat' dir='ltr'><strong>ait</strong></span> <span class='ocrx_word' id='word_1_26' title='bbox 1688 709 1701 745; x_wconf 89' lang='lat'><strong>:</strong></span> <span class='ocrx_word' id='word_1_27' title='bbox 1732 689 1964 752; x_wconf 81' lang='lat' dir='ltr'><strong>Fratres,</strong></span> <span class='ocrx_word' id='word_1_28' title='bbox 1990 688 2119 742; x_wconf 81' lang='lat' dir='ltr'><strong>bona</strong></span> 
     </span>
    </p>
   </div>
   <div class='ocr_carea' id='block_1_5' title="bbox 531 781 2122 863">
    <p class='ocr_par' dir='ltr' id='par_1_5' title="bbox 531 781 2122 863">
     <span class='ocr_line' id='line_1_5' title="bbox 531 781 2122 863; baseline -0.019 -2"><span class='ocrx_word' id='word_1_29' title='bbox 531 808 760 863; x_wconf 74' lang='lat' dir='ltr'><strong>voluntas</strong></span> <span class='ocrx_word' id='word_1_30' title='bbox 774 800 942 855; x_wconf 78' lang='lat' dir='ltr'><strong>cordis</strong></span> <span class='ocrx_word' id='word_1_31' title='bbox 957 797 1073 862; x_wconf 83' lang='lat' dir='ltr'><strong>mei,</strong></span> <span class='ocrx_word' id='word_1_32' title='bbox 1091 803 1137 849; x_wconf 87' lang='lat' dir='ltr'><strong>et</strong></span> <span class='ocrx_word' id='word_1_33' title='bbox 1157 791 1442 863; x_wconf 78' lang='lat' dir='ltr'><strong>deprecatio</strong></span> <span class='ocrx_word' id='word_1_34' title='bbox 1464 803 1555 861; x_wconf 85' lang='lat' dir='ltr'><strong>pro</strong></span> <span class='ocrx_word' id='word_1_35' title='bbox 1576 786 1679 840; x_wconf 79' lang='lat' dir='ltr'><strong>illis</strong></span> <span class='ocrx_word' id='word_1_36' title='bbox 1698 784 1766 837; x_wconf 89' lang='lat' dir='ltr'><strong>ad</strong></span> <span class='ocrx_word' id='word_1_37' title='bbox 1787 782 1950 836; x_wconf 83' lang='lat' dir='ltr'><strong>Deum</strong></span> <span class='ocrx_word' id='word_1_38' title='bbox 1966 781 2020 833; x_wconf 85' lang='lat' dir='ltr'><strong>in</strong></span> <span class='ocrx_word' id='word_1_39' title='bbox 2036 796 2122 833; x_wconf 83' lang='lat' dir='ltr'><strong>sa-</strong></span> 
     </span>
    </p>
   </div>
   <div class='ocr_carea' id='block_1_6' title="bbox 533 872 2120 966">
    <p class='ocr_par' dir='ltr' id='par_1_6' title="bbox 533 872 2120 966">
     <span class='ocr_line' id='line_1_6' title="bbox 533 872 2120 966; baseline -0.018 -12"><span class='ocrx_word' id='word_1_40' title='bbox 533 900 686 953; x_wconf 84' lang='lat' dir='ltr'><strong>lutem</strong></span> <span class='ocrx_word' id='word_1_41' title='bbox 705 893 896 966; x_wconf 87' lang='lat' dir='ltr'><strong>(Rom.</strong></span> <span class='ocrx_word' id='word_1_42' title='bbox 922 906 975 958; x_wconf 78' lang='grc' dir='ltr'><strong>χ,</strong></span> <span class='ocrx_word' id='word_1_43' title='bbox 1001 890 1080 960; x_wconf 85' lang='grc'><strong>1).</strong></span> <span class='ocrx_word' id='word_1_44' title='bbox 1110 886 1258 941; x_wconf 74' lang='lat' dir='ltr'><strong>l-lane</strong></span> <span class='ocrx_word' id='word_1_45' title='bbox 1274 883 1457 953; x_wconf 88' lang='lat' dir='ltr'><strong>utique</strong></span> <span class='ocrx_word' id='word_1_46' title='bbox 1478 881 1702 935; x_wconf 83' lang='lat' dir='ltr'><strong>salutem</strong></span> <span class='ocrx_word' id='word_1_47' title='bbox 1723 874 1999 944; x_wconf 86' lang='lat' dir='ltr'><strong>consequi,</strong></span> <span class='ocrx_word' id='word_1_48' title='bbox 2019 872 2120 927; x_wconf 84' lang='lat' dir='ltr'><strong>nisi</strong></span> 
     </span>
    </p>
   </div>
   <div class='ocr_carea' id='block_1_7' title="bbox 530 965 2122 1048">
    <p class='ocr_par' dir='ltr' id='par_1_7' title="bbox 530 965 2122 1048">
     <span class='ocr_line' id='line_1_7' title="bbox 530 965 2122 1048; baseline -0.017 -4"><span class='ocrx_word' id='word_1_49' title='bbox 530 965 781 1046; x_wconf 72' lang='lat' dir='ltr'><strong>credente</strong></span> <span class='ocrx_word' id='word_1_50' title='bbox 792 985 1079 1048; x_wconf 81' lang='lat' dir='ltr'><strong>voluntate,</strong></span> <span class='ocrx_word' id='word_1_51' title='bbox 1095 995 1201 1034; x_wconf 90' lang='lat' dir='ltr'><strong>non</strong></span> <span class='ocrx_word' id='word_1_52' title='bbox 1215 983 1459 1048; x_wconf 86' lang='lat' dir='ltr'><strong>possent:</strong></span> <span class='ocrx_word' id='word_1_53' title='bbox 1478 973 1578 1027; x_wconf 92' lang='lat' dir='ltr'><strong>hoc</strong></span> <span class='ocrx_word' id='word_1_54' title='bbox 1590 985 1717 1041; x_wconf 90' lang='lat' dir='ltr'><strong>ergo</strong></span> <span class='ocrx_word' id='word_1_55' title='bbox 1730 969 1916 1025; x_wconf 89' lang='lat' dir='ltr'><strong>beatus</strong></span> <span class='ocrx_word' id='word_1_56' title='bbox 1925 965 2122 1021; x_wconf 89' lang='lat' dir='ltr'><strong>Paulus</strong></span> 
     </span>
    </p>
   </div>
   <div class='ocr_carea' id='block_1_8' title="bbox 531 1056 2123 1139">
    <p class='ocr_par' dir='ltr' id='par_1_8' title="bbox 531 1056 2123 1139">
     <span class='ocr_line' id='line_1_8' title="bbox 531 1056 2123 1139; baseline -0.013 -11"><span class='ocrx_word' id='word_1_57' title='bbox 531 1079 717 1135; x_wconf 76' lang='lat' dir='ltr'><strong>orabat</strong></span> <span class='ocrx_word' id='word_1_58' title='bbox 731 1084 790 1131; x_wconf 91' lang='lat' dir='ltr'><strong>ut</strong></span> <span class='ocrx_word' id='word_1_59' title='bbox 809 1075 1024 1130; x_wconf 82' lang='lat' dir='ltr'><strong>vellent.</strong></span> <span class='ocrx_word' id='word_1_60' title='bbox 1052 1071 1122 1126; x_wconf 90' lang='lat' dir='ltr'><strong>Et</strong></span> <span class='ocrx_word' id='word_1_61' title='bbox 1140 1069 1422 1139; x_wconf 88' lang='lat' dir='ltr'><strong>episcopus</strong></span> <span class='ocrx_word' id='word_1_62' title='bbox 1448 1062 1743 1135; x_wconf 85' lang='lat' dir='ltr'><strong>Cyprianus</strong></span> <span class='ocrx_word' id='word_1_63' title='bbox 1760 1057 1904 1130; x_wconf 94' lang='lat' dir='ltr'><strong>quod</strong></span> <span class='ocrx_word' id='word_1_64' title='bbox 1923 1056 2123 1111; x_wconf 90' lang='lat' dir='ltr'><strong>dictum</strong></span> 
     </span>
    </p>
   </div>
   <div class='ocr_carea' id='block_1_9' title="bbox 532 1145 2124 1225">
    <p class='ocr_par' dir='ltr' id='par_1_9' title="bbox 532 1145 2124 1225">
     <span class='ocr_line' id='line_1_9' title="bbox 532 1145 2124 1225; baseline -0.018 1"><span class='ocrx_word' id='word_1_65' title='bbox 532 1183 613 1225; x_wconf 69' lang='grc' dir='ltr'><strong>νει</strong></span> <span class='ocrx_word' id='word_1_66' title='bbox 634 1170 686 1223; x_wconf 92' lang='lat' dir='ltr'><strong>in</strong></span> <span class='ocrx_word' id='word_1_67' title='bbox 708 1167 949 1223; x_wconf 88' lang='lat' dir='ltr'><strong>oratione</strong></span> <span class='ocrx_word' id='word_1_68' title='bbox 974 1161 1264 1225; x_wconf 87' lang='lat' dir='ltr'><strong>dominica,</strong></span> <span class='ocrx_word' id='word_1_69' title='bbox 1284 1156 1404 1211; x_wconf 81' lang='lat' dir='ltr'><strong>Fiat</strong></span> <span class='ocrx_word' id='word_1_70' title='bbox 1424 1155 1657 1210; x_wconf 84' lang='lat' dir='ltr'><strong>voluntas</strong></span> <span class='ocrx_word' id='word_1_71' title='bbox 1678 1161 1766 1206; x_wconf 88' lang='lat' dir='ltr'><strong>tua</strong></span> <span class='ocrx_word' id='word_1_72' title='bbox 1784 1150 1910 1205; x_wconf 85' lang='lat' dir='ltr'><strong>sicut</strong></span> <span class='ocrx_word' id='word_1_73' title='bbox 1927 1148 1981 1200; x_wconf 84' lang='lat' dir='ltr'><strong>in</strong></span> <span class='ocrx_word' id='word_1_74' title='bbox 2000 1145 2124 1202; x_wconf 64' lang='lat' dir='ltr'><strong>ratio</strong></span> 
     </span>
    </p>
   </div>
   <div class='ocr_carea' id='block_1_10' title="bbox 450 1241 2123 1337">
    <p class='ocr_par' dir='ltr' id='par_1_10' title="bbox 450 1241 2123 1337">
     <span class='ocr_line' id='line_1_10' title="bbox 450 1241 2123 1337; baseline -0.018 -17"><span class='ocrx_word' id='word_1_75' title='bbox 530 1275 574 1318; x_wconf 74' lang='grc' dir='ltr'><strong>εἰ</strong></span> <span class='ocrx_word' id='word_1_76' title='bbox 600 1265 651 1317; x_wconf 86' lang='lat' dir='ltr'><strong>in</strong></span> <span class='ocrx_word' id='word_1_77' title='bbox 672 1271 806 1316; x_wconf 81' lang='lat' dir='ltr'><strong>terra</strong></span> <span class='ocrx_word' id='word_1_78' title='bbox 832 1257 1050 1333; x_wconf 84' lang='lat' dir='ltr'><strong>(Matth.</strong></span> <span class='ocrx_word' id='word_1_79' title='bbox 1077 1269 1153 1320; x_wconf 74' lang='grc' dir='ltr'><strong>γι,</strong></span> <span class='ocrx_word' id='word_1_80' title='bbox 1188 1249 1310 1322; x_wconf 83' lang='grc'>10),</span> <span class='ocrx_word' id='word_1_81' title='bbox 1338 1249 1502 1304; x_wconf 88' lang='lat' dir='ltr'><strong>etiam</strong></span> <span class='ocrx_word' id='word_1_82' title='bbox 1533 1246 1611 1300; x_wconf 91' lang='lat' dir='ltr'><strong>sic</strong></span> <span class='ocrx_word' id='word_1_83' title='bbox 1639 1241 1906 1312; x_wconf 76' lang='lat' dir='ltr'><strong>intelligit,</strong></span> <span class='ocrx_word' id='word_1_84' title='bbox 1943 1247 2001 1292; x_wconf 92' lang='lat' dir='ltr'><strong>ut</strong></span> <span class='ocrx_word' id='word_1_85' title='bbox 2028 1252 2123 1307; x_wconf 89' lang='lat' dir='ltr'><strong>pro</strong></span> 
     </span>
    </p>
   </div>
   <div class='ocr_carea' id='block_1_11' title="bbox 458 1331 2119 1427">
    <p class='ocr_par' dir='ltr' id='par_1_11' title="bbox 458 1331 2119 1427">
     <span class='ocr_line' id='line_1_11' title="bbox 458 1331 2119 1427; baseline -0.01 -23"><span class='ocrx_word' id='word_1_86' title='bbox 531 1331 850 1410; x_wconf 78' lang='lat' dir='ltr'><strong>infidelibus</strong></span> <span class='ocrx_word' id='word_1_87' title='bbox 868 1348 1101 1405; x_wconf 90' lang='lat' dir='ltr'><strong>inimicis</strong></span> <span class='ocrx_word' id='word_1_88' title='bbox 1127 1344 1324 1401; x_wconf 87' lang='lat' dir='ltr'><strong>nostris</strong></span> <span class='ocrx_word' id='word_1_89' title='bbox 1355 1338 1613 1396; x_wconf 86' lang='lat' dir='ltr'><strong>admoniti</strong></span> <span class='ocrx_word' id='word_1_90' title='bbox 1640 1336 1898 1392; x_wconf 81' lang='lat' dir='ltr'><strong>fuerimus</strong></span> <span class='ocrx_word' id='word_1_91' title='bbox 1926 1331 2119 1400; x_wconf 66' lang='lat' dir='ltr'><strong>orarcf;</strong></span> 
     </span>
    </p>
   </div>
   <div class='ocr_carea' id='block_1_12' title="bbox 532 1424 2124 1515">
    <p class='ocr_par' dir='ltr' id='par_1_12' title="bbox 532 1424 2124 1515">
     <span class='ocr_line' id='line_1_12' title="bbox 532 1424 2124 1515; baseline -0.016 -14"><span class='ocrx_word' id='word_1_92' title='bbox 532 1456 592 1499; x_wconf 89' lang='lat' dir='ltr'><strong>ut</strong></span> <span class='ocrx_word' id='word_1_93' title='bbox 621 1440 1076 1515; x_wconf 84' lang='lat' dir='ltr'><strong>quemadmodum</strong></span> <span class='ocrx_word' id='word_1_94' title='bbox 1103 1451 1203 1493; x_wconf 91' lang='lat' dir='ltr'><strong>nos</strong></span> <span class='ocrx_word' id='word_1_95' title='bbox 1231 1433 1523 1497; x_wconf 89' lang='lat' dir='ltr'><strong>credimus,</strong></span> <span class='ocrx_word' id='word_1_96' title='bbox 1552 1428 1641 1500; x_wconf 90' lang='lat' dir='ltr'><strong>qui</strong></span> <span class='ocrx_word' id='word_1_97' title='bbox 1667 1430 1778 1497; x_wconf 88' lang='lat' dir='ltr'><strong>jam</strong></span> <span class='ocrx_word' id='word_1_98' title='bbox 1809 1424 2005 1480; x_wconf 76' lang='lat' dir='ltr'><strong>ccelum</strong></span> <span class='ocrx_word' id='word_1_99' title='bbox 2035 1438 2124 1477; x_wconf 88' lang='lat' dir='ltr'><strong>su-</strong></span> 
     </span>
    </p>
   </div>
   <div class='ocr_carea' id='block_1_13' title="bbox 536 1514 2124 1607">
    <p class='ocr_par' dir='ltr' id='par_1_13' title="bbox 536 1514 2124 1607">
     <span class='ocr_line' id='line_1_13' title="bbox 536 1514 2124 1607; baseline -0.016 -14"><span class='ocrx_word' id='word_1_100' title='bbox 536 1514 680 1605; x_wconf 85' lang='lat' dir='ltr'><strong>mus,</strong></span> <span class='ocrx_word' id='word_1_101' title='bbox 708 1533 972 1607; x_wconf 86' lang='lat' dir='ltr'><strong>portando</strong></span> <span class='ocrx_word' id='word_1_102' title='bbox 996 1528 1230 1585; x_wconf 90' lang='lat' dir='ltr'><strong>hominis</strong></span> <span class='ocrx_word' id='word_1_103' title='bbox 1252 1523 1490 1583; x_wconf 61' lang='lat' dir='ltr'><strong>caelestis</strong></span> <span class='ocrx_word' id='word_1_104' title='bbox 1520 1519 1827 1590; x_wconf 74' lang='lat' dir='ltr'><strong>imaginem,</strong></span> <span class='ocrx_word' id='word_1_105' title='bbox 1856 1515 1934 1570; x_wconf 92' lang='lat' dir='ltr'><strong>sic</strong></span> <span class='ocrx_word' id='word_1_106' title='bbox 1961 1514 2124 1570; x_wconf 90' lang='lat' dir='ltr'><strong>etiam</strong></span> 
     </span>
    </p>
   </div>
   <div class='ocr_carea' id='block_1_14' title="bbox 531 1604 2124 1702">
    <p class='ocr_par' dir='ltr' id='par_1_14' title="bbox 531 1604 2124 1702">
     <span class='ocr_line' id='line_1_14' title="bbox 531 1604 2124 1702; baseline -0.018 -17"><span class='ocrx_word' id='word_1_107' title='bbox 531 1630 630 1702; x_wconf 89' lang='lat' dir='ltr'><strong>ipsi</strong></span> <span class='ocrx_word' id='word_1_108' title='bbox 651 1604 892 1692; x_wconf 75' lang='lat' dir='ltr'><strong>credant,</strong></span> <span class='ocrx_word' id='word_1_109' title='bbox 914 1624 1001 1694; x_wconf 89' lang='lat' dir='ltr'><strong>qui</strong></span> <span class='ocrx_word' id='word_1_110' title='bbox 1018 1627 1301 1692; x_wconf 87' lang='lat' dir='ltr'><strong>pr0pterea</strong></span> <span class='ocrx_word' id='word_1_111' title='bbox 1321 1625 1462 1671; x_wconf 89' lang='lat' dir='ltr'><strong>terra</strong></span> <span class='ocrx_word' id='word_1_112' title='bbox 1483 1619 1626 1676; x_wconf 91' lang='lat' dir='ltr'><strong>sunt,</strong></span> <span class='ocrx_word' id='word_1_113' title='bbox 1652 1609 1773 1680; x_wconf 92' lang='lat' dir='ltr'><strong>quia</strong></span> <span class='ocrx_word' id='word_1_114' title='bbox 1793 1604 1990 1662; x_wconf 87' lang='lat' dir='ltr'><strong>terreni</strong></span> <span class='ocrx_word' id='word_1_115' title='bbox 2010 1613 2124 1659; x_wconf 87' lang='lat' dir='ltr'><strong>tan-</strong></span> 
     </span>
    </p>
   </div>
   <div class='ocr_carea' id='block_1_15' title="bbox 533 1696 2119 1784">
    <p class='ocr_par' dir='ltr' id='par_1_15' title="bbox 533 1696 2119 1784">
     <span class='ocr_line' id='line_1_15' title="bbox 533 1696 2119 1784; baseline -0.018 -8"><span class='ocrx_word' id='word_1_116' title='bbox 533 1696 644 1775; x_wconf 72' lang='lat' dir='ltr'><strong>tum</strong></span> <span class='ocrx_word' id='word_1_117' title='bbox 665 1718 895 1774; x_wconf 86' lang='lat' dir='ltr'><strong>hominis</strong></span> <span class='ocrx_word' id='word_1_118' title='bbox 911 1715 1194 1784; x_wconf 73' lang='lat' dir='ltr'><strong>imaginem</strong></span> <span class='ocrx_word' id='word_1_119' title='bbox 1215 1703 1536 1780; x_wconf 88' lang='lat' dir='ltr'><strong>portaut(De</strong></span> <span class='ocrx_word' id='word_1_120' title='bbox 1555 1701 1795 1756; x_wconf 82' lang='lat' dir='ltr'><strong>Oratione</strong></span> <span class='ocrx_word' id='word_1_121' title='bbox 1812 1696 2119 1766; x_wconf 83' lang='lat' dir='ltr'><strong>Dominica).</strong></span> 
     </span>
    </p>
   </div>
   <div class='ocr_carea' id='block_1_16' title="bbox 601 1790 2123 1870">
    <p class='ocr_par' dir='ltr' id='par_1_16' title="bbox 601 1790 2123 1870">
     <span class='ocr_line' id='line_1_16' title="bbox 601 1790 2123 1870; baseline -0.016 -3"><span class='ocrx_word' id='word_1_122' title='bbox 601 1811 694 1867; x_wconf 95' lang='lat' dir='ltr'><strong>Xl.</strong></span> <span class='ocrx_word' id='word_1_123' title='bbox 735 1809 856 1867; x_wconf 71' lang='lat' dir='ltr'><strong>Jun.</strong></span> <span class='ocrx_word' id='word_1_124' title='bbox 898 1808 1065 1862; x_wconf 83' lang='lat' dir='ltr'><strong>Durat</strong></span> <span class='ocrx_word' id='word_1_125' title='bbox 1110 1816 1302 1870; x_wconf 87' lang='lat' dir='ltr'><strong>nempe</strong></span> <span class='ocrx_word' id='word_1_126' title='bbox 1361 1801 1500 1853; x_wconf 90' lang='lat' dir='ltr'><strong>inter</strong></span> <span class='ocrx_word' id='word_1_127' title='bbox 1553 1809 1647 1848; x_wconf 84' lang='lat' dir='ltr'><strong>vos</strong></span> <span class='ocrx_word' id='word_1_128' title='bbox 1697 1790 2123 1858; x_wconf 82' lang='lat' dir='ltr'><strong>Manichaeosque</strong></span> 
     </span>
    </p>
   </div>
   <div class='ocr_carea' id='block_1_17' title="bbox 534 1876 2123 1969">
    <p class='ocr_par' dir='ltr' id='par_1_17' title="bbox 534 1876 2123 1969">
     <span class='ocr_line' id='line_1_17' title="bbox 534 1876 2123 1969; baseline -0.018 -10"><span class='ocrx_word' id='word_1_129' title='bbox 534 1904 735 1969; x_wconf 84' lang='lat' dir='ltr'><strong>foedus,</strong></span> <span class='ocrx_word' id='word_1_130' title='bbox 764 1909 822 1956; x_wconf 90' lang='lat' dir='ltr'><strong>ut</strong></span> <span class='ocrx_word' id='word_1_131' title='bbox 848 1899 925 1953; x_wconf 91' lang='lat' dir='ltr'><strong>illi</strong></span> <span class='ocrx_word' id='word_1_132' title='bbox 950 1893 1305 1967; x_wconf 85' lang='lat' dir='ltr'><strong>professione,</strong></span> <span class='ocrx_word' id='word_1_133' title='bbox 1340 1902 1436 1942; x_wconf 90' lang='lat' dir='ltr'><strong>vos</strong></span> <span class='ocrx_word' id='word_1_134' title='bbox 1456 1882 1938 1957; x_wconf 74' lang='lat' dir='ltr'><strong>argumentatione,</strong></span> <span class='ocrx_word' id='word_1_135' title='bbox 1964 1876 2123 1948; x_wconf 90' lang='lat' dir='ltr'><strong>primi</strong></span> 
     </span>
    </p>
   </div>
   <div class='ocr_carea' id='block_1_18' title="bbox 530 1972 2118 2068">
    <p class='ocr_par' dir='ltr' id='par_1_18' title="bbox 530 1972 2118 2068">
     <span class='ocr_line' id='line_1_18' title="bbox 530 1972 2118 2068; baseline -0.019 -14"><span class='ocrx_word' id='word_1_136' title='bbox 530 2010 742 2068; x_wconf 89' lang='lat' dir='ltr'><strong>quoque</strong></span> <span class='ocrx_word' id='word_1_137' title='bbox 791 1991 1025 2047; x_wconf 90' lang='lat' dir='ltr'><strong>hominis</strong></span> <span class='ocrx_word' id='word_1_138' title='bbox 1071 1995 1315 2042; x_wconf 88' lang='lat' dir='ltr'><strong>naturam</strong></span> <span class='ocrx_word' id='word_1_139' title='bbox 1364 1978 1619 2036; x_wconf 88' lang='lat' dir='ltr'><strong>asseratis</strong></span> <span class='ocrx_word' id='word_1_140' title='bbox 1672 1975 1866 2031; x_wconf 90' lang='lat' dir='ltr'><strong>malam</strong></span> <span class='ocrx_word' id='word_1_141' title='bbox 1914 1972 2118 2027; x_wconf 86' lang='lat' dir='ltr'><strong>fuisse:</strong></span> 
     </span>
    </p>
   </div>
   <div class='ocr_carea' id='block_1_19' title="bbox 531 2064 2121 2159">
    <p class='ocr_par' dir='ltr' id='par_1_19' title="bbox 531 2064 2121 2159">
     <span class='ocr_line' id='line_1_19' title="bbox 531 2064 2121 2159; baseline -0.018 -15"><span class='ocrx_word' id='word_1_142' title='bbox 531 2064 674 2159; x_wconf 84' lang='lat' dir='ltr'><strong>quod</strong></span> <span class='ocrx_word' id='word_1_143' title='bbox 696 2087 821 2141; x_wconf 90' lang='lat' dir='ltr'><strong>licet</strong></span> <span class='ocrx_word' id='word_1_144' title='bbox 842 2092 1009 2138; x_wconf 90' lang='lat' dir='ltr'><strong>totum</strong></span> <span class='ocrx_word' id='word_1_145' title='bbox 1034 2077 1353 2148; x_wconf 87' lang='lat' dir='ltr'><strong>ineptiarum</strong></span> <span class='ocrx_word' id='word_1_146' title='bbox 1374 2069 1881 2136; x_wconf 87' lang='lat' dir='ltr'><strong>mendaciorumque</strong></span> <span class='ocrx_word' id='word_1_147' title='bbox 1905 2064 2121 2136; x_wconf 89' lang='lat' dir='ltr'><strong>plenum</strong></span> 
     </span>
    </p>
   </div>
   <div class='ocr_carea' id='block_1_20' title="bbox 531 2156 2122 2254">
    <p class='ocr_par' dir='ltr' id='par_1_20' title="bbox 531 2156 2122 2254">
     <span class='ocr_line' id='line_1_20' title="bbox 531 2156 2122 2254; baseline -0.019 -16"><span class='ocrx_word' id='word_1_148' title='bbox 531 2196 652 2236; x_wconf 89' lang='lat' dir='ltr'><strong>esse</strong></span> <span class='ocrx_word' id='word_1_149' title='bbox 673 2179 767 2254; x_wconf 90' lang='lat' dir='ltr'><strong>(ut</strong></span> <span class='ocrx_word' id='word_1_150' title='bbox 797 2172 1173 2247; x_wconf 66' lang='lat' dir='ltr'><strong>praetermissis</strong></span> <span class='ocrx_word' id='word_1_151' title='bbox 1204 2176 1513 2224; x_wconf 88' lang='lat' dir='ltr'><strong>sanctorum</strong></span> <span class='ocrx_word' id='word_1_152' title='bbox 1542 2160 1864 2232; x_wconf 75' lang='lat' dir='ltr'><strong>legionibus,</strong></span> <span class='ocrx_word' id='word_1_153' title='bbox 1888 2156 2122 2228; x_wconf 88' lang='lat' dir='ltr'><strong>primum</strong></span> 
     </span>
    </p>
   </div>
   <div class='ocr_carea' id='block_1_21' title="bbox 532 2246 2119 2345">
    <p class='ocr_par' dir='ltr' id='par_1_21' title="bbox 532 2246 2119 2345">
     <span class='ocr_line' id='line_1_21' title="bbox 532 2246 2119 2345; baseline -0.014 -19"><span class='ocrx_word' id='word_1_154' title='bbox 532 2282 651 2345; x_wconf 81' lang='lat' dir='ltr'><strong>post</strong></span> <span class='ocrx_word' id='word_1_155' title='bbox 674 2246 949 2342; x_wconf 81' lang='lat' dir='ltr'><strong>peccatum</strong></span> <span class='ocrx_word' id='word_1_156' title='bbox 973 2265 1105 2323; x_wconf 84' lang='lat' dir='ltr'><strong>Adae</strong></span> <span class='ocrx_word' id='word_1_157' title='bbox 1122 2261 1342 2334; x_wconf 85' lang='lat' dir='ltr'><strong>justitiae</strong></span> <span class='ocrx_word' id='word_1_158' title='bbox 1365 2256 1686 2328; x_wconf 87' lang='lat' dir='ltr'><strong>arripiamus</strong></span> <span class='ocrx_word' id='word_1_159' title='bbox 1713 2254 1731 2285; x_wconf 81' lang='grc'>¹</span> <span class='ocrx_word' id='word_1_160' title='bbox 1758 2246 2119 2322; x_wconf 83' lang='lat' dir='ltr'><strong>exemplum),</strong></span> 
     </span>
    </p>
   </div>
   <div class='ocr_carea' id='block_1_22' title="bbox 529 2341 2121 2429">
    <p class='ocr_par' dir='ltr' id='par_1_22' title="bbox 529 2341 2121 2429">
     <span class='ocr_line' id='line_1_22' title="bbox 529 2341 2121 2429; baseline -0.017 -9"><span class='ocrx_word' id='word_1_161' title='bbox 529 2341 712 2420; x_wconf 46' lang='lat' dir='ltr'><strong>Abelis</strong></span> <span class='ocrx_word' id='word_1_162' title='bbox 749 2360 1029 2416; x_wconf 81' lang='lat' dir='ltr'><strong>sanctitate</strong></span> <span class='ocrx_word' id='word_1_163' title='bbox 1058 2352 1289 2429; x_wconf 85' lang='lat' dir='ltr'><strong>mirabili</strong></span> <span class='ocrx_word' id='word_1_164' title='bbox 1318 2346 1705 2419; x_wconf 86' lang='lat' dir='ltr'><strong>comprobatur</strong></span> <span class='ocrx_word' id='word_1_165' title='bbox 1727 2385 1743 2412; x_wconf 95' lang='lat'><strong>,</strong></span> <span class='ocrx_word' id='word_1_166' title='bbox 1774 2342 1863 2415; x_wconf 92' lang='lat' dir='ltr'><strong>qui</strong></span> <span class='ocrx_word' id='word_1_167' title='bbox 1894 2341 1962 2397; x_wconf 89' lang='lat' dir='ltr'><strong>de</strong></span> <span class='ocrx_word' id='word_1_168' title='bbox 1993 2355 2121 2411; x_wconf 90' lang='lat' dir='ltr'><strong>pec-</strong></span> 
     </span>
    </p>
   </div>
   <div class='ocr_carea' id='block_1_23' title="bbox 531 2433 2118 2513">
    <p class='ocr_par' dir='ltr' id='par_1_23' title="bbox 531 2433 2118 2513">
     <span class='ocr_line' id='line_1_23' title="bbox 531 2433 2118 2513; baseline -0.015 -3"><span class='ocrx_word' id='word_1_169' title='bbox 531 2453 803 2510; x_wconf 86' lang='lat' dir='ltr'><strong>catoribus</strong></span> <span class='ocrx_word' id='word_1_170' title='bbox 824 2460 1004 2513; x_wconf 89' lang='lat' dir='ltr'><strong>natus,</strong></span> <span class='ocrx_word' id='word_1_171' title='bbox 1028 2448 1170 2503; x_wconf 88' lang='lat' dir='ltr'><strong>bene</strong></span> <span class='ocrx_word' id='word_1_172' title='bbox 1189 2441 1402 2498; x_wconf 83' lang='lat' dir='ltr'><strong>vivendi</strong></span> <span class='ocrx_word' id='word_1_173' title='bbox 1427 2455 1488 2496; x_wconf 90' lang='lat' dir='ltr'><strong>se</strong></span> <span class='ocrx_word' id='word_1_174' title='bbox 1510 2453 1617 2494; x_wconf 90' lang='lat' dir='ltr'><strong>non</strong></span> <span class='ocrx_word' id='word_1_175' title='bbox 1644 2436 1883 2493; x_wconf 87' lang='lat' dir='ltr'><strong>caruisse</strong></span> <span class='ocrx_word' id='word_1_176' title='bbox 1904 2433 2118 2497; x_wconf 89' lang='lat' dir='ltr'><strong>virtute,</strong></span> 
     </span>
    </p>
   </div>
   <div class='ocr_carea' id='block_1_24' title="bbox 530 2528 2121 2614">
    <p class='ocr_par' dir='ltr' id='par_1_24' title="bbox 530 2528 2121 2614">
     <span class='ocr_line' id='line_1_24' title="bbox 530 2528 2121 2614; baseline -0.016 -12"><span class='ocrx_word' id='word_1_177' title='bbox 530 2545 725 2601; x_wconf 77' lang='lat' dir='ltr'><strong>el&#39;l‘ectu</strong></span> <span class='ocrx_word' id='word_1_178' title='bbox 748 2557 960 2614; x_wconf 90' lang='lat' dir='ltr'><strong>quoque</strong></span> <span class='ocrx_word' id='word_1_179' title='bbox 988 2538 1157 2609; x_wconf 88' lang='lat' dir='ltr'><strong>ipsius</strong></span> <span class='ocrx_word' id='word_1_180' title='bbox 1186 2534 1401 2590; x_wconf 88' lang='lat' dir='ltr'><strong>virtutis</strong></span> <span class='ocrx_word' id='word_1_181' title='bbox 1438 2528 1676 2587; x_wconf 90' lang='lat' dir='ltr'><strong>ostendit</strong></span> <span class='ocrx_word' id='word_1_182' title='bbox 1706 2545 1720 2581; x_wconf 85' lang='lat'><strong>:</strong></span> <span class='ocrx_word' id='word_1_183' title='bbox 1752 2533 2121 2582; x_wconf 89' lang='lat' dir='ltr'><strong>verumtamen</strong></span> 
     </span>
    </p>
   </div>
   <div class='ocr_carea' id='block_1_25' title="bbox 532 2613 2124 2706">
    <p class='ocr_par' dir='ltr' id='par_1_25' title="bbox 532 2613 2124 2706">
     <span class='ocr_line' id='line_1_25' title="bbox 532 2613 2124 2706; baseline -0.015 -16"><span class='ocrx_word' id='word_1_184' title='bbox 532 2638 618 2692; x_wconf 90' lang='lat' dir='ltr'><strong>his</strong></span> <span class='ocrx_word' id='word_1_185' title='bbox 654 2613 939 2706; x_wconf 82' lang='lat' dir='ltr'><strong>praeteritis</strong></span> <span class='ocrx_word' id='word_1_186' title='bbox 976 2630 1128 2702; x_wconf 88' lang='lat' dir='ltr'><strong>juvat</strong></span> <span class='ocrx_word' id='word_1_187' title='bbox 1167 2623 1464 2682; x_wconf 88' lang='lat' dir='ltr'><strong>sententias</strong></span> <span class='ocrx_word' id='word_1_188' title='bbox 1504 2619 1852 2677; x_wconf 81' lang='lat' dir='ltr'><strong>Traduciame</strong></span> <span class='ocrx_word' id='word_1_189' title='bbox 1892 2613 2124 2669; x_wconf 87' lang='lat' dir='ltr'><strong>nationis</strong></span> 
     </span>
    </p>
   </div>
   <div class='ocr_carea' id='block_1_26' title="bbox 532 2704 2123 2800">
    <p class='ocr_par' dir='ltr' id='par_1_26' title="bbox 532 2704 2123 2800">
     <span class='ocr_line' id='line_1_26' title="bbox 532 2704 2123 2800; baseline -0.017 -16"><span class='ocrx_word' id='word_1_190' title='bbox 532 2704 742 2800; x_wconf 42' lang='lat' dir='ltr'><strong>urge—re.</strong></span> <span class='ocrx_word' id='word_1_191' title='bbox 782 2723 948 2791; x_wconf 82' lang='lat' dir='ltr'><strong>Quale</strong></span> <span class='ocrx_word' id='word_1_192' title='bbox 992 2721 1151 2791; x_wconf 89' lang='lat' dir='ltr'><strong>igitur</strong></span> <span class='ocrx_word' id='word_1_193' title='bbox 1178 2725 1426 2772; x_wconf 90' lang='lat' dir='ltr'><strong>autumas</strong></span> <span class='ocrx_word' id='word_1_194' title='bbox 1470 2711 1637 2767; x_wconf 82' lang='lat' dir='ltr'><strong>fuisse</strong></span> <span class='ocrx_word' id='word_1_195' title='bbox 1679 2707 1958 2763; x_wconf 87' lang='lat' dir='ltr'><strong>arbitrium</strong></span> <span class='ocrx_word' id='word_1_196' title='bbox 1986 2704 2123 2759; x_wconf 66' lang='lat' dir='ltr'><strong>libe«-</strong></span> 
     </span>
    </p>
   </div>
   <div class='ocr_carea' id='block_1_27' title="bbox 532 2794 2125 2891">
    <p class='ocr_par' dir='ltr' id='par_1_27' title="bbox 532 2794 2125 2891">
     <span class='ocr_line' id='line_1_27' title="bbox 532 2794 2125 2891; baseline -0.018 -14"><span class='ocrx_word' id='word_1_197' title='bbox 532 2794 690 2891; x_wconf 72' lang='lat' dir='ltr'><strong>rum,</strong></span> <span class='ocrx_word' id='word_1_198' title='bbox 740 2817 882 2889; x_wconf 88' lang='lat' dir='ltr'><strong>quod</strong></span> <span class='ocrx_word' id='word_1_199' title='bbox 925 2813 1178 2870; x_wconf 92' lang='lat' dir='ltr'><strong>collatum</strong></span> <span class='ocrx_word' id='word_1_200' title='bbox 1228 2807 1413 2880; x_wconf 90' lang='lat' dir='ltr'><strong>primis</strong></span> <span class='ocrx_word' id='word_1_201' title='bbox 1459 2802 1767 2859; x_wconf 89' lang='lat' dir='ltr'><strong>hominibus</strong></span> <span class='ocrx_word' id='word_1_202' title='bbox 1807 2794 2125 2855; x_wconf 82' lang='lat' dir='ltr'><strong>conﬁteris?</strong></span> 
     </span>
    </p>
   </div>
   <div class='ocr_carea' id='block_1_28' title="bbox 531 2889 2126 2979">
    <p class='ocr_par' dir='ltr' id='par_1_28' title="bbox 531 2889 2126 2979">
     <span class='ocr_line' id='line_1_28' title="bbox 531 2889 2126 2979; baseline -0.016 -10"><span class='ocrx_word' id='word_1_203' title='bbox 531 2889 694 2969; x_wconf 86' lang='lat' dir='ltr'><strong>Certe</strong></span> <span class='ocrx_word' id='word_1_204' title='bbox 718 2919 777 2964; x_wconf 95' lang='lat' dir='ltr'><strong>ut</strong></span> <span class='ocrx_word' id='word_1_205' title='bbox 802 2913 1023 2979; x_wconf 84' lang='lat' dir='ltr'><strong>possent</strong></span> <span class='ocrx_word' id='word_1_206' title='bbox 1044 2901 1209 2958; x_wconf 90' lang='lat' dir='ltr'><strong>animi</strong></span> <span class='ocrx_word' id='word_1_207' title='bbox 1234 2901 1504 2954; x_wconf 84' lang='lat' dir='ltr'><strong>alternare</strong></span> <span class='ocrx_word' id='word_1_208' title='bbox 1532 2904 1727 2959; x_wconf 90' lang='lat' dir='ltr'><strong>motus,</strong></span> <span class='ocrx_word' id='word_1_209' title='bbox 1756 2899 1811 2946; x_wconf 91' lang='lat' dir='ltr'><strong>et</strong></span> <span class='ocrx_word' id='word_1_210' title='bbox 1833 2890 1917 2945; x_wconf 89' lang='lat' dir='ltr'><strong>vel</strong></span> <span class='ocrx_word' id='word_1_211' title='bbox 1950 2889 2126 2943; x_wconf 83' lang='lat' dir='ltr'><strong>facere</strong></span> 
     </span>
    </p>
   </div>
   <div class='ocr_carea' id='block_1_29' title="bbox 533 2984 2165 3068">
    <p class='ocr_par' dir='ltr' id='par_1_29' title="bbox 533 2984 2165 3068">
     <span class='ocr_line' id='line_1_29' title="bbox 533 2984 2165 3068; baseline -0.015 -9"><span class='ocrx_word' id='word_1_212' title='bbox 533 3004 757 3068; x_wconf 88' lang='lat' dir='ltr'><strong>malum,</strong></span> <span class='ocrx_word' id='word_1_213' title='bbox 780 3001 863 3056; x_wconf 90' lang='lat' dir='ltr'><strong>vel</strong></span> <span class='ocrx_word' id='word_1_214' title='bbox 888 2998 1141 3054; x_wconf 89' lang='lat' dir='ltr'><strong>recedere</strong></span> <span class='ocrx_word' id='word_1_215' title='bbox 1164 3000 1193 3047; x_wconf 87' lang='lat' dir='ltr'><strong>a</strong></span> <span class='ocrx_word' id='word_1_216' title='bbox 1220 2992 1386 3059; x_wconf 92' lang='lat' dir='ltr'><strong>malo,</strong></span> <span class='ocrx_word' id='word_1_217' title='bbox 1415 2989 1499 3044; x_wconf 90' lang='lat' dir='ltr'><strong>vel</strong></span> <span class='ocrx_word' id='word_1_218' title='bbox 1522 2988 1773 3043; x_wconf 90' lang='lat' dir='ltr'><strong>deserere</strong></span> <span class='ocrx_word' id='word_1_219' title='bbox 1794 2984 1878 3040; x_wconf 92' lang='lat' dir='ltr'><strong>vel</strong></span> <span class='ocrx_word' id='word_1_220' title='bbox 1907 2995 2125 3038; x_wconf 87' lang='lat' dir='ltr'><strong>servare</strong></span> <span class='ocrx_word' id='word_1_221' title='bbox 2161 3010 2165 3017; x_wconf 72' lang='grc' dir='ltr'>ι</span> 
     </span>
    </p>
   </div>
   <div class='ocr_carea' id='block_1_30' title="bbox 528 3072 2126 3167">
    <p class='ocr_par' dir='ltr' id='par_1_30' title="bbox 528 3072 2126 3167">
     <span class='ocr_line' id='line_1_30' title="bbox 528 3072 2126 3167; baseline -0.016 -16"><span class='ocrx_word' id='word_1_222' title='bbox 528 3096 810 3167; x_wconf 78' lang='lat' dir='ltr'><strong>justitiam.</strong></span> <span class='ocrx_word' id='word_1_223' title='bbox 844 3090 1105 3145; x_wconf 82' lang='lat' dir='ltr'><strong>Voluntas</strong></span> <span class='ocrx_word' id='word_1_224' title='bbox 1133 3100 1262 3154; x_wconf 89' lang='lat' dir='ltr'><strong>ergo</strong></span> <span class='ocrx_word' id='word_1_225' title='bbox 1308 3080 1562 3153; x_wconf 90' lang='lat' dir='ltr'><strong>peccandi</strong></span> <span class='ocrx_word' id='word_1_226' title='bbox 1611 3092 1718 3133; x_wconf 90' lang='lat' dir='ltr'><strong>non</strong></span> <span class='ocrx_word' id='word_1_227' title='bbox 1765 3077 1950 3130; x_wconf 87' lang='lat' dir='ltr'><strong>fuisset</strong></span> <span class='ocrx_word' id='word_1_228' title='bbox 1973 3115 1988 3140; x_wconf 92' lang='lat'><strong>,</strong></span> <span class='ocrx_word' id='word_1_229' title='bbox 2021 3072 2126 3128; x_wconf 92' lang='lat' dir='ltr'><strong>nisi</strong></span> 
     </span>
    </p>
   </div>
   <div class='ocr_carea' id='block_1_31' title="bbox 534 3168 2126 3257">
    <p class='ocr_par' dir='ltr' id='par_1_31' title="bbox 534 3168 2126 3257">
     <span class='ocr_line' id='line_1_31' title="bbox 534 3168 2126 3257; baseline -0.014 -16"><span class='ocrx_word' id='word_1_230' title='bbox 534 3187 749 3245; x_wconf 83' lang='lat' dir='ltr'><strong>volendi</strong></span> <span class='ocrx_word' id='word_1_231' title='bbox 773 3182 1100 3257; x_wconf 90' lang='lat' dir='ltr'><strong>possibilitas</strong></span> <span class='ocrx_word' id='word_1_232' title='bbox 1122 3178 1397 3233; x_wconf 85' lang='lat' dir='ltr'><strong>anteisset.</strong></span> <span class='ocrx_word' id='word_1_233' title='bbox 1423 3174 1535 3228; x_wconf 93' lang='lat' dir='ltr'><strong>lloc</strong></span> <span class='ocrx_word' id='word_1_234' title='bbox 1556 3180 1836 3242; x_wconf 88' lang='lat' dir='ltr'><strong>postquam</strong></span> <span class='ocrx_word' id='word_1_235' title='bbox 1857 3168 1933 3223; x_wconf 91' lang='lat' dir='ltr'><strong>uti</strong></span> <span class='ocrx_word' id='word_1_236' title='bbox 1955 3180 2126 3236; x_wconf 69' lang='lat' dir='ltr'><strong>cmpe-</strong></span> 
     </span>
    </p>
   </div>
   <div class='ocr_carea' id='block_1_32' title="bbox 534 3260 2126 3351">
    <p class='ocr_par' dir='ltr' id='par_1_32' title="bbox 534 3260 2126 3351">
     <span class='ocr_line' id='line_1_32' title="bbox 534 3260 2126 3351; baseline -0.014 -13"><span class='ocrx_word' id='word_1_237' title='bbox 534 3290 662 3338; x_wconf 88' lang='lat' dir='ltr'><strong>runt</strong></span> <span class='ocrx_word' id='word_1_238' title='bbox 698 3277 912 3351; x_wconf 88' lang='lat' dir='ltr'><strong>propria</strong></span> <span class='ocrx_word' id='word_1_239' title='bbox 940 3273 1248 3336; x_wconf 86' lang='lat' dir='ltr'><strong>voluntate,</strong></span> <span class='ocrx_word' id='word_1_240' title='bbox 1282 3267 1334 3323; x_wconf 92' lang='lat' dir='ltr'><strong>id</strong></span> <span class='ocrx_word' id='word_1_241' title='bbox 1382 3275 1464 3322; x_wconf 91' lang='lat' dir='ltr'><strong>est</strong></span> <span class='ocrx_word' id='word_1_242' title='bbox 1504 3271 1651 3319; x_wconf 92' lang='lat' dir='ltr'><strong>motu</strong></span> <span class='ocrx_word' id='word_1_243' title='bbox 1696 3260 1861 3316; x_wconf 92' lang='lat' dir='ltr'><strong>animi</strong></span> <span class='ocrx_word' id='word_1_244' title='bbox 1900 3266 2126 3330; x_wconf 86' lang='lat' dir='ltr'><strong>cogente</strong></span> 
     </span>
    </p>
   </div>
   <div class='ocr_carea' id='block_1_33' title="bbox 534 3351 2126 3444">
    <p class='ocr_par' dir='ltr' id='par_1_33' title="bbox 534 3351 2126 3444">
     <span class='ocr_line' id='line_1_33' title="bbox 534 3351 2126 3444; baseline -0.015 -14"><span class='ocrx_word' id='word_1_245' title='bbox 534 3374 682 3430; x_wconf 89' lang='lat' dir='ltr'><strong>nullo</strong></span> <span class='ocrx_word' id='word_1_246' title='bbox 705 3412 721 3437; x_wconf 95' lang='lat'><strong>,</strong></span> <span class='ocrx_word' id='word_1_247' title='bbox 755 3382 809 3444; x_wconf 84' lang='lat' dir='ltr'><strong>tu</strong></span> <span class='ocrx_word' id='word_1_248' title='bbox 837 3368 971 3424; x_wconf 91' lang='lat' dir='ltr'><strong>dicis</strong></span> <span class='ocrx_word' id='word_1_249' title='bbox 1014 3365 1239 3420; x_wconf 91' lang='lat' dir='ltr'><strong>liberum</strong></span> <span class='ocrx_word' id='word_1_250' title='bbox 1284 3351 1901 3426; x_wconf 54' lang='lat' dir='ltr'><strong>arbitrium&#39;perdidisse</strong></span> <span class='ocrx_word' id='word_1_251' title='bbox 1926 3353 1947 3384; x_wconf 81' lang='grc'><strong><em>³</em></strong></span> <span class='ocrx_word' id='word_1_252' title='bbox 1975 3367 1989 3404; x_wconf 90' lang='lat'><strong>:</strong></span> <span class='ocrx_word' id='word_1_253' title='bbox 2020 3365 2126 3422; x_wconf 92' lang='lat' dir='ltr'><strong>quo</strong></span> 
     </span>
    </p>
   </div>
   <div class='ocr_carea' id='block_1_34' title="bbox 533 3441 2126 3538">
    <p class='ocr_par' dir='ltr' id='par_1_34' title="bbox 533 3441 2126 3538">
     <span class='ocr_line' id='line_1_34' title="bbox 533 3441 2126 3538; baseline -0.016 -18"><span class='ocrx_word' id='word_1_254' title='bbox 533 3464 665 3538; x_wconf 91' lang='lat' dir='ltr'><strong>quid</strong></span> <span class='ocrx_word' id='word_1_255' title='bbox 687 3441 868 3535; x_wconf 86' lang='lat' dir='ltr'><strong>potest</strong></span> <span class='ocrx_word' id='word_1_256' title='bbox 888 3457 1141 3513; x_wconf 80' lang='lat' dir='ltr'><strong>furiosius</strong></span> <span class='ocrx_word' id='word_1_257' title='bbox 1164 3451 1383 3522; x_wconf 87' lang='lat' dir='ltr'><strong>cogitari</strong></span> <span class='ocrx_word' id='word_1_258' title='bbox 1407 3448 1430 3503; x_wconf 87' lang='lat'><strong>?</strong></span> <span class='ocrx_word' id='word_1_259' title='bbox 1460 3447 1529 3504; x_wconf 91' lang='lat' dir='ltr'><strong>Ut</strong></span> <span class='ocrx_word' id='word_1_260' title='bbox 1557 3447 1699 3503; x_wconf 90' lang='lat' dir='ltr'><strong>enim</strong></span> <span class='ocrx_word' id='word_1_261' title='bbox 1727 3446 1808 3499; x_wconf 90' lang='lat' dir='ltr'><strong>vis</strong></span> <span class='ocrx_word' id='word_1_262' title='bbox 1827 3441 2126 3515; x_wconf 88' lang='lat' dir='ltr'><strong>argumenti</strong></span> 
     </span>
    </p>
   </div>
   <div class='ocr_carea' id='block_1_35' title="bbox 533 3537 2126 3625">
    <p class='ocr_par' dir='ltr' id='par_1_35' title="bbox 533 3537 2126 3625">
     <span class='ocr_line' id='line_1_35' title="bbox 533 3537 2126 3625; baseline -0.014 -13"><span class='ocrx_word' id='word_1_263' title='bbox 533 3537 611 3614; x_wconf 88' lang='lat' dir='ltr'><strong>tui</strong></span> <span class='ocrx_word' id='word_1_264' title='bbox 651 3567 904 3625; x_wconf 78' lang='lat' dir='ltr'><strong>expressa</strong></span> <span class='ocrx_word' id='word_1_265' title='bbox 944 3557 1218 3612; x_wconf 87' lang='lat' dir='ltr'><strong>teneatur;</strong></span> <span class='ocrx_word' id='word_1_266' title='bbox 1265 3543 1398 3599; x_wconf 90' lang='lat' dir='ltr'><strong>dicis</strong></span> <span class='ocrx_word' id='word_1_267' title='bbox 1427 3556 1545 3596; x_wconf 90' lang='lat' dir='ltr'><strong>eam</strong></span> <span class='ocrx_word' id='word_1_268' title='bbox 1581 3554 1693 3594; x_wconf 88' lang='lat' dir='ltr'><strong>rem</strong></span> <span class='ocrx_word' id='word_1_269' title='bbox 1741 3537 1963 3607; x_wconf 90' lang='lat' dir='ltr'><strong>periisse</strong></span> <span class='ocrx_word' id='word_1_270' title='bbox 1996 3549 2126 3606; x_wconf 84' lang='lat' dir='ltr'><strong>pro-</strong></span> 
     </span>
    </p>
   </div>
   <div class='ocr_carea' id='block_1_36' title="bbox 533 3631 2126 3723">
    <p class='ocr_par' dir='ltr' id='par_1_36' title="bbox 533 3631 2126 3723">
     <span class='ocr_line' id='line_1_36' title="bbox 533 3631 2126 3723; baseline -0.017 -16"><span class='ocrx_word' id='word_1_271' title='bbox 533 3660 655 3723; x_wconf 88' lang='lat' dir='ltr'><strong>pter</strong></span> <span class='ocrx_word' id='word_1_272' title='bbox 680 3647 1030 3710; x_wconf 89' lang='lat' dir='ltr'><strong>voluntatem,</strong></span> <span class='ocrx_word' id='word_1_273' title='bbox 1068 3655 1185 3712; x_wconf 81' lang='lat' dir='ltr'><strong>quae</strong></span> <span class='ocrx_word' id='word_1_274' title='bbox 1215 3638 1334 3693; x_wconf 92' lang='lat' dir='ltr'><strong>data</strong></span> <span class='ocrx_word' id='word_1_275' title='bbox 1380 3650 1484 3689; x_wconf 92' lang='lat' dir='ltr'><strong>non</strong></span> <span class='ocrx_word' id='word_1_276' title='bbox 1532 3642 1615 3687; x_wconf 90' lang='lat' dir='ltr'><strong>est</strong></span> <span class='ocrx_word' id='word_1_277' title='bbox 1644 3631 1743 3685; x_wconf 90' lang='lat' dir='ltr'><strong>nisi</strong></span> <span class='ocrx_word' id='word_1_278' title='bbox 1790 3638 2007 3700; x_wconf 88' lang='lat' dir='ltr'><strong>propter</strong></span> <span class='ocrx_word' id='word_1_279' title='bbox 2028 3642 2126 3682; x_wconf 87' lang='lat' dir='ltr'><strong>vo-</strong></span> 
     </span>
    </p>
   </div>
   <div class='ocr_carea' id='block_1_37' title="bbox 534 3722 2126 3810">
    <p class='ocr_par' dir='ltr' id='par_1_37' title="bbox 534 3722 2126 3810">
     <span class='ocr_line' id='line_1_37' title="bbox 534 3722 2126 3810; baseline -0.014 -12"><span class='ocrx_word' id='word_1_280' title='bbox 534 3722 792 3800; x_wconf 85' lang='lat' dir='ltr'><strong>luntatem</strong></span> <span class='ocrx_word' id='word_1_281' title='bbox 845 3757 858 3793; x_wconf 91' lang='lat'><strong>:</strong></span> <span class='ocrx_word' id='word_1_282' title='bbox 902 3743 1181 3810; x_wconf 89' lang='lat' dir='ltr'><strong>peccatum</strong></span> <span class='ocrx_word' id='word_1_283' title='bbox 1228 3732 1424 3803; x_wconf 90' lang='lat' dir='ltr'><strong>quippe</strong></span> <span class='ocrx_word' id='word_1_284' title='bbox 1477 3726 1609 3781; x_wconf 90' lang='lat' dir='ltr'><strong>nihil</strong></span> <span class='ocrx_word' id='word_1_285' title='bbox 1656 3734 1740 3780; x_wconf 91' lang='lat' dir='ltr'><strong>est</strong></span> <span class='ocrx_word' id='word_1_286' title='bbox 1783 3722 1926 3778; x_wconf 91' lang='lat' dir='ltr'><strong>aliud</strong></span> <span class='ocrx_word' id='word_1_287' title='bbox 1967 3736 2126 3792; x_wconf 91' lang='lat' dir='ltr'><strong>quam</strong></span> 
     </span>
    </p>
   </div>
   <div class='ocr_carea' id='block_1_38' title="bbox 535 3814 2123 3895">
    <p class='ocr_par' dir='ltr' id='par_1_38' title="bbox 535 3814 2123 3895">
     <span class='ocr_line' id='line_1_38' title="bbox 535 3814 2123 3895; baseline -0.013 -6"><span class='ocrx_word' id='word_1_288' title='bbox 535 3834 784 3890; x_wconf 90' lang='lat' dir='ltr'><strong>voluntas</strong></span> <span class='ocrx_word' id='word_1_289' title='bbox 809 3830 984 3895; x_wconf 88' lang='lat' dir='ltr'><strong>mala;</strong></span> <span class='ocrx_word' id='word_1_290' title='bbox 1014 3826 1232 3881; x_wconf 88' lang='lat' dir='ltr'><strong>libertas</strong></span> <span class='ocrx_word' id='word_1_291' title='bbox 1245 3826 1435 3877; x_wconf 71' lang='lat' dir='ltr'><strong>&quot;autem</strong></span> <span class='ocrx_word' id='word_1_292' title='bbox 1458 3817 1655 3889; x_wconf 88' lang='lat' dir='ltr'><strong>adhoc</strong></span> <span class='ocrx_word' id='word_1_293' title='bbox 1680 3815 1851 3871; x_wconf 91' lang='lat' dir='ltr'><strong>solum</strong></span> <span class='ocrx_word' id='word_1_294' title='bbox 1872 3814 1995 3869; x_wconf 88' lang='lat' dir='ltr'><strong>data</strong></span> <span class='ocrx_word' id='word_1_295' title='bbox 2019 3822 2123 3882; x_wconf 89' lang='lat' dir='ltr'><strong>est,</strong></span> 
     </span>
    </p>
   </div>
   <div class='ocr_carea' id='block_1_39' title="bbox 537 3904 2123 3985">
    <p class='ocr_par' dir='ltr' id='par_1_39' title="bbox 537 3904 2123 3985">
     <span class='ocr_line' id='line_1_39' title="bbox 537 3904 2123 3985; baseline -0.015 -4"><span class='ocrx_word' id='word_1_296' title='bbox 537 3935 596 3981; x_wconf 94' lang='lat' dir='ltr'><strong>ut</strong></span> <span class='ocrx_word' id='word_1_297' title='bbox 622 3925 947 3979; x_wconf 86' lang='lat' dir='ltr'><strong>voluntatem</strong></span> <span class='ocrx_word' id='word_1_298' title='bbox 979 3934 1084 3974; x_wconf 91' lang='lat' dir='ltr'><strong>non</strong></span> <span class='ocrx_word' id='word_1_299' title='bbox 1115 3922 1366 3985; x_wconf 85' lang='lat' dir='ltr'><strong>cogeret,</strong></span> <span class='ocrx_word' id='word_1_300' title='bbox 1395 3911 1487 3966; x_wconf 88' lang='lat' dir='ltr'><strong>sed</strong></span> <span class='ocrx_word' id='word_1_301' title='bbox 1516 3908 1852 3979; x_wconf 88' lang='lat' dir='ltr'><strong>permitteret</strong></span> <span class='ocrx_word' id='word_1_302' title='bbox 1879 3904 2074 3960; x_wconf 84' lang='lat' dir='ltr'><strong>exoriri</strong></span> <span class='ocrx_word' id='word_1_303' title='bbox 2109 3921 2123 3958; x_wconf 88' lang='lat'><strong>:</strong></span> 
     </span>
    </p>
   </div>
   <div class='ocr_carea' id='block_1_40' title="bbox 536 3997 2129 4072">
    <p class='ocr_par' dir='ltr' id='par_1_40' title="bbox 536 3997 2129 4072">
     <span class='ocr_line' id='line_1_40' title="bbox 536 3997 2129 4072; baseline -0.012 0"><span class='ocrx_word' id='word_1_304' title='bbox 536 4019 677 4072; x_wconf 89' lang='lat' dir='ltr'><strong>hanc</strong></span> <span class='ocrx_word' id='word_1_305' title='bbox 696 4023 870 4070; x_wconf 88' lang='lat' dir='ltr'><strong>autem</strong></span> <span class='ocrx_word' id='word_1_306' title='bbox 897 4021 949 4066; x_wconf 90' lang='lat' dir='ltr'><strong>tu</strong></span> <span class='ocrx_word' id='word_1_307' title='bbox 971 4010 1271 4065; x_wconf 88' lang='lat' dir='ltr'><strong>libertatem</strong></span> <span class='ocrx_word' id='word_1_308' title='bbox 1292 4004 1314 4035; x_wconf 82' lang='grc'>³</span> <span class='ocrx_word' id='word_1_309' title='bbox 1335 4002 1692 4058; x_wconf 89' lang='lat' dir='ltr'><strong>conditionem</strong></span> <span class='ocrx_word' id='word_1_310' title='bbox 1711 4014 1859 4053; x_wconf 91' lang='lat' dir='ltr'><strong>suam</strong></span> <span class='ocrx_word' id='word_1_311' title='bbox 1881 3997 2014 4053; x_wconf 90' lang='lat' dir='ltr'><strong>dicis</strong></span> <span class='ocrx_word' id='word_1_312' title='bbox 2034 4011 2129 4053; x_wconf 88' lang='lat' dir='ltr'><strong>v0-</strong></span> 
     </span>
    </p>
   </div>
   <div class='ocr_carea' id='block_1_41' title="bbox 538 4089 2127 4174">
    <p class='ocr_par' dir='ltr' id='par_1_41' title="bbox 538 4089 2127 4174">
     <span class='ocr_line' id='line_1_41' title="bbox 538 4089 2127 4174; baseline -0.014 -10"><span class='ocrx_word' id='word_1_313' title='bbox 538 4107 758 4164; x_wconf 89' lang='lat' dir='ltr'><strong>luntatis</strong></span> <span class='ocrx_word' id='word_1_314' title='bbox 808 4118 973 4174; x_wconf 85' lang='lat' dir='ltr'><strong>Opere</strong></span> <span class='ocrx_word' id='word_1_315' title='bbox 999 4099 1317 4173; x_wconf 89' lang='lat' dir='ltr'><strong>perdidisse,</strong></span> <span class='ocrx_word' id='word_1_316' title='bbox 1347 4103 1405 4151; x_wconf 89' lang='lat' dir='ltr'><strong>ut</strong></span> <span class='ocrx_word' id='word_1_317' title='bbox 1432 4110 1527 4165; x_wconf 87' lang='lat' dir='ltr'><strong>per</strong></span> <span class='ocrx_word' id='word_1_318' title='bbox 1563 4092 1667 4146; x_wconf 91' lang='lat' dir='ltr'><strong>hoc</strong></span> <span class='ocrx_word' id='word_1_319' title='bbox 1696 4089 1965 4145; x_wconf 87' lang='lat' dir='ltr'><strong>interiisse</strong></span> <span class='ocrx_word' id='word_1_320' title='bbox 2006 4103 2127 4144; x_wconf 92' lang='lat' dir='ltr'><strong>cre-</strong></span> 
     </span>
    </p>
   </div>
   <div class='ocr_carea' id='block_1_42' title="bbox 539 4180 2127 4270">
    <p class='ocr_par' dir='ltr' id='par_1_42' title="bbox 539 4180 2127 4270">
     <span class='ocr_line' id='line_1_42' title="bbox 539 4180 2127 4270; baseline -0.013 -16"><span class='ocrx_word' id='word_1_321' title='bbox 539 4198 717 4264; x_wconf 85' lang='lat' dir='ltr'><strong>datur,</strong></span> <span class='ocrx_word' id='word_1_322' title='bbox 743 4211 838 4267; x_wconf 87' lang='lat' dir='ltr'><strong>per</strong></span> <span class='ocrx_word' id='word_1_323' title='bbox 852 4194 997 4264; x_wconf 84' lang='lat' dir='ltr'><strong>quod</strong></span> <span class='ocrx_word' id='word_1_324' title='bbox 1024 4191 1195 4270; x_wconf 77' lang='lat' dir='ltr'><strong>solum</strong></span> <span class='ocrx_word' id='word_1_325' title='bbox 1223 4187 1478 4258; x_wconf 84' lang='lat' dir='ltr'><strong>probatur</strong></span> <span class='ocrx_word' id='word_1_326' title='bbox 1497 4182 1696 4252; x_wconf 83' lang='lat' dir='ltr'><strong>vigere.</strong></span> <span class='ocrx_word' id='word_1_327' title='bbox 1721 4180 1979 4234; x_wconf 82' lang='lat' dir='ltr'><strong>Voluntas</strong></span> <span class='ocrx_word' id='word_1_328' title='bbox 2000 4193 2127 4249; x_wconf 87' lang='lat' dir='ltr'><strong>ergo</strong></span> 
     </span>
    </p>
   </div>
   <div class='ocr_carea' id='block_1_43' title="bbox 538 4270 2129 4356">
    <p class='ocr_par' dir='ltr' id='par_1_43' title="bbox 538 4270 2129 4356">
     <span class='ocr_line' id='line_1_43' title="bbox 538 4270 2129 4356; baseline -0.014 -8"><span class='ocrx_word' id='word_1_329' title='bbox 538 4293 678 4349; x_wconf 87' lang='lat' dir='ltr'><strong>mala</strong></span> <span class='ocrx_word' id='word_1_330' title='bbox 705 4304 813 4344; x_wconf 91' lang='lat' dir='ltr'><strong>non</strong></span> <span class='ocrx_word' id='word_1_331' title='bbox 839 4284 1053 4356; x_wconf 91' lang='lat' dir='ltr'><strong>quidem</strong></span> <span class='ocrx_word' id='word_1_332' title='bbox 1085 4282 1285 4337; x_wconf 85' lang='lat' dir='ltr'><strong>fructus</strong></span> <span class='ocrx_word' id='word_1_333' title='bbox 1309 4321 1323 4343; x_wconf 93' lang='lat'><strong>,</strong></span> <span class='ocrx_word' id='word_1_334' title='bbox 1354 4276 1447 4333; x_wconf 90' lang='lat' dir='ltr'><strong>sed</strong></span> <span class='ocrx_word' id='word_1_335' title='bbox 1475 4273 1836 4329; x_wconf 81' lang='lat' dir='ltr'><strong>testimonium</strong></span> <span class='ocrx_word' id='word_1_336' title='bbox 1867 4270 2129 4325; x_wconf 90' lang='lat' dir='ltr'><strong>libertatis</strong></span> 
     </span>
    </p>
   </div>
   <div class='ocr_carea' id='block_1_44' title="bbox 540 4361 2128 4436">
    <p class='ocr_par' dir='ltr' id='par_1_44' title="bbox 540 4361 2128 4436">
     <span class='ocr_line' id='line_1_44' title="bbox 540 4361 2128 4436; baseline -0.012 0"><span class='ocrx_word' id='word_1_337' title='bbox 540 4390 642 4436; x_wconf 90' lang='lat' dir='ltr'><strong>est.</strong></span> <span class='ocrx_word' id='word_1_338' title='bbox 670 4380 916 4435; x_wconf 87' lang='lat' dir='ltr'><strong>Libertas</strong></span> <span class='ocrx_word' id='word_1_339' title='bbox 958 4383 1134 4428; x_wconf 90' lang='lat' dir='ltr'><strong>autem</strong></span> <span class='ocrx_word' id='word_1_340' title='bbox 1164 4369 1296 4425; x_wconf 87' lang='lat' dir='ltr'><strong>nihil</strong></span> <span class='ocrx_word' id='word_1_341' title='bbox 1326 4376 1407 4423; x_wconf 88' lang='lat' dir='ltr'><strong>est</strong></span> <span class='ocrx_word' id='word_1_342' title='bbox 1434 4365 1575 4420; x_wconf 86' lang='lat' dir='ltr'><strong>aliud</strong></span> <span class='ocrx_word' id='word_1_343' title='bbox 1603 4379 1761 4434; x_wconf 86' lang='lat' dir='ltr'><strong>quam</strong></span> <span class='ocrx_word' id='word_1_344' title='bbox 1801 4361 2128 4432; x_wconf 88' lang='lat' dir='ltr'><strong>possibilitas</strong></span> 
     </span>
    </p>
   </div>
   <div class='ocr_carea' id='block_1_45' title="bbox 541 4453 2132 4540">
    <p class='ocr_par' dir='ltr' id='par_1_45' title="bbox 541 4453 2132 4540">
     <span class='ocr_line' id='line_1_45' title="bbox 541 4453 2132 4540; baseline -0.013 -10"><span class='ocrx_word' id='word_1_345' title='bbox 541 4473 667 4530; x_wconf 82' lang='lat' dir='ltr'><strong>boni</strong></span> <span class='ocrx_word' id='word_1_346' title='bbox 712 4471 976 4540; x_wconf 88' lang='lat' dir='ltr'><strong>malique,</strong></span> <span class='ocrx_word' id='word_1_347' title='bbox 1005 4465 1099 4521; x_wconf 85' lang='lat' dir='ltr'><strong>sed</strong></span> <span class='ocrx_word' id='word_1_348' title='bbox 1144 4462 1450 4519; x_wconf 90' lang='lat' dir='ltr'><strong>voluntarii.</strong></span> <span class='ocrx_word' id='word_1_349' title='bbox 1483 4458 1595 4526; x_wconf 80' lang='lat' dir='ltr'><strong>Qui</strong></span> <span class='ocrx_word' id='word_1_350' title='bbox 1628 4471 1755 4527; x_wconf 90' lang='lat' dir='ltr'><strong>ergo</strong></span> <span class='ocrx_word' id='word_1_351' title='bbox 1800 4453 1914 4510; x_wconf 85' lang='lat' dir='ltr'><strong>lieri</strong></span> <span class='ocrx_word' id='word_1_352' title='bbox 1962 4453 2132 4524; x_wconf 89' lang='lat' dir='ltr'><strong>potuit</strong></span> 
     </span>
    </p>
   </div>
   <div class='ocr_carea' id='block_1_46' title="bbox 544 4545 2126 4635">
    <p class='ocr_par' dir='ltr' id='par_1_46' title="bbox 544 4545 2126 4635">
     <span class='ocr_line' id='line_1_46' title="bbox 544 4545 2126 4635; baseline -0.015 -14"><span class='ocrx_word' id='word_1_353' title='bbox 544 4573 601 4621; x_wconf 96' lang='lat' dir='ltr'><strong>ut</strong></span> <span class='ocrx_word' id='word_1_354' title='bbox 634 4580 729 4635; x_wconf 91' lang='lat' dir='ltr'><strong>per</strong></span> <span class='ocrx_word' id='word_1_355' title='bbox 772 4562 875 4617; x_wconf 89' lang='lat' dir='ltr'><strong>hoc</strong></span> <span class='ocrx_word' id='word_1_356' title='bbox 920 4559 1195 4622; x_wconf 85' lang='lat' dir='ltr'><strong>interiret,</strong></span> <span class='ocrx_word' id='word_1_357' title='bbox 1240 4569 1337 4625; x_wconf 87' lang='lat' dir='ltr'><strong>per</strong></span> <span class='ocrx_word' id='word_1_358' title='bbox 1379 4549 1521 4623; x_wconf 89' lang='lat' dir='ltr'><strong>quod</strong></span> <span class='ocrx_word' id='word_1_359' title='bbox 1563 4547 1800 4619; x_wconf 90' lang='lat' dir='ltr'><strong>proditur</strong></span> <span class='ocrx_word' id='word_1_360' title='bbox 1854 4545 2126 4609; x_wconf 90' lang='lat' dir='ltr'><strong>instituta,</strong></span> 
     </span>
    </p>
   </div>
   <div class='ocr_carea' id='block_1_47' title="bbox 442 4634 2129 4714">
    <p class='ocr_par' dir='ltr' id='par_1_47' title="bbox 442 4634 2129 4714">
     <span class='ocr_line' id='line_1_47' title="bbox 442 4634 2129 4714; baseline -0.015 2"><span class='ocrx_word' id='word_1_361' title='bbox 442 4663 451 4670; x_wconf 74' lang='grc'><em>’</em></span> <span class='ocrx_word' id='word_1_362' title='bbox 544 4674 667 4714; x_wconf 91' lang='lat' dir='ltr'><strong>cum</strong></span> <span class='ocrx_word' id='word_1_363' title='bbox 724 4656 861 4710; x_wconf 89' lang='lat' dir='ltr'><strong>mala</strong></span> <span class='ocrx_word' id='word_1_364' title='bbox 910 4652 1154 4708; x_wconf 87' lang='lat' dir='ltr'><strong>voluntas</strong></span> <span class='ocrx_word' id='word_1_365' title='bbox 1201 4657 1256 4703; x_wconf 90' lang='lat' dir='ltr'><strong>et</strong></span> <span class='ocrx_word' id='word_1_366' title='bbox 1322 4647 1461 4701; x_wconf 90' lang='lat' dir='ltr'><strong>bona</strong></span> <span class='ocrx_word' id='word_1_367' title='bbox 1517 4634 1760 4696; x_wconf 86' lang='lat' dir='ltr'><strong>voluntas</strong></span> <span class='ocrx_word' id='word_1_368' title='bbox 1815 4655 1918 4694; x_wconf 92' lang='lat' dir='ltr'><strong>non</strong></span> <span class='ocrx_word' id='word_1_369' title='bbox 1970 4637 2129 4692; x_wconf 81' lang='lat' dir='ltr'><strong>exitia</strong></span> 
     </span>
    </p>
   </div>
   <div class='ocr_carea' id='block_1_48' title="bbox 544 4731 2128 4815">
    <p class='ocr_par' dir='ltr' id='par_1_48' title="bbox 544 4731 2128 4815">
     <span class='ocr_line' id='line_1_48' title="bbox 544 4731 2128 4815; baseline -0.016 -10"><span class='ocrx_word' id='word_1_370' title='bbox 544 4750 655 4805; x_wconf 90' lang='lat' dir='ltr'><strong>sint</strong></span> <span class='ocrx_word' id='word_1_371' title='bbox 679 4790 694 4812; x_wconf 88' lang='lat'><strong>,</strong></span> <span class='ocrx_word' id='word_1_372' title='bbox 722 4746 816 4802; x_wconf 81' lang='lat' dir='ltr'><strong>sed</strong></span> <span class='ocrx_word' id='word_1_373' title='bbox 857 4742 1127 4815; x_wconf 85' lang='lat' dir='ltr'><strong>praeconia</strong></span> <span class='ocrx_word' id='word_1_374' title='bbox 1172 4737 1477 4795; x_wconf 70' lang='lat' dir='ltr'><strong>libertatis“!</strong></span> <span class='ocrx_word' id='word_1_375' title='bbox 1503 4735 1582 4790; x_wconf 89' lang='lat' dir='ltr'><strong>Ac</strong></span> <span class='ocrx_word' id='word_1_376' title='bbox 1628 4749 1722 4804; x_wconf 86' lang='lat' dir='ltr'><strong>per</strong></span> <span class='ocrx_word' id='word_1_377' title='bbox 1747 4731 1851 4786; x_wconf 90' lang='lat' dir='ltr'><strong>hoc</strong></span> <span class='ocrx_word' id='word_1_378' title='bbox 1875 4736 2128 4800; x_wconf 90' lang='lat' dir='ltr'><strong>quantum</strong></span> 
     </span>
    </p>
   </div>
   <div class='ocr_carea' id='block_1_49' title="bbox 542 4820 2130 4902">
    <p class='ocr_par' dir='ltr' id='par_1_49' title="bbox 542 4820 2130 4902">
     <span class='ocr_line' id='line_1_49' title="bbox 542 4820 2130 4902; baseline -0.014 -6"><span class='ocrx_word' id='word_1_379' title='bbox 542 4842 706 4896; x_wconf 88' lang='lat' dir='ltr'><strong>distat</strong></span> <span class='ocrx_word' id='word_1_380' title='bbox 731 4840 869 4893; x_wconf 89' lang='lat' dir='ltr'><strong>inter</strong></span> <span class='ocrx_word' id='word_1_381' title='bbox 885 4830 1057 4889; x_wconf 83' lang='lat' dir='ltr'><strong>ofﬁcia</strong></span> <span class='ocrx_word' id='word_1_382' title='bbox 1079 4841 1237 4902; x_wconf 89' lang='lat' dir='ltr'><strong>atque</strong></span> <span class='ocrx_word' id='word_1_383' title='bbox 1256 4827 1585 4893; x_wconf 87' lang='lat' dir='ltr'><strong>discrimina,</strong></span> <span class='ocrx_word' id='word_1_384' title='bbox 1607 4833 1811 4880; x_wconf 90' lang='lat' dir='ltr'><strong>tantum</strong></span> <span class='ocrx_word' id='word_1_385' title='bbox 1852 4822 1992 4877; x_wconf 89' lang='lat' dir='ltr'><strong>inter</strong></span> <span class='ocrx_word' id='word_1_386' title='bbox 2013 4820 2130 4890; x_wconf 81' lang='lat' dir='ltr'><strong>opi-</strong></span> 
     </span>
    </p>
   </div>
   <div class='ocr_carea' id='block_1_50' title="bbox 546 4913 2131 4992">
    <p class='ocr_par' dir='ltr' id='par_1_50' title="bbox 546 4913 2131 4992">
     <span class='ocr_line' id='line_1_50' title="bbox 546 4913 2131 4992; baseline -0.017 0"><span class='ocrx_word' id='word_1_387' title='bbox 546 4938 762 4992; x_wconf 90' lang='lat' dir='ltr'><strong>nionem</strong></span> <span class='ocrx_word' id='word_1_388' title='bbox 784 4939 929 4986; x_wconf 89' lang='lat' dir='ltr'><strong>tuam</strong></span> <span class='ocrx_word' id='word_1_389' title='bbox 955 4936 1010 4984; x_wconf 93' lang='lat' dir='ltr'><strong>et</strong></span> <span class='ocrx_word' id='word_1_390' title='bbox 1032 4925 1293 4982; x_wconf 89' lang='lat' dir='ltr'><strong>rationem</strong></span> <span class='ocrx_word' id='word_1_391' title='bbox 1325 4920 1529 4976; x_wconf 87' lang='lat' dir='ltr'><strong>arbitrii</strong></span> <span class='ocrx_word' id='word_1_392' title='bbox 1556 4918 1731 4985; x_wconf 84' lang='lat' dir='ltr'><strong>liberi,</strong></span> <span class='ocrx_word' id='word_1_393' title='bbox 1755 4916 1838 4971; x_wconf 92' lang='lat' dir='ltr'><strong>cui</strong></span> <span class='ocrx_word' id='word_1_394' title='bbox 1866 4913 2131 4970; x_wconf 81' lang='lat' dir='ltr'><strong>excidium</strong></span> 
     </span>
    </p>
   </div>
   <div class='ocr_carea' id='block_1_51' title="bbox 546 5008 2132 5101">
    <p class='ocr_par' dir='ltr' id='par_1_51' title="bbox 546 5008 2132 5101">
     <span class='ocr_line' id='line_1_51' title="bbox 546 5008 2132 5101; baseline -0.016 -17"><span class='ocrx_word' id='word_1_395' title='bbox 546 5036 703 5101; x_wconf 90' lang='lat' dir='ltr'><strong>putas</strong></span> <span class='ocrx_word' id='word_1_396' title='bbox 729 5024 797 5080; x_wconf 88' lang='lat' dir='ltr'><strong>de</strong></span> <span class='ocrx_word' id='word_1_397' title='bbox 835 5021 947 5078; x_wconf 88' lang='lat' dir='ltr'><strong>suis</strong></span> <span class='ocrx_word' id='word_1_398' title='bbox 983 5018 1229 5075; x_wconf 88' lang='lat' dir='ltr'><strong>laudibus</strong></span> <span class='ocrx_word' id='word_1_399' title='bbox 1269 5021 1655 5084; x_wconf 88' lang='lat' dir='ltr'><strong>comparatum.</strong></span> <span class='ocrx_word' id='word_1_400' title='bbox 1703 5008 1840 5077; x_wconf 88' lang='lat' dir='ltr'><strong>Quid</strong></span> <span class='ocrx_word' id='word_1_401' title='bbox 1879 5022 2005 5078; x_wconf 80' lang='lat' dir='ltr'><strong>ergo</strong></span> <span class='ocrx_word' id='word_1_402' title='bbox 2031 5020 2132 5059; x_wconf 89' lang='lat' dir='ltr'><strong>no-</strong></span> 
     </span>
    </p>
   </div>
   <div class='ocr_carea' id='block_1_52' title="bbox 548 5096 2132 5187">
    <p class='ocr_par' dir='ltr' id='par_1_52' title="bbox 548 5096 2132 5187">
     <span class='ocr_line' id='line_1_52' title="bbox 548 5096 2132 5187; baseline -0.016 -13"><span class='ocrx_word' id='word_1_403' title='bbox 548 5096 673 5174; x_wconf 74' lang='lat' dir='ltr'><strong>vum</strong></span> <span class='ocrx_word' id='word_1_404' title='bbox 695 5158 710 5183; x_wconf 93' lang='lat'><strong>,</strong></span> <span class='ocrx_word' id='word_1_405' title='bbox 738 5113 862 5187; x_wconf 88' lang='lat' dir='ltr'><strong>quid</strong></span> <span class='ocrx_word' id='word_1_406' title='bbox 895 5114 1223 5182; x_wconf 89' lang='lat' dir='ltr'><strong>insperatum</strong></span> <span class='ocrx_word' id='word_1_407' title='bbox 1252 5106 1595 5174; x_wconf 88' lang='lat' dir='ltr'><strong>delinquenle</strong></span> <span class='ocrx_word' id='word_1_408' title='bbox 1623 5100 1645 5133; x_wconf 69' lang='lat'><strong>&#39;*</strong></span> <span class='ocrx_word' id='word_1_409' title='bbox 1678 5098 1892 5155; x_wconf 91' lang='lat' dir='ltr'><strong>homine</strong></span> <span class='ocrx_word' id='word_1_410' title='bbox 1919 5096 2132 5162; x_wconf 88' lang='lat' dir='ltr'><strong>accidit,</strong></span> 
     </span>
    </p>
   </div>
   <div class='ocr_carea' id='block_1_53' title="bbox 544 5189 2135 5286">
    <p class='ocr_par' dir='ltr' id='par_1_53' title="bbox 544 5189 2135 5286">
     <span class='ocr_line' id='line_1_53' title="bbox 544 5189 2135 5286; baseline -0.017 -16"><span class='ocrx_word' id='word_1_411' title='bbox 544 5228 643 5286; x_wconf 90' lang='lat' dir='ltr'><strong>per</strong></span> <span class='ocrx_word' id='word_1_412' title='bbox 667 5207 809 5283; x_wconf 93' lang='lat' dir='ltr'><strong>quod</strong></span> <span class='ocrx_word' id='word_1_413' title='bbox 856 5205 952 5263; x_wconf 89' lang='lat' dir='ltr'><strong>Dei</strong></span> <span class='ocrx_word' id='word_1_414' title='bbox 997 5205 1236 5260; x_wconf 90' lang='lat' dir='ltr'><strong>instituta</strong></span> <span class='ocrx_word' id='word_1_415' title='bbox 1283 5194 1639 5255; x_wconf 88' lang='lat' dir='ltr'><strong>corruerent?</strong></span> <span class='ocrx_word' id='word_1_416' title='bbox 1680 5193 1878 5249; x_wconf 87' lang='lat' dir='ltr'><strong>Factus</strong></span> <span class='ocrx_word' id='word_1_417' title='bbox 1919 5198 2002 5246; x_wconf 92' lang='lat' dir='ltr'><strong>est</strong></span> <span class='ocrx_word' id='word_1_418' title='bbox 2043 5189 2135 5261; x_wconf 92' lang='lat' dir='ltr'><strong>qui</strong></span> 
     </span>
    </p>
   </div>
   <div class='ocr_carea' id='block_1_54' title="bbox 610 5436 1454 5505">
    <p class='ocr_par' dir='ltr' id='par_1_54' title="bbox 610 5436 1454 5505">
     <span class='ocr_line' id='line_1_54' title="bbox 610 5436 1454 5505; baseline -0.021 -4"><span class='ocrx_word' id='word_1_419' title='bbox 610 5452 629 5485; x_wconf 78' lang='grc' dir='ltr'>ι</span> <span class='ocrx_word' id='word_1_420' title='bbox 662 5450 737 5500; x_wconf 88' lang='lat' dir='ltr'><strong>sic</strong></span> <span class='ocrx_word' id='word_1_421' title='bbox 754 5454 860 5497; x_wconf 74' lang='lat' dir='ltr'><strong>Mss.</strong></span> <span class='ocrx_word' id='word_1_422' title='bbox 886 5451 937 5493; x_wconf 87' lang='lat' dir='ltr'><strong>tn</strong></span> <span class='ocrx_word' id='word_1_423' title='bbox 958 5443 1119 5505; x_wconf 79' lang='lat' dir='ltr'><strong>vign.,</strong></span> <span class='ocrx_word' id='word_1_424' title='bbox 1141 5436 1454 5505; x_wconf 63' lang='lat' dir='ltr'><strong>accipiamus.</strong></span> 
     </span>
    </p>
   </div>
   <div class='ocr_carea' id='block_1_55' title="bbox 605 5494 2139 5577">
    <p class='ocr_par' dir='ltr' id='par_1_55' title="bbox 605 5494 2139 5577">
     <span class='ocr_line' id='line_1_55' title="bbox 605 5494 2139 5577; baseline -0.015 -15"><span class='ocrx_word' id='word_1_425' title='bbox 605 5516 628 5544; x_wconf 72' lang='lat'><strong><em>‘</em></strong></span> <span class='ocrx_word' id='word_1_426' title='bbox 660 5494 839 5568; x_wconf 48' lang='lat' dir='ltr'><strong>Iit-ore],</strong></span> <span class='ocrx_word' id='word_1_427' title='bbox 857 5494 1181 5577; x_wconf 39' lang='grc' dir='ltr'><strong>ξῑιθωῖονὶίςετ</strong></span> <span class='ocrx_word' id='word_1_428' title='bbox 1198 5494 1282 5577; x_wconf 13' lang='lat' dir='ltr'><strong>ip&#39;.’</strong></span> <span class='ocrx_word' id='word_1_429' title='bbox 1297 5500 1382 5577; x_wconf 44' lang='grc' dir='ltr'><strong>μ,</strong></span> <span class='ocrx_word' id='word_1_430' title='bbox 1410 5500 1493 5577; x_wconf 57' lang='lat' dir='ltr'><strong>sic</strong></span> <span class='ocrx_word' id='word_1_431' title='bbox 1511 5496 1636 5560; x_wconf 85' lang='lat' dir='ltr'><strong>legit</strong></span> <span class='ocrx_word' id='word_1_432' title='bbox 1654 5495 1784 5577; x_wconf 75' lang='lat' dir='ltr'><strong>hunc</strong></span> <span class='ocrx_word' id='word_1_433' title='bbox 1806 5494 1963 5577; x_wconf 71' lang='lat' dir='ltr'><strong>locum</strong></span> <span class='ocrx_word' id='word_1_434' title='bbox 1994 5504 2006 5541; x_wconf 91' lang='lat'>:</span> <span class='ocrx_word' id='word_1_435' title='bbox 2041 5499 2139 5577; x_wconf 76' lang='grc' dir='ltr'>11οὲ</span> 
     </span>
    </p>
   </div>
   <div class='ocr_carea' id='block_1_56' title="bbox 547 5551 2139 5673">
    <p class='ocr_par' dir='ltr' id='par_1_56' title="bbox 547 5551 2139 5673">
     <span class='ocr_line' id='line_1_56' title="bbox 547 5551 2139 5673; baseline -0.008 0"><span class='ocrx_word' id='word_1_436' title='bbox 547 5551 1520 5673; x_wconf 46' lang='lat' dir='ltr'><strong>meammeam“</strong></span> <span class='ocrx_word' id='word_1_437' title='bbox 1550 5551 1735 5629; x_wconf 41' lang='lat' dir='ltr'><strong>sit“),</strong></span> <span class='ocrx_word' id='word_1_438' title='bbox 1756 5560 2032 5629; x_wconf 65' lang='grc' dir='ltr'><strong>-νοδιηυαητ</strong></span> <span class='ocrx_word' id='word_1_439' title='bbox 2066 5551 2139 5604; x_wconf 67' lang='grc' dir='ltr'><strong>αιί</strong></span> 
     </span>
     <span class='ocr_line' id='line_1_57' title="bbox 1271 5613 2137 5673; baseline -0.009 0"><span class='ocrx_word' id='word_1_440' title='bbox 1271 5658 1287 5673; x_wconf 88' lang='grc'><strong>.</strong></span> <span class='ocrx_word' id='word_1_441' title='bbox 1381 5628 1453 5673; x_wconf 83' lang='lat' dir='ltr'><strong>est</strong></span> <span class='ocrx_word' id='word_1_442' title='bbox 1467 5627 1597 5671; x_wconf 84' lang='lat' dir='ltr'><strong>motu</strong></span> <span class='ocrx_word' id='word_1_443' title='bbox 1618 5632 1767 5670; x_wconf 79' lang='lat' dir='ltr'><strong>anum</strong></span> <span class='ocrx_word' id='word_1_444' title='bbox 1781 5622 1972 5673; x_wconf 68' lang='lat' dir='ltr'><strong>coactae</strong></span> <span class='ocrx_word' id='word_1_445' title='bbox 1987 5613 2137 5673; x_wconf 76' lang='lat' dir='ltr'><strong>nullo,</strong></span> 
     </span>
    </p>
   </div>
   <div class='ocr_carea' id='block_1_57' title="bbox 546 5613 2137 5751">
    <p class='ocr_par' dir='ltr' id='par_1_57' title="bbox 546 5613 2137 5751">
     <span class='ocr_line' id='line_1_58' title="bbox 546 5613 2137 5751; baseline -0.018 0"><span class='ocrx_word' id='word_1_446' title='bbox 1781 5613 1972 5684; x_wconf 61' lang='grc' dir='ltr'><strong>δοαεθιεε</strong></span> <span class='ocrx_word' id='word_1_447' title='bbox 1987 5613 2137 5676; x_wconf 54' lang='grc' dir='ltr'><strong>’καθ’</strong></span> 
     </span>
    </p>
   </div>
   <div class='ocr_carea' id='block_1_58' title="bbox 611 5740 2140 5809">
    <p class='ocr_par' dir='ltr' id='par_1_58' title="bbox 611 5740 2140 5809">
     <span class='ocr_line' id='line_1_59' title="bbox 611 5740 2140 5809; baseline -0.011 -2"><span class='ocrx_word' id='word_1_448' title='bbox 611 5740 905 5808; x_wconf 46' lang='lat' dir='ltr'><strong>{Recedet</strong></span> <span class='ocrx_word' id='word_1_449' title='bbox 928 5740 1053 5801; x_wconf 65' lang='lat' dir='ltr'><strong>Port.</strong></span> <span class='ocrx_word' id='word_1_450' title='bbox 1091 5748 1179 5799; x_wconf 80' lang='lat' dir='ltr'><strong>Alii</strong></span> <span class='ocrx_word' id='word_1_451' title='bbox 1199 5740 1511 5809; x_wconf 75' lang='lat' dir='ltr'><strong>ma&#39;nuscripti</strong></span> <span class='ocrx_word' id='word_1_452' title='bbox 1546 5757 1656 5794; x_wconf 92' lang='lat' dir='ltr'><strong>cum</strong></span> <span class='ocrx_word' id='word_1_453' title='bbox 1676 5742 1836 5803; x_wconf 85' lang='lat' dir='ltr'><strong>editis,</strong></span> <span class='ocrx_word' id='word_1_454' title='bbox 1860 5740 1984 5791; x_wconf 81' lang='lat' dir='ltr'><strong>hanc</strong></span> <span class='ocrx_word' id='word_1_455' title='bbox 2008 5744 2140 5791; x_wconf 77' lang='lat' dir='ltr'><strong>tuam</strong></span> 
     </span>
    </p>
   </div>
   <div class='ocr_carea' id='block_1_59' title="bbox 549 5817 1009 5874">
    <p class='ocr_par' dir='ltr' id='par_1_59' title="bbox 549 5817 1009 5874">
     <span class='ocr_line' id='line_1_60' title="bbox 549 5817 1009 5874; baseline -0.03 2"><span class='ocrx_word' id='word_1_456' title='bbox 549 5826 710 5874; x_wconf 66' lang='lat' dir='ltr'><strong>autem</strong></span> <span class='ocrx_word' id='word_1_457' title='bbox 731 5817 1009 5869; x_wconf 78' lang='lat' dir='ltr'><strong>libertatem.</strong></span> 
     </span>
    </p>
   </div>
   <div class='ocr_carea' id='block_1_60' title="bbox 611 5867 1706 5944">
    <p class='ocr_par' dir='ltr' id='par_1_60' title="bbox 611 5867 1706 5944">
     <span class='ocr_line' id='line_1_61' title="bbox 611 5867 1706 5944; baseline -0.013 -9"><span class='ocrx_word' id='word_1_458' title='bbox 611 5867 795 5943; x_wconf 60' lang='grc' dir='ltr'><strong><em>ἶ</em></strong></span> <span class='ocrx_word' id='word_1_459' title='bbox 833 5875 951 5944; x_wconf 80' lang='lat' dir='ltr'><strong>quid</strong></span> <span class='ocrx_word' id='word_1_460' title='bbox 986 5874 1283 5940; x_wconf 64' lang='lat' dir='ltr'><strong>insperatum:</strong></span> <span class='ocrx_word' id='word_1_461' title='bbox 1304 5871 1366 5923; x_wconf 81' lang='lat' dir='ltr'><strong>de</strong></span> <span class='ocrx_word' id='word_1_462' title='bbox 1390 5867 1706 5935; x_wconf 79' lang='lat' dir='ltr'><strong>delinquente.</strong></span> 
     </span>
    </p>
   </div>
   <div class='ocr_carea' id='block_1_61' title="bbox 1215 382 3129 481">
    <p class='ocr_par' dir='ltr' id='par_1_61' title="bbox 1215 382 3129 481">
     <span class='ocr_line' id='line_1_62' title="bbox 1215 382 3129 481; baseline -0.009 -23"><span class='ocrx_word' id='word_1_463' title='bbox 1215 397 1456 458; x_wconf 78' lang='lat' dir='ltr'><strong>OPERIS</strong></span> <span class='ocrx_word' id='word_1_464' title='bbox 1494 390 1909 455; x_wconf 72' lang='lat' dir='ltr'><strong>IMPERFECTI</strong></span> <span class='ocrx_word' id='word_1_465' title='bbox 1945 384 2220 447; x_wconf 76' lang='lat' dir='ltr'><strong>CONTRA</strong></span> <span class='ocrx_word' id='word_1_466' title='bbox 2257 382 2621 481; x_wconf 69' lang='lat' dir='ltr'><strong>JULIANUM,</strong></span> <span class='ocrx_word' id='word_1_467' title='bbox 2661 384 2725 443; x_wconf 89' lang='lat' dir='ltr'><strong>S.</strong></span> <span class='ocrx_word' id='word_1_468' title='bbox 2763 382 3129 442; x_wconf 77' lang='lat' dir='ltr'><strong>AUGUSTINI</strong></span> 
     </span>
    </p>
   </div>
   <div class='ocr_carea' id='block_1_62' title="bbox 3633 392 3727 453">
    <p class='ocr_par' dir='ltr' id='par_1_62' title="bbox 3633 392 3727 453">
     <span class='ocr_line' id='line_1_63' title="bbox 3633 392 3727 453; baseline 0.043 -4"><span class='ocrx_word' id='word_1_469' title='bbox 3633 392 3727 453; x_wconf 60' lang='lat' dir='ltr'><strong>im</strong></span> 
     </span>
    </p>
   </div>
   <div class='ocr_carea' id='block_1_63' title="bbox 2226 501 3731 574">
    <p class='ocr_par' dir='ltr' id='par_1_63' title="bbox 2226 501 3731 574">
     <span class='ocr_line' id='line_1_64' title="bbox 2226 501 3731 574; baseline 0.003 -17"><span class='ocrx_word' id='word_1_470' title='bbox 2226 516 2451 574; x_wconf 88' lang='lat' dir='ltr'><strong>peccare</strong></span> <span class='ocrx_word' id='word_1_471' title='bbox 2479 510 2532 556; x_wconf 87' lang='lat' dir='ltr'><strong>et</strong></span> <span class='ocrx_word' id='word_1_472' title='bbox 2568 517 2673 557; x_wconf 88' lang='lat' dir='ltr'><strong>non</strong></span> <span class='ocrx_word' id='word_1_473' title='bbox 2705 514 2927 571; x_wconf 88' lang='lat' dir='ltr'><strong>peccare</strong></span> <span class='ocrx_word' id='word_1_474' title='bbox 2972 506 3151 570; x_wconf 83' lang='lat' dir='ltr'><strong>posset</strong></span> <span class='ocrx_word' id='word_1_475' title='bbox 3180 516 3196 555; x_wconf 89' lang='lat'><strong>:</strong></span> <span class='ocrx_word' id='word_1_476' title='bbox 3226 512 3350 556; x_wconf 91' lang='lat' dir='ltr'><strong>cum</strong></span> <span class='ocrx_word' id='word_1_477' title='bbox 3391 501 3731 571; x_wconf 75' lang='lat' dir='ltr'><strong>peccavit,lecii</strong></span> 
     </span>
    </p>
   </div>
   <div class='ocr_carea' id='block_1_64' title="bbox 2225 593 3734 672">
    <p class='ocr_par' dir='ltr' id='par_1_64' title="bbox 2225 593 3734 672">
     <span class='ocr_line' id='line_1_65' title="bbox 2225 593 3734 672; baseline 0.007 -26"><span class='ocrx_word' id='word_1_478' title='bbox 2225 594 2365 665; x_wconf 89' lang='lat' dir='ltr'><strong>quod</strong></span> <span class='ocrx_word' id='word_1_479' title='bbox 2393 609 2499 650; x_wconf 92' lang='lat' dir='ltr'><strong>non</strong></span> <span class='ocrx_word' id='word_1_480' title='bbox 2528 594 2709 651; x_wconf 86' lang='lat' dir='ltr'><strong>debuit</strong></span> <span class='ocrx_word' id='word_1_481' title='bbox 2733 594 2967 666; x_wconf 89' lang='lat' dir='ltr'><strong>quidem,</strong></span> <span class='ocrx_word' id='word_1_482' title='bbox 2996 593 3089 649; x_wconf 90' lang='lat' dir='ltr'><strong>sed</strong></span> <span class='ocrx_word' id='word_1_483' title='bbox 3118 593 3294 663; x_wconf 92' lang='lat' dir='ltr'><strong>potuit</strong></span> <span class='ocrx_word' id='word_1_484' title='bbox 3319 603 3486 651; x_wconf 86' lang='lat' dir='ltr'><strong>tamen</strong></span> <span class='ocrx_word' id='word_1_485' title='bbox 3514 613 3627 668; x_wconf 84' lang='lat' dir='ltr'><strong>:per</strong></span> <span class='ocrx_word' id='word_1_486' title='bbox 3645 606 3734 672; x_wconf 87' lang='lat' dir='ltr'><strong>quid</strong></span> 
     </span>
    </p>
   </div>
   <div class='ocr_carea' id='block_1_65' title="bbox 2227 686 3738 759">
    <p class='ocr_par' dir='ltr' id='par_1_65' title="bbox 2227 686 3738 759">
     <span class='ocr_line' id='line_1_66' title="bbox 2227 686 3738 759; baseline 0.006 -19"><span class='ocrx_word' id='word_1_487' title='bbox 2227 686 2386 757; x_wconf 87' lang='lat' dir='ltr'><strong>igitur</strong></span> <span class='ocrx_word' id='word_1_488' title='bbox 2414 686 2716 744; x_wconf 89' lang='lat' dir='ltr'><strong>facultatem</strong></span> <span class='ocrx_word' id='word_1_489' title='bbox 2759 687 2904 743; x_wconf 89' lang='lat' dir='ltr'><strong>illam</strong></span> <span class='ocrx_word' id='word_1_490' title='bbox 2949 686 3233 757; x_wconf 88' lang='lat' dir='ltr'><strong>perderet,</strong></span> <span class='ocrx_word' id='word_1_491' title='bbox 3263 704 3383 759; x_wconf 72' lang='lat' dir='ltr'><strong>qua:</strong></span> <span class='ocrx_word' id='word_1_492' title='bbox 3418 689 3480 744; x_wconf 86' lang='lat' dir='ltr'><strong>ad</strong></span> <span class='ocrx_word' id='word_1_493' title='bbox 3505 688 3593 748; x_wconf 88' lang='lat' dir='ltr'><strong>hoc</strong></span> <span class='ocrx_word' id='word_1_494' title='bbox 3614 693 3738 756; x_wconf 74' lang='lat' dir='ltr'><strong>fuerat</strong></span> 
     </span>
    </p>
   </div>
   <div class='ocr_carea' id='block_1_66' title="bbox 2226 778 3738 850">
    <p class='ocr_par' dir='ltr' id='par_1_66' title="bbox 2226 778 3738 850">
     <span class='ocr_line' id='line_1_67' title="bbox 2226 778 3738 850; baseline 0.007 -17"><span class='ocrx_word' id='word_1_495' title='bbox 2226 778 2464 835; x_wconf 89' lang='lat' dir='ltr'><strong>instituta</strong></span> <span class='ocrx_word' id='word_1_496' title='bbox 2486 820 2501 845; x_wconf 94' lang='lat'><strong>,</strong></span> <span class='ocrx_word' id='word_1_497' title='bbox 2529 789 2588 835; x_wconf 93' lang='lat' dir='ltr'><strong>ut</strong></span> <span class='ocrx_word' id='word_1_498' title='bbox 2613 787 2793 850; x_wconf 90' lang='lat' dir='ltr'><strong>posset</strong></span> <span class='ocrx_word' id='word_1_499' title='bbox 2819 779 2957 835; x_wconf 88' lang='lat' dir='ltr'><strong>velle</strong></span> <span class='ocrx_word' id='word_1_500' title='bbox 2981 821 2996 845; x_wconf 93' lang='lat'><strong>,</strong></span> <span class='ocrx_word' id='word_1_501' title='bbox 3024 790 3205 850; x_wconf 89' lang='lat' dir='ltr'><strong>posset</strong></span> <span class='ocrx_word' id='word_1_502' title='bbox 3235 780 3382 835; x_wconf 90' lang='lat' dir='ltr'><strong>nolle</strong></span> <span class='ocrx_word' id='word_1_503' title='bbox 3411 782 3541 850; x_wconf 91' lang='lat' dir='ltr'><strong>quod</strong></span> <span class='ocrx_word' id='word_1_504' title='bbox 3565 785 3694 841; x_wconf 86' lang='lat' dir='ltr'><strong>voluit</strong></span> <span class='ocrx_word' id='word_1_505' title='bbox 3709 790 3738 843; x_wconf 84' lang='lat'><strong>&#39;.</strong></span> 
     </span>
    </p>
   </div>
   <div class='ocr_carea' id='block_1_67' title="bbox 2297 872 3741 945">
    <p class='ocr_par' dir='ltr' id='par_1_67' title="bbox 2297 872 3741 945">
     <span class='ocr_line' id='line_1_68' title="bbox 2297 872 3741 945; baseline 0.006 -18"><span class='ocrx_word' id='word_1_506' title='bbox 2297 872 2432 930; x_wconf 82' lang='lat' dir='ltr'><strong>Anc.</strong></span> <span class='ocrx_word' id='word_1_507' title='bbox 2474 873 2673 929; x_wconf 89' lang='lat' dir='ltr'><strong>Eadem</strong></span> <span class='ocrx_word' id='word_1_508' title='bbox 2717 874 2910 928; x_wconf 85' lang='lat' dir='ltr'><strong>iterum</strong></span> <span class='ocrx_word' id='word_1_509' title='bbox 2951 880 3005 928; x_wconf 93' lang='lat' dir='ltr'><strong>et</strong></span> <span class='ocrx_word' id='word_1_510' title='bbox 3048 873 3242 927; x_wconf 89' lang='lat' dir='ltr'><strong>iterum</strong></span> <span class='ocrx_word' id='word_1_511' title='bbox 3288 872 3460 942; x_wconf 78' lang='lat' dir='ltr'><strong>dicis,</strong></span> <span class='ocrx_word' id='word_1_512' title='bbox 3487 876 3649 945; x_wconf 87' lang='lat' dir='ltr'><strong>quibus</strong></span> <span class='ocrx_word' id='word_1_513' title='bbox 3683 895 3741 937; x_wconf 88' lang='lat' dir='ltr'><strong>me</strong></span> 
     </span>
    </p>
   </div>
   <div class='ocr_carea' id='block_1_68' title="bbox 2223 963 3742 1035">
    <p class='ocr_par' dir='ltr' id='par_1_68' title="bbox 2223 963 3742 1035">
     <span class='ocr_line' id='line_1_69' title="bbox 2223 963 3742 1035; baseline 0.005 -18"><span class='ocrx_word' id='word_1_514' title='bbox 2223 963 2333 1034; x_wconf 91' lang='lat' dir='ltr'><strong>jam</strong></span> <span class='ocrx_word' id='word_1_515' title='bbox 2362 965 2605 1034; x_wconf 87' lang='lat' dir='ltr'><strong>superius</strong></span> <span class='ocrx_word' id='word_1_516' title='bbox 2643 963 2983 1035; x_wconf 87' lang='lat' dir='ltr'><strong>respondisse</strong></span> <span class='ocrx_word' id='word_1_517' title='bbox 3008 963 3097 1035; x_wconf 90' lang='lat' dir='ltr'><strong>qui</strong></span> <span class='ocrx_word' id='word_1_518' title='bbox 3128 963 3324 1034; x_wconf 81' lang='lat' dir='ltr'><strong>legerit</strong></span> <span class='ocrx_word' id='word_1_519' title='bbox 3360 966 3645 1033; x_wconf 86' lang='lat' dir='ltr'><strong>porvidebit.</strong></span> <span class='ocrx_word' id='word_1_520' title='bbox 3668 968 3742 1025; x_wconf 81' lang='lat' dir='ltr'><strong>Sed</strong></span> 
     </span>
    </p>
   </div>
   <div class='ocr_carea' id='block_1_69' title="bbox 2229 1055 3744 1127">
    <p class='ocr_par' dir='ltr' id='par_1_69' title="bbox 2229 1055 3744 1127">
     <span class='ocr_line' id='line_1_70' title="bbox 2229 1055 3744 1127; baseline 0.004 -16"><span class='ocrx_word' id='word_1_521' title='bbox 2229 1056 2319 1111; x_wconf 93' lang='lat' dir='ltr'><strong>hic</strong></span> <span class='ocrx_word' id='word_1_522' title='bbox 2338 1055 2497 1111; x_wconf 87' lang='lat' dir='ltr'><strong>etiam</strong></span> <span class='ocrx_word' id='word_1_523' title='bbox 2528 1056 2830 1127; x_wconf 87' lang='lat' dir='ltr'><strong>persistenti</strong></span> <span class='ocrx_word' id='word_1_524' title='bbox 2857 1055 2952 1111; x_wconf 90' lang='lat' dir='ltr'><strong>tibi</strong></span> <span class='ocrx_word' id='word_1_525' title='bbox 2978 1064 3136 1126; x_wconf 91' lang='lat' dir='ltr'><strong>atque</strong></span> <span class='ocrx_word' id='word_1_526' title='bbox 3161 1055 3490 1110; x_wconf 84' lang='lat' dir='ltr'><strong>asseveranti</strong></span> <span class='ocrx_word' id='word_1_527' title='bbox 3513 1056 3744 1117; x_wconf 79' lang='lat' dir='ltr'><strong>libertatem</strong></span> 
     </span>
    </p>
   </div>
   <div class='ocr_carea' id='block_1_70' title="bbox 2229 1145 3744 1221">
    <p class='ocr_par' dir='ltr' id='par_1_70' title="bbox 2229 1145 3744 1221">
     <span class='ocr_line' id='line_1_71' title="bbox 2229 1145 3744 1221; baseline 0.001 -20"><span class='ocrx_word' id='word_1_528' title='bbox 2229 1145 2367 1203; x_wconf 89' lang='lat' dir='ltr'><strong>bene</strong></span> <span class='ocrx_word' id='word_1_529' title='bbox 2387 1147 2577 1218; x_wconf 81' lang='lat' dir='ltr'><strong>agendi</strong></span> <span class='ocrx_word' id='word_1_530' title='bbox 2598 1163 2691 1203; x_wconf 90' lang='lat' dir='ltr'><strong>seu</strong></span> <span class='ocrx_word' id='word_1_531' title='bbox 2713 1148 2872 1215; x_wconf 89' lang='lat' dir='ltr'><strong>male,</strong></span> <span class='ocrx_word' id='word_1_532' title='bbox 2895 1162 2995 1203; x_wconf 90' lang='lat' dir='ltr'><strong>suo</strong></span> <span class='ocrx_word' id='word_1_533' title='bbox 3017 1147 3160 1202; x_wconf 87' lang='lat' dir='ltr'><strong>man</strong></span> <span class='ocrx_word' id='word_1_534' title='bbox 3183 1163 3289 1203; x_wconf 92' lang='lat' dir='ltr'><strong>usu</strong></span> <span class='ocrx_word' id='word_1_535' title='bbox 3316 1147 3487 1218; x_wconf 90' lang='lat' dir='ltr'><strong>perire</strong></span> <span class='ocrx_word' id='word_1_536' title='bbox 3506 1164 3597 1203; x_wconf 91' lang='lat' dir='ltr'><strong>non</strong></span> <span class='ocrx_word' id='word_1_537' title='bbox 3615 1165 3744 1221; x_wconf 71' lang='lat' dir='ltr'><strong>posse,</strong></span> 
     </span>
    </p>
   </div>
   <div class='ocr_carea' id='block_1_71' title="bbox 2229 1239 3745 1312">
    <p class='ocr_par' dir='ltr' id='par_1_71' title="bbox 2229 1239 3745 1312">
     <span class='ocr_line' id='line_1_72' title="bbox 2229 1239 3745 1312; baseline 0.003 -18"><span class='ocrx_word' id='word_1_538' title='bbox 2229 1241 2550 1311; x_wconf 86' lang='lat' dir='ltr'><strong>respondeat</strong></span> <span class='ocrx_word' id='word_1_539' title='bbox 2573 1249 2627 1295; x_wconf 87' lang='lat' dir='ltr'><strong>et</strong></span> <span class='ocrx_word' id='word_1_540' title='bbox 2648 1240 2835 1296; x_wconf 88' lang='lat' dir='ltr'><strong>beatus</strong></span> <span class='ocrx_word' id='word_1_541' title='bbox 2855 1255 2989 1312; x_wconf 89' lang='lat' dir='ltr'><strong>papa</strong></span> <span class='ocrx_word' id='word_1_542' title='bbox 3012 1239 3378 1306; x_wconf 85' lang='lat' dir='ltr'><strong>Innocentius,</strong></span> <span class='ocrx_word' id='word_1_543' title='bbox 3406 1240 3634 1297; x_wconf 71' lang='lat' dir='ltr'><strong>Romanae</strong></span> <span class='ocrx_word' id='word_1_544' title='bbox 3649 1247 3745 1299; x_wconf 86' lang='lat' dir='ltr'><strong>anti-</strong></span> 
     </span>
    </p>
   </div>
   <div class='ocr_carea' id='block_1_72' title="bbox 2228 1330 3749 1403">
    <p class='ocr_par' dir='ltr' id='par_1_72' title="bbox 2228 1330 3749 1403">
     <span class='ocr_line' id='line_1_73' title="bbox 2228 1330 3749 1403; baseline 0.003 -17"><span class='ocrx_word' id='word_1_545' title='bbox 2228 1340 2341 1386; x_wconf 90' lang='lat' dir='ltr'><strong>stes</strong></span> <span class='ocrx_word' id='word_1_546' title='bbox 2360 1330 2649 1397; x_wconf 87' lang='lat' dir='ltr'><strong>Ecclesiae;</strong></span> <span class='ocrx_word' id='word_1_547' title='bbox 2681 1330 2770 1402; x_wconf 93' lang='lat' dir='ltr'><strong>qui</strong></span> <span class='ocrx_word' id='word_1_548' title='bbox 2789 1331 3090 1388; x_wconf 90' lang='lat' dir='ltr'><strong>rescrihens</strong></span> <span class='ocrx_word' id='word_1_549' title='bbox 3120 1331 3171 1386; x_wconf 93' lang='lat' dir='ltr'><strong>in</strong></span> <span class='ocrx_word' id='word_1_550' title='bbox 3199 1346 3366 1387; x_wconf 89' lang='lat' dir='ltr'><strong>causa</strong></span> <span class='ocrx_word' id='word_1_551' title='bbox 3388 1334 3585 1386; x_wconf 77' lang='lat' dir='ltr'><strong>vestra’</strong></span> <span class='ocrx_word' id='word_1_552' title='bbox 3604 1335 3749 1403; x_wconf 84' lang='lat' dir='ltr'><strong>episco-</strong></span> 
     </span>
    </p>
   </div>
   <div class='ocr_carea' id='block_1_73' title="bbox 2229 1422 3746 1496">
    <p class='ocr_par' dir='ltr' id='par_1_73' title="bbox 2229 1422 3746 1496">
     <span class='ocr_line' id='line_1_74' title="bbox 2229 1422 3746 1496; baseline 0.003 -19"><span class='ocrx_word' id='word_1_553' title='bbox 2229 1423 2440 1493; x_wconf 91' lang='lat' dir='ltr'><strong>palibus</strong></span> <span class='ocrx_word' id='word_1_554' title='bbox 2481 1423 2722 1479; x_wconf 85' lang='lat' dir='ltr'><strong>conciliis</strong></span> <span class='ocrx_word' id='word_1_555' title='bbox 2766 1422 3034 1479; x_wconf 84' lang='lat' dir='ltr'><strong>Africanis</strong></span> <span class='ocrx_word' id='word_1_556' title='bbox 3079 1442 3092 1478; x_wconf 92' lang='lat'>:</span> <span class='ocrx_word' id='word_1_557' title='bbox 3146 1442 3167 1477; x_wconf 73' lang='grc' dir='ltr'>ι</span> <span class='ocrx_word' id='word_1_558' title='bbox 3222 1423 3513 1492; x_wconf 89' lang='lat' dir='ltr'><strong>Liberum,</strong></span> <span class='ocrx_word' id='word_1_559' title='bbox 3548 1443 3566 1477; x_wconf 74' lang='grc' dir='ltr'><strong><em>ι</em></strong></span> <span class='ocrx_word' id='word_1_560' title='bbox 3596 1426 3746 1496; x_wconf 84' lang='lat' dir='ltr'><strong>inquit,</strong></span> 
     </span>
    </p>
   </div>
   <div class='ocr_carea' id='block_1_74' title="bbox 2236 1515 3749 1589">
    <p class='ocr_par' dir='ltr' id='par_1_74' title="bbox 2236 1515 3749 1589">
     <span class='ocr_line' id='line_1_75' title="bbox 2236 1515 3749 1589; baseline 0.004 -20"><span class='ocrx_word' id='word_1_561' title='bbox 2236 1533 2256 1567; x_wconf 72' lang='grc' dir='ltr'><strong><em>ι</em></strong></span> <span class='ocrx_word' id='word_1_562' title='bbox 2290 1516 2570 1571; x_wconf 90' lang='lat' dir='ltr'><strong>arbitrium</strong></span> <span class='ocrx_word' id='word_1_563' title='bbox 2592 1515 2721 1570; x_wconf 87' lang='lat' dir='ltr'><strong>olim</strong></span> <span class='ocrx_word' id='word_1_564' title='bbox 2747 1516 2836 1572; x_wconf 91' lang='lat' dir='ltr'><strong>ille</strong></span> <span class='ocrx_word' id='word_1_565' title='bbox 2860 1531 3164 1589; x_wconf 88' lang='lat' dir='ltr'><strong>perpessus,</strong></span> <span class='ocrx_word' id='word_1_566' title='bbox 3189 1516 3320 1571; x_wconf 92' lang='lat' dir='ltr'><strong>dum</strong></span> <span class='ocrx_word' id='word_1_567' title='bbox 3342 1517 3452 1571; x_wconf 88' lang='lat' dir='ltr'><strong>suis</strong></span> <span class='ocrx_word' id='word_1_568' title='bbox 3472 1518 3749 1576; x_wconf 83' lang='lat' dir='ltr'><strong>inconsultius</strong></span> 
     </span>
    </p>
   </div>
   <div class='ocr_carea' id='block_1_75' title="bbox 2229 1607 3748 1679">
    <p class='ocr_par' dir='ltr' id='par_1_75' title="bbox 2229 1607 3748 1679">
     <span class='ocr_line' id='line_1_76' title="bbox 2229 1607 3748 1679; baseline 0.003 -17"><span class='ocrx_word' id='word_1_569' title='bbox 2229 1608 2394 1663; x_wconf 90' lang='lat' dir='ltr'><strong>utitur</strong></span> <span class='ocrx_word' id='word_1_570' title='bbox 2423 1607 2577 1663; x_wconf 90' lang='lat' dir='ltr'><strong>bonis</strong></span> <span class='ocrx_word' id='word_1_571' title='bbox 2594 1649 2612 1677; x_wconf 93' lang='lat'><strong>,</strong></span> <span class='ocrx_word' id='word_1_572' title='bbox 2643 1607 2838 1664; x_wconf 90' lang='lat' dir='ltr'><strong>cadens</strong></span> <span class='ocrx_word' id='word_1_573' title='bbox 2869 1608 2923 1664; x_wconf 90' lang='lat' dir='ltr'><strong>in</strong></span> <span class='ocrx_word' id='word_1_574' title='bbox 2950 1609 3408 1679; x_wconf 64' lang='lat' dir='ltr'><strong>praevaricationis</strong></span> <span class='ocrx_word' id='word_1_575' title='bbox 3434 1608 3662 1679; x_wconf 85' lang='lat' dir='ltr'><strong>profunda</strong></span> <span class='ocrx_word' id='word_1_576' title='bbox 3683 1610 3748 1667; x_wconf 83' lang='lat' dir='ltr'><strong>de-</strong></span> 
     </span>
    </p>
   </div>
   <div class='ocr_carea' id='block_1_76' title="bbox 2231 1699 3749 1772">
    <p class='ocr_par' dir='ltr' id='par_1_76' title="bbox 2231 1699 3749 1772">
     <span class='ocr_line' id='line_1_77' title="bbox 2231 1699 3749 1772; baseline 0.002 -18"><span class='ocrx_word' id='word_1_577' title='bbox 2231 1715 2443 1755; x_wconf 90' lang='lat' dir='ltr'><strong>mersus</strong></span> <span class='ocrx_word' id='word_1_578' title='bbox 2466 1740 2483 1768; x_wconf 95' lang='lat'><strong>,</strong></span> <span class='ocrx_word' id='word_1_579' title='bbox 2512 1699 2647 1754; x_wconf 86' lang='lat' dir='ltr'><strong>nihil</strong></span> <span class='ocrx_word' id='word_1_580' title='bbox 2683 1699 3129 1771; x_wconf 85' lang='lat' dir='ltr'><strong>quemadmodum</strong></span> <span class='ocrx_word' id='word_1_581' title='bbox 3158 1700 3359 1756; x_wconf 79' lang='lat' dir='ltr'><strong>exinde</strong></span> <span class='ocrx_word' id='word_1_582' title='bbox 3383 1716 3587 1772; x_wconf 81' lang='lat' dir='ltr'><strong>surgere</strong></span> <span class='ocrx_word' id='word_1_583' title='bbox 3620 1714 3749 1771; x_wconf 85' lang='lat' dir='ltr'><strong>posset</strong></span> 
     </span>
    </p>
   </div>
   <div class='ocr_carea' id='block_1_77' title="bbox 2230 1792 3749 1864">
    <p class='ocr_par' dir='ltr' id='par_1_77' title="bbox 2230 1792 3749 1864">
     <span class='ocr_line' id='line_1_78' title="bbox 2230 1792 3749 1864; baseline 0.003 -17"><span class='ocrx_word' id='word_1_584' title='bbox 2230 1792 2464 1860; x_wconf 90' lang='lat' dir='ltr'><strong>invenit;</strong></span> <span class='ocrx_word' id='word_1_585' title='bbox 2492 1808 2693 1864; x_wconf 91' lang='lat' dir='ltr'><strong>suaque</strong></span> <span class='ocrx_word' id='word_1_586' title='bbox 2721 1793 2772 1848; x_wconf 92' lang='lat' dir='ltr'><strong>in</strong></span> <span class='ocrx_word' id='word_1_587' title='bbox 2802 1803 3061 1849; x_wconf 61' lang='lat' dir='ltr'><strong>aeternum</strong></span> <span class='ocrx_word' id='word_1_588' title='bbox 3089 1793 3342 1848; x_wconf 85' lang='lat' dir='ltr'><strong>libertate</strong></span> <span class='ocrx_word' id='word_1_589' title='bbox 3365 1792 3621 1863; x_wconf 87' lang='lat' dir='ltr'><strong>deceptus,</strong></span> <span class='ocrx_word' id='word_1_590' title='bbox 3639 1793 3749 1864; x_wconf 83' lang='lat' dir='ltr'><strong>hujus</strong></span> 
     </span>
    </p>
   </div>
   <div class='ocr_carea' id='block_1_78' title="bbox 2228 1885 3747 1957">
    <p class='ocr_par' dir='ltr' id='par_1_78' title="bbox 2228 1885 3747 1957">
     <span class='ocr_line' id='line_1_79' title="bbox 2228 1885 3747 1957; baseline 0 -16"><span class='ocrx_word' id='word_1_591' title='bbox 2228 1886 2398 1941; x_wconf 76' lang='lat' dir='ltr'><strong>ruina:</strong></span> <span class='ocrx_word' id='word_1_592' title='bbox 2414 1887 2654 1942; x_wconf 87' lang='lat' dir='ltr'><strong>latuisset</strong></span> <span class='ocrx_word' id='word_1_593' title='bbox 2673 1901 2928 1957; x_wconf 88' lang='lat' dir='ltr'><strong>oppressu</strong></span> <span class='ocrx_word' id='word_1_594' title='bbox 2949 1886 2993 1951; x_wconf 83' lang='grc'><strong>⁸,</strong></span> <span class='ocrx_word' id='word_1_595' title='bbox 3011 1886 3111 1941; x_wconf 86' lang='lat' dir='ltr'><strong>nisi</strong></span> <span class='ocrx_word' id='word_1_596' title='bbox 3128 1902 3251 1941; x_wconf 90' lang='lat' dir='ltr'><strong>eum</strong></span> <span class='ocrx_word' id='word_1_597' title='bbox 3271 1894 3394 1956; x_wconf 88' lang='lat' dir='ltr'><strong>post</strong></span> <span class='ocrx_word' id='word_1_598' title='bbox 3408 1885 3587 1941; x_wconf 89' lang='lat' dir='ltr'><strong>Christi</strong></span> <span class='ocrx_word' id='word_1_599' title='bbox 3601 1902 3747 1956; x_wconf 71' lang='lat' dir='ltr'><strong>prosus</strong></span> 
     </span>
    </p>
   </div>
   <div class='ocr_carea' id='block_1_79' title="bbox 2228 1977 3751 2051">
    <p class='ocr_par' dir='ltr' id='par_1_79' title="bbox 2228 1977 3751 2051">
     <span class='ocr_line' id='line_1_80' title="bbox 2228 1977 3751 2051; baseline -0.001 -19"><span class='ocrx_word' id='word_1_600' title='bbox 2228 1979 2395 2049; x_wconf 90' lang='lat' dir='ltr'><strong>gratia</strong></span> <span class='ocrx_word' id='word_1_601' title='bbox 2426 1979 2715 2035; x_wconf 86' lang='lat' dir='ltr'><strong>relevasset</strong></span> <span class='ocrx_word' id='word_1_602' title='bbox 2731 1978 2990 2034; x_wconf 89' lang='lat' dir='ltr'><strong>adventus</strong></span> <span class='ocrx_word' id='word_1_603' title='bbox 3016 1997 3037 2031; x_wconf 74' lang='grc' dir='ltr'><strong><em>ι</em></strong></span> <span class='ocrx_word' id='word_1_604' title='bbox 3061 1977 3267 2051; x_wconf 82' lang='lat' dir='ltr'><strong>(Epist.</strong></span> <span class='ocrx_word' id='word_1_605' title='bbox 3302 1978 3401 2033; x_wconf 87' lang='grc'><strong>181</strong></span> <span class='ocrx_word' id='word_1_606' title='bbox 3430 1978 3552 2032; x_wconf 84' lang='lat' dir='ltr'><strong>inter</strong></span> <span class='ocrx_word' id='word_1_607' title='bbox 3572 1978 3751 2049; x_wconf 76' lang='lat' dir='ltr'><strong>Augusti-</strong></span> 
     </span>
    </p>
   </div>
   <div class='ocr_carea' id='block_1_80' title="bbox 2228 2069 3747 2143">
    <p class='ocr_par' dir='ltr' id='par_1_80' title="bbox 2228 2069 3747 2143">
     <span class='ocr_line' id='line_1_81' title="bbox 2228 2069 3747 2143; baseline 0.001 -19"><span class='ocrx_word' id='word_1_608' title='bbox 2228 2071 2427 2137; x_wconf 84' lang='lat' dir='ltr'><strong>nianas,</strong></span> <span class='ocrx_word' id='word_1_609' title='bbox 2448 2071 2587 2141; x_wconf 88' lang='lat' dir='ltr'><strong>n.7).</strong></span> <span class='ocrx_word' id='word_1_610' title='bbox 2611 2070 2841 2126; x_wconf 84' lang='lat' dir='ltr'><strong>Videsne</strong></span> <span class='ocrx_word' id='word_1_611' title='bbox 2858 2071 2984 2142; x_wconf 92' lang='lat' dir='ltr'><strong>quid</strong></span> <span class='ocrx_word' id='word_1_612' title='bbox 3006 2069 3215 2142; x_wconf 65' lang='lat' dir='ltr'><strong>sapiat‘</strong></span> <span class='ocrx_word' id='word_1_613' title='bbox 3234 2086 3337 2143; x_wconf 87' lang='lat' dir='ltr'><strong>per</strong></span> <span class='ocrx_word' id='word_1_614' title='bbox 3350 2070 3626 2126; x_wconf 89' lang='lat' dir='ltr'><strong>ministrum</strong></span> <span class='ocrx_word' id='word_1_615' title='bbox 3639 2086 3747 2126; x_wconf 89' lang='lat' dir='ltr'><strong>suum</strong></span> 
     </span>
    </p>
   </div>
   <div class='ocr_carea' id='block_1_81' title="bbox 2229 2162 3748 2235">
    <p class='ocr_par' dir='ltr' id='par_1_81' title="bbox 2229 2162 3748 2235">
     <span class='ocr_line' id='line_1_82' title="bbox 2229 2162 3748 2235; baseline -0.001 -16"><span class='ocrx_word' id='word_1_616' title='bbox 2229 2163 2487 2219; x_wconf 90' lang='lat' dir='ltr'><strong>catholica</strong></span> <span class='ocrx_word' id='word_1_617' title='bbox 2506 2164 2683 2220; x_wconf 83' lang='lat' dir='ltr'><strong>ﬁdes?</strong></span> <span class='ocrx_word' id='word_1_618' title='bbox 2715 2163 2873 2220; x_wconf 89' lang='lat' dir='ltr'><strong>Vides</strong></span> <span class='ocrx_word' id='word_1_619' title='bbox 2894 2164 3305 2235; x_wconf 87' lang='lat' dir='ltr'><strong>possibilitatem</strong></span> <span class='ocrx_word' id='word_1_620' title='bbox 3326 2162 3494 2218; x_wconf 88' lang='lat' dir='ltr'><strong>standi</strong></span> <span class='ocrx_word' id='word_1_621' title='bbox 3518 2169 3569 2218; x_wconf 90' lang='lat' dir='ltr'><strong>et</strong></span> <span class='ocrx_word' id='word_1_622' title='bbox 3586 2162 3748 2218; x_wconf 83' lang='lat' dir='ltr'><strong>cadendi</strong></span> 
     </span>
    </p>
   </div>
   <div class='ocr_carea' id='block_1_82' title="bbox 2228 2254 3748 2326">
    <p class='ocr_par' dir='ltr' id='par_1_82' title="bbox 2228 2254 3748 2326">
     <span class='ocr_line' id='line_1_83' title="bbox 2228 2254 3748 2326; baseline -0.002 -14"><span class='ocrx_word' id='word_1_623' title='bbox 2228 2256 2307 2312; x_wconf 90' lang='lat' dir='ltr'><strong>sic</strong></span> <span class='ocrx_word' id='word_1_624' title='bbox 2325 2255 2574 2313; x_wconf 88' lang='lat' dir='ltr'><strong>habuisse</strong></span> <span class='ocrx_word' id='word_1_625' title='bbox 2596 2256 2887 2325; x_wconf 90' lang='lat' dir='ltr'><strong>hominem,</strong></span> <span class='ocrx_word' id='word_1_626' title='bbox 2906 2265 2964 2312; x_wconf 92' lang='lat' dir='ltr'><strong>ut</strong></span> <span class='ocrx_word' id='word_1_627' title='bbox 2983 2257 3026 2312; x_wconf 92' lang='lat' dir='ltr'><strong>si</strong></span> <span class='ocrx_word' id='word_1_628' title='bbox 3042 2257 3348 2325; x_wconf 90' lang='lat' dir='ltr'><strong>cecidisset,</strong></span> <span class='ocrx_word' id='word_1_629' title='bbox 3368 2271 3473 2310; x_wconf 91' lang='lat' dir='ltr'><strong>non</strong></span> <span class='ocrx_word' id='word_1_630' title='bbox 3488 2254 3645 2311; x_wconf 88' lang='lat' dir='ltr'><strong>eadem</strong></span> <span class='ocrx_word' id='word_1_631' title='bbox 3664 2270 3748 2326; x_wconf 81' lang='lat' dir='ltr'><strong>pos-</strong></span> 
     </span>
    </p>
   </div>
   <div class='ocr_carea' id='block_1_83' title="bbox 2229 2346 3749 2419">
    <p class='ocr_par' dir='ltr' id='par_1_83' title="bbox 2229 2346 3749 2419">
     <span class='ocr_line' id='line_1_84' title="bbox 2229 2346 3749 2419; baseline 0 -18"><span class='ocrx_word' id='word_1_632' title='bbox 2229 2347 2479 2403; x_wconf 86' lang='lat' dir='ltr'><strong>sibilitate</strong></span> <span class='ocrx_word' id='word_1_633' title='bbox 2504 2362 2607 2419; x_wconf 90' lang='lat' dir='ltr'><strong>qua</strong></span> <span class='ocrx_word' id='word_1_634' title='bbox 2632 2347 2902 2404; x_wconf 89' lang='lat' dir='ltr'><strong>ceciderat</strong></span> <span class='ocrx_word' id='word_1_635' title='bbox 2933 2356 3217 2419; x_wconf 88' lang='lat' dir='ltr'><strong>surgeret,</strong></span> <span class='ocrx_word' id='word_1_636' title='bbox 3254 2347 3465 2418; x_wconf 89' lang='lat' dir='ltr'><strong>culpam</strong></span> <span class='ocrx_word' id='word_1_637' title='bbox 3499 2346 3669 2401; x_wconf 86' lang='lat' dir='ltr'><strong>scilicet</strong></span> <span class='ocrx_word' id='word_1_638' title='bbox 3692 2361 3749 2401; x_wconf 84' lang='lat' dir='ltr'><strong>se-</strong></span> 
     </span>
    </p>
   </div>
   <div class='ocr_carea' id='block_1_84' title="bbox 2230 2436 3748 2511">
    <p class='ocr_par' dir='ltr' id='par_1_84' title="bbox 2230 2436 3748 2511">
     <span class='ocr_line' id='line_1_85' title="bbox 2230 2436 3748 2511; baseline -0.001 -17"><span class='ocrx_word' id='word_1_639' title='bbox 2230 2449 2426 2511; x_wconf 91' lang='lat' dir='ltr'><strong>quente</strong></span> <span class='ocrx_word' id='word_1_640' title='bbox 2446 2438 2723 2511; x_wconf 91' lang='lat' dir='ltr'><strong>supplicio.</strong></span> <span class='ocrx_word' id='word_1_641' title='bbox 2748 2439 2972 2509; x_wconf 89' lang='lat' dir='ltr'><strong>Propter</strong></span> <span class='ocrx_word' id='word_1_642' title='bbox 2986 2439 3125 2510; x_wconf 92' lang='lat' dir='ltr'><strong>quod</strong></span> <span class='ocrx_word' id='word_1_643' title='bbox 3146 2438 3350 2494; x_wconf 90' lang='lat' dir='ltr'><strong>Christi</strong></span> <span class='ocrx_word' id='word_1_644' title='bbox 3365 2445 3545 2509; x_wconf 82' lang='lat' dir='ltr'><strong>gratia,</strong></span> <span class='ocrx_word' id='word_1_645' title='bbox 3560 2436 3629 2493; x_wconf 86' lang='lat' dir='ltr'><strong>cui</strong></span> <span class='ocrx_word' id='word_1_646' title='bbox 3642 2437 3748 2492; x_wconf 83' lang='lat' dir='ltr'><strong>mise-</strong></span> 
     </span>
    </p>
   </div>
   <div class='ocr_carea' id='block_1_85' title="bbox 2228 2528 3746 2601">
    <p class='ocr_par' dir='ltr' id='par_1_85' title="bbox 2228 2528 3746 2601">
     <span class='ocr_line' id='line_1_86' title="bbox 2228 2528 3746 2601; baseline -0.004 -15"><span class='ocrx_word' id='word_1_647' title='bbox 2228 2530 2470 2587; x_wconf 92' lang='lat' dir='ltr'><strong>rabiliter</strong></span> <span class='ocrx_word' id='word_1_648' title='bbox 2486 2531 2617 2586; x_wconf 86' lang='lat' dir='ltr'><strong>estis</strong></span> <span class='ocrx_word' id='word_1_649' title='bbox 2633 2530 2842 2601; x_wconf 88' lang='lat' dir='ltr'><strong>ingrati,</strong></span> <span class='ocrx_word' id='word_1_650' title='bbox 2860 2546 2980 2601; x_wconf 67' lang='lat' dir='ltr'><strong>quae</strong></span> <span class='ocrx_word' id='word_1_651' title='bbox 2993 2531 3263 2601; x_wconf 90' lang='lat' dir='ltr'><strong>jacentem</strong></span> <span class='ocrx_word' id='word_1_652' title='bbox 3282 2529 3557 2596; x_wconf 88' lang='lat' dir='ltr'><strong>relevaret,</strong></span> <span class='ocrx_word' id='word_1_653' title='bbox 3575 2528 3746 2583; x_wconf 77' lang='lat' dir='ltr'><strong>advenit</strong></span> 
     </span>
    </p>
   </div>
   <div class='ocr_carea' id='block_1_86' title="bbox 2229 2617 3746 2698">
    <p class='ocr_par' dir='ltr' id='par_1_86' title="bbox 2229 2617 3746 2698">
     <span class='ocr_line' id='line_1_87' title="bbox 2229 2617 3746 2698; baseline -0.003 -21"><span class='ocrx_word' id='word_1_654' title='bbox 2229 2620 2287 2677; x_wconf 84' lang='lat' dir='ltr'><strong>In</strong></span> <span class='ocrx_word' id='word_1_655' title='bbox 2302 2621 2403 2677; x_wconf 92' lang='lat' dir='ltr'><strong>alia</strong></span> <span class='ocrx_word' id='word_1_656' title='bbox 2420 2636 2631 2693; x_wconf 91' lang='lat' dir='ltr'><strong>quoque</strong></span> <span class='ocrx_word' id='word_1_657' title='bbox 2644 2621 2886 2691; x_wconf 86' lang='lat' dir='ltr'><strong>epistola,</strong></span> <span class='ocrx_word' id='word_1_658' title='bbox 2900 2636 3059 2698; x_wconf 86' lang='lat' dir='ltr'><strong>quam</strong></span> <span class='ocrx_word' id='word_1_659' title='bbox 3074 2620 3143 2677; x_wconf 89' lang='lat' dir='ltr'><strong>de</strong></span> <span class='ocrx_word' id='word_1_660' title='bbox 3156 2621 3312 2676; x_wconf 90' lang='lat' dir='ltr'><strong>vobis</strong></span> <span class='ocrx_word' id='word_1_661' title='bbox 3329 2620 3456 2690; x_wconf 90' lang='lat' dir='ltr'><strong>ipsis</strong></span> <span class='ocrx_word' id='word_1_662' title='bbox 3470 2617 3691 2688; x_wconf 87' lang='lat' dir='ltr'><strong>rescripsit</strong></span> <span class='ocrx_word' id='word_1_663' title='bbox 3702 2617 3746 2673; x_wconf 79' lang='lat' dir='ltr'><strong>ad</strong></span> 
     </span>
    </p>
   </div>
   <div class='ocr_carea' id='block_1_87' title="bbox 2229 2711 3746 2785">
    <p class='ocr_par' dir='ltr' id='par_1_87' title="bbox 2229 2711 3746 2785">
     <span class='ocr_line' id='line_1_88' title="bbox 2229 2711 3746 2785; baseline -0.005 -17"><span class='ocrx_word' id='word_1_664' title='bbox 2229 2713 2520 2769; x_wconf 85' lang='lat' dir='ltr'><strong>Numidas:</strong></span> <span class='ocrx_word' id='word_1_665' title='bbox 2549 2732 2568 2766; x_wconf 86' lang='grc'><strong>‹</strong></span> <span class='ocrx_word' id='word_1_666' title='bbox 2592 2713 2750 2785; x_wconf 85' lang='lat' dir='ltr'><strong>Ergo,</strong></span> <span class='ocrx_word' id='word_1_667' title='bbox 2781 2731 2801 2766; x_wconf 70' lang='grc' dir='ltr'><strong><em>ι</em></strong></span> <span class='ocrx_word' id='word_1_668' title='bbox 2828 2713 3015 2783; x_wconf 90' lang='lat' dir='ltr'><strong>inquit,</strong></span> <span class='ocrx_word' id='word_1_669' title='bbox 3044 2730 3064 2764; x_wconf 72' lang='grc' dir='ltr'><strong>ε</strong></span> <span class='ocrx_word' id='word_1_670' title='bbox 3094 2712 3185 2767; x_wconf 90' lang='lat' dir='ltr'><strong>Dei</strong></span> <span class='ocrx_word' id='word_1_671' title='bbox 3206 2711 3434 2784; x_wconf 81' lang='lat' dir='ltr'><strong>gratiam</strong></span> <span class='ocrx_word' id='word_1_672' title='bbox 3455 2719 3746 2765; x_wconf 71' lang='lat' dir='ltr'><strong>conanturne-</strong></span> 
     </span>
    </p>
   </div>
   <div class='ocr_carea' id='block_1_88' title="bbox 2230 2800 3745 2874">
    <p class='ocr_par' dir='ltr' id='par_1_88' title="bbox 2230 2800 3745 2874">
     <span class='ocr_line' id='line_1_89' title="bbox 2230 2800 3745 2874; baseline -0.004 -15"><span class='ocrx_word' id='word_1_673' title='bbox 2230 2802 2392 2871; x_wconf 88' lang='lat' dir='ltr'><strong>ferre,</strong></span> <span class='ocrx_word' id='word_1_674' title='bbox 2407 2820 2565 2874; x_wconf 89' lang='lat' dir='ltr'><strong>quam</strong></span> <span class='ocrx_word' id='word_1_675' title='bbox 2583 2817 2802 2859; x_wconf 87' lang='lat' dir='ltr'><strong>necesse</strong></span> <span class='ocrx_word' id='word_1_676' title='bbox 2817 2812 2919 2870; x_wconf 87' lang='lat' dir='ltr'><strong>est,</strong></span> <span class='ocrx_word' id='word_1_677' title='bbox 2934 2805 3095 2858; x_wconf 89' lang='lat' dir='ltr'><strong>etiam</strong></span> <span class='ocrx_word' id='word_1_678' title='bbox 3112 2804 3359 2858; x_wconf 87' lang='lat' dir='ltr'><strong>restituta</strong></span> <span class='ocrx_word' id='word_1_679' title='bbox 3376 2800 3522 2856; x_wconf 88' lang='lat' dir='ltr'><strong>nobis</strong></span> <span class='ocrx_word' id='word_1_680' title='bbox 3534 2800 3745 2868; x_wconf 86' lang='lat' dir='ltr'><strong>statuspri-</strong></span> 
     </span>
    </p>
   </div>
   <div class='ocr_carea' id='block_1_89' title="bbox 2231 2890 3741 2982">
    <p class='ocr_par' dir='ltr' id='par_1_89' title="bbox 2231 2890 3741 2982">
     <span class='ocr_line' id='line_1_90' title="bbox 2231 2890 3741 2982; baseline -0.006 -32"><span class='ocrx_word' id='word_1_681' title='bbox 2231 2896 2354 2982; x_wconf 87' lang='lat' dir='ltr'><strong>stini</strong></span> <span class='ocrx_word' id='word_1_682' title='bbox 2375 2895 2642 2962; x_wconf 88' lang='lat' dir='ltr'><strong>libertate,</strong></span> <span class='ocrx_word' id='word_1_683' title='bbox 2656 2909 2956 2965; x_wconf 67' lang='lat' dir='ltr'><strong>quaeramus</strong></span> <span class='ocrx_word' id='word_1_684' title='bbox 2976 2912 2995 2947; x_wconf 73' lang='grc' dir='ltr'><strong><em>ι</em></strong></span> <span class='ocrx_word' id='word_1_685' title='bbox 3007 2893 3198 2965; x_wconf 85' lang='lat' dir='ltr'><strong>(Epist.</strong></span> <span class='ocrx_word' id='word_1_686' title='bbox 3213 2893 3324 2950; x_wconf 75' lang='grc'><strong>182</strong></span> <span class='ocrx_word' id='word_1_687' title='bbox 3338 2895 3467 2947; x_wconf 83' lang='lat' dir='ltr'><strong>inter</strong></span> <span class='ocrx_word' id='word_1_688' title='bbox 3482 2891 3619 2963; x_wconf 78' lang='lat' dir='ltr'><strong>Aug.,</strong></span> <span class='ocrx_word' id='word_1_689' title='bbox 3636 2907 3675 2942; x_wconf 80' lang='grc' dir='ltr'><strong>π.</strong></span> <span class='ocrx_word' id='word_1_690' title='bbox 3690 2890 3741 2958; x_wconf 76' lang='grc' dir='ltr'><strong>ι).</strong></span> 
     </span>
    </p>
   </div>
   <div class='ocr_carea' id='block_1_90' title="bbox 2233 2979 3740 3056">
    <p class='ocr_par' dir='ltr' id='par_1_90' title="bbox 2233 2979 3740 3056">
     <span class='ocr_line' id='line_1_91' title="bbox 2233 2979 3740 3056; baseline -0.007 -13"><span class='ocrx_word' id='word_1_691' title='bbox 2233 2979 2402 3043; x_wconf 86' lang='lat' dir='ltr'><strong>Audis</strong></span> <span class='ocrx_word' id='word_1_692' title='bbox 2428 2985 2638 3042; x_wconf 91' lang='lat' dir='ltr'><strong>restitui</strong></span> <span class='ocrx_word' id='word_1_693' title='bbox 2668 2986 2967 3042; x_wconf 88' lang='lat' dir='ltr'><strong>libertatem</strong></span> <span class='ocrx_word' id='word_1_694' title='bbox 2991 3027 3008 3054; x_wconf 95' lang='lat'><strong>,</strong></span> <span class='ocrx_word' id='word_1_695' title='bbox 3034 2994 3088 3040; x_wconf 91' lang='lat' dir='ltr'><strong>et</strong></span> <span class='ocrx_word' id='word_1_696' title='bbox 3116 3000 3222 3040; x_wconf 93' lang='lat' dir='ltr'><strong>non</strong></span> <span class='ocrx_word' id='word_1_697' title='bbox 3254 2984 3479 3056; x_wconf 86' lang='lat' dir='ltr'><strong>periisse</strong></span> <span class='ocrx_word' id='word_1_698' title='bbox 3500 2979 3740 3044; x_wconf 86' lang='lat' dir='ltr'><strong>contendis;</strong></span> 
     </span>
    </p>
   </div>
   <div class='ocr_carea' id='block_1_91' title="bbox 2231 3071 3847 3148">
    <p class='ocr_par' dir='ltr' id='par_1_91' title="bbox 2231 3071 3847 3148">
     <span class='ocr_line' id='line_1_92' title="bbox 2231 3071 3847 3148; baseline -0.001 -16"><span class='ocrx_word' id='word_1_699' title='bbox 2231 3085 2392 3148; x_wconf 90' lang='lat' dir='ltr'><strong>atque</strong></span> <span class='ocrx_word' id='word_1_700' title='bbox 2416 3076 2646 3131; x_wconf 89' lang='lat' dir='ltr'><strong>humana</strong></span> <span class='ocrx_word' id='word_1_701' title='bbox 2665 3078 2940 3134; x_wconf 86' lang='lat' dir='ltr'><strong>voluntate</strong></span> <span class='ocrx_word' id='word_1_702' title='bbox 2969 3086 3260 3133; x_wconf 90' lang='lat' dir='ltr'><strong>contentus</strong></span> <span class='ocrx_word' id='word_1_703' title='bbox 3289 3076 3515 3131; x_wconf 84' lang='lat' dir='ltr'><strong>divinam</strong></span> <span class='ocrx_word' id='word_1_704' title='bbox 3544 3087 3632 3127; x_wconf 91' lang='lat' dir='ltr'><strong>non</strong></span> <span class='ocrx_word' id='word_1_705' title='bbox 3654 3071 3743 3140; x_wconf 79' lang='lat' dir='ltr'><strong>petis</strong></span> <span class='ocrx_word' id='word_1_706' title='bbox 3845 3071 3847 3131; x_wconf 56' lang='grc' dir='ltr'>ἵ</span> 
     </span>
    </p>
   </div>
   <div class='ocr_carea' id='block_1_92' title="bbox 2232 3156 3847 3233">
    <p class='ocr_par' dir='ltr' id='par_1_92' title="bbox 2232 3156 3847 3233">
     <span class='ocr_line' id='line_1_93' title="bbox 2232 3156 3847 3233; baseline -0.005 -17"><span class='ocrx_word' id='word_1_707' title='bbox 2232 3161 2477 3233; x_wconf 88' lang='lat' dir='ltr'><strong>gratiam,</strong></span> <span class='ocrx_word' id='word_1_708' title='bbox 2505 3177 2663 3233; x_wconf 92' lang='lat' dir='ltr'><strong>quam</strong></span> <span class='ocrx_word' id='word_1_709' title='bbox 2691 3162 2911 3217; x_wconf 79' lang='lat' dir='ltr'><strong>libertas</strong></span> <span class='ocrx_word' id='word_1_710' title='bbox 2935 3169 3119 3217; x_wconf 89' lang='lat' dir='ltr'><strong>nostra</strong></span> <span class='ocrx_word' id='word_1_711' title='bbox 3144 3162 3312 3217; x_wconf 88' lang='lat' dir='ltr'><strong>etiam</strong></span> <span class='ocrx_word' id='word_1_712' title='bbox 3338 3160 3390 3215; x_wconf 92' lang='lat' dir='ltr'><strong>in</strong></span> <span class='ocrx_word' id='word_1_713' title='bbox 3416 3166 3592 3214; x_wconf 88' lang='lat' dir='ltr'><strong>statum</strong></span> <span class='ocrx_word' id='word_1_714' title='bbox 3618 3156 3744 3226; x_wconf 86' lang='lat' dir='ltr'><strong>prisli-</strong></span> <span class='ocrx_word' id='word_1_715' title='bbox 3846 3200 3847 3233; x_wconf 21' lang='grc' dir='ltr'>ἢ</span> 
     </span>
    </p>
   </div>
   <div class='ocr_carea' id='block_1_93' title="bbox 2232 3247 3743 3323">
    <p class='ocr_par' dir='ltr' id='par_1_93' title="bbox 2232 3247 3743 3323">
     <span class='ocr_line' id='line_1_94' title="bbox 2232 3247 3743 3323; baseline -0.007 -13"><span class='ocrx_word' id='word_1_716' title='bbox 2232 3270 2362 3310; x_wconf 92' lang='lat' dir='ltr'><strong>num</strong></span> <span class='ocrx_word' id='word_1_717' title='bbox 2392 3254 2636 3310; x_wconf 89' lang='lat' dir='ltr'><strong>restituta</strong></span> <span class='ocrx_word' id='word_1_718' title='bbox 2663 3253 2765 3310; x_wconf 91' lang='lat' dir='ltr'><strong>sibi</strong></span> <span class='ocrx_word' id='word_1_719' title='bbox 2791 3268 2913 3310; x_wconf 88' lang='lat' dir='ltr'><strong>esse</strong></span> <span class='ocrx_word' id='word_1_720' title='bbox 2941 3253 3186 3323; x_wconf 88' lang='lat' dir='ltr'><strong>intelligit</strong></span> <span class='ocrx_word' id='word_1_721' title='bbox 3214 3249 3582 3308; x_wconf 87' lang='lat' dir='ltr'><strong>necessariam.</strong></span> <span class='ocrx_word' id='word_1_722' title='bbox 3607 3247 3743 3315; x_wconf 65' lang='lat' dir='ltr'><strong>Quarto</strong></span> 
     </span>
    </p>
   </div>
   <div class='ocr_carea' id='block_1_94' title="bbox 2232 3336 3745 3416">
    <p class='ocr_par' dir='ltr' id='par_1_94' title="bbox 2232 3336 3745 3416">
     <span class='ocr_line' id='line_1_95' title="bbox 2232 3336 3745 3416; baseline -0.009 -14"><span class='ocrx_word' id='word_1_723' title='bbox 2232 3357 2412 3403; x_wconf 87' lang='lat' dir='ltr'><strong>autem</strong></span> <span class='ocrx_word' id='word_1_724' title='bbox 2437 3363 2467 3402; x_wconf 87' lang='lat' dir='ltr'><strong>a</strong></span> <span class='ocrx_word' id='word_1_725' title='bbox 2495 3358 2567 3413; x_wconf 89' lang='lat' dir='ltr'><strong>te,</strong></span> <span class='ocrx_word' id='word_1_726' title='bbox 2597 3354 2776 3401; x_wconf 90' lang='lat' dir='ltr'><strong>utrum</strong></span> <span class='ocrx_word' id='word_1_727' title='bbox 2798 3346 2908 3416; x_wconf 90' lang='lat' dir='ltr'><strong>jam</strong></span> <span class='ocrx_word' id='word_1_728' title='bbox 2939 3345 2993 3401; x_wconf 91' lang='lat' dir='ltr'><strong>in</strong></span> <span class='ocrx_word' id='word_1_729' title='bbox 3020 3345 3306 3416; x_wconf 90' lang='lat' dir='ltr'><strong>pristinum</strong></span> <span class='ocrx_word' id='word_1_730' title='bbox 3339 3352 3526 3399; x_wconf 89' lang='lat' dir='ltr'><strong>statum</strong></span> <span class='ocrx_word' id='word_1_731' title='bbox 3554 3341 3613 3395; x_wconf 83' lang='lat' dir='ltr'><strong>ita</strong></span> <span class='ocrx_word' id='word_1_732' title='bbox 3636 3336 3745 3392; x_wconf 88' lang='lat' dir='ltr'><strong>fuerit</strong></span> 
     </span>
    </p>
   </div>
   <div class='ocr_carea' id='block_1_95' title="bbox 2233 3431 3743 3509">
    <p class='ocr_par' dir='ltr' id='par_1_95' title="bbox 2233 3431 3743 3509">
     <span class='ocr_line' id='line_1_96' title="bbox 2233 3431 3743 3509; baseline -0.003 -13"><span class='ocrx_word' id='word_1_733' title='bbox 2233 3440 2479 3496; x_wconf 91' lang='lat' dir='ltr'><strong>restituta</strong></span> <span class='ocrx_word' id='word_1_734' title='bbox 2511 3441 2728 3495; x_wconf 88' lang='lat' dir='ltr'><strong>libertas</strong></span> <span class='ocrx_word' id='word_1_735' title='bbox 2750 3439 2869 3509; x_wconf 92' lang='lat' dir='ltr'><strong>ejus</strong></span> <span class='ocrx_word' id='word_1_736' title='bbox 2890 3439 2980 3509; x_wconf 91' lang='lat' dir='ltr'><strong>qui</strong></span> <span class='ocrx_word' id='word_1_737' title='bbox 3010 3437 3172 3504; x_wconf 91' lang='lat' dir='ltr'><strong>dicit,</strong></span> <span class='ocrx_word' id='word_1_738' title='bbox 3206 3436 3333 3493; x_wconf 79' lang='lat' dir='ltr'><strong>Non</strong></span> <span class='ocrx_word' id='word_1_739' title='bbox 3352 3436 3481 3508; x_wconf 80' lang='lat' dir='ltr'><strong>quod</strong></span> <span class='ocrx_word' id='word_1_740' title='bbox 3506 3431 3630 3498; x_wconf 75' lang='lat' dir='ltr'><strong>voto,</strong></span> <span class='ocrx_word' id='word_1_741' title='bbox 3651 3442 3743 3500; x_wconf 78' lang='lat' dir='ltr'><strong>ago;</strong></span> 
     </span>
    </p>
   </div>
   <div class='ocr_carea' id='block_1_96' title="bbox 2232 3527 3847 3603">
    <p class='ocr_par' dir='ltr' id='par_1_96' title="bbox 2232 3527 3847 3603">
     <span class='ocr_line' id='line_1_97' title="bbox 2232 3527 3847 3603; baseline 0.004 -16"><span class='ocrx_word' id='word_1_742' title='bbox 2232 3534 2322 3588; x_wconf 86' lang='lat' dir='ltr'><strong>sed</strong></span> <span class='ocrx_word' id='word_1_743' title='bbox 2349 3533 2485 3603; x_wconf 87' lang='lat' dir='ltr'><strong>quod</strong></span> <span class='ocrx_word' id='word_1_744' title='bbox 2513 3534 2599 3588; x_wconf 85' lang='lat' dir='ltr'><strong>odi</strong></span> <span class='ocrx_word' id='word_1_745' title='bbox 2617 3574 2632 3600; x_wconf 94' lang='lat'><strong>,</strong></span> <span class='ocrx_word' id='word_1_746' title='bbox 2662 3533 2790 3587; x_wconf 78' lang='lat' dir='ltr'><strong>illud</strong></span> <span class='ocrx_word' id='word_1_747' title='bbox 2817 3533 2989 3603; x_wconf 75' lang='lat' dir='ltr'><strong>facio;</strong></span> <span class='ocrx_word' id='word_1_748' title='bbox 3018 3540 3092 3598; x_wconf 86' lang='lat' dir='ltr'><strong>et,</strong></span> <span class='ocrx_word' id='word_1_749' title='bbox 3130 3529 3272 3587; x_wconf 83' lang='lat' dir='ltr'><strong>Velle</strong></span> <span class='ocrx_word' id='word_1_750' title='bbox 3300 3531 3493 3602; x_wconf 84' lang='lat' dir='ltr'><strong>adjacet</strong></span> <span class='ocrx_word' id='word_1_751' title='bbox 3515 3527 3652 3591; x_wconf 81' lang='lat' dir='ltr'><strong>milu&#39;;</strong></span> <span class='ocrx_word' id='word_1_752' title='bbox 3670 3538 3746 3594; x_wconf 74' lang='grc' dir='ltr'><strong>ρετ·</strong></span> <span class='ocrx_word' id='word_1_753' title='bbox 3846 3564 3847 3603; x_wconf 43' lang='grc' dir='ltr'><strong>ᾖ</strong></span> 
     </span>
    </p>
   </div>
   <div class='ocr_carea' id='block_1_97' title="bbox 2233 3612 3741 3697">
    <p class='ocr_par' dir='ltr' id='par_1_97' title="bbox 2233 3612 3741 3697">
     <span class='ocr_line' id='line_1_98' title="bbox 2233 3612 3741 3697; baseline -0.005 -20"><span class='ocrx_word' id='word_1_754' title='bbox 2233 3624 2384 3694; x_wconf 83' lang='lat' dir='ltr'><strong>[icere</strong></span> <span class='ocrx_word' id='word_1_755' title='bbox 2410 3633 2577 3678; x_wconf 85' lang='lat' dir='ltr'><strong>autem</strong></span> <span class='ocrx_word' id='word_1_756' title='bbox 2607 3625 2791 3678; x_wconf 88' lang='lat' dir='ltr'><strong>bonum</strong></span> <span class='ocrx_word' id='word_1_757' title='bbox 2809 3665 2826 3689; x_wconf 93' lang='lat'><strong>,</strong></span> <span class='ocrx_word' id='word_1_758' title='bbox 2854 3639 2953 3678; x_wconf 84' lang='lat' dir='ltr'><strong>non</strong></span> <span class='ocrx_word' id='word_1_759' title='bbox 2985 3624 3185 3677; x_wconf 81' lang='lat' dir='ltr'><strong>invenio</strong></span> <span class='ocrx_word' id='word_1_760' title='bbox 3215 3622 3395 3697; x_wconf 87' lang='lat' dir='ltr'><strong>(Rom.</strong></span> <span class='ocrx_word' id='word_1_761' title='bbox 3429 3637 3514 3687; x_wconf 86' lang='lat' dir='ltr'><strong>vn,</strong></span> <span class='ocrx_word' id='word_1_762' title='bbox 3541 3618 3613 3682; x_wconf 85' lang='grc'><strong>15,</strong></span> <span class='ocrx_word' id='word_1_763' title='bbox 3638 3612 3741 3683; x_wconf 75' lang='grc' dir='ltr'><strong>18)ε</strong></span> 
     </span>
    </p>
   </div>
   <div class='ocr_carea' id='block_1_98' title="bbox 2233 3708 3742 3787">
    <p class='ocr_par' dir='ltr' id='par_1_98' title="bbox 2233 3708 3742 3787">
     <span class='ocr_line' id='line_1_99' title="bbox 2233 3708 3742 3787; baseline -0.002 -15"><span class='ocrx_word' id='word_1_764' title='bbox 2233 3726 2288 3772; x_wconf 87' lang='lat' dir='ltr'><strong>et</strong></span> <span class='ocrx_word' id='word_1_765' title='bbox 2315 3717 2508 3787; x_wconf 90' lang='lat' dir='ltr'><strong>quibus</strong></span> <span class='ocrx_word' id='word_1_766' title='bbox 2529 3716 2721 3771; x_wconf 83' lang='lat' dir='ltr'><strong>dicitur</strong></span> <span class='ocrx_word' id='word_1_767' title='bbox 2740 3759 2755 3785; x_wconf 91' lang='lat'><strong>,</strong></span> <span class='ocrx_word' id='word_1_768' title='bbox 2785 3713 2917 3772; x_wconf 82' lang='lat' dir='ltr'><strong>Caro</strong></span> <span class='ocrx_word' id='word_1_769' title='bbox 2945 3716 3253 3787; x_wconf 82' lang='lat' dir='ltr'><strong>concupiscit</strong></span> <span class='ocrx_word' id='word_1_770' title='bbox 3285 3715 3516 3769; x_wconf 83' lang='lat' dir='ltr'><strong>adversus</strong></span> <span class='ocrx_word' id='word_1_771' title='bbox 3541 3708 3742 3780; x_wconf 63' lang='lat' dir='ltr'><strong>spiritum</strong></span> 
     </span>
    </p>
   </div>
   <div class='ocr_carea' id='block_1_99' title="bbox 2235 3796 3744 3882">
    <p class='ocr_par' dir='ltr' id='par_1_99' title="bbox 2235 3796 3744 3882">
     <span class='ocr_line' id='line_1_100' title="bbox 2235 3796 3744 3882; baseline -0.007 -17"><span class='ocrx_word' id='word_1_772' title='bbox 2235 3818 2281 3865; x_wconf 86' lang='lat' dir='ltr'><strong>et</strong></span> <span class='ocrx_word' id='word_1_773' title='bbox 2301 3811 2508 3882; x_wconf 71' lang='lat' dir='ltr'><strong>spititus</strong></span> <span class='ocrx_word' id='word_1_774' title='bbox 2533 3810 2773 3864; x_wconf 79' lang='lat' dir='ltr'><strong>adversus</strong></span> <span class='ocrx_word' id='word_1_775' title='bbox 2797 3826 2999 3864; x_wconf 85' lang='lat' dir='ltr'><strong>carnem</strong></span> <span class='ocrx_word' id='word_1_776' title='bbox 3020 3825 3041 3875; x_wconf 89' lang='lat'><strong>;</strong></span> <span class='ocrx_word' id='word_1_777' title='bbox 3065 3818 3120 3863; x_wconf 86' lang='lat' dir='ltr'><strong>ut</strong></span> <span class='ocrx_word' id='word_1_778' title='bbox 3148 3825 3247 3863; x_wconf 83' lang='lat' dir='ltr'><strong>non</strong></span> <span class='ocrx_word' id='word_1_779' title='bbox 3269 3826 3331 3863; x_wconf 87' lang='lat' dir='ltr'><strong>ea</strong></span> <span class='ocrx_word' id='word_1_780' title='bbox 3354 3822 3463 3879; x_wconf 75' lang='lat' dir='ltr'><strong>qua:</strong></span> <span class='ocrx_word' id='word_1_781' title='bbox 3488 3801 3615 3858; x_wconf 81' lang='lat' dir='ltr'><strong>vultis</strong></span> <span class='ocrx_word' id='word_1_782' title='bbox 3635 3796 3744 3869; x_wconf 75' lang='lat' dir='ltr'><strong>fatil-</strong></span> 
     </span>
    </p>
   </div>
   <div class='ocr_carea' id='block_1_100' title="bbox 2235 3886 3742 3973">
    <p class='ocr_par' dir='ltr' id='par_1_100' title="bbox 2235 3886 3742 3973">
     <span class='ocr_line' id='line_1_101' title="bbox 2235 3886 3742 3973; baseline -0.005 -17"><span class='ocrx_word' id='word_1_783' title='bbox 2235 3903 2298 3957; x_wconf 86' lang='lat' dir='ltr'><strong>tis</strong></span> <span class='ocrx_word' id='word_1_784' title='bbox 2320 3900 2531 3972; x_wconf 82' lang='lat' dir='ltr'><strong>(Galat.</strong></span> <span class='ocrx_word' id='word_1_785' title='bbox 2552 3917 2608 3968; x_wconf 90' lang='lat' dir='ltr'><strong>v,</strong></span> <span class='ocrx_word' id='word_1_786' title='bbox 2637 3900 2769 3973; x_wconf 87' lang='grc'>17).</span> <span class='ocrx_word' id='word_1_787' title='bbox 2792 3901 2929 3956; x_wconf 83' lang='grc' dir='ltr'><strong>Ρυιο</strong></span> <span class='ocrx_word' id='word_1_788' title='bbox 2957 3899 3099 3971; x_wconf 92' lang='lat' dir='ltr'><strong>quod</strong></span> <span class='ocrx_word' id='word_1_789' title='bbox 3126 3915 3230 3955; x_wconf 90' lang='lat' dir='ltr'><strong>non</strong></span> <span class='ocrx_word' id='word_1_790' title='bbox 3259 3914 3429 3970; x_wconf 91' lang='lat' dir='ltr'><strong>usque</strong></span> <span class='ocrx_word' id='word_1_791' title='bbox 3448 3896 3568 3950; x_wconf 87' lang='lat' dir='ltr'><strong>adeo</strong></span> <span class='ocrx_word' id='word_1_792' title='bbox 3584 3886 3742 3957; x_wconf 68' lang='lat' dir='ltr'><strong>desipis.</strong></span> 
     </span>
    </p>
   </div>
   <div class='ocr_carea' id='block_1_101' title="bbox 2234 3986 3743 4062">
    <p class='ocr_par' dir='ltr' id='par_1_101' title="bbox 2234 3986 3743 4062">
     <span class='ocr_line' id='line_1_102' title="bbox 2234 3986 3743 4062; baseline -0.012 -13"><span class='ocrx_word' id='word_1_793' title='bbox 2234 4003 2294 4049; x_wconf 89' lang='lat' dir='ltr'><strong>ut</strong></span> <span class='ocrx_word' id='word_1_794' title='bbox 2318 3995 2372 4049; x_wconf 91' lang='lat' dir='ltr'><strong>in</strong></span> <span class='ocrx_word' id='word_1_795' title='bbox 2400 3993 2483 4050; x_wconf 91' lang='lat' dir='ltr'><strong>his</strong></span> <span class='ocrx_word' id='word_1_796' title='bbox 2512 3994 2659 4049; x_wconf 91' lang='lat' dir='ltr'><strong>dicas</strong></span> <span class='ocrx_word' id='word_1_797' title='bbox 2687 4007 2810 4048; x_wconf 90' lang='lat' dir='ltr'><strong>esse</strong></span> <span class='ocrx_word' id='word_1_798' title='bbox 2839 4001 3009 4048; x_wconf 88' lang='lat' dir='ltr'><strong>status</strong></span> <span class='ocrx_word' id='word_1_799' title='bbox 3047 3992 3256 4062; x_wconf 91' lang='lat' dir='ltr'><strong>pristini</strong></span> <span class='ocrx_word' id='word_1_800' title='bbox 3289 3992 3568 4046; x_wconf 90' lang='lat' dir='ltr'><strong>libertatem</strong></span> <span class='ocrx_word' id='word_1_801' title='bbox 3594 3999 3605 4036; x_wconf 92' lang='lat'>:</span> <span class='ocrx_word' id='word_1_802' title='bbox 3629 3987 3672 4035; x_wconf 87' lang='lat' dir='ltr'><strong>et</strong></span> <span class='ocrx_word' id='word_1_803' title='bbox 3691 3986 3743 4030; x_wconf 80' lang='lat' dir='ltr'><strong>ta-</strong></span> 
     </span>
    </p>
   </div>
   <div class='ocr_carea' id='block_1_102' title="bbox 2234 4073 3745 4155">
    <p class='ocr_par' dir='ltr' id='par_1_102' title="bbox 2234 4073 3745 4155">
     <span class='ocr_line' id='line_1_103' title="bbox 2234 4073 3745 4155; baseline -0.015 -12"><span class='ocrx_word' id='word_1_804' title='bbox 2234 4102 2361 4143; x_wconf 90' lang='lat' dir='ltr'><strong>men</strong></span> <span class='ocrx_word' id='word_1_805' title='bbox 2388 4087 2432 4142; x_wconf 92' lang='lat' dir='ltr'><strong>si</strong></span> <span class='ocrx_word' id='word_1_806' title='bbox 2459 4087 2601 4142; x_wconf 88' lang='lat' dir='ltr'><strong>nulla</strong></span> <span class='ocrx_word' id='word_1_807' title='bbox 2629 4086 2708 4142; x_wconf 89' lang='lat' dir='ltr'><strong>eis</strong></span> <span class='ocrx_word' id='word_1_808' title='bbox 2735 4094 2878 4141; x_wconf 91' lang='lat' dir='ltr'><strong>esset</strong></span> <span class='ocrx_word' id='word_1_809' title='bbox 2897 4127 2913 4153; x_wconf 94' lang='lat'><strong>,</strong></span> <span class='ocrx_word' id='word_1_810' title='bbox 2946 4084 2996 4139; x_wconf 91' lang='lat' dir='ltr'><strong>id</strong></span> <span class='ocrx_word' id='word_1_811' title='bbox 3023 4084 3163 4155; x_wconf 93' lang='lat' dir='ltr'><strong>quod</strong></span> <span class='ocrx_word' id='word_1_812' title='bbox 3195 4094 3435 4140; x_wconf 89' lang='lat' dir='ltr'><strong>sanctum</strong></span> <span class='ocrx_word' id='word_1_813' title='bbox 3464 4089 3513 4135; x_wconf 90' lang='lat' dir='ltr'><strong>et</strong></span> <span class='ocrx_word' id='word_1_814' title='bbox 3531 4078 3692 4147; x_wconf 88' lang='lat' dir='ltr'><strong>justum</strong></span> <span class='ocrx_word' id='word_1_815' title='bbox 3709 4073 3745 4121; x_wconf 88' lang='lat' dir='ltr'><strong>et</strong></span> 
     </span>
    </p>
   </div>
   <div class='ocr_carea' id='block_1_103' title="bbox 2235 4171 3743 4247">
    <p class='ocr_par' dir='ltr' id='par_1_103' title="bbox 2235 4171 3743 4247">
     <span class='ocr_line' id='line_1_104' title="bbox 2235 4171 3743 4247; baseline -0.01 -13"><span class='ocrx_word' id='word_1_816' title='bbox 2235 4178 2434 4234; x_wconf 91' lang='lat' dir='ltr'><strong>bonum</strong></span> <span class='ocrx_word' id='word_1_817' title='bbox 2463 4187 2565 4244; x_wconf 91' lang='lat' dir='ltr'><strong>est,</strong></span> <span class='ocrx_word' id='word_1_818' title='bbox 2589 4192 2688 4233; x_wconf 90' lang='lat' dir='ltr'><strong>nec</strong></span> <span class='ocrx_word' id='word_1_819' title='bbox 2706 4177 2846 4232; x_wconf 90' lang='lat' dir='ltr'><strong>velle</strong></span> <span class='ocrx_word' id='word_1_820' title='bbox 2874 4177 3190 4247; x_wconf 88' lang='lat' dir='ltr'><strong>p0tuissent.</strong></span> <span class='ocrx_word' id='word_1_821' title='bbox 3222 4175 3363 4233; x_wconf 87' lang='lat' dir='ltr'><strong>Sunt</strong></span> <span class='ocrx_word' id='word_1_822' title='bbox 3386 4173 3516 4229; x_wconf 84' lang='lat' dir='ltr'><strong>enim</strong></span> <span class='ocrx_word' id='word_1_823' title='bbox 3535 4171 3743 4239; x_wconf 75' lang='lat' dir='ltr'><strong>quospec-</strong></span> 
     </span>
    </p>
   </div>
   <div class='ocr_carea' id='block_1_104' title="bbox 2237 4257 3740 4342">
    <p class='ocr_par' dir='ltr' id='par_1_104' title="bbox 2237 4257 3740 4342">
     <span class='ocr_line' id='line_1_105' title="bbox 2237 4257 3740 4342; baseline -0.015 -11"><span class='ocrx_word' id='word_1_824' title='bbox 2237 4290 2361 4332; x_wconf 88' lang='lat' dir='ltr'><strong>care</strong></span> <span class='ocrx_word' id='word_1_825' title='bbox 2412 4276 2482 4330; x_wconf 89' lang='lat' dir='ltr'><strong>ita</strong></span> <span class='ocrx_word' id='word_1_826' title='bbox 2527 4273 2792 4342; x_wconf 87' lang='lat' dir='ltr'><strong>delectat,</strong></span> <span class='ocrx_word' id='word_1_827' title='bbox 2842 4283 2901 4328; x_wconf 91' lang='lat' dir='ltr'><strong>ut</strong></span> <span class='ocrx_word' id='word_1_828' title='bbox 2947 4272 3116 4327; x_wconf 90' lang='lat' dir='ltr'><strong>nolint</strong></span> <span class='ocrx_word' id='word_1_829' title='bbox 3160 4271 3472 4340; x_wconf 87' lang='lat' dir='ltr'><strong>oderintque</strong></span> <span class='ocrx_word' id='word_1_830' title='bbox 3508 4257 3740 4334; x_wconf 81' lang='lat' dir='ltr'><strong>justitiam:</strong></span> 
     </span>
    </p>
   </div>
   <div class='ocr_carea' id='block_1_105' title="bbox 2237 4346 3741 4438">
    <p class='ocr_par' dir='ltr' id='par_1_105' title="bbox 2237 4346 3741 4438">
     <span class='ocr_line' id='line_1_106' title="bbox 2237 4346 3741 4438; baseline -0.017 -17"><span class='ocrx_word' id='word_1_831' title='bbox 2237 4382 2395 4438; x_wconf 90' lang='lat' dir='ltr'><strong>quam</strong></span> <span class='ocrx_word' id='word_1_832' title='bbox 2442 4379 2541 4420; x_wconf 84' lang='lat' dir='ltr'><strong>nec</strong></span> <span class='ocrx_word' id='word_1_833' title='bbox 2582 4364 2722 4420; x_wconf 88' lang='lat' dir='ltr'><strong>velle</strong></span> <span class='ocrx_word' id='word_1_834' title='bbox 2767 4364 2960 4435; x_wconf 90' lang='lat' dir='ltr'><strong>aliquis</strong></span> <span class='ocrx_word' id='word_1_835' title='bbox 3003 4371 3214 4434; x_wconf 89' lang='lat' dir='ltr'><strong>potest,</strong></span> <span class='ocrx_word' id='word_1_836' title='bbox 3244 4361 3346 4416; x_wconf 91' lang='lat' dir='ltr'><strong>nisi</strong></span> <span class='ocrx_word' id='word_1_837' title='bbox 3390 4366 3581 4429; x_wconf 86' lang='lat' dir='ltr'><strong>paretur</strong></span> <span class='ocrx_word' id='word_1_838' title='bbox 3612 4346 3741 4402; x_wconf 83' lang='lat' dir='ltr'><strong>volun-</strong></span> 
     </span>
    </p>
   </div>
   <div class='ocr_carea' id='block_1_106' title="bbox 2236 4449 3740 4528">
    <p class='ocr_par' dir='ltr' id='par_1_106' title="bbox 2236 4449 3740 4528">
     <span class='ocr_line' id='line_1_107' title="bbox 2236 4449 3740 4528; baseline -0.009 -14"><span class='ocrx_word' id='word_1_839' title='bbox 2236 4468 2320 4515; x_wconf 87' lang='lat' dir='ltr'><strong>tas</strong></span> <span class='ocrx_word' id='word_1_840' title='bbox 2345 4474 2375 4514; x_wconf 90' lang='lat' dir='ltr'><strong>a</strong></span> <span class='ocrx_word' id='word_1_841' title='bbox 2420 4458 2647 4514; x_wconf 87' lang='lat' dir='ltr'><strong>Domino</strong></span> <span class='ocrx_word' id='word_1_842' title='bbox 2666 4501 2681 4526; x_wconf 87' lang='lat'><strong>,</strong></span> <span class='ocrx_word' id='word_1_843' title='bbox 2705 4466 2764 4513; x_wconf 92' lang='lat' dir='ltr'><strong>ut</strong></span> <span class='ocrx_word' id='word_1_844' title='bbox 2792 4457 2856 4512; x_wconf 91' lang='lat' dir='ltr'><strong>ad</strong></span> <span class='ocrx_word' id='word_1_845' title='bbox 2903 4455 3283 4528; x_wconf 83' lang='lat' dir='ltr'><strong>perﬁciendam</strong></span> <span class='ocrx_word' id='word_1_846' title='bbox 3326 4449 3560 4525; x_wconf 74' lang='lat' dir='ltr'><strong>justitiam</strong></span> <span class='ocrx_word' id='word_1_847' title='bbox 3594 4449 3740 4512; x_wconf 59' lang='grc' dir='ltr'><strong>μηνοε-</strong></span> 
     </span>
    </p>
   </div>
   <div class='ocr_carea' id='block_1_107' title="bbox 2239 4536 3737 4617">
    <p class='ocr_par' dir='ltr' id='par_1_107' title="bbox 2239 4536 3737 4617">
     <span class='ocr_line' id='line_1_108' title="bbox 2239 4536 3737 4617; baseline -0.016 -11"><span class='ocrx_word' id='word_1_848' title='bbox 2239 4550 2332 4606; x_wconf 87' lang='lat' dir='ltr'><strong>dat</strong></span> <span class='ocrx_word' id='word_1_849' title='bbox 2364 4549 2689 4606; x_wconf 88' lang='lat' dir='ltr'><strong>desiderium</strong></span> <span class='ocrx_word' id='word_1_850' title='bbox 2728 4548 3017 4603; x_wconf 88' lang='lat' dir='ltr'><strong>voluntatis</strong></span> <span class='ocrx_word' id='word_1_851' title='bbox 3040 4588 3056 4614; x_wconf 86' lang='lat'><strong>,</strong></span> <span class='ocrx_word' id='word_1_852' title='bbox 3087 4556 3142 4602; x_wconf 91' lang='lat' dir='ltr'><strong>et</strong></span> <span class='ocrx_word' id='word_1_853' title='bbox 3182 4544 3429 4617; x_wconf 86' lang='lat' dir='ltr'><strong>paulatim</strong></span> <span class='ocrx_word' id='word_1_854' title='bbox 3471 4536 3650 4594; x_wconf 75' lang='lat' dir='ltr'><strong>effectus</strong></span> <span class='ocrx_word' id='word_1_855' title='bbox 3673 4538 3737 4596; x_wconf 83' lang='lat' dir='ltr'><strong>po-</strong></span> 
     </span>
    </p>
   </div>
   <div class='ocr_carea' id='block_1_108' title="bbox 2241 4619 3737 4715">
    <p class='ocr_par' dir='ltr' id='par_1_108' title="bbox 2241 4619 3737 4715">
     <span class='ocr_line' id='line_1_109' title="bbox 2241 4619 3737 4715; baseline -0.009 -17"><span class='ocrx_word' id='word_1_856' title='bbox 2241 4643 2446 4715; x_wconf 86' lang='lat' dir='ltr'><strong>testatis</strong></span> <span class='ocrx_word' id='word_1_857' title='bbox 2468 4640 2686 4696; x_wconf 89' lang='lat' dir='ltr'><strong>accedat</strong></span> <span class='ocrx_word' id='word_1_858' title='bbox 2710 4682 2724 4706; x_wconf 94' lang='lat'><strong>,</strong></span> <span class='ocrx_word' id='word_1_859' title='bbox 2752 4640 2870 4694; x_wconf 91' lang='lat' dir='ltr'><strong>aliis</strong></span> <span class='ocrx_word' id='word_1_860' title='bbox 2908 4639 3064 4693; x_wconf 91' lang='lat' dir='ltr'><strong>citius</strong></span> <span class='ocrx_word' id='word_1_861' title='bbox 3090 4679 3104 4703; x_wconf 92' lang='lat'><strong>,</strong></span> <span class='ocrx_word' id='word_1_862' title='bbox 3132 4638 3249 4692; x_wconf 84' lang='lat' dir='ltr'><strong>aliis</strong></span> <span class='ocrx_word' id='word_1_863' title='bbox 3278 4634 3466 4691; x_wconf 88' lang='lat' dir='ltr'><strong>tardius</strong></span> <span class='ocrx_word' id='word_1_864' title='bbox 3488 4671 3501 4695; x_wconf 88' lang='lat'><strong>,</strong></span> <span class='ocrx_word' id='word_1_865' title='bbox 3528 4619 3737 4685; x_wconf 69' lang='lat' dir='ltr'><strong>unicui‘l&#39;le</strong></span> 
     </span>
    </p>
   </div>
   <div class='ocr_carea' id='block_1_109' title="bbox 2241 4718 3740 4802">
    <p class='ocr_par' dir='ltr' id='par_1_109' title="bbox 2241 4718 3740 4802">
     <span class='ocr_line' id='line_1_110' title="bbox 2241 4718 3740 4802; baseline -0.014 -14"><span class='ocrx_word' id='word_1_866' title='bbox 2241 4733 2377 4788; x_wconf 92' lang='lat' dir='ltr'><strong>sicut</strong></span> <span class='ocrx_word' id='word_1_867' title='bbox 2397 4733 2652 4788; x_wconf 89' lang='lat' dir='ltr'><strong>Dominus</strong></span> <span class='ocrx_word' id='word_1_868' title='bbox 2671 4730 2837 4797; x_wconf 91' lang='lat' dir='ltr'><strong>dedit,</strong></span> <span class='ocrx_word' id='word_1_869' title='bbox 2857 4731 2944 4802; x_wconf 91' lang='lat' dir='ltr'><strong>qui</strong></span> <span class='ocrx_word' id='word_1_870' title='bbox 2964 4731 3112 4785; x_wconf 89' lang='lat' dir='ltr'><strong>solus</strong></span> <span class='ocrx_word' id='word_1_871' title='bbox 3142 4738 3317 4799; x_wconf 89' lang='lat' dir='ltr'><strong>potest</strong></span> <span class='ocrx_word' id='word_1_872' title='bbox 3332 4720 3542 4781; x_wconf 89' lang='lat' dir='ltr'><strong>hominis</strong></span> <span class='ocrx_word' id='word_1_873' title='bbox 3556 4718 3740 4785; x_wconf 62' lang='lat' dir='ltr'><strong>reparata</strong></span> 
     </span>
    </p>
   </div>
   <div class='ocr_carea' id='block_1_110' title="bbox 2242 4800 3737 4894">
    <p class='ocr_par' dir='ltr' id='par_1_110' title="bbox 2242 4800 3737 4894">
     <span class='ocr_line' id='line_1_111' title="bbox 2242 4800 3737 4894; baseline -0.021 -14"><span class='ocrx_word' id='word_1_874' title='bbox 2242 4824 2467 4880; x_wconf 89' lang='lat' dir='ltr'><strong>salutem</strong></span> <span class='ocrx_word' id='word_1_875' title='bbox 2494 4832 2651 4894; x_wconf 92' lang='lat' dir='ltr'><strong>atque</strong></span> <span class='ocrx_word' id='word_1_876' title='bbox 2676 4800 2886 4892; x_wconf 82' lang='lat' dir='ltr'><strong>augere</strong></span> <span class='ocrx_word' id='word_1_877' title='bbox 2906 4820 3016 4891; x_wconf 91' lang='lat' dir='ltr'><strong>jam</strong></span> <span class='ocrx_word' id='word_1_878' title='bbox 3060 4819 3321 4890; x_wconf 89' lang='lat' dir='ltr'><strong>perditam</strong></span> <span class='ocrx_word' id='word_1_879' title='bbox 3360 4825 3410 4872; x_wconf 95' lang='lat' dir='ltr'><strong>et</strong></span> <span class='ocrx_word' id='word_1_880' title='bbox 3434 4813 3605 4869; x_wconf 86' lang='lat' dir='ltr'><strong>donare</strong></span> <span class='ocrx_word' id='word_1_881' title='bbox 3623 4800 3737 4881; x_wconf 64' lang='lat' dir='ltr'><strong>etiant</strong></span> 
     </span>
    </p>
   </div>
   <div class='ocr_carea' id='block_1_111' title="bbox 2242 4898 3734 4986">
    <p class='ocr_par' dir='ltr' id='par_1_111' title="bbox 2242 4898 3734 4986">
     <span class='ocr_line' id='line_1_112' title="bbox 2242 4898 3734 4986; baseline -0.011 -16"><span class='ocrx_word' id='word_1_882' title='bbox 2242 4915 2346 4971; x_wconf 88' lang='lat' dir='ltr'><strong>hoc</strong></span> <span class='ocrx_word' id='word_1_883' title='bbox 2369 4956 2385 4981; x_wconf 91' lang='lat'><strong>,</strong></span> <span class='ocrx_word' id='word_1_884' title='bbox 2416 4924 2474 4971; x_wconf 90' lang='lat' dir='ltr'><strong>ut</strong></span> <span class='ocrx_word' id='word_1_885' title='bbox 2516 4915 2627 4985; x_wconf 91' lang='lat' dir='ltr'><strong>jam</strong></span> <span class='ocrx_word' id='word_1_886' title='bbox 2660 4915 2836 4986; x_wconf 89' lang='lat' dir='ltr'><strong>perire</strong></span> <span class='ocrx_word' id='word_1_887' title='bbox 2878 4927 2983 4967; x_wconf 90' lang='lat' dir='ltr'><strong>non</strong></span> <span class='ocrx_word' id='word_1_888' title='bbox 3033 4912 3216 4982; x_wconf 90' lang='lat' dir='ltr'><strong>possit.</strong></span> <span class='ocrx_word' id='word_1_889' title='bbox 3248 4910 3323 4966; x_wconf 78' lang='lat' dir='ltr'><strong>‘ln</strong></span> <span class='ocrx_word' id='word_1_890' title='bbox 3351 4922 3451 4981; x_wconf 92' lang='lat' dir='ltr'><strong>quo</strong></span> <span class='ocrx_word' id='word_1_891' title='bbox 3475 4898 3734 4986; x_wconf 50' lang='lat' dir='ltr'><strong>liberatam&quot;:I</strong></span> 
     </span>
    </p>
   </div>
   <div class='ocr_carea' id='block_1_112' title="bbox 2243 4973 3732 5072">
    <p class='ocr_par' dir='ltr' id='par_1_112' title="bbox 2243 4973 3732 5072">
     <span class='ocr_line' id='line_1_113' title="bbox 2243 4973 3732 5072; baseline -0.019 -10"><span class='ocrx_word' id='word_1_892' title='bbox 2243 5021 2469 5062; x_wconf 88' lang='lat' dir='ltr'><strong>numero</strong></span> <span class='ocrx_word' id='word_1_893' title='bbox 2497 5013 2580 5061; x_wconf 88' lang='lat' dir='ltr'><strong>est</strong></span> <span class='ocrx_word' id='word_1_894' title='bbox 2606 5014 2660 5059; x_wconf 91' lang='lat' dir='ltr'><strong>et</strong></span> <span class='ocrx_word' id='word_1_895' title='bbox 2689 5013 2904 5059; x_wconf 90' lang='lat' dir='ltr'><strong>sanctus</strong></span> <span class='ocrx_word' id='word_1_896' title='bbox 2935 5002 3088 5069; x_wconf 84' lang='lat' dir='ltr'><strong>Abel,</strong></span> <span class='ocrx_word' id='word_1_897' title='bbox 3122 5018 3277 5072; x_wconf 90' lang='lat' dir='ltr'><strong>quem</strong></span> <span class='ocrx_word' id='word_1_898' title='bbox 3309 4973 3432 5056; x_wconf 70' lang='lat' dir='ltr'><strong>dicis</strong></span> <span class='ocrx_word' id='word_1_899' title='bbox 3450 4996 3567 5050; x_wconf 89' lang='lat' dir='ltr'><strong>bene</strong></span> <span class='ocrx_word' id='word_1_900' title='bbox 3581 4973 3732 5039; x_wconf 80' lang='lat' dir='ltr'><strong>vivendi</strong></span> 
     </span>
    </p>
   </div>
   <div class='ocr_carea' id='block_1_113' title="bbox 2248 5078 3731 5164">
    <p class='ocr_par' dir='ltr' id='par_1_113' title="bbox 2248 5078 3731 5164">
     <span class='ocr_line' id='line_1_114' title="bbox 2248 5078 3731 5164; baseline -0.007 -11"><span class='ocrx_word' id='word_1_901' title='bbox 2248 5115 2356 5153; x_wconf 93' lang='lat' dir='ltr'><strong>non</strong></span> <span class='ocrx_word' id='word_1_902' title='bbox 2383 5098 2619 5153; x_wconf 90' lang='lat' dir='ltr'><strong>caruisse</strong></span> <span class='ocrx_word' id='word_1_903' title='bbox 2646 5096 2860 5151; x_wconf 87' lang='lat' dir='ltr'><strong>virtute.</strong></span> <span class='ocrx_word' id='word_1_904' title='bbox 2891 5093 3005 5149; x_wconf 88' lang='lat' dir='ltr'><strong>Non</strong></span> <span class='ocrx_word' id='word_1_905' title='bbox 3035 5095 3205 5149; x_wconf 90' lang='lat' dir='ltr'><strong>caruit</strong></span> <span class='ocrx_word' id='word_1_906' title='bbox 3227 5094 3395 5164; x_wconf 90' lang='lat' dir='ltr'><strong>plane,</strong></span> <span class='ocrx_word' id='word_1_907' title='bbox 3423 5085 3506 5144; x_wconf 89' lang='lat' dir='ltr'><strong>sed</strong></span> <span class='ocrx_word' id='word_1_908' title='bbox 3527 5078 3731 5164; x_wconf 63' lang='grc' dir='ltr'><strong>ροειίιιιξιπξ</strong></span> 
     </span>
    </p>
   </div>
   <div class='ocr_carea' id='block_1_114' title="bbox 2245 5154 3728 5264">
    <p class='ocr_par' dir='ltr' id='par_1_114' title="bbox 2245 5154 3728 5264">
     <span class='ocr_line' id='line_1_115' title="bbox 2245 5154 3728 5264; baseline -0.025 -15"><span class='ocrx_word' id='word_1_909' title='bbox 2245 5193 2427 5264; x_wconf 69' lang='lat' dir='ltr'><strong>coepit,</strong></span> <span class='ocrx_word' id='word_1_910' title='bbox 2451 5191 2524 5246; x_wconf 92' lang='lat' dir='ltr'><strong>illi</strong></span> <span class='ocrx_word' id='word_1_911' title='bbox 2545 5204 2666 5246; x_wconf 88' lang='lat' dir='ltr'><strong>esse</strong></span> <span class='ocrx_word' id='word_1_912' title='bbox 2689 5207 2701 5243; x_wconf 94' lang='lat'><strong>:</strong></span> <span class='ocrx_word' id='word_1_913' title='bbox 2725 5197 2880 5244; x_wconf 89' lang='lat' dir='ltr'><strong>antea</strong></span> <span class='ocrx_word' id='word_1_914' title='bbox 2902 5201 3048 5251; x_wconf 91' lang='lat' dir='ltr'><strong>vero,</strong></span> <span class='ocrx_word' id='word_1_915' title='bbox 3078 5185 3198 5256; x_wconf 87' lang='lat' dir='ltr'><strong>quis</strong></span> <span class='ocrx_word' id='word_1_916' title='bbox 3220 5195 3303 5241; x_wconf 89' lang='lat' dir='ltr'><strong>est</strong></span> <span class='ocrx_word' id='word_1_917' title='bbox 3327 5178 3529 5239; x_wconf 88' lang='lat' dir='ltr'><strong>mundus</strong></span> <span class='ocrx_word' id='word_1_918' title='bbox 3548 5187 3572 5226; x_wconf 85' lang='lat' dir='ltr'><strong>a</strong></span> <span class='ocrx_word' id='word_1_919' title='bbox 3594 5154 3728 5220; x_wconf 69' lang='lat' dir='ltr'><strong>sorde?</strong></span> 
     </span>
    </p>
   </div>
   <div class='ocr_carea' id='block_1_115' title="bbox 2243 5261 3728 5351">
    <p class='ocr_par' dir='ltr' id='par_1_115' title="bbox 2243 5261 3728 5351">
     <span class='ocr_line' id='line_1_116' title="bbox 2243 5261 3728 5351; baseline -0.014 -10"><span class='ocrx_word' id='word_1_920' title='bbox 2243 5261 2353 5341; x_wconf 81' lang='lat' dir='ltr'><strong>Nec</strong></span> <span class='ocrx_word' id='word_1_921' title='bbox 2384 5284 2590 5348; x_wconf 87' lang='lat' dir='ltr'><strong>infans,</strong></span> <span class='ocrx_word' id='word_1_922' title='bbox 2631 5281 2782 5351; x_wconf 90' lang='lat' dir='ltr'><strong>cujus</strong></span> <span class='ocrx_word' id='word_1_923' title='bbox 2826 5288 2909 5336; x_wconf 88' lang='lat' dir='ltr'><strong>est</strong></span> <span class='ocrx_word' id='word_1_924' title='bbox 2950 5278 3055 5334; x_wconf 90' lang='lat' dir='ltr'><strong>diei</strong></span> <span class='ocrx_word' id='word_1_925' title='bbox 3094 5279 3251 5334; x_wconf 91' lang='lat' dir='ltr'><strong>unius</strong></span> <span class='ocrx_word' id='word_1_926' title='bbox 3288 5278 3387 5332; x_wconf 88' lang='lat' dir='ltr'><strong>vita</strong></span> <span class='ocrx_word' id='word_1_927' title='bbox 3424 5280 3560 5339; x_wconf 88' lang='lat' dir='ltr'><strong>super</strong></span> <span class='ocrx_word' id='word_1_928' title='bbox 3592 5261 3728 5313; x_wconf 69' lang='lat' dir='ltr'><strong>lem“</strong></span> 
     </span>
    </p>
   </div>
   <div class='ocr_carea' id='block_1_116' title="bbox 2147 5352 3726 5456">
    <p class='ocr_par' dir='ltr' id='par_1_116' title="bbox 2147 5352 3726 5456">
     <span class='ocr_line' id='line_1_117' title="bbox 2147 5352 3726 5456; baseline -0.015 -20"><span class='ocrx_word' id='word_1_929' title='bbox 2147 5399 2153 5405; x_wconf 94' lang='grc'><strong>·</strong></span> <span class='ocrx_word' id='word_1_930' title='bbox 2247 5377 2380 5450; x_wconf 82' lang='lat' dir='ltr'><strong>(Job</strong></span> <span class='ocrx_word' id='word_1_931' title='bbox 2402 5393 2507 5444; x_wconf 80' lang='lat' dir='ltr'><strong>xw,</strong></span> <span class='ocrx_word' id='word_1_932' title='bbox 2531 5377 2587 5456; x_wconf 60' lang='lat'><strong>4,</strong></span> <span class='ocrx_word' id='word_1_933' title='bbox 2610 5389 2709 5430; x_wconf 80' lang='lat' dir='ltr'><strong>sec.</strong></span> <span class='ocrx_word' id='word_1_934' title='bbox 2736 5372 2938 5444; x_wconf 86' lang='lat' dir='ltr'><strong>LXX).</strong></span> <span class='ocrx_word' id='word_1_935' title='bbox 2968 5372 3323 5428; x_wconf 79' lang='lat' dir='ltr'><strong>Redimunmr</strong></span> <span class='ocrx_word' id='word_1_936' title='bbox 3338 5379 3470 5438; x_wconf 85' lang='lat' dir='ltr'><strong>ergo,</strong></span> <span class='ocrx_word' id='word_1_937' title='bbox 3492 5352 3726 5456; x_wconf 52' lang='lat' dir='ltr'><strong>quicumq?°</strong></span> 
     </span>
    </p>
   </div>
   <div class='ocr_carea' id='block_1_117' title="bbox 2248 5442 3723 5539">
    <p class='ocr_par' dir='ltr' id='par_1_117' title="bbox 2248 5442 3723 5539">
     <span class='ocr_line' id='line_1_118' title="bbox 2248 5442 3723 5539; baseline -0.012 -12"><span class='ocrx_word' id='word_1_938' title='bbox 2248 5442 2620 5538; x_wconf 76' lang='lat' dir='ltr'><strong>redimuntur,</strong></span> <span class='ocrx_word' id='word_1_939' title='bbox 2649 5467 2717 5523; x_wconf 91' lang='lat' dir='ltr'><strong>ab</strong></span> <span class='ocrx_word' id='word_1_940' title='bbox 2745 5482 2811 5523; x_wconf 89' lang='lat' dir='ltr'><strong>eo</strong></span> <span class='ocrx_word' id='word_1_941' title='bbox 2835 5442 2926 5539; x_wconf 91' lang='lat' dir='ltr'><strong>qui</strong></span> <span class='ocrx_word' id='word_1_942' title='bbox 2953 5466 3101 5524; x_wconf 84' lang='lat' dir='ltr'><strong>venit</strong></span> <span class='ocrx_word' id='word_1_943' title='bbox 3125 5479 3363 5537; x_wconf 67' lang='lat' dir='ltr'><strong>quaerere</strong></span> <span class='ocrx_word' id='word_1_944' title='bbox 3384 5453 3519 5532; x_wconf 89' lang='lat' dir='ltr'><strong>quod</strong></span> <span class='ocrx_word' id='word_1_945' title='bbox 3534 5442 3723 5522; x_wconf 60' lang='lat' dir='ltr'><strong>pedem:</strong></span> 
     </span>
    </p>
   </div>
   <div class='ocr_carea' id='block_1_118' title="bbox 2312 5665 2888 5728">
    <p class='ocr_par' dir='ltr' id='par_1_118' title="bbox 2312 5665 2888 5728">
     <span class='ocr_line' id='line_1_119' title="bbox 2312 5665 2888 5728; baseline -0.009 -6"><span class='ocrx_word' id='word_1_946' title='bbox 2312 5674 2330 5706; x_wconf 79' lang='grc' dir='ltr'>ί</span> <span class='ocrx_word' id='word_1_947' title='bbox 2363 5669 2524 5721; x_wconf 82' lang='lat' dir='ltr'><strong>Codex</strong></span> <span class='ocrx_word' id='word_1_948' title='bbox 2547 5675 2696 5728; x_wconf 83' lang='lat' dir='ltr'><strong>Port.,</strong></span> <span class='ocrx_word' id='word_1_949' title='bbox 2720 5665 2888 5718; x_wconf 72' lang='lat' dir='ltr'><strong>notuit.</strong></span> 
     </span>
    </p>
   </div>
   <div class='ocr_carea' id='block_1_119' title="bbox 2310 5732 3024 5794">
    <p class='ocr_par' dir='ltr' id='par_1_119' title="bbox 2310 5732 3024 5794">
     <span class='ocr_line' id='line_1_120' title="bbox 2310 5732 3024 5794; baseline -0.007 -10"><span class='ocrx_word' id='word_1_950' title='bbox 2310 5737 2331 5769; x_wconf 73' lang='grc' dir='ltr'><strong><em>ι</em></strong></span> <span class='ocrx_word' id='word_1_951' title='bbox 2363 5734 2436 5783; x_wconf 89' lang='lat' dir='ltr'><strong>sic</strong></span> <span class='ocrx_word' id='word_1_952' title='bbox 2456 5739 2563 5782; x_wconf 78' lang='lat' dir='ltr'><strong>uss.</strong></span> <span class='ocrx_word' id='word_1_953' title='bbox 2589 5739 2638 5781; x_wconf 83' lang='grc' dir='ltr'>ω</span> <span class='ocrx_word' id='word_1_954' title='bbox 2661 5732 2818 5794; x_wconf 78' lang='lat' dir='ltr'><strong>vign.,</strong></span> <span class='ocrx_word' id='word_1_955' title='bbox 2844 5733 3024 5781; x_wconf 77' lang='lat' dir='ltr'><strong>mstra.</strong></span> 
     </span>
    </p>
   </div>
   <div class='ocr_carea' id='block_1_120' title="bbox 2312 5795 3110 5868">
    <p class='ocr_par' dir='ltr' id='par_1_120' title="bbox 2312 5795 3110 5868">
     <span class='ocr_line' id='line_1_121' title="bbox 2312 5795 3110 5868; baseline 0 0"><span class='ocrx_word' id='word_1_956' title='bbox 2312 5797 2335 5868; x_wconf 64' lang='grc' dir='ltr'><strong><em>ἲ</em></strong></span> <span class='ocrx_word' id='word_1_957' title='bbox 2365 5795 2564 5868; x_wconf 57' lang='grc' dir='ltr'><strong>Ξίεξὲίεδλ</strong></span> <span class='ocrx_word' id='word_1_958' title='bbox 2586 5801 2638 5864; x_wconf 63' lang='lat'><strong>“3</strong></span> <span class='ocrx_word' id='word_1_959' title='bbox 2659 5795 3110 5868; x_wconf 48' lang='lat' dir='ltr'><strong>YiKP&#39;vﬂi’PWW&quot;;</strong></span> 
     </span>
    </p>
   </div>
   <div class='ocr_carea' id='block_1_121' title="bbox 2310 5852 3363 5915">
    <p class='ocr_par' dir='ltr' id='par_1_121' title="bbox 2310 5852 3363 5915">
     <span class='ocr_line' id='line_1_122' title="bbox 2310 5852 3363 5915; baseline -0.004 -9"><span class='ocrx_word' id='word_1_960' title='bbox 2310 5856 2335 5892; x_wconf 64' lang='grc'><strong><em>⁵</em></strong></span> <span class='ocrx_word' id='word_1_961' title='bbox 2367 5855 2506 5913; x_wconf 76' lang='lat' dir='ltr'><strong>Editi.</strong></span> <span class='ocrx_word' id='word_1_962' title='bbox 2527 5855 2698 5914; x_wconf 76' lang='lat' dir='ltr'><strong>faciat.</strong></span> <span class='ocrx_word' id='word_1_963' title='bbox 2715 5852 3031 5915; x_wconf 52' lang='lat' dir='ltr'><strong>&quot;CaStig&#39;antttr</strong></span> <span class='ocrx_word' id='word_1_964' title='bbox 3052 5852 3111 5903; x_wconf 85' lang='lat' dir='ltr'><strong>ad</strong></span> <span class='ocrx_word' id='word_1_965' title='bbox 3134 5858 3216 5904; x_wconf 81' lang='lat' dir='ltr'><strong>Ms.</strong></span> <span class='ocrx_word' id='word_1_966' title='bbox 3241 5856 3363 5902; x_wconf 74' lang='lat' dir='ltr'><strong>Fort.</strong></span> 
     </span>
    </p>
   </div>
   <div class='ocr_carea' id='block_1_122' title="bbox 2297 5937 2724 5996">
    <p class='ocr_par' dir='ltr' id='par_1_122' title="bbox 2297 5937 2724 5996">
     <span class='ocr_line' id='line_1_123' title="bbox 2297 5937 2724 5996; baseline -0.026 -8"><span class='ocrx_word' id='word_1_967' title='bbox 2297 5937 2616 5996; x_wconf 47' lang='lat' dir='ltr'><strong>“pb”;</strong></span> <span class='ocrx_word' id='word_1_968' title='bbox 2630 5950 2724 5980; x_wconf 47' lang='lat' dir='ltr'><strong>&quot;Si!</strong></span> 
     </span>
    </p>
   </div>
  </div>
