3980 6504
298 383 426 441 1521

291 502 383 571 qui
405 509 458 555 et
479 509 763 570 antequam
791 500 842 554 in
868 513 1030 556 carne
1051 501 1276 570 veniret,
1302 515 1397 571 per
1422 498 1578 555 fidem
1601 499 1766 569 ipsam
1791 513 1876 552 re-

288 592 490 660 demit,
539 611 638 665 qua
682 593 996 648 credebatur
1040 609 1159 650 esse
1207 603 1480 649 venturus.
1527 592 1878 647 Redimuntur

287 697 467 740 autem
514 687 565 740 in
610 685 908 741 libertatem
955 687 1294 742 beatitudinis
1339 687 1754 755 sempiternam,
1790 683 1876 738 tibi

281 775 394 847 jam
424 786 640 847 peccato
681 777 882 832 servire
928 795 1030 833 non
1076 781 1299 850 possint.
1333 778 1464 832 Nam
1490 779 1556 842 si,
1590 786 1645 831 ut
1673 776 1804 830 dicis
1832 777 1872 842 ¹,

284 869 417 925 boni
471 871 704 940 malique
759 872 1047 926 voluntarii
1106 871 1426 941 possibilitas
1491 869 1602 923 sola
1657 867 1874 922 libertas

283 972 403 1029 est;
465 983 484 1016 ι
539 981 644 1018 non
701 963 860 1019 habet
917 965 1212 1020 libertatem
1261 964 1430 1026 Deus,
1493 962 1544 1016 in
1589 975 1694 1031 quo
1747 975 1872 1033 pec-

282 1055 438 1109 candi
489 1055 812 1125 possibilitas
869 1071 972 1109 non
1028 1066 1128 1110 est.
1190 1054 1429 1108 Hominis
1478 1067 1604 1106 vero
1647 1051 1872 1104 liberum

278 1147 560 1202 arbitrium
581 1148 921 1216 congenitum
951 1156 1006 1202 et
1029 1145 1248 1200 omnino
1279 1143 1624 1200 inamissibile
1651 1142 1696 1196 si
1725 1157 1872 1212 qure-

279 1240 450 1295 rimus
475 1280 489 1305 ,
525 1239 654 1296 illud
684 1249 768 1295 est
793 1255 898 1310 quo
933 1239 1071 1294 beati
1100 1253 1285 1294 omnes
1314 1252 1432 1292 esse
1458 1237 1682 1304 volunt,
1712 1236 1872 1292 etiam

280 1331 333 1384 lii
367 1333 455 1400 qui
483 1348 545 1386 ea
575 1335 763 1388 nolunt
789 1348 906 1401 qua:
936 1332 1004 1386 ad
1030 1331 1410 1386 beatitudinem
1439 1329 1661 1384 ducunt.

351 1422 466 1478 XII.
495 1423 614 1479 JUL.
650 1423 883 1490 Deinde,
914 1433 971 1478 ut
1004 1432 1268 1492 przerupta
1291 1424 1310 1453 ²
1339 1421 1604 1491 opinionis
1638 1429 1746 1490 tua:
1787 1433 1873 1475 se-

276 1529 537 1584 quamur,
584 1517 974 1587 argumentaris
1015 1515 1102 1570 tali
1145 1515 1448 1570 conditione
1475 1514 1697 1568 liberum
1725 1512 1867 1567 arbi-

277 1607 439 1661 trium
483 1596 782 1662 ordinatum
831 1607 1022 1674 fuisse,
1052 1615 1108 1661 ut
1143 1607 1248 1661 vim
1279 1622 1427 1661 suam
1459 1605 1648 1660 merito
1673 1615 1869 1659 secutae

276 1698 566 1753 voluntatis
602 1700 898 1765 amitteret,
930 1708 984 1754 et
1010 1698 1276 1769 qualitatis
1316 1713 1472 1767 quam
1500 1695 1746 1766 elegisset
1771 1710 1866 1750 ne-

272 1792 614 1859 cessitatem,
659 1794 709 1846 in
747 1793 1009 1862 reliquum
1041 1793 1342 1847 sustineret.
1375 1790 1508 1845 Hinc
1532 1805 1658 1860 ergo
1685 1789 1808 1860 quid
1837 1805 1868 1844 τι

272 1885 432 1939 nobis
462 1885 720 1940 referatur
744 1886 978 1942 attende.
1011 1885 1217 1942 Siccine
1248 1895 1400 1956 putas
1425 1885 1694 1940 hominem
1717 1900 1870 1941 crea-

273 1987 410 2044 tum,
436 1989 492 2032 ut
520 1978 655 2032 hanc
679 1979 862 2032 electa:
883 1978 1151 2048 qualitatis
1175 1979 1545 2034 necessitatem
1568 1977 1620 2032 in
1643 1986 1866 2046 utraque

271 2078 428 2139 parte
457 2078 745 2138 pateretur,
773 2069 824 2124 id
851 2079 950 2133 est,
974 2079 1029 2124 ut
1055 2070 1099 2124 si
1125 2071 1320 2126 bonum
1346 2069 1619 2133 voluisset,
1642 2069 1866 2144 ulterius

268 2176 498 2231 peccare
529 2177 633 2216 non
666 2171 874 2232 posset;
908 2171 962 2216 et
1000 2163 1045 2217 si
1087 2163 1337 2233 elegisset
1381 2163 1573 2216 malum
1595 2202 1610 2227 ,
1642 2163 1777 2216 ultra
1807 2177 1865 2218 se

269 2255 563 2309 emendare
605 2255 884 2324 nequiret?
921 2271 986 2308 an
1029 2265 1086 2310 ut
1123 2255 1491 2310 tantummodo
1520 2255 1710 2308 malam
1739 2271 1862 2325 par-

268 2354 379 2402 tem
411 2348 534 2401 mali
577 2349 866 2402 necessitas
896 2357 1236 2417 sequeretur,
1283 2349 1334 2402 in
1367 2347 1502 2400 bona
1531 2356 1704 2401 autem
1733 2346 1862 2400 nihil

267 2437 378 2492 tale
407 2437 758 2506 contingeret,
793 2438 886 2492 sed
915 2453 1128 2508 semper
1154 2437 1402 2507 periculis
1426 2438 1738 2492 varietatum
1773 2452 1864 2506 pa-

259 2529 446 2584 teret?
475 2529 554 2583 Ex
598 2529 678 2584 his
716 2530 925 2584 duobus
969 2530 1242 2600 quodlibet
1283 2531 1479 2586 sumito
1520 2549 1534 2583 :
1577 2531 1622 2586 si
1663 2531 1862 2586 dixeris

271 2625 432 2678 talem
458 2623 644 2678 factam
671 2637 791 2680 esse
817 2633 1077 2688 naturam,
1106 2640 1223 2694 quas
1248 2625 1373 2701 mali
1402 2633 1602 2679 tantum
1631 2625 1864 2680 necessi-

271 2725 432 2772 tatem
462 2727 730 2786 pateretur
755 2736 767 2772 :
793 2717 922 2771 nulli
947 2717 1161 2772 dubium
1189 2718 1503 2782 remanebit,
1537 2717 1861 2772 teterrimam

265 2824 388 2864 eam
429 2807 668 2875 definiri,
700 2810 782 2864 cui
816 2809 1012 2880 pejoris
1045 2810 1212 2880 partis
1241 2811 1493 2866 violentia
1519 2811 1630 2867 sola
1661 2812 1860 2866 tribua-

267 2909 390 2966 tur;
425 2901 783 2971 probaturque
812 2902 980 2956 Adam
1012 2917 1223 2973 quoque
1249 2881 1404 2959 inalae
1432 2904 1595 2960 fuisse
1623 2913 1858 2970 naturae;

261 3003 322 3049 et
352 2995 549 3049 nullius
580 2996 877 3050 remanebit
905 2995 1223 3058 voluntarii,
1267 2998 1366 3052 sub
1409 3012 1510 3067 qua
1555 2996 1857 3063 delitescas,

263 3085 455 3140 umbra
482 3087 774 3141 commissi.
804 3086 895 3141 Sin
922 3095 1098 3141 autem
1128 3088 1444 3157 profitearis,
1471 3089 1633 3144 etiam
1661 3091 1712 3143 in
1736 3088 1860 3144 boni

261 3189 418 3248 parte
451 3179 590 3234 idem
623 3179 784 3234 fuisse
811 3189 1137 3246 secuturum,
1171 3180 1223 3234 id
1250 3190 1352 3247 est,
1385 3188 1442 3235 ut
1469 3182 1516 3238 si
1539 3181 1735 3236 bonum
1761 3197 1862 3237 vo-

262 3271 472 3337 luisset,
503 3273 721 3328 ulterius
748 3289 967 3343 peccare
995 3289 1100 3329 non
1130 3285 1307 3346 posset
1335 3293 1348 3329 :
1376 3276 1572 3344 refero,
1599 3274 1708 3330 Cur
1734 3291 1862 3348 ergo

262 3363 548 3434 peccavit?
575 3365 683 3418 Cur
713 3365 910 3420 nullam
952 3381 1140 3434 passus
1177 3374 1260 3421 est
1297 3349 1423 3420 boni
1466 3368 1858 3434 necessitatem,

263 3466 324 3508 ut
349 3455 554 3510 insidiis
576 3455 770 3510 diaboli
797 3458 1215 3526 impenetrabilis
1239 3467 1542 3530 appareret,
1569 3460 1659 3529 qui
1685 3459 1863 3530 aliquo

264 3556 544 3617 tempore,
594 3550 898 3619 priusquam
946 3560 1224 3620 peccaret,
1267 3552 1429 3606 fuisse
1466 3550 1722 3608 obediens
1753 3553 1864 3608 Deo

263 3640 572 3694 invenitur?
615 3639 798 3710 Neque
842 3643 984 3696 enim
1036 3640 1180 3696 illico
1222 3642 1362 3714 quod
1404 3642 1645 3712 ingressu
1672 3645 1864 3698 anima:

264 3729 427 3784 limus
453 3731 712 3800 intepuit,
744 3733 794 3785 in
826 3733 1117 3802 appetitum
1146 3733 1298 3788 mala:
1325 3734 1613 3789 voluntatis
1643 3735 1863 3792 exarsit.

267 3820 486 3891 Legitur
514 3823 786 3892 quinimo,
815 3823 881 3877 ad
913 3824 1171 3879 culturam
1204 3824 1432 3894 paradisi
1462 3826 1864 3897 custodiamque

269 3915 560 3970 translatus
603 3916 873 3987 accepisse
913 3927 1235 3988 prmceptum
1267 3933 1297 3971 a
1327 3918 1470 3984 Deo,
1521 3927 1576 3972 ut
1605 3919 1865 3974 universis

267 4008 529 4064 fructibus
556 4019 880 4076 vesceretur,
908 4010 1000 4064 sed
1027 4025 1056 4063 a
1080 4010 1222 4080 ligno
1248 4011 1486 4066 scientiae
1517 4011 1640 4065 boni
1670 4021 1722 4066 et
1749 4027 1863 4066 ma-

265 4101 335 4164 li,
367 4101 509 4156 dicto
539 4103 759 4158 audiens
785 4103 1097 4159 abstineret.
1122 4104 1422 4174 Antequam
1451 4120 1578 4175 ergo
1605 4105 1671 4160 de
1698 4107 1866 4162 latere

271 4194 387 4263 ejus
426 4210 621 4265 corpus
658 4195 978 4251 formaretur
1007 4197 1188 4251 uxoris
1208 4237 1221 4261 ,
1255 4196 1509 4252 obcdiens
1540 4199 1732 4253 mansit
1762 4199 1865 4253 im-

269 4289 438 4358 perio,
466 4289 662 4344 amoeni
691 4290 830 4343 ruris
857 4290 1030 4344 cultor
1051 4288 1071 4320 ³
1106 4289 1364 4345 innocuus
1392 4308 1404 4345 :
1437 4300 1555 4360 post
1585 4291 1687 4345 hoc
1714 4306 1860 4360 vero,

270 4382 593 4452 adjutorium
637 4383 826 4436 similis
865 4382 966 4436 sibi
1005 4382 1268 4437 consortis
1299 4384 1546 4438 emeruit.
1579 4369 1869 4439 Inculcavit

271 4491 468 4545 nempe
506 4475 604 4530 has
643 4475 1012 4530 distinctiones
1053 4484 1352 4544 temporum
1385 4476 1672 4545 Scriptura:
1712 4477 1863 4531 ﬁdes.

274 4566 560 4636 Postquam
597 4582 724 4621 vero
757 4567 866 4636 jam
907 4567 1007 4622 sibi
1045 4567 1322 4622 mulierem
1350 4566 1481 4620 vidit
1509 4576 1744 4637 paratam
1767 4609 1780 4634 ,
1813 4569 1866 4622 in

277 4668 482 4714 tantum
519 4671 783 4730 prmcepto
816 4659 909 4715 Dei
948 4659 1136 4715 sedulo
1176 4657 1529 4714 famulabatnr
1567 4659 1776 4726 ofﬁcio,
1811 4671 1868 4716 ut

274 4755 434 4809 etiam
464 4755 671 4810 feminae
699 4756 887 4824 legem,
919 4769 1078 4824 quam
1108 4765 1408 4824 acceperat,
1436 4755 1721 4810 intimaret.
1751 4756 1867 4812 Non

271 4849 447 4902 solum
480 4849 638 4919 igitur
665 4858 846 4904 custos
871 4848 1072 4914 divini,
1109 4847 1202 4903 sed
1231 4848 1391 4902 etiam
1422 4848 1735 4918 praadicator
1763 4849 1866 4904 imq-

273 4939 428 5008 pcrii,
457 4939 816 4995 condocefecit
844 4939 1010 4994 Evam
1036 4947 1091 4994 et
1115 4939 1466 4994 reverentiam
1491 4941 1864 5010 praecipientis,

274 5040 327 5086 et
351 5047 519 5103 genus
547 5032 840 5094 servitutis,
874 5041 927 5085 et
955 5046 1170 5086 causam
1201 5031 1425 5086 timoris.
1455 5031 1582 5087 Inde
1609 5041 1691 5086 est
1716 5033 1870 5102 quip-

276 5140 341 5194 pe
371 5123 511 5196 quod
542 5126 702 5181 etiam
743 5125 934 5180 mulier
961 5123 1329 5195 congredienti
1359 5124 1572 5180 diabolo
1601 5125 1868 5181 obluctata

273 5218 524 5285 sollicite,
552 5218 640 5274 cui
665 5217 795 5273 nihil
817 5219 957 5273 Deus
983 5217 1360 5287 imperaverat,
1385 5214 1580 5271 refellit
1605 5217 1869 5287 serpentis

275 5312 446 5384 prima
494 5313 668 5366 fronte
716 5311 1024 5377 mendacia,
1070 5319 1126 5366 et
1168 5309 1299 5366 dicit
1341 5325 1446 5366 non
1491 5311 1868 5366 abstinentiam

275 5404 514 5459 omnium
560 5404 861 5474 lignorum,
907 5403 1044 5457 sicut
1090 5403 1178 5458 ille
1220 5403 1586 5466 conlinxerat,
1624 5403 1715 5458 sed
1747 5419 1867 5459 cum

279 5495 538 5568 permissu
563 5495 844 5551 fertilitatis
868 5494 1130 5549 universa:
1155 5494 1310 5550 unius
1337 5503 1539 5548 tantum
1564 5495 1868 5550 mandatam

276 5589 574 5646 arbuscula:
615 5589 948 5654 cautionem,
993 5595 1300 5660 metumque
1345 5589 1534 5644 mortis
1578 5588 1866 5658 objectum,

341 5748 360 5778 ί
396 5747 686 5809 vignierius,
713 5753 832 5795 Nam
846 5742 889 5809 si
907 5749 958 5809 tu
977 5740 1116 5792 dicis.
1141 5748 1270 5802 Mss,
1294 5751 1414 5794 Nam
1434 5741 1495 5804 si,
1519 5748 1571 5794 ut
1587 5741 1726 5796 dicis.

340 5809 363 5843 ⁸
395 5807 470 5858 sic
489 5813 570 5858 Its.
597 5815 720 5870 Port.
736 5807 1024 5869 Vignierius,
1040 5811 1287 5870 prompta.

341 5871 366 5908 ³
393 5871 468 5922 Sic
499 5877 605 5923 Mss.
625 5869 744 5920 aditi
766 5880 907 5931 vero,
931 5873 1100 5919 custos.

1695 379 1896 436 LIBER
1935 378 2221 441 SEXTUS.

3429 387 3572 448 i523

1986 500 2076 568 qui
2102 503 2117 534 ¹
2145 507 2577 572 praevaricatores
2604 506 2722 578 jure
2761 517 3091 578 sequeretur.
3122 505 3235 562 Non
3265 523 3392 580 ergo
3420 509 3570 566 brevi

1986 600 2223 662 tempore
2265 609 2484 666 apparet
2528 598 2696 653 Adam
2745 597 3039 654 custodisse
3086 599 3424 664 mandatum;
3472 608 3570 655 sed

1982 683 2139 736 etiam
2167 685 2328 741 Evam
2354 705 2534 743 curant
2565 689 2862 745 devotionis
2889 690 3158 757 habuisse,
3187 707 3304 761 quae
3328 691 3566 746 scientiae

1981 785 2033 829 et
2053 775 2340 833 divinitatis
2362 797 2542 836 amore
2569 784 2800 852 collapsa
2823 795 2920 838 est.
2947 783 3055 838 Cur
3075 800 3200 853 ergo
3228 785 3312 838 illa
3335 784 3562 854 justitia,

1980 867 2067 922 illa
2095 869 2334 937 devotio,
2363 890 2480 942 quae
2511 875 2561 928 in
2592 875 2758 930 Adam
2789 877 2878 931 diu
2897 918 2912 941 ,
2943 878 2993 930 in
3023 877 3130 930 Eva
3157 877 3460 946 aliquandiu
3488 878 3569 931 vi-

1977 963 2122 1033 guit,
2157 979 2262 1018 non
2293 966 2483 1034 eripuit
2511 967 2849 1038 delinquendi
2878 968 3277 1038 possibilitatem
3297 1009 3311 1032 ,
3352 978 3410 1020 ut
3439 968 3567 1022 boni

1979 1055 2266 1110 necessitas
2296 1056 2726 1126 impenetrabiles
2755 1075 2847 1114 eos
2877 1059 3106 1113 suadelis
3144 1059 3385 1113 sontibus
3415 1059 3566 1113 exhi-

1979 1146 2167 1202 beret?
2206 1147 2442 1203 Fuerunt
2478 1165 2606 1221 ergo
2639 1149 2892 1220 quamdiu
2921 1152 3199 1205 voluerunt
3229 1150 3563 1214 obedientes,

1977 1255 2077 1295 nec
2107 1249 2283 1296 tamen
2312 1242 2658 1312 perdiderunt
2695 1245 2885 1300 merito
2925 1245 3222 1300 devotionis
3260 1245 3562 1299 facultatem

1977 1334 2356 1402 prmvaricandi
2389 1355 2401 1388 :
2430 1335 2658 1407 denique
2687 1338 2819 1408 lapsi
2850 1349 2974 1393 sunt
3003 1337 3152 1409 (Gen.
3181 1354 3216 1393 ll
3243 1347 3288 1392 et
3314 1335 3392 1410 Ill)
3424 1355 3436 1390 :
3469 1335 3565 1405 igi-

1976 1431 2064 1478 tur
2090 1435 2142 1480 et
2170 1436 2514 1498 posteaquam
2549 1439 2927 1497 peccaverunt,
2969 1430 3308 1484 manifestum
3341 1440 3423 1483 est
3466 1444 3562 1481 ne-

1975 1530 2237 1585 quaquam
2267 1533 2360 1572 eos
2396 1519 2634 1589 potuisse
2672 1519 2776 1574 vim
2816 1521 3163 1576 correctionis
3200 1520 3464 1573 amittere.
3498 1518 3566 1572 Et

1975 1607 2094 1662 ideo
2123 1619 2179 1663 ut
2205 1611 2255 1664 in
2283 1611 2530 1666 omnibus
2555 1611 2706 1678 locis,
2732 1611 2819 1666 hic
2839 1626 3051 1681 quoque
3076 1619 3241 1664 totum
3268 1608 3409 1680 quod
3433 1623 3564 1664 eon-

1975 1700 2203 1758 ﬁnxeras
2247 1703 2522 1773 perdidisti
2556 1722 2570 1757 :
2600 1705 2722 1775 quia
2768 1712 3043 1774 peccatum
3088 1701 3219 1758 illud
3263 1703 3560 1772 primorum

1974 1793 2246 1850 hominum
2291 1811 2390 1852 nec
2433 1796 2661 1851 ullorum
2691 1794 2820 1851 fecit
2847 1796 3131 1852 criminum
3163 1795 3558 1858 necessitatem,

1972 1902 2070 1942 nec
2101 1889 2309 1942 transiit
2338 1889 2392 1943 in
2420 1899 2692 1954 naturam;
2723 1889 2860 1943 sicut
2882 1888 3084 1958 justitia
3114 1902 3233 1957 qua:
3262 1884 3557 1956 praecessit,

1970 1995 2072 2036 nec
2097 1983 2350 2035 virtutum
2379 1981 2554 2035 intulit
2581 1981 2979 2048 necessitatem,
3011 1994 3109 2034 nec
3133 1978 3236 2034 sibi
3263 1978 3376 2033 vias
3399 1975 3563 2032 semi-

1970 2090 2095 2128 num
2121 2074 2424 2129 vindicavit.

2041 2168 2177 2223 Anc.
2207 2167 2397 2221 Totum
2438 2167 2578 2238 quod
2617 2167 2818 2223 tamdiu
2855 2176 2909 2222 et
2945 2174 3090 2221 tanta
3118 2166 3402 2222 verborum
3434 2179 3561 2234 per-

1970 2256 2220 2326 plexitate
2248 2259 2448 2323 dixisti,
2477 2259 2712 2315 breviter
2739 2259 2816 2313 sic
2844 2266 3020 2330 potest
3046 2258 3170 2313 dici.
3199 2257 3326 2320 Cur,
3359 2257 3555 2325 inquis,

1969 2349 2138 2404 Adam
2161 2350 2297 2405 male
2318 2351 2524 2420 agendo
2545 2350 2772 2420 perdidit
2793 2363 2952 2421 posse
2981 2349 3118 2404 bene
3143 2363 3321 2418 agere,
3345 2357 3398 2402 et
3417 2347 3558 2403 bene

1967 2443 2116 2512 prius
2142 2444 2346 2515 agendo
2375 2459 2480 2498 non
2510 2443 2740 2513 perdidit
2783 2457 2941 2513 posse
2979 2443 3238 2512 peccare?
3267 2442 3334 2499 Et
3363 2441 3440 2496 vis
3471 2441 3557 2495 in-

1968 2536 2128 2606 telligi
2149 2577 2164 2602 ,
2193 2537 2237 2590 si
2266 2537 2336 2590 ita
2363 2545 2474 2604 cst,
2503 2537 2772 2592 hominem
2805 2552 2910 2590 non
2940 2536 3127 2602 bonaa,
3159 2535 3252 2590 sed
3292 2534 3445 2589 mala:
3475 2534 3556 2589 fa-

1966 2636 2110 2681 ctum
2141 2626 2303 2682 fuisse
2328 2638 2530 2682 natura:
2550 2667 2566 2693 ,
2595 2627 2646 2682 in
2673 2643 2779 2698 quo
2804 2627 2922 2696 plus
2947 2625 3112 2681 valuit
3138 2625 3278 2680 actio
3301 2624 3460 2687 mala,
3487 2638 3560 2681 ne

1965 2729 2148 2791 posset
2176 2735 2336 2792 agere
2360 2721 2519 2788 bene,
2551 2736 2708 2792 quam
2731 2720 2876 2774 actio
2903 2719 3038 2774 bona
3056 2760 3069 2783 ,
3099 2734 3166 2774 ne
3195 2727 3374 2789 posset
3397 2732 3558 2788 agere

1966 2811 2128 2866 male.
2153 2811 2346 2866 Posses
2377 2812 2478 2867 isto
2503 2812 2662 2867 modo
2687 2811 2865 2866 dicere
2885 2854 2898 2877 ,
2930 2812 3070 2865 male
3097 2810 3258 2865 fuisse
3284 2809 3559 2864 hominem

1966 2917 2088 2958 cum
2116 2901 2284 2958 oculis
2311 2911 2547 2957 creatum
2568 2941 2586 2966 ,
2608 2902 2730 2972 quia
2759 2917 2879 2956 cum
2909 2917 3004 2958 eos
3031 2901 3375 2965 exstinxerit,
3421 2899 3478 2952 fit
3501 2898 3559 2954 in

1967 2994 2060 3049 illo
2087 3004 2145 3050 ut
2172 3010 2278 3050 non
2309 2995 2477 3066 possit
2509 2995 2722 3059 videre;
2751 2994 2978 3048 videndo
3019 3003 3198 3048 autem
3235 3009 3341 3046 non
3382 2993 3433 3046 in
3465 2991 3560 3047 illo

1967 3086 2164 3142 factum
2192 3097 2276 3143 est
2303 3097 2361 3142 ut
2387 3102 2482 3142 eos
2521 3103 2626 3141 non
2667 3097 2847 3156 posset
2884 3085 3220 3154 exstinguere
3249 3103 3261 3138 :
3291 3094 3382 3138 aut
3418 3084 3560 3140 male

1965 3177 2129 3234 fuisse
2157 3186 2326 3234 totum
2352 3193 2546 3248 corpus
2571 3178 2805 3232 hominis
2829 3177 3102 3232 conditum
3123 3218 3137 3239 ,
3168 3177 3288 3246 quia
3321 3177 3373 3230 in
3407 3184 3562 3244 pote-

1965 3278 2105 3326 state
2131 3269 2290 3325 habet
2317 3279 2374 3324 ut
2401 3271 2514 3339 ipse
2539 3285 2599 3324 se
2625 3278 2798 3335 necet,
2827 3283 2924 3323 nec
2951 3268 3109 3322 habet
3135 3269 3186 3322 in
3217 3276 3476 3337 potestate
3504 3274 3564 3322 ut

1966 3375 2026 3416 se
2052 3362 2168 3431 ipse
2195 3361 2510 3427 resuscitet;
2541 3369 2596 3416 et
2621 3361 2678 3416 fit
2698 3362 2719 3392 ²
2746 3361 2800 3414 in
2828 3375 2894 3416 eo
2922 3376 3016 3430 per
3037 3370 3261 3415 mortem
3287 3371 3342 3414 ut
3368 3375 3428 3417 se
3451 3376 3564 3417 non

1969 3457 2138 3526 possit
2160 3457 2446 3522 vivificare,
2474 3470 2573 3511 nec
2601 3459 2660 3509 fit
2685 3454 2737 3509 in
2765 3469 2830 3509 eo
2858 3471 2951 3524 per
2973 3454 3132 3508 vitam
3152 3463 3208 3508 ut
3229 3469 3288 3508 se
3310 3469 3413 3508 non
3437 3469 3563 3524 pos-

1969 3549 2038 3604 sit
2063 3549 2323 3604 oceidere.
2356 3547 2509 3616 Quod
2537 3548 2583 3601 si
2613 3562 2716 3602 non
2743 3547 2896 3611 dicis,
2927 3547 3174 3616 quoniam
3201 3547 3376 3601 cernis
3400 3561 3564 3617 quam

1968 3644 2040 3700 sit
2067 3643 2361 3707 insulsum;
2390 3657 2486 3697 cur
2511 3641 2706 3695 malam
2733 3640 2866 3695 dicis
2894 3640 3060 3694 Deum
3089 3655 3301 3695 creasse
3331 3639 3564 3695 hominis

1971 3747 2234 3803 naturam,
2265 3737 2308 3791 si
2336 3734 2462 3790 fecit
2487 3735 2538 3788 in
2565 3749 2629 3789 eo
2653 3733 2792 3787 mala
2818 3732 3064 3786 voluntas
3089 3747 3156 3787 ne
3180 3732 3356 3788 redire
3381 3739 3564 3802 posset

1969 3829 2038 3884 ad
2077 3829 2273 3883 bonum
2297 3869 2311 3892 ,
2344 3827 2587 3897 quamvis
2614 3825 2666 3880 in
2693 3839 2759 3879 eo
2786 3840 2892 3878 non
2925 3823 3109 3878 fecerit
3141 3825 3388 3879 voluntas
3422 3823 3566 3880 bona

1971 3931 2030 3976 ut
2055 3921 2132 3976 ire
2161 3936 2265 3975 non
2298 3926 2480 3990 posset
2507 3919 2558 3973 in
2587 3917 2825 3972 malum?
2850 3917 2982 3972 Cum
3010 3917 3182 3973 libero
3211 3918 3353 3973 enim
3381 3918 3460 3972 sic
3481 3926 3568 3973 est

1971 4023 2182 4069 creatus
2207 4012 2444 4078 arbitrio,
2474 4019 2531 4065 ut
2556 4018 2737 4080 posset
2759 4024 2863 4063 non
2890 4024 3134 4078 peccare,
3158 4009 3204 4064 si
3228 4009 3428 4076 nollet;
3454 4024 3564 4064 non

1971 4113 2031 4160 ut
2055 4106 2100 4160 si
2131 4104 2321 4170 vellet,
2356 4105 2569 4174 impune
2599 4109 2866 4172 peccaret.
2908 4101 3044 4167 Quid
3085 4116 3212 4171 ergo
3255 4101 3477 4163 mirum,
3517 4101 3568 4155 si

1971 4197 2348 4268 delinquendo,
2374 4196 2476 4251 hoc
2497 4204 2597 4260 est,
2622 4194 2996 4250 rectitudinem
3022 4209 3172 4250 suam
3195 4195 3244 4249 in
3271 4210 3372 4265 qua
3399 4193 3568 4250 factus

1971 4300 2086 4347 erat
2113 4291 2491 4361 depravatione
2515 4289 2537 4320 ³
2570 4289 2846 4357 mutando,
2874 4305 2997 4344 cum
3036 4288 3293 4359 supplicio
3319 4296 3563 4344 secutum

1972 4393 2056 4440 est
2090 4400 2196 4438 non
2229 4397 2386 4452 posse
2413 4391 2557 4437 recta
2586 4384 2784 4453 agere?
2812 4381 3075 4450 Quamdiu
3116 4396 3244 4436 vero
3282 4381 3334 4435 in
3376 4379 3565 4436 eadem

1973 4474 2291 4531 rectitudine
2319 4473 2496 4538 stetit,
2529 4473 2582 4528 in
2622 4490 2726 4544 qua
2765 4482 2974 4543 poterat
3012 4487 3119 4527 non
3160 4487 3414 4542 peccare,
3447 4471 3571 4527 ideo

1971 4583 2077 4623 non
2122 4567 2327 4636 accepit
2369 4565 2542 4636 majus
2584 4565 2810 4634 aliquid,
2845 4565 2947 4620 hoc
2976 4573 3088 4632 cst,
3116 4578 3225 4618 non
3257 4579 3413 4632 posse
3439 4577 3568 4633 pec-

1973 4675 2118 4725 care,
2151 4659 2272 4728 quia
2302 4659 2355 4712 in
2381 4673 2446 4712 eo
2473 4656 2612 4725 quod
2644 4655 2846 4720 habuit,
2880 4671 2987 4710 non
3019 4671 3183 4726 usque
3208 4654 3276 4710 ad
3301 4656 3458 4710 finem
3485 4669 3573 4710 re-

1972 4749 2359 4807 munerationis
2385 4748 2550 4803 voluit
2580 4762 2912 4818 permanere.
2946 4746 3098 4814 Quod
3127 4746 3268 4800 enim
3299 4746 3574 4814 accepturi

1973 4853 2092 4900 sunt
2117 4842 2307 4906 sancti,
2331 4845 2422 4912 qui
2449 4841 2501 4895 in
2522 4841 2699 4894 futuro
2721 4838 2919 4894 saeculo
2945 4839 2994 4891 in
3017 4853 3244 4908 corpore
3264 4836 3426 4891 futuri
3448 4845 3574 4892 sunt

1974 4936 2236 5008 spirituali
2261 4977 2275 5002 ,
2307 4935 2425 4990 sine
2466 4935 2766 4988 interventu
2812 4932 2998 4986 mortis
3041 4929 3214 4986 fuerat
3253 4940 3572 5000 accepturus

1975 5028 2144 5083 Adam
2165 5069 2179 5093 ,
2209 5037 2268 5082 ut
2295 5025 2589 5082 ascendens
2618 5025 2684 5080 ab
2710 5039 2775 5079 eo
2801 5023 2938 5092 quod
2971 5031 3152 5092 posset
3178 5038 3284 5077 non
3318 5024 3473 5091 mori,
3503 5022 3571 5077 ad

1976 5119 2028 5174 id
2059 5118 2363 5189 perveniret
2394 5117 2481 5171 ubi
2523 5131 2626 5170 non
2669 5124 2848 5185 posset
2889 5115 3057 5181 mori;
3089 5123 3143 5170 et
3168 5113 3463 5169 ascendens
3503 5114 3572 5171 ab

1975 5228 2041 5268 eo
2066 5211 2206 5283 quod
2234 5228 2338 5266 non
2367 5225 2589 5281 peccare
2611 5218 2813 5279 posset,
2842 5207 2907 5263 ad
2936 5208 2988 5264 id
3011 5208 3315 5278 perveniret
3336 5206 3424 5261 ubi
3449 5220 3573 5274 pcc-
3659 5232 3664 5236 -

1975 5321 2097 5360 care
2124 5319 2229 5358 non
2258 5311 2458 5373 posset.
2481 5301 2597 5357 Non
2621 5301 2817 5373 quippe
2842 5299 2894 5354 in
2921 5313 3148 5368 corpore
3169 5295 3450 5366 Spirituali,
3473 5295 3570 5349 sed

1975 5397 2028 5452 in
2053 5395 2268 5451 animali
2297 5395 2465 5450 factus
2490 5402 2625 5460 erat,
2647 5392 2890 5464 quamvis
2910 5391 3011 5444 nisi
3036 5397 3325 5458 peccasset,
3350 5387 3570 5442 minime

1976 5490 2255 5544 morituro.
2283 5487 2441 5555 Quia,
2469 5487 2606 5542 sicut
2629 5486 2756 5541 dicit
2783 5482 3088 5554 Apostolus,
3121 5479 3243 5535 Non
3268 5481 3408 5550 prius
3433 5481 3570 5548 quod

1975 5583 2238 5655 spirituale
2286 5591 2396 5649 est,
2445 5581 2534 5636 sed
2577 5579 2713 5652 quod
2755 5576 3009 5640 animale;
3053 5584 3264 5645 postea,
3305 5573 3571 5646 spiritum

2039 5741 2058 5772 ⁸
2094 5746 2250 5796 Forte,
2274 5749 2399 5798 quae.

2039 5803 2060 5868 ξ
2092 5793 2477 5868 Vignierius,sit.
2501 5793 2726 5868 Mss.,_ﬁt.
2786 5839 2836 5868 _.

2043 5864 2064 5898 ³
2094 5854 2231 5923 aditi,
2255 5863 2316 5912 de
2354 5854 2763 5923 prwvaricatione.
2786 5854 3107 5909 Emendantur
3126 5869 3196 5909 ex
3219 5862 3323 5911 Mn.
