3958 6466
205 598 296 655 ubi
327 608 434 653 non
461 588 600 666 quod
630 582 1046 659 volebatagebat
1064 582 1289 651 bonum,
1316 579 1411 638 sed
1435 577 1628 634 malum
1653 574 1797 646 quod

203 690 396 747 oderat
419 682 667 742 faciebat.
700 679 899 737 Verum
929 674 1252 734 documento
1278 668 1607 729 cvidentiore
1632 666 1801 721 vinei-

204 783 361 850 mini,
396 790 501 837 tam
540 772 741 850 grande
768 781 1043 846 peccatum
1076 767 1203 825 illud
1242 765 1403 822 fuisse
1432 758 1589 835 primi
1626 757 1800 850 homi-

206 847 356 940 nis,
385 881 444 928 ut
484 847 632 926 omni
697 860 945 923 violentia
1001 854 1400 919 consuetudinis
1442 860 1587 911 esset
1635 847 1805 920 majus

205 976 267 1023 et
309 963 480 1037 pejus,
526 974 648 1017 cum
691 957 844 1014 vobis
906 953 1246 1028 proferuntur
1300 947 1436 1003 mala
1483 954 1804 1017 puerorum,

207 1035 333 1132 quae
379 1035 565 1127 utique
608 1055 660 1110 in
696 1048 943 1124 paradiso
985 1042 1155 1103 futura
1201 1057 1307 1100 non
1362 1038 1604 1102 fuissent,
1654 1035 1700 1091 si
1753 1042 1808 1088 ut

207 1128 341 1210 inde
366 1165 471 1207 non
512 1145 819 1220 pelleretur,
871 1142 926 1198 in
975 1154 1037 1197 ea
1086 1133 1416 1195 rectitudinis
1457 1130 1724 1193 felicitate.
1756 1128 1811 1184 in

212 1261 322 1317 qua
369 1244 502 1299 facta
558 1253 640 1297 est
697 1246 881 1294 natura
936 1230 1189 1297 humana,
1239 1225 1543 1283 mansisset.
1589 1221 1719 1278 Nam
1757 1230 1816 1277 ut
1864 1270 1869 1273 .

217 1314 345 1393 talia
372 1345 642 1391 taceamus
671 1374 686 1400 ,
725 1345 846 1402 qua:
875 1324 1074 1397 aliquot
1109 1318 1243 1378 locis
1276 1318 1386 1391 jam
1444 1314 1673 1373 diximus
1695 1356 1708 1378 ,
1764 1322 1818 1369 et

215 1440 275 1485 ut
336 1442 441 1484 non
509 1419 682 1480 solum
736 1419 1040 1484 indoctam,
1088 1429 1274 1470 verum
1322 1411 1482 1468 etiam
1534 1404 1817 1463 indocilem

218 1529 607 1593 prmtcreamus
660 1511 934 1571 infantiam
987 1527 1001 1565 :
1051 1522 1228 1564 nonne
1269 1500 1457 1575 aliquis
1504 1514 1635 1571 puer
1680 1499 1823 1553 acci-

218 1588 379 1685 piens
425 1626 456 1665 a
508 1608 762 1680 magistro
799 1602 942 1677 quod
1001 1599 1256 1657 memoria
1303 1594 1590 1659 retineret,
1636 1588 1822 1646 volens

221 1683 411 1759 tenere
438 1716 534 1756 nec
560 1698 764 1760 valens,
798 1696 840 1751 si
867 1699 1055 1767 posset
1077 1688 1276 1755 dicere,
1297 1684 1572 1743 verissime
1595 1683 1819 1748 diceret,

227 1795 397 1848 Video
428 1791 583 1846 aliam
609 1789 780 1861 legem
813 1786 868 1841 in
900 1784 1075 1839 anima
1110 1796 1228 1836 mea
1251 1822 1265 1848 ,
1299 1782 1679 1849 repugnantem
1722 1772 1823 1844 legi

222 1883 520 1940 voluntatis
556 1894 711 1948 mete,
751 1884 807 1935 et
845 1875 1199 1948 captivantem
1226 1884 1312 1927 me
1347 1869 1444 1926 sub
1486 1866 1601 1940 iege
1630 1862 1826 1921 ferula-

222 1994 371 2044 rum,
401 1992 520 2049 qua:
564 1972 805 2031 imminet
830 1967 1085 2026 membris
1117 1963 1288 2021 meis?
1315 1962 1477 2020 Miser
1504 1976 1602 2031 ego
1643 1959 1823 2025 homo,

222 2070 353 2141 quis
383 2046 468 2124 me
512 2064 757 2121 liberabit
788 2062 855 2117 de
892 2070 1118 2130 corpore
1162 2055 1350 2112 mortis
1387 2049 1584 2123 hujus?
1622 2046 1828 2120 Corpus

224 2140 375 2219 cnim
407 2156 750 2229 corruptibile
776 2158 1021 2226 aggravet
1049 2148 1301 2213 animam,
1334 2155 1392 2202 ut
1420 2140 1558 2216 quod
1579 2143 1694 2199 vult
1720 2157 1831 2197 me-

226 2254 404 2309 moria
436 2259 638 2315 tenere,
670 2258 777 2302 non
805 2242 991 2318 possit.
1036 2234 1102 2297 Et
1130 2238 1328 2297 delrec
1353 2230 1680 2307 corruptibili
1708 2248 1829 2289 cor-

227 2358 366 2415 pore
394 2343 512 2414 quis
534 2340 745 2405 llberat,
779 2335 879 2392 nisi
914 2335 1087 2407 gratia
1115 2330 1209 2388 Dei
1236 2344 1331 2402 per
1355 2328 1535 2385 Jesum
1560 2324 1832 2381 Christum

230 2437 521 2494 Dominum
566 2431 850 2488 nostrum?
877 2429 990 2484 sive
1029 2438 1151 2482 cum
1196 2422 1299 2481 hoc
1327 2432 1503 2489 exuta,
1557 2419 1835 2489 redempta

232 2526 436 2587 Christi
466 2524 723 2598 sanguine
755 2523 931 2577 anima
958 2517 1266 2591 requiescit,
1295 2514 1408 2573 sive
1430 2528 1549 2570 cum
1574 2511 1834 2583 corrupti-

238 2621 350 2679 bile
379 2621 477 2677 hoe
501 2617 685 2675 induet
705 2614 1161 2685 incorruptionem
1184 2611 1227 2683 (ι
1248 2611 1365 2665 Cor.
1390 2620 1481 2675 xv,
1511 2605 1627 2678 55),
1647 2614 1701 2662 ct
1719 2613 1839 2676 post

242 2700 509 2772 aerumnas
535 2708 776 2782 corporis
806 2706 1001 2764 mortui
1044 2713 1262 2778 propter
1305 2710 1581 2776 peccatum
1607 2699 1839 2756 viviﬁca-

239 2806 445 2861 buntur
473 2812 527 2861 et
550 2814 776 2873 corpora
809 2794 1053 2857 mortalia
1084 2805 1268 2853 nostra
1317 2808 1413 2867 per
1455 2793 1838 2850 inhabitantem

235 2897 439 2955 Christi
470 2894 722 2967 Spiritum
748 2892 800 2947 in
833 2889 1008 2947 nobis.
1055 2886 1254 2945 Contra
1295 2886 1447 2958 cujus
1488 2884 1731 2967 gratiam,
1777 2880 1842 2938 li-

236 2989 389 3045 berm
412 2962 697 3043 voluntatis
727 2982 1005 3039 arbitrium
1048 2980 1086 3048 ί,
1130 2978 1331 3051 peccati
1365 2962 1614 3033 ancillam
1646 2973 1841 3030 volun-

241 3088 409 3136 tatem
436 3075 740 3134 defenditis.
769 3075 880 3131 Nos
903 3081 1079 3130 autem
1098 3086 1125 3126 a
1146 3066 1440 3127 Manichaee
1457 3067 1610 3141 longe
1633 3083 1839 3135 sumus,

238 3174 335 3245 qui
361 3180 565 3228 natura!
592 3169 747 3227 bona:
772 3164 885 3225 sive
915 3169 966 3222 in
993 3160 1305 3238 grandibus,
1336 3163 1450 3220 sive
1486 3161 1539 3219 in
1585 3154 1839 3234 parvulis,

172 3299 185 3305 -
240 3273 302 3324 et
325 3265 513 3321 vitium
537 3264 856 3320 conﬁtemur
882 3268 938 3317 et
961 3258 1249 3315 medicum.

316 3356 457 3415 XIV.
495 3350 613 3413 Jun.
662 3354 754 3412 Sic
794 3350 1058 3426 disputavi
1103 3338 1383 3418 hactenus,
1410 3354 1467 3405 ut
1492 3364 1610 3404 mos
1646 3356 1844 3402 nostra:

242 3450 370 3508 fidei
401 3446 700 3521 postulabat
729 3462 742 3499 :
774 3458 960 3500 verum
986 3456 1090 3498 non
1119 3441 1220 3497 hac
1246 3440 1416 3497 solum
1447 3444 1595 3512 parte
1621 3446 1846 3494 conten-

245 3552 354 3611 tus,
384 3556 536 3614 agam
564 3548 737 3598 tecum
767 3538 1018 3609 benigne,
1051 3544 1105 3592 et
1139 3528 1385 3603 consulto
1412 3548 1529 3590 eam
1556 3529 1687 3588 mihi
1726 3547 1849 3603 per-

245 3650 435 3694 sonam
474 3633 711 3702 induam,
744 3644 863 3704 qum
890 3628 1236 3702 praeceptoris
1267 3628 1338 3683 tui
1364 3624 1642 3682 sententia:
1669 3622 1848 3679 favere

247 3731 516 3785 videatur.
555 3724 666 3783 Hoc
695 3733 873 3780 autem
904 3736 965 3777 ea
1003 3718 1172 3792 gratia
1223 3716 1333 3784 fiet,
1387 3726 1445 3772 ut
1495 3722 1551 3771 tn
1596 3713 1647 3770 in
1681 3705 1848 3770 Mani-

250 3820 482 3887 citatum,
510 3819 555 3874 sl
585 3817 652 3874 ab
682 3829 747 3872 eo
772 3813 1021 3881 dissides,
1059 3802 1367 3883 oppugnare
1393 3804 1621 3880 cogaris.
1651 3807 1846 3862 Asser-

254 3913 385 3971 tioni
413 3911 606 3983 quippe
632 3917 830 3965 nostra:
859 3904 993 3961 nihil
1023 3904 1230 3959 astutia:
1272 3901 1450 3956 inesse
1475 3898 1576 3955 hoc
1615 3899 1730 3969 ipso
1755 3894 1853 3953 do—

256 3982 481 4070 sebitur,
509 4004 631 4058 cum
658 3999 1028 4057 Traducianus
1049 4010 1156 4051 non
1182 3994 1403 4058 invehit,
1428 4007 1535 4063 quo
1557 3982 1850 4047 Manichaee

196 4167 201 4170 _
253 4096 425 4154 rossit
465 4095 749 4150 obsistere.
794 4091 974 4162 itaque
1017 4084 1298 4160 apparebit
1343 4094 1537 4157 quanta
1584 4080 1722 4140 inter
1756 4099 1854 4141 vos

258 4190 555 4262 coniuratio
598 4186 687 4263 sit,
727 4198 887 4257 quam
918 4179 1213 4254 procuretis
1263 4177 1460 4235 mutuis
1488 4186 1676 4234 cuncta
1708 4192 1855 4233 eom-

256 4282 486 4355 pendlis,
517 4278 731 4353 quando
760 4275 902 4332 inter
925 4288 1020 4330 vos
1035 4271 1266 4344 iurgium
1294 4266 1514 4326 excitari
1539 4282 1644 4324 non
1665 4276 1855 4339 potue-

257 4376 348 4432 rit.
380 4374 496 4442 Quo
537 4370 699 4445 igitur
730 4366 784 4426 id
809 4380 896 4424 me
925 4364 1151 4424 eorrsiiio
1179 4363 1468 4434 arripuisse
1505 4359 1850 4428 ostenderim,

255 4468 440 4524 animo
470 4465 683 4522 lectoris
709 4460 903 4518 insidat
931 4475 945 4514 :
976 4470 1118 4515 nunc
1143 4454 1252 4529 jam
1293 4464 1554 4526 personae,
1586 4466 1744 4525 quam
1772 4464 1856 4508 as-

256 4561 542 4629 sumimus,
570 4558 811 4614 oratione
840 4553 1140 4625 fungamur.
1179 4549 1377 4606 Errant
1402 4547 1620 4604 omnino
1645 4547 1732 4620 qui
1760 4562 1857 4619 pu-

264 4663 381 4710 tant
402 4654 538 4709 hanc
563 4649 957 4708 concretionem
985 4642 1227 4717 corporis
1250 4638 1484 4698 habilem
1505 4640 1528 4674 ¹
1550 4654 1669 4696 esse
1691 4638 1856 4712 justi-

262 4747 353 4803 tite
384 4764 399 4802 :
428 4745 674 4801 omnibus
700 4740 853 4799 benis
880 4735 1070 4795 Studiis
1094 4740 1351 4807 repugnat
1374 4732 1497 4789 vilis
1524 4741 1709 4788 natura
1735 4748 1857 4787 car-

260 4841 346 4898 nis
364 4846 421 4896 et
442 4838 734 4910 sanguinis.
767 4828 1035 4905 Quidquid
1061 4828 1518 4886 irritamentorum
1545 4834 1627 4881 est
1661 4822 1858 4880 lenoci-

259 4933 352 4988 nio
395 4932 689 4991 sensuum,
741 4910 808 4983 ad
856 4918 1334 4996 perturbationem,
1379 4914 1489 4974 imo
1526 4910 1856 4973 eversionem

260 5027 459 5082 mentis
490 5022 739 5088 elabitur,
777 5036 897 5094 qua:
923 5020 976 5075 in
1010 5018 1111 5073 hoc
1139 5029 1352 5074 caenum
1384 5012 1565 5070 nescio
1592 5027 1691 5084 qua
1720 5009 1857 5068 infe-

261 5115 463 5172 licitate
501 5114 730 5183 deiecta,
771 5122 1062 5184 generosos
1105 5106 1334 5164 micatus
1371 5102 1520 5160 luteo
1563 5098 1733 5174 perdit
1766 5098 1861 5158 ad-

261 5214 460 5266 mixtu.
489 5208 606 5279 ipsa
635 5208 890 5278 quantum
916 5202 971 5258 in
996 5214 1061 5258 se
1080 5206 1161 5257 est
1182 5196 1249 5255 ad
1275 5196 1449 5253 locum
1475 5210 1652 5262 suum,
1678 5192 1727 5250 id
1755 5202 1856 5260 est,

142 5346 159 5361 .
263 5302 331 5357 ad
361 5301 637 5371 superiora
666 5302 891 5354 conatur
927 5310 942 5351 :
987 5293 1082 5352 sed
1128 5303 1342 5349 terreno
1381 5287 1672 5345 amictatur
1710 5302 1862 5359 erga-

264 5395 425 5451 stulo.
456 5394 693 5463 Denique
722 5398 843 5446 eum
873 5388 939 5445 ad
965 5384 1273 5459 pudicitiam
1298 5378 1528 5440 voluerit
1555 5378 1859 5448 subvolare,

266 5488 448 5560 gluten
471 5494 526 5543 et
549 5484 752 5540 viscum
782 5479 1069 5552 voluptatis
1088 5477 1337 5534 obscena:
1363 5474 1430 5531 de
1451 5471 1681 5546 perustis
1700 5473 1862 5528 visce-

266 5558 417 5638 ribus
457 5577 747 5649 experitur.
791 5573 908 5631 lam
955 5573 1002 5628 si
1067 5568 1434 5627 liberalitatem
1482 5558 1863 5622 munificentite

266 5670 631 5740 concupiscat,
660 5664 916 5729 avaritiae,
945 5676 1063 5733 quae
1093 5658 1323 5731 tegmine
1351 5656 1667 5730 frugalitatis
1690 5652 1866 5727 operi-

266 5766 378 5829 tur,
419 5758 645 5817 manicis
673 5753 985 5812 arctissitnis
1023 5751 1045 5785 ³
1083 5752 1383 5824 colligatur.
1416 5750 1701 5806 Enimvero
1738 5743 1784 5804 si
1808 5745 1862 5803 in

334 5901 354 5933 ι
389 5907 441 5949 ιιι
465 5897 634 5949 codice
657 5899 805 5953 Port.,
830 5889 1048 5942 arbitrio.
1107 5914 1112 5919 -

333 5959 614 6024 {nantem
635 5957 939 6024 restituimua
961 5966 1025 6024 es
1046 5957 1154 6023 tiss-

337 6022 360 6061 ⁸
376 6011 556 6077 Δὶὲιῖιὶιιὶ
573 6011 726 6083 ιὀιι.,
747 6023 794 6071 et
816 6011 1111 6069 arctissimis.

1594 454 1799 515 LIBER
1833 452 2122 511 SEXTUS.

3353 463 3494 524 1526

1910 574 2154 646 aequabili
2176 581 2487 635 Cotistantim
2526 578 2751 652 quadam
2789 580 3015 639 voluerit
3040 579 3326 639 serenitate
3366 597 3497 638 con-

1913 669 2120 736 sistere,
2176 670 2418 730 obruitur
2457 674 2599 731 illico
2642 676 2901 747 grandine
2937 677 3165 743 timoris,
3206 686 3261 735 et
3296 676 3500 736 doloris

1913 763 2180 833 procellis,
2214 775 2374 837 atque
2399 765 2467 824 ad
2493 769 2669 825 omnia
2699 786 3119 843 exsanguescens
3149 770 3330 840 dubia,
3355 786 3502 831 com.

1915 868 2011 926 pos
2038 854 2119 910 sui
2143 856 2161 888 ¹
2190 872 2294 911 non
2323 857 2513 913 sinitur
2540 874 2758 919 manere
2778 863 3008 919 consilii.
3030 863 3201 935 Iunge
3228 864 3331 920 huc
3353 864 3504 935 igno-

1916 954 2152 1003 ratarum
2174 964 2351 1005 rerum
2384 960 2616 1023 noctem,
2643 970 2747 1026 qua
2763 955 3120 1013 circumdatur
3140 956 3338 1013 illuvie.
3365 957 3507 1026 Quid

1916 1039 2295 1097 laudabilitatis
2334 1042 2388 1099 in
2424 1059 2490 1100 eo
2530 1047 2922 1117 suSpicabimur
2969 1048 3259 1115 animante,
3290 1049 3378 1118 qui
3406 1063 3506 1103 nec

1920 1134 1986 1188 ad
2017 1133 2222 1189 utilium
2262 1134 2579 1193 electionem
2602 1139 2784 1195 oculos
2813 1141 3051 1212 vigentes
3077 1140 3258 1207 habet,
3289 1125 3345 1198 et
3368 1142 3509 1197 inter

1922 1237 2263 1299 tempestates
2289 1230 2635 1303 cupiditatum
2657 1242 2712 1289 et
2728 1232 3093 1290 discriminum
3121 1251 3215 1291 sua
3238 1236 3508 1307 naufragia

1925 1336 2210 1378 numerare
2238 1337 2343 1377 non
2370 1322 2605 1379 sufﬁcit?
2626 1324 2737 1381 Nec
2761 1336 2936 1383 tamen
2957 1326 3147 1398 aliquis
3181 1327 3295 1383 haec
3320 1340 3509 1399 Sponte

1924 1409 2225 1484 depravatze
2264 1415 2573 1472 substantia:
2614 1418 2875 1475 accidisse
2904 1421 3231 1476 mentiatur:
3259 1421 3371 1490 ipsa
3399 1419 3510 1489 pri-

1927 1523 2135 1563 morum
2163 1507 2437 1564 hominum
2464 1508 2723 1567 institutio
2752 1512 2835 1566 his
2863 1512 3118 1568 aerumnis
3142 1511 3407 1567 invenitur
3427 1512 3511 1566 ob~

1927 1597 2107 1654 noxia.
2135 1599 2265 1655 Nam
2294 1610 2353 1657 ut
2377 1601 2478 1658 hoc
2504 1602 2663 1658 etiam
2687 1603 2875 1676 Moysi,
2897 1619 3053 1674 quem
3068 1601 3325 1661 Catholici
3349 1620 3511 1660 vene-

1928 1701 2133 1760 rantur,
2164 1695 2467 1751 tcstimonio
2492 1697 2903 1769 comprubetur;
2931 1697 3343 1768 experiebantur
3359 1699 3514 1769 primi

1929 1776 2177 1840 homines
2218 1786 2580 1841 carnificinam
2624 1787 2865 1856 timoris,
2913 1803 3047 1859 quos
3084 1788 3385 1855 intentatio,
3414 1787 3516 1845 nisi

1931 1868 2258 1942 obedissent,
2287 1876 2503 1945 periculi
2534 1876 2828 1946 territabat,
2859 1887 3223 1950 quantumque
3246 1878 3315 1936 de
3338 1892 3518 1936 rerum

1932 1966 2216 2023 collatione
2240 1968 2563 2033 metiendum
2587 1978 2686 2033 est,
2705 1966 3160 2028 formidolosiores
3179 1971 3405 2041 posteris
3427 1982 3523 2029 eos

1933 2059 2216 2129 opinamur
2240 2057 2428 2128 fuisse,
2457 2075 2592 2132 quos
2635 2076 2792 2132 poena
2834 2061 3064 2119 necdum
3099 2063 3346 2134 cuiquam
3374 2077 3525 2119 com—

1934 2159 2084 2221 perta
2115 2151 2359 2207 vexabat.
2403 2150 2510 2207 Cur
2561 2154 2703 2208 enim
2732 2154 2924 2210 mortis
2961 2154 3314 2213 intentatione
3336 2162 3524 2226 quate-

1935 2249 2142 2307 rentur,
2170 2242 2259 2312 qui
2290 2242 2601 2299 nesciebant
2628 2243 2753 2316 quid
2796 2245 3123 2305 incommodi
3142 2245 3360 2302 eti'erret
3384 2247 3495 2302 inte
3514 2279 3531 2294 ο

1937 2334 2110 2392 ritus?
2157 2335 2593 2394 Soiiicitabantur
2642 2339 2895 2397 nimirum
2948 2340 3079 2396 solis
3134 2339 3529 2412 suspicionibus

1938 2430 2222 2493 maiorum,
2255 2430 2313 2486 in
2339 2446 2441 2502 qua
2466 2446 2595 2505 ergo
2623 2432 2715 2490 ille
2748 2434 2960 2491 animus
3003 2434 3385 2505 tranquillitate
3408 2449 3530 2490 eon-

1940 2522 2174 2591 sisteret,
2207 2538 2366 2595 quem
2400 2532 2506 2580 tam
2542 2540 2734 2596 aspera
2754 2524 2931 2583 hiems
2958 2524 3259 2582 formidinis
3300 2541 3532 2583 cornuto-

1938 2614 2134 2671 vehat?
2172 2615 2341 2672 Porro
2382 2615 2677 2687 ignorantia
2728 2632 2888 2688 quam
2928 2607 3219 2688 profunda,
3262 2626 3532 2689 quamque

1942 2708 2178 2780 patiendi
2205 2708 2324 2780 ejus
2342 2709 2475 2765 dura
2500 2708 2755 2776 conditio,
2780 2719 2840 2766 ut
2862 2711 3076 2768 liberari
3101 2711 3170 2768 ab
3189 2724 3251 2768 ea
3268 2712 3370 2769 nisi
3399 2724 3534 2783 prse-

1944 2801 2267 2859 varicatione
2294 2817 2401 2857 non
2431 2810 2610 2874 posset
2640 2820 2653 2858 :
2682 2803 2961 2861 scientiam
2987 2806 3186 2876 quippe
3214 2805 3340 2861 boni
3381 2805 3535 2861 mali-

1944 2911 2050 2966 que
2068 2937 2083 2963 ,
2114 2895 2316 2967 absque
2342 2912 2478 2954 ausu
2501 2896 2892 2955 condemnabili
2920 2910 3254 2970 nequaquam
3295 2898 3534 2971 capessi-

1945 2996 2113 3044 turus.
2142 2989 2257 3045 Hoc
2274 2991 2376 3046 ita'
2392 2998 2593 3047 caecum
2619 2999 2674 3047 et
2693 3004 3054 3047 aerumnosum
3076 2991 3534 3063 animal,inquies,

1946 3080 2107 3137 etiam
2134 3081 2396 3152 cupiditas
2421 3082 2601 3139 innata
2629 3080 2916 3150 'reddebat,
2952 3097 3109 3154 quam
3133 3084 3212 3140 rei
3238 3083 3538 3140 interdicta:

1947 3180 2002 3228 et
2020 3182 2271 3230 venustas
2300 3174 2545 3230 irritabat
2591 3184 2649 3232 et
2687 3176 2941 3232 suavitas.
2990 3175 3144 3243 Quod
3184 3184 3353 3232 totum
3395 3176 3540 3233 velut

1948 3280 2133 3339 parum
2163 3275 2309 3323 esset
2329 3266 2397 3323 ad
2427 3267 2791 3324 infelicitatem
2816 3268 2959 3325 illius
2982 3268 3406 3340 exprimendam,
3437 3270 3541 3325 im-

1949 3359 2259 3430 pugnationi
2300 3368 2505 3416 naturae
2547 3361 2841 3431 superioris
2890 3363 3194 3432 exponitur.
3235 3361 3367 3431 Quis
3412 3376 3541 3435 ergo

1949 3449 2086 3506 adeo
2105 3451 2353 3523 desipiat,
2385 3461 2442 3508 ut
2468 3452 2539 3508 ibi
2564 3453 2852 3524 quidquam
2882 3452 3007 3510 boni
3049 3455 3212 3510 fuisse
3235 3455 3540 3523 arbitretur,

1952 3543 2043 3600 ubi
2087 3551 2165 3599 tot
2206 3544 2544 3600 miseriarum
2596 3544 2949 3600 instrumenta
2993 3545 3231 3601 instituta
3277 3544 3544 3602 Fateatur?

1953 3635 2206 3692 Pessimae
2233 3636 2392 3707 igitur
2430 3636 2773 3704 conditionis,
2805 3638 3158 3710 pessimeque
3186 3644 3390 3695 natura!
3416 3652 3544 3696 caro

1953 3729 2056 3786 ista
2076 3728 2131 3786 in
2158 3729 2275 3785 istis
2299 3729 2489 3801 primis
2516 3730 2821 3787 hominibus
2838 3742 3021 3800 suum,
3056 3731 3196 3804 quod
3231 3733 3298 3789 ab
3322 3733 3544 3789 exordio

1957 3822 2190 3891 tenebat,
2212 3823 2466 3879 exseruit.
2491 3823 2638 3878 lianc
2657 3832 2835 3879 autem
2857 3832 2962 3878 tam
2982 3824 3177 3879 malam
3194 3822 3544 3880 substantiam

1956 3915 2096 3970 Deus
2115 3914 2289 3970 bonus
2314 3929 2422 3969 non
2446 3914 2619 3985 potuit
2646 3913 2928 3969 fabricare.
2958 3912 3093 3983 Quid
3124 3920 3253 3986 ergo
3277 3912 3543 3986 superest,

1957 4006 2058 4062 nisi
2087 4015 2144 4062 ut
2169 4006 2433 4063 fateamur
2447 4006 2676 4063 alterum
2694 4020 2813 4063 esse
2826 4006 3019 4063 animm
3038 4005 3303 4074 datorem,
3317 4006 3547 4062 alterum

1956 4099 2222 4154 iuteorum
2249 4098 2618 4155 conditorem?
2641 4098 2757 4155 Stat
2783 4107 2929 4155 certe
2965 4098 3262 4166 Maniclmi,
3284 4098 3439 4169 cujus
3464 4098 3548 4155 iit-

1956 4188 2182 4247 dueram
2208 4204 2514 4260 personam,
2549 4190 2696 4247 acies
2737 4188 2999 4245 ordinata.
3031 4189 3168 4258 Quid
3211 4189 3551 4261 opperiamur

1957 4284 2231 4356 intelligis,
2261 4283 2510 4341 videlicet
2527 4291 2587 4340 ut
2609 4283 2700 4355 qui
2720 4284 2770 4340 ei
2797 4283 3056 4340 adversus
3075 4292 3178 4350 est,
3197 4282 3549 4355 consequetili

1958 4376 2360 4449 impugnatione
2401 4375 2454 4434 id
2495 4375 2843 4433 denmnstret.
2881 4375 3044 4447 igitur
3080 4384 3316 4432 vestrum
3353 4375 3547 4447 dogma

1959 4485 2080 4529 cum
2109 4486 2176 4528 eo
2201 4470 2452 4542 conﬂigat
2481 4469 2802 4542 :‘apparebit
2831 4478 3009 4524 utrum
3048 4469 3165 4525 sine
3192 4466 3428 4539 pernicie
3452 4468 3551 4523 sua

1960 4564 2045 4620 vel
2072 4563 2263 4621 leviter
2289 4563 2459 4634 possit
2484 4563 2709 4618 moveri.
2736 4560 3106 4617 Pronuntiavit
3129 4568 3297 4625 certe,
3329 4570 3434 4615 non
3463 4562 3553 4614 sa-

1959 4657 2073 4714 lum
2100 4657 2247 4713 nasci
2273 4670 2461 4713 omnes
2495 4654 2564 4711 de
2587 4653 2967 4710 commixtione
2997 4664 3282 4724 corporum
3303 4650 3554 4706 crimino-

1961 4763 2071 4815 sos,
2100 4763 2283 4803 verum
2329 4747 2504 4819 ipsum
2547 4744 2718 4803 Adam
2757 4744 3033 4816 culparum
3072 4738 3447 4800 necessitatem
3485 4741 3554 4798 de

1962 4840 2304 4898 concretione
2329 4839 2615 4905 viscerum,
2645 4847 2702 4894 et
2740 4837 2853 4893 limi
2882 4842 2947 4893 ex
2987 4850 3096 4908 quo
3133 4834 3307 4892 factus
3331 4829 3413 4891 est
3437 4848 3556 4890 sora-

1962 4932 2119 4990 dibus
2143 4932 2403 4988 attulisse.
2427 4930 2646 4995 Natura,
2671 4929 2857 5000 inquit,
2890 4929 3069 4984 carnis
3090 4928 3142 4983 in
3173 4927 3367 4998 primis
3390 4926 3556 4982 homh

1963 5026 2122 5082 nibus
2155 5023 2253 5079 fuit
2289 5024 2480 5088 noxia;
2509 5022 2681 5094 ipsam
2705 5020 2989 5077 scintillam
3023 5020 3186 5076 animi
3236 5019 3413 5074 studio
3454 5017 3553 5072 hos

1965 5117 2189 5174 ncstatis
2225 5115 2593 5172 subiucentem
2622 5113 2903 5180 conclusit,
2936 5109 3242 5175 madefecit,
3280 5108 3554 5165 exstinxitt

1966 5206 2233 5279 ineptiunt
2261 5219 2482 5277 prorsus
2519 5202 2797 5269 Catholici,
2822 5202 2914 5275 qui
2948 5201 3282 5275 peccantium
3310 5200 3557 5254 testimos

1965 5300 2070 5355 niis
2097 5298 2429 5363 obuituntur,
2471 5305 2527 5352 et
2567 5311 2667 5352 nec
2703 5293 3039 5351 documentis
3072 5290 3302 5362 propriis
3336 5288 3557 5358 aequis-

1965 5403 2142 5460 scunt,
2170 5390 2518 5462 videntesque
2543 5404 2650 5445 non
2679 5403 2738 5444 se
2764 5388 2962 5444 bonum
2991 5382 3134 5456 quod
3160 5383 3345 5438 volunt
3371 5394 3555 5452 agere,

1967 5485 2064 5543 sed
2100 5484 2297 5539 malum
2326 5482 2472 5553 quod
2516 5487 2861 5537 exsecrantur
2902 5476 3132 5547 operari,
3164 5476 3352 5544 putant
3378 5482 3556 5527 tamen

1967 5579 2024 5635 in
2047 5592 2208 5634 carne
2254 5592 2362 5633 non
2390 5591 2514 5634 esse
2550 5575 2675 5631 mali
2717 5572 3111 5630 necessitatem.
3151 5565 3246 5624 His
3283 5581 3413 5638 ergo
3451 5575 3559 5622 tam

1969 5648 2232 5726 invidiose
2260 5668 2414 5725 dictis
2453 5666 2829 5738 congrediantur
2851 5660 3234 5727 Traducianus,
3260 5658 3306 5714 si
3332 5665 3511 5731 potest
3538 5671 3559 5712 θ

1970 5780 2068 5838 ego
2096 5763 2307 5819 interim
2348 5770 2613 5832 spectator
2656 5757 2869 5825 assiste,
2911 5759 2970 5810 et
3004 5753 3206 5811 exitum
3238 5752 3404 5810 vestri
3431 5765 3562 5843 con:

2034 5883 2053 5914 ι
2090 5887 2139 5929 ιιι
2164 5877 2435 5940 editispro,
2460 5887 2651 5940 compos
2670 5870 2773 5938 sui,
2801 5870 3081 5940 legebatur,
3103 5873 3370 5937 caupona.
3391 5868 3561 5920 Emen-

1971 5944 2144 5995 dantttr
2163 5954 2225 5990 ex
2243 5939 2408 5989 codice
2430 5947 2554 5989 Pori.

2038 6008 2059 6039 ³
2090 6003 2251 6055 Codex
2271 6008 2416 6069 Port.,
2440 6001 2619 6064 itaque.
