4070 6528
588 448 612 503 1
621 447 724 506 527

583 563 760 622 ﬂictus
785 559 1058 632 opperior.
1087 555 1225 626 Quid
1254 556 1432 626 itaque
1459 551 1809 624 respondebis
1853 549 2048 604 malam
2079 565 2173 604 na-

585 665 760 710 turam
789 654 950 708 etiam
974 651 1028 704 in
1058 647 1242 718 primis
1271 645 1576 700 hominibus
1599 643 1762 698 fuisse
1779 642 2018 712 juranti?
2049 639 2177 696 Sine

585 746 747 803 dubio
791 742 1015 809 referes,
1053 741 1218 794 Deum
1259 739 1602 794 formatorem
1643 737 1914 791 hominum
1945 750 2049 789 non
2083 749 2178 806 po-

585 837 751 892 tuisse
775 834 973 889 malum
1002 831 1234 886 condere
1259 829 1400 900 quod
1426 829 1643 894 creavit,
1669 839 1721 884 et
1743 829 1864 883 ideo
1883 828 2006 898 quia
2037 828 2176 882 Deus

583 928 672 998 qui
699 925 897 980 malum
926 937 1032 978 non
1077 921 1232 987 facit,
1264 921 1506 976 homines
1543 919 1686 984 fecit,
1724 934 2054 990 nequaquam
2084 932 2178 974 eos

583 1016 898 1072 naturaliter
913 1015 1084 1070 malus
1104 1013 1336 1083 probari.
1359 1013 1543 1066 Dixisti
1564 1011 1784 1081 aliquid,
1803 1018 1859 1066 et
1883 1010 2172 1066 varaciter:

584 1112 678 1165 sed
707 1107 827 1164 vide
863 1117 1038 1162 utrum
1081 1107 1181 1162 hoc
1223 1121 1310 1161 me
1348 1106 1598 1160 debueris
1637 1105 1888 1158 audiente
1915 1103 2172 1174 proferre.

583 1201 696 1268 Qua
725 1200 868 1254 enim
897 1199 1092 1254 virtute
1139 1197 1490 1252 Manichmum
1525 1197 1863 1251 concusseris
1915 1210 2019 1250 non
2048 1196 2176 1250 satis

581 1305 713 1348 curo
747 1289 996 1346 :interim
1027 1289 1078 1343 in
1115 1292 1232 1342 mea
1263 1295 1408 1342 totus
1431 1289 1550 1358 jura
1599 1287 1855 1340 transisti.
1884 1285 2051 1355 Capto
2083 1285 2173 1341 tibi

579 1385 688 1455 jam
718 1384 950 1440 delectat
983 1383 1241 1444 illudere;
1285 1381 1493 1450 excipio
1539 1381 1732 1450 quippe
1771 1395 1961 1450 magno
1987 1379 2175 1448 plausu

579 1479 969 1550 professionem
991 1487 1154 1543 tuam,
1181 1483 1334 1545 teque
1356 1483 1414 1527 ut
1431 1473 1547 1544 ejus
1565 1471 1871 1526 memineris
1891 1471 2172 1526 admoneo.

583 1571 848 1641 Dignitate
878 1571 1022 1625 enim
1043 1570 1297 1634 auctoris,
1320 1567 1371 1622 id
1396 1575 1482 1621 est
1501 1565 1614 1629 Dei,
1643 1563 1734 1635 qui
1755 1563 1953 1619 malum
1975 1579 2080 1618 non
2099 1559 2177 1618 fa-

581 1662 676 1729 cit,
701 1661 1054 1734 pronuntiasti
1079 1675 1240 1730 opera
1262 1660 1377 1729 ejus
1396 1659 1534 1713 bona
1553 1657 1752 1712 debere
1770 1657 1954 1711 asseri.
1975 1655 2174 1712 Omnes

581 1767 712 1824 ergo
741 1753 985 1810 homines
1011 1751 1078 1807 de
1107 1751 1345 1806 instituta
1366 1765 1396 1804 a
1419 1751 1528 1804 Deo
1553 1763 1774 1806 sexuum
1795 1749 2174 1804 commixtione

579 1853 886 1916 generatos,
915 1861 946 1900 a
973 1846 1106 1912 Deo,
1137 1860 1203 1898 an
1227 1859 1256 1896 a
1283 1842 1496 1897 diabolo
1527 1841 1638 1896 fieri
1671 1839 1862 1911 putas?
1891 1839 1948 1896 Si
1969 1857 1998 1894 a
2027 1839 2170 1907 Deo;

580 1935 676 2006 qui
696 1951 790 1992 eos
809 1937 973 1992 audes
993 1951 1114 1991 reos
1136 1935 1408 2006 malosque
1429 1933 1794 2004 pronuntiare,
1815 1947 1934 1987 cum
1957 1933 2170 1987 unicum

579 2025 780 2083 dixeris
807 2042 928 2082 esse
967 2025 1330 2082 testimonium
1373 2025 1542 2080 Adam
1589 2024 1700 2080 ﬁeri
1748 2025 1904 2079 mala:
1943 2039 2051 2079 non
2077 2038 2173 2095 po-

561 2119 748 2174 1uissc
773 2127 998 2185 natura‘,
1031 2119 1151 2188 quia
1185 2115 1431 2172 conditus
1458 2131 1488 2169 a
1519 2115 1632 2170 Deo
1673 2116 1761 2186 qui
1791 2123 1874 2172 est
1917 2115 2168 2184 optimus,

580 2208 886 2264 indicetur?
917 2207 976 2265 Si
1017 2223 1144 2280 ergo
1187 2215 1556 2278 argumentum
1600 2206 1738 2262 forte
1776 2217 1879 2274 est,
1909 2221 2004 2276 per
2029 2205 2168 2276 quod

577 2300 832 2356 credatur
867 2301 1159 2372 primorum
1207 2299 1481 2354 hominum
1510 2314 1600 2354 rea
1631 2313 1736 2352 non
1783 2299 2020 2352 instituta
2045 2297 2172 2352 sub-

575 2391 792 2457 stantia,
827 2390 928 2446 hoc
957 2391 1130 2461 ipsum
1157 2390 1280 2460 quia
1307 2390 1448 2444 Dens
1474 2405 1592 2444 eam
1623 2387 1860 2444 condidit
1882 2403 2040 2460 quem
2065 2387 2167 2443 bo-

575 2498 706 2539 num
727 2481 985 2547 fatemur;
1019 2489 1260 2536 remanet
1285 2479 1413 2534 illud
1449 2480 1500 2534 in
1531 2479 1796 2535 excidium
1825 2478 2076 2544 traducis,
2109 2486 2170 2534 ut

573 2585 632 2630 et
654 2589 842 2629 omnes
861 2573 928 2628 dc
951 2573 1198 2644 conjugio
1221 2575 1428 2644 genitos
1451 2573 1658 2644 iniquos
1683 2572 1838 2627 condi
1863 2587 1966 2626 non
1985 2586 2166 2642 posse,

575 2658 766 2714 eodem
793 2659 1097 2712 testimonio
1123 2658 1521 2728 comprobetur,
1547 2657 1670 2728 quia
1695 2657 1832 2710 Dens
1858 2671 1950 2712 eos
1975 2655 2168 2711 condi-

569 2749 671 2818 dit,
703 2765 863 2821 quem
889 2748 1088 2804 bonum
1117 2749 1362 2803 fatemur.
1387 2748 1480 2804 Sin
1500 2756 1678 2802 autem
1699 2755 1753 2802 et
1773 2757 1890 2817 post
1909 2747 1927 2779 ¹
1951 2747 2054 2802 hoc
2083 2761 2168 2800 ra-

571 2841 726 2900 biens
783 2844 1108 2916 impudentia
1147 2843 1328 2914 jurare
1371 2843 1684 2914 perstiterit,
1724 2851 1779 2898 et
1819 2859 1850 2898 a
1901 2843 2008 2898 Deo
2052 2841 2168 2898 fieri

573 2935 846 3006 parvulos,
874 2946 930 2993 et
955 2945 1130 2992 tamen
1157 2935 1326 2991 malos
1351 2951 1470 2991 esse
1491 2949 1586 2991 eos
1613 2935 1954 2989 naturaliter:
1974 2931 2166 2988 catho-

569 3025 680 3084 lico
705 3029 942 3098 quidem,
973 3029 1110 3083 sicut
1136 3039 1191 3083 et
1235 3029 1345 3086 Deo
1373 3037 1575 3096 nostro,
1605 3028 1732 3082 nihil
1763 3027 1846 3081 his
1873 3025 2168 3080 mendaciis

573 3119 866 3191 praajudicii
895 3127 1235 3189 comparatur
1271 3137 1284 3173 :
1317 3119 1664 3174 Manichaeum
1697 3128 1874 3172 tamen
1898 3125 2108 3172 constat
2133 3131 2166 3171 a

573 3210 725 3264 vobis
747 3219 1110 3281 oppugnatum
1147 3226 1252 3264 non
1292 3225 1432 3275 esse,
1459 3212 1546 3280 qui
1571 3209 1794 3264 libenter
1818 3208 1961 3279 quod
1989 3208 2165 3264 .Deum

571 3302 872 3358 criminaris
884 3302 1254 3371 amplectitur;
1282 3302 1410 3356 illud
1430 3303 1519 3356 tibi
1537 3302 1740 3372 perisse
1751 3310 2051 3368 contentus,
2073 3316 2169 3372 per

571 3391 716 3462 quod
736 3392 905 3448 Adam
921 3393 1240 3448 conditionis
1253 3393 1406 3448 home
1424 3391 1601 3448 fueras
1619 3392 1916 3463 approbare
1927 3393 2165 3449 molitus.

645 3483 782 3542 Anc.
824 3483 958 3540 Cum
1007 3485 1135 3540 mihi
1181 3485 1440 3540 adversus
1489 3485 1837 3541 Manichaeum
1891 3496 2166 3542 certamen

571 3573 894 3642 ineundum,
929 3574 1130 3646 tibique
1159 3576 1508 3647 spectandum
1537 3576 1739 3632 diserta
1769 3578 2010 3634 caecitate
2039 3593 2167 3649 pro-

571 3665 752 3736 ponis,
795 3676 970 3735 partes
998 3665 1113 3722 tuas
1152 3668 1482 3736 improvidus
1519 3668 1766 3735 subruis;
1815 3677 1869 3725 et
1897 3669 2167 3741 quomodo

569 3755 722 3814 illam
755 3762 1083 3816 teterrimam
1116 3761 1278 3830 luem,
1311 3778 1470 3833 quam
1497 3762 1789 3820 Manichmo
1810 3764 2055 3820 funestus
2076 3780 2167 3820 er-

569 3863 668 3908 ror
693 3852 924 3922 invexit,
961 3865 1210 3926 tanquam
1251 3855 1510 3926 pestifero
1539 3857 1760 3928 adjuves
1798 3858 2065 3930 dogmatis
2093 3859 2168 3914 tui

568 3939 726 4008 ﬂatu,
757 3945 919 4000 etiam
960 3946 1044 4001 his
1086 3946 1416 4016 hominibus,
1449 3950 1540 4020 qui
1585 3965 1683 4005 suo
1713 3950 1989 4006 tardantur
2013 3951 2167 4023 inge-

569 4037 688 4104 nio,
721 4047 779 4092 ut
807 4047 1026 4108 possent
1053 4039 1374 4112 intelligere,
1404 4042 1721 4112 praestitisti.
1751 4041 1881 4098 Nam
1913 4058 2034 4098 cum
2073 4043 2168 4098 illa

571 4145 694 4202 qua:
719 4130 786 4186 de
813 4133 934 4188 vitae
962 4132 1120 4205 hujus
1148 4135 1390 4190 mortalis
1425 4136 1897 4206 corruptibilisque
1935 4135 2169 4190 miseriis

571 4221 792 4293 copiose
819 4232 878 4280 et
899 4223 1131 4281 facunde
1159 4226 1359 4290 dixisti,
1389 4226 1622 4282 audierit
1647 4227 1873 4298 quisque
1914 4227 1998 4282 vel
2023 4228 2168 4298 lege-

569 4315 666 4383 rit,
693 4332 814 4372 vera
849 4325 902 4372 te
930 4315 1098 4372 fuisse
1124 4327 1489 4388 prosecutum,
1521 4333 1628 4372 non
1655 4318 1830 4372 solum
1859 4319 1912 4372 in
1941 4327 2031 4373 tuo
2052 4333 2171 4374 ser-

569 4423 756 4478 mone,
786 4426 972 4467 verum
1001 4411 1056 4465 in
1101 4411 1232 4480 ipsis
1259 4425 1471 4482 quoque
1509 4409 1760 4465 humanis
1803 4411 1962 4466 rebus
2003 4427 2170 4482 agno-

567 4511 707 4562 acet.
753 4502 1048 4558 Manichaeo
1095 4503 1310 4574 quippe.
1345 4501 1432 4557 cui
1471 4503 1616 4558 velut
1655 4502 1913 4558 adversus
1941 4519 2042 4560 nos
2084 4505 2168 4560 lo-

569 4595 758 4667 quenti
784 4595 946 4652 verba
971 4595 1165 4660 fecisti,
1197 4595 1329 4650 nihil
1355 4610 1604 4666 magnum
1627 4605 1718 4650 aut
1743 4595 1962 4653 difﬁcile
1991 4597 2088 4653 fuit
2117 4599 2171 4653 in

569 4687 676 4744 hac
699 4690 912 4746 mortali
937 4689 1066 4756 vita,
1105 4705 1224 4760 qua
1247 4698 1302 4744 et
1345 4688 1412 4744 de
1442 4689 1691 4744 felicitate
1719 4691 1950 4760 paradisi
1981 4694 2171 4750 merito

571 4781 779 4852 peccati
805 4781 976 4852 ejecta
1003 4789 1165 4852 atque
1193 4781 1401 4852 dejecta
1425 4790 1506 4836 est
1527 4783 1570 4848 ⁸,
1601 4781 1702 4836 ista
1743 4797 1862 4854 quae
1888 4784 1984 4840 abs
2013 4794 2065 4841 te
2103 4786 2173 4843 de

569 4873 662 4931 illa
687 4873 828 4930 dicta
862 4881 988 4929 sunt
1025 4872 1254 4938 intueri;
1285 4883 1339 4928 et
1361 4873 1475 4930 sive
1498 4883 1554 4928 ut
1586 4882 1662 4943 tu,
1696 4875 1809 4931 sive
1839 4878 2058 4933 uberius
2086 4887 2171 4932 at-

570 4977 677 5036 que
713 4964 1002 5034 copiosius,
1047 4973 1226 5018 tamen
1275 4963 1464 5020 eadem
1507 4965 1619 5036 ipsa
1646 4967 1872 5038 garrire,
1915 4985 2034 5039 quze
2065 4977 2172 5024 tam

570 5055 856 5113 manifesta
887 5063 1036 5121 sunt,
1065 5055 1302 5112 utetiam
1332 5055 1728 5129 Scripturarum
1768 5059 2065 5115 divinarum
2093 5061 2175 5116 lo-

571 5153 652 5210 cis
690 5147 935 5222 plurimis
989 5147 1334 5217 lectitentur,
1403 5150 1471 5206 de
1525 5152 1888 5221 corruptibilis
1933 5155 2173 5224 corporis

570 5259 760 5310 onere,
787 5251 843 5298 et
865 5257 930 5298 ex
964 5239 1098 5297 illo‘
1124 5242 1318 5296 anima:
1349 5245 1725 5313 aggravatione
1751 5245 2036 5300 venientia.
2063 5246 2172 5302 Un-

571 5337 640 5394 de
665 5346 720 5393 et
744 5336 798 5391 in
823 5334 1044 5399 sanctis,
1073 5335 1128 5388 in
1149 5333 1309 5404 hujus
1335 5335 1458 5388 vita:
1485 5349 1656 5405 agone
1673 5335 2016 5402 lactantibus,
2044 5352 2174 5394 caro

572 5428 903 5498 concupiscit
939 5425 1198 5482 adversus
1243 5425 1508 5495 spiritum,
1555 5438 1611 5480 et
1657 5427 1878 5496 spiritus
1916 5428 2176 5486 adversus

571 5537 790 5578 carnem
825 5519 1020 5594 (Galat.
1048 5533 1106 5584 v,
1131 5518 1224 5588 17)
1258 5535 1270 5571 :
1305 5531 1426 5572 cum
1473 5517 1713 5588 spiritus,
1762 5519 1900 5575 sicut
1940 5521 2015 5575 ait
2055 5521 2174 5593 glo-

575 5614 911 5670 riosissimus
935 5611 1250 5681 Cyprianus,
1283 5611 1522 5667 ccelestia
1549 5621 1709 5682 atque
1736 5611 1923 5668 divina
1957 5617 2170 5686 quaerit,

569 5725 704 5766 caro
749 5719 960 5763 terrena
1004 5715 1060 5761 et
1101 5705 1377 5761 stccularia
1423 5705 1753 5776 concupiscit
1797 5705 1899 5780 (De
1927 5706 2170 5766 Oratione

593 5875 608 5894 .
636 5826 662 5894 Ξ
693 5823 986 5894 Υίδξλὲθνίυξν
1215 5827 1342 5894 MSS.»
1368 5826 1491 5894 P9“-

636 5884 664 5942 !
693 5882 892 5936 Stéuss.
913 5889 965 5932 At
991 5882 1130 5942 editi,
1155 5883 1339 5934 detecta
1360 5882 1446 5934 εει.

641 5935 665 5970 ³
693 5935 844 5996 vetus
862 5945 1021 5995 codex
1042 5935 1178 6004 καὶ..
1198 5951 1244 5997 et
1265 5957 1328 5996 ea;
1349 5943 1452 5996 illa.

1257 437 1504 496 OPERIS
1542 433 1952 492 lMPERFEC’l‘I
1988 432 2262 490 CONTRA
2301 429 2662 496 JULIANUM,
2701 429 2758 488 S.
2802 429 3170 488 AUGUSTlNl

3697 443 3809 502 1528

2275 545 2602 618 ,Dominica).
2635 545 2769 602 llinc
2807 557 2888 601 est
2917 545 3006 602 ille
3034 547 3330 616 conflictus,
3353 564 3510 620 quem
3541 568 3814 616 memoratus

2285 649 2490 711 martyr
2514 639 2566 693 in
2589 639 2744 704 libro,
2773 653 2928 708 quem
2959 639 3026 694 de
3051 638 3364 697 Mortalitate
3381 646 3700 715 conscripsit,
3718 651 3812 706 dili-

2283 739 2472 801 genter
2516 737 2570 784 et
2606 729 2916 800 eloquenter
2961 729 3210 799 explicat,
3251 731 3432 787 dicens
3475 733 3606 790 inter
3641 750 3812 808 etatem,

2283 819 2426 890 quod
2451 820 2605 876 nobis
2639 821 2709 874 sit
2736 835 2856 876 cum
2895 821 3196 876 carnalibus
3226 823 3364 878 vitiis
3397 835 3558 895 atque
3597 829 3816 890 illecebris

2282 913 2626 969 Saecularibus
2673 913 2885 968 assidua
2928 922 2982 968 et
3025 915 3248 969 molesta
3293 916 3530 974 luctatio.
3577 919 3684 976 iam
3719 941 3814 979 vero

2281 1003 2469 1060 beatus
2509 1004 2798 1076 Gregorius
2845 1004 2946 1062 hoc
2989 1016 3281 1074 certamen,
3325 1010 3465 1079 quod
3513 1010 3743 1068 habemus
3779 1019 3814 1070 in

2281 1110 2506 1165 corpore
2527 1097 2714 1152 mortis
2741 1095 2919 1167 hujus,
2949 1097 3026 1153 sic
3055 1107 3180 1154 ante
3207 1100 3389 1156 oculos
3415 1106 3576 1171 ponit,
3607 1115 3658 1159 ut
3681 1109 3813 1163 nullus

2280 1177 2533 1258 sit'hujus
2561 1189 2746 1259 agonis
2768 1189 2988 1256 athleta,
3013 1191 3102 1260 qui
3129 1205 3233 1244 non
3263 1173 3394 1246 sein
3419 1193 3592 1248 verbis
3615 1195 3714 1266 ejus
3733 1207 3813 1252 ωηο

2280 1293 2440 1348 quam
2469 1279 2520 1332 in
2552 1280 2770 1349 speculo
2797 1291 3166 1350 recognoscat.
3199 1279 3348 1334 Intra
3384 1285 3714 1353 nosmetipsos,
3751 1287 3810 1340 iu-

2281 1372 2415 1442 quit,
2443 1372 2663 1442 propriis
2689 1373 2821 1426 vitiis
2859 1382 2906 1426 et
2943 1372 3263 1442 passionibus
3293 1374 3660 1444 impugnantur,
3698 1389 3733 1430 et
3755 1381 3812 1432 die

2280 1473 2526 1536 noctuque
2561 1465 2735 1535 ignitis
2775 1466 2992 1520 stimulis
3034 1467 3262 1535 corporis
3302 1467 3592 1523 humilitatis
3627 1470 3753 1540 hujus
3780 1485 3810 1526 tt

2278 1557 2504 1628 corporis
2533 1559 2707 1611 mortis
2732 1575 2970 1629 urgemur
2989 1574 3008 1612 .'
3025 1575 3158 1612 nunc
3183 1560 3419 1624 latenter,
3447 1579 3576 1614 nunc
3597 1563 3724 1616 etiam
3747 1585 3811 1626 pa-

2279 1649 2384 1704 lam
2427 1651 2811 1720 provocantibus
2844 1651 3023 1722 ubique
3063 1659 3110 1705 et
3153 1653 3472 1707 irritantibus
3513 1672 3666 1709 rerum
3691 1657 3812 1711 visibi-

2279 1741 2403 1796 lium
2433 1741 2697 1808 illecebris,
2734 1745 2840 1796 luto
2879 1743 2973 1796 hoc
3003 1745 3145 1815 facis
3183 1745 3268 1798 cui
3307 1745 3594 1800 inltazsimns
3629 1749 3736 1801 ca'ni
3757 1752 3808 1802 sui

2279 1835 2488 1906 fetorem
2524 1834 2660 1888 vertis
2684 1833 3032 1904 capacioribus
3062 1833 3366 1902 exhalante;
3409 1837 3498 1889 sed
3529 1849 3575 1890 et
3611 1837 3704 1910 lege
3729 1856 3809 1909 pec-

2277 1925 2400 1990 cati,
2430 1940 2544 1994 qua:
2567 1925 2704 1979 estin
2727 1924 2958 1980 membris
2979 1926 3183 1990 nostris,
3215 1926 3314 1996 legi
3343 1927 3551 1998 spin'tus
3589 1946 3808 1999 repugnau-

2278 2025 2344 2080 te,
2375 2015 2500 2068 dum
2529 2017 2800 2088 imaginem
2829 2018 3019 2088 regiam
3049 2033 3164 2087 qua:
3191 2017 3326 2070 intra
3363 2035 3454 2072 nos
3479 2031 3577 2084 est,
3619 2021 3808 2087 captivum

2277 2108 2458 2162 ducere
2479 2108 2677 2172 studet;
2704 2118 2754 2162 ut
2781 2109 2962 2178 spoliis
2985 2109 3096 2178 ejus
3125 2112 3308 2176 cedat,
3353 2109 3594 2182 quidquid
3617 2111 3724 2164 illud
3741 2123 3806 2176 cst,

2273 2199 2411 2272 quod
2434 2201 2487 2254 in
2519 2217 2611 2254 nos
2631 2201 2872 2272 beneﬁcio
2902 2201 3086 2256 divina:
3109 2217 3170 2254 ac
3195 2203 3380 2274 prima:
3403 2201 3540 2257 illius
3573 2204 3808 2256 conditionis

2275 2295 2480 2366 inﬂuxit
2509 2295 2686 2368 (Greg.
2731 2297 2986 2351 Nazianz.
3026 2297 3082 2352 in
3123 2297 3382 2369 Apologia
3417 2301 3438 2354 ί
3483 2301 3543 2354 de
3575 2317 3656 2353 sua
3687 2301 3806 2371 fuga).

2275 2389 2405 2445 11ωο
2433 2389 2595 2446 verba
2637 2390 2870 2444 hominis
2899 2389 3017 2457 Dei,
3045 2399 3100 2446 et
3138 2389 3190 2444 in
3235 2391 3476 2446 secundo
3499 2391 3628 2446 libro
3651 2392 3808 2446 illorum

2277 2499 2375 2538 sex
2401 2497 2534 2552 quos
2563 2492 2752 2538 contra
2783 2493 2900 2538 tuos
2919 2491 3150 2554 quatuor
3163 2483 3306 2538 edidi
3333 2483 3490 2555 (Cap.
3517 2485 3592 2556 3),
3617 2495 3664 2540 et
3681 2485 3722 2538 in
3739 2485 3808 2538 huc

2277 2589 2442 2644 opere
2465 2575 2620 2644 posui
2647 2573 2783 2646 (Lib.
2819 2577 2870 2638 1,
2893 2592 3010 2648 cap.
3033 2576 3124 2648 67)
3151 2591 3273 2630 cum
3307 2585 3404 2632 tuo
3431 2575 3594 2646 primo
3615 2575 3807 2630 volumini

2275 2665 2680 2735 responderem,
2707 2665 2798 2722 ubi
2819 2679 3014 2737 corpus
3033 2667 3243 2734 mortis,
3275 2667 3348 2722 de
3377 2684 3482 2738 quo
3505 2683 3560 2722 se
3583 2667 3692 2722 dicit
3709 2675 3808 2735 Apo-

2275 2757 2448 2813 stolus
2480 2758 2582 2812 Dei
2609 2759 2778 2828 gratia
2803 2759 3020 2814 liberari
3041 2758 3218 2830 (Rom.
3237 2775 3333 2824 vn,
3361 2759 3454 2826 24,
3473 2759 3582 2830 25),
3607 2760 3732 2814 aliter
3748 2759 3805 2812 in-

2275 2849 2620 2920 telligendum
2651 2849 2864 2920 putasti.
2889 2850 2956 2905 Et
2981 2859 3200 2905 sanctus
3225 2850 3546 2907 Ambrosius
3565 2867 3669 2906 cum
3689 2851 3804 2905 dixis-

2275 2949 2377 3008 set,
2413 2939 2600 2996 Omnes
2627 2941 2853 2996 homines
2873 2942 2964 2996 sub
2985 2951 3188 3012 peccato
3217 2943 3510 3010 nascimur;
3531 2959 3712 3014 quorum
3733 2941 3804 3011 ipse

2275 3043 2419 3088 ortus
2438 3035 2492 3088 in
2507 3037 2628 3090 vitio
2640 3044 2732 3102 est,
2751 3035 2882 3090 sicut
2901 3035 3054 3090 habes
3071 3035 3278 3102 lectum,
3301 3036 3501 3091 dicente
3516 3036 3704 3104 David:
3715 3034 3802 3090 Ecce

2275 3127 2410 3182 enim
2433 3129 2486 3182 in
2505 3127 2849 3198 iniquitatibus
2873 3137 3144 3198 conceptus
3173 3144 3306 3195 sum,
3329 3139 3380 3183 et
3397 3131 3450 3183 in
3465 3129 3644 3184 delictis
3668 3125 3802 3198 peperit

2275 3234 2357 3272 me
2395 3227 2553 3272 mater
2585 3234 2715 3284 mea,
2749 3238 2767 3270 ι
2815 3219 3059 3290 protinus
3102 3218 3356 3289 subjecit,
3398 3219 3525 3276 Ideo
3569 3219 3702 3274 Pauli
3723 3233 3801 3270 caro

2273 3325 2461 3384 corpus
2485 3311 2660 3366 mortis
2680 3320 2810 3376 erat,
2839 3313 2972 3366 sicut
2993 3313 3103 3380 ipse
3131 3312 3222 3378 ait,
3253 3330 3272 3364 ι
3308 3313 3442 3380 Quis
3469 3331 3546 3368 me
3568 3309 3804 3367 liberalitate

2275 3420 2488 3476 corpore
2520 3407 2696 3459 mortis
2735 3405 2890 3476 hujus
2912 3423 2932 3457 ι
2967 3403 3069 3475 (De
3095 3403 3444 3475 Ptenilentia,
3485 3406 3568 3462 lib.
3609 3407 3654 3472 ί,
3675 3400 3802 3474 capi

2275 3499 2354 3554 uel
2377 3498 2474 3570 '5)?
2503 3497 2640 3568 Quid
2669 3513 2799 3568 ergo
2825 3498 3021 3553 mirum
3065 3507 3178 3564 est,
3218 3499 3263 3554 si
3292 3498 3612 3555 Manichacus
3651 3498 3804 3552 intuens

2275 3591 2416 3646 mala
2447 3589 2604 3660 hujus
2626 3589 2766 3654 vitae,
2799 3597 2854 3646 et
2883 3603 3078 3660 corpus
3108 3590 3300 3646 mortis
3329 3589 3494 3662 hujus
3517 3587 3646 3662 quod
3667 3601 3802 3658 aggra-

2275 3693 2370 3740 vat
2395 3685 2651 3750 animam,
2682 3693 2738 3740 et
2761 3682 3086 3738 discordiam
3116 3685 3296 3739 carnis
3340 3671 3400 3740 et
3435 3685 3656 3756 spiritus,
3679 3688 3724 3735 et
3743 3679 3801 3747 ju-

2275 3792 2401 3849 gum
2425 3791 2590 3848 grave
2623 3791 2787 3848 super
2815 3776 2958 3832 ﬁlios
2987 3776 3158 3831 Adam
3200 3793 3230 3831 a
3265 3777 3360 3834 die
3401 3779 3568 3834 exitus
3595 3776 3652 3830 de
3671 3779 3802 3828 ventre

2275 3867 2466 3924 matris
2509 3882 2696 3923 eorum
2741 3883 2912 3939 usque
2957 3867 3012 3923 in
3057 3868 3198 3924 diem
3243 3870 3530 3940 sepulturae
3555 3869 3602 3924 in
3635 3873 3802 3920 matrem

2275 3960 2516 4015 omnium
2555 3959 2743 4031 (Eccli.
2775 3976 2863 4028 xu,
2894 3957 2971 4033 l),
2999 3960 3130 4016 dicit
3161 3962 3282 4016 talia
3313 3965 3477 4018 etiam
3513 3977 3603 4034 per
3624 3973 3678 4014 os
3700 3965 3800 4010 tuum

2275 4055 2431 4124 quasi
2457 4063 2646 4112 contra
2669 4069 2792 4119 nos,
2827 4053 3008 4124 qualia
3049 4055 3292 4111 videmus
3319 4056 3520 4112 dixisse
3556 4049 3802 4122 Gregorium

2276 4153 2464 4202 contra
2491 4149 2619 4202 vos?
2647 4145 2797 4203 Unde
2832 4155 3044 4201 constat
3077 4148 3216 4203 mala
3244 4147 3368 4202 vita:
3407 4147 3578 4218 hujus,
3601 4159 3701 4215 qua:
3720 4148 3800 4194 ten-

2277 4239 2410 4296 tatio
2442 4249 2528 4297 est
2551 4255 2713 4310 super
2751 4247 2947 4296 terram
2975 4239 3100 4311 (Job
3125 4257 3218 4306 vn,
3251 4243 3303 4305 1,
3330 4258 3433 4296 sec.
3455 4239 3631 4312 LXX),
3662 4233 3801 4306 quibus

2276 4334 2433 4390 malis
2461 4334 2515 4388 in
2539 4348 2736 4404 genere
2761 4332 3000 4390 humano
3023 4342 3241 4404 propter
3255 4334 3442 4404 jugum
3463 4347 3610 4404 grave
3629 4328 3800 4384 iiliorum

2277 4427 2451 4483 Adam
2476 4443 2508 4481 a
2531 4427 2618 4482 die
2645 4427 2822 4484 exitus
2847 4427 2917 4484 dc
2949 4436 3140 4484 ventre
3175 4429 3360 4486 matris
3399 4443 3574 4484 eorum
3603 4435 3740 4494 usque
3765 4417 3800 4470 ill

2279 4517 2422 4574 diem
2445 4519 2736 4590 sepulturae
2767 4521 2817 4576 in
2845 4530 3074 4577 matrem
3105 4523 3365 4588 omnium,
3401 4523 3580 4592 plenus
3600 4525 3674 4572 est
3691 4527 3802 4568 mun-

2277 4609 2401 4678 dus,
2429 4621 2482 4667 et
2503 4611 2824 4668 Manichaeos
2843 4628 2962 4668 cum
2991 4613 3280 4670 Catholicis
3309 4611 3574 4677 confiteri;
3601 4606 3682 4664 sed
3703 4599 3799 4658 unde

2280 4703 2389 4758 sint
2415 4703 2552 4772 hinc,
2583 4719 2686 4760 non
2713 4712 2969 4775 utrosque
2997 4703 3140 4761 idem
3167 4705 3371 4773 dicere,
3399 4713 3454 4760 et
3475 4715 3692 4774 magnam
3713 4695 3800 4750 hinc

2279 4797 2420 4852 inter
2461 4798 2589 4853 eos‘
2635 4813 2756 4854 esse
2799 4799 3133 4866 distantiam;
3177 4799 3320 4870 quod
3359 4813 3422 4856 ea
3458 4792 3700 4854 Manichtei
3737 4787 3800 4842 tri-

2279 4889 2452 4946 buunt
2475 4889 2666 4946 aliena:
2694 4900 2898 4946 naturae
2922 4891 3096 4956 malae,
3123 4891 3385 4948 Catholici
3409 4905 3533 4946 vero
3555 4897 3604 4946 et
3629 4884 3800 4940 bonast

2281 4993 2514 5051 nostrae,
2559 4984 2654 5038 sed
2695 4991 2914 5054 peccato
2957 4983 3158 5038 vitiatae
3203 4985 3498 5055 meritoque
3535 4979 3718 5052 punita.
3744 4969 3796 5024 TI:

2281 5077 2372 5147 qui
2402 5093 2510 5133 non
2549 5078 2630 5132 vis
2656 5078 2794 5148 quod
2836 5078 3062 5134 dicimus
3105 5059 3286 5134 dicere
3309 5122 3323 5144 ,
3374 5079 3486 5150 ipse
3529 5073 3640 5146 quid
3674 5058 3796 5124 dicis?

2281 5167 2562 5237 Quomodo
2599 5169 2892 5226 Manichzeo
2935 5171 3230 5242 respondes
3259 5170 3396 5226 unde
3421 5171 3524 5226 sint
3559 5167 3660 5220 inec
3679 5156 3794 5216 mala

2281 5274 2404 5316 cum
2445 5260 2638 5331 quibus
2685 5272 2976 5316 nascuntur
3022 5261 3300 5330 homines,
3343 5270 3399 5318 et
3446 5275 3558 5331 qua:
3596 5257 3642 5310 in
3681 5261 3796 5321 μηθ’
3847 5275 3863 5298 '

2283 5353 2400 5410 diso
2461 5369 2566 5410 non
2631 5363 2978 5410 nascerentur
3037 5356 3082 5412 si
3143 5371 3301 5412 nemo
3347 5357 3634 5426 peccasset,
3678 5349 3796 5408 εῐφιθ

2283 5446 2356 5502 ibi
2405 5462 2512 5501 non
2553 5445 2862 5516 depravata,
2915 5447 3010 5504 sed
3052 5457 3198 5504 recta
3243 5455 3422 5504 nostra
3465 5451 3660 5501 natura,
3699 5432 3794 5486 sic"l

2281 5537 2498 5596 condita
2543 5547 2663 5606 est,
2715 5541 3129 5610 permaneret”?
3183 5539 3240 5595 Si
3293 5539 3470 5594 vitium
3519 5524 3789 5600 congeniltml

2283 5643 2400 5700 εει,
2455 5647 2562 5704 quo
2611 5647 2738 5688 Caro
2785 5633 3119 5704 concupiscit
3167 5632 3419 5688 adversus
3461 5615 3792 5716 Spll‘ibﬂtll,.c‘i

2283 5745 2392 5788 non
2433 5702 2516 5786 est
2551 5745 2618 5785 ex
2649 5739 2838 5786 natura
2883 5730 2940 5788 in
2963 5702 3182 5804 origine
3216 5730 3426 5796 vitiata,
3474 5725 3554 5780 dic
3575 5716 3692 5776 unde
3709 5702 3791 5768 sit?

2347 5887 2368 5918 ι
2405 5887 2692 5948 t’ignierius,
2717 5899 2811 5936 ves.
2837 5893 2964 5948 3155.,
2989 5899 3084 5937 cor.
3507 5939 3526 5948 ,
3584 5944 3591 5948 Α
3631 5935 3640 5948 _

2347 5949 2371 5981 ι
2399 5925 3147 6013 ὲὶιῖίὶζνῷἆῖὲἲιᾶἦὲἓιὲὲῗνέἶέίἰιε,
3193 5939 3526 6010 pertimuerat!
3549 5944 3597 5992 ut
3627 5935 3671 5988 in
3698 5925 3784 5980 *ια’
