4070 6518
249 473 398 530 ίΰῖθ

249 589 310 647 Si
365 587 551 641 vitium
599 582 939 654 congenitum
990 558 1114 648 est,
1170 577 1228 634 in
1267 590 1374 648 quo
1415 573 1610 631 clamat
1650 569 1845 636 homo,

255 679 382 736 Scio
415 677 536 750 quia
573 692 672 730 non
716 673 962 729 inhabitat
1003 673 1057 726 in
1096 687 1195 737 me,
1229 670 1322 723 hoc
1350 676 1422 722 est
1456 667 1510 720 in
1537 672 1690 720 carne
1714 679 1846 730 mea,

254 770 446 824 bonum
473 783 493 822 :
522 765 648 820 uelle
668 766 802 819 enim
831 763 1030 834 adjacet
1069 761 1192 814 mihi
1215 776 1233 823 ;
1281 759 1522 830 perﬁcere
1563 764 1730 809 autem
1759 752 1849 806 bb-

256 877 402 926 mtm,
427 876 526 912 non
550 857 745 911 invenio
776 855 952 926 (Rom.
979 869 1071 918 vn,
1104 851 1226 923 18);
1255 859 1313 908 et
1333 865 1438 905 non
1466 857 1637 903 estex
1663 854 1851 900 natura

253 952 479 1008 vitiata‘
514 949 668 1020 primi
695 949 926 1002 hominis
955 943 1427 1015 praevaricatione;
1475 941 1560 995 die
1587 938 1726 993 unde
1759 937 1850 990 sit.

259 1038 320 1095 Si
341 1049 521 1093 autem
538 1052 644 1091 non
670 1044 792 1090 sunt
815 1036 835 1066 '
854 1033 1136 1106 congenita
1151 1031 1275 1087 vitia
1297 1030 1426 1097 ista;
1450 1028 1534 1083 dic
1548 1025 1691 1081 unde
1715 1023 1854 1079 sint?

258 1130 344 1188 Ex
367 1129 643 1200 peccandi,
673 1127 903 1198 inquies,
931 1122 1316 1181 consuetudine
1334 1165 1349 1188 ,
1390 1136 1549 1192 quam
1585 1117 1686 1174 sibi
1711 1117 1856 1188 quis-

262 1238 367 1294 que
391 1220 518 1277 fecit
547 1219 714 1275 libera
739 1219 1031 1274 voluntate.
1065 1215 1164 1273 Ubi
1193 1213 1335 1285 quod
1364 1228 1472 1267 non
1512 1211 1612 1274 vis,
1643 1208 1854 1264 interim

262 1313 556 1379 conﬁteris,
586 1312 791 1367 scilicet
818 1310 1119 1366 libertatem
1143 1305 1432 1361 voluntatis
1460 1318 1558 1357 suo
1585 1299 1728 1356 malo
1755 1314 1856 1354 usu

259 1406 440 1478 perire
461 1405 718 1475 potuisse,
748 1403 867 1474 quia
895 1399 1218 1472 perﬁciendo
1244 1398 1442 1452 malum
1469 1396 1644 1450 minus
1666 1394 1856 1448 idonea

259 1496 400 1553 facta
428 1493 592 1550 estad
615 1491 994 1563 perliciendum
1023 1492 1241 1547 bonum.
1257 1487 1378 1564 Sed
1400 1484 1652 1555 numquid
1672 1483 1859 1538 volun-

261 1597 374 1644 tate
389 1587 670 1658 quisquam
688 1579 949 1639 obtunsus
977 1581 1274 1639 estcorde?
1308 1577 1563 1648 numquid
1590 1577 1859 1630 voluntate

259 1682 554 1738 obliviosus
567 1687 650 1735 est
664 1677 960 1750 quispiam?
986 1673 1242 1746 numquid
1267 1673 1538 1727 voluntate
1563 1678 1644 1725 est
1667 1665 1859 1738 aliquis

261 1776 478 1831 fatuus?
505 1774 630 1830 Haec
659 1781 715 1828 et
752 1772 854 1826 alia
883 1771 1010 1824 vitia
1050 1770 1214 1839 ipsius
1241 1766 1435 1822 mentis
1464 1773 1622 1834 atque
1669 1761 1855 1826 animi,

262 1884 389 1924 cum
419 1866 610 1938 quibus
632 1866 876 1921 homines
915 1863 1061 1918 nasci
1101 1860 1321 1932 ambigit
1359 1873 1539 1923 nemo,
1585 1856 1628 1911 si
1659 1870 1724 1909 cx
1755 1853 1863 1908 ori-

263 1960 391 2032 gine
415 1958 597 2013 vitiata
623 1956 758 2012 dicis
785 1969 889 2011 non
918 1969 1058 2020 esse,
1086 1952 1173 2008 dic
1190 1951 1331 2006 unde
1356 1950 1482 2004 sint.
1508 1946 1691 2016 Neque
1717 1945 1861 2000 enim

264 2050 508 2106 dicturus
531 2064 611 2111 es,
653 2046 794 2118 quod
821 2047 948 2111 ista,
992 2045 1038 2100 si
1068 2059 1228 2099 nemo
1259 2049 1548 2114 peccasset,
1585 2036 1863 2107 paradisus

265 2141 472 2198 habere
502 2139 778 2210 potuisset.
802 2138 1102 2203 Postremo,
1131 2133 1272 2206 quod
1297 2148 1492 2203 corpus
1520 2127 1864 2198 corruptibile

267 2241 522 2304 aggravat
545 2233 810 2295 animam,
851 2230 951 2285 sub
979 2245 1080 2300 qua
1114 2225 1405 2283 miserabili
1435 2223 1645 2280 sarcina
1676 2236 1864 2277 omnes

266 2327 360 2397 qui
387 2341 492 2380 non
523 2338 905 2395 usquequaque
925 2323 1216 2392 desipiunt,
1245 2319 1491 2375 hemines
1513 2323 1754 2389 gemunt,
1777 2315 1867 2372 die

268 2417 417 2472 unde
444 2416 534 2472 sit.
564 2415 680 2470 Non
703 2415 845 2471 enim
884 2415 962 2470 sic
997 2414 1238 2469 dicturus
1273 2426 1332 2467 es
1377 2410 1576 2480 primos
1621 2407 1866 2463 homines

267 2520 504 2576 creatos,
535 2518 595 2564 ut
618 2508 949 2578 corruptibili
971 2521 1197 2577 corpore
1227 2503 1449 2573 alicujus
1473 2517 1658 2558 eorum
1688 2499 1862 2555 anima

267 2610 617 2672 gravaretur;
661 2611 754 2656 aut
777 2607 900 2671 post
936 2613 1121 2653 eorum
1157 2596 1288 2652 illud
1322 2595 1523 2667 grande
1565 2603 1861 2664 peccatum,

269 2695 392 2748 sine
423 2693 512 2747 tali
541 2707 766 2761 corpore
804 2691 995 2762 aliquis
1035 2689 1288 2744 nascitur.
1319 2687 1429 2743 Cur
1453 2701 1582 2757 ergo
1611 2685 1867 2740 adversus

268 2799 375 2841 nos
400 2785 746 2841 Manichreum
777 2783 1084 2854 loquentem
1114 2779 1523 2852 loquacissimus
1549 2776 1862 2844 introducis,

267 2891 396 2932 cum
419 2885 474 2932 tu
505 2876 748 2947 negando
772 2874 912 2946 quod
939 2875 1184 2937 dicimus,
1203 2874 1251 2929 ei
1274 2871 1596 2942 respondere
1617 2886 1722 2926 non
1747 2884 1868 2941 pos-

269 2967 385 3022 sis?
411 2967 505 3022 Cui
542 2966 832 3038 reSpondet
858 2964 1175 3037 Cyprianus,
1210 2965 1279 3018 ita
1318 2963 1624 3018 discordare
1649 2975 1866 3017 carnem

269 3059 630 3130 spiritumque
659 3058 1056 3123 demonstrans,
1101 3064 1160 3110 ut
1204 3063 1380 3109 tamen
1426 3053 1701 3122 utriusque
1741 3051 1866 3106 sita

270 3151 388 3208 Deo
413 3151 570 3207 Patre
597 3150 795 3205 oranda
821 3148 1106 3206 concordia
1139 3146 1243 3218 (De
1271 3145 1512 3201 Oratione
1540 3139 1825 3215 Dominica)
1850 3159 1864 3197 :

270 3246 361 3302 cui
388 3245 676 3316 respondet
696 3243 1006 3315 Gregorius,
1035 3242 1264 3312 quicum
1291 3239 1410 3293 talia
1433 3237 1500 3293 de
1520 3251 1681 3292 carne
1705 3235 1867 3290 dixis-

272 3349 382 3406 set,
410 3339 587 3410 qualia
609 3346 793 3393 contra
817 3352 913 3392 nos
929 3335 1274 3405 composuisti
1294 3332 1472 3387 dicere
1496 3329 1866 3394 Manichazum,

271 3439 563 3501 utrumque
590 3438 763 3483 tamen
795 3428 862 3484 ad
892 3429 1080 3494 Deum,
1122 3425 1238 3495 ipso
1280 3423 1387 3478 Deo
1415 3421 1668 3492 propitio,
1711 3433 1868 3474 revo-

271 3523 505 3579 candum
527 3536 646 3576 esse
673 3528 916 3583 testatur,
942 3517 994 3573 id
1018 3525 1120 3581 est,
1153 3515 1400 3586 spiritum
1431 3522 1486 3568 et
1506 3526 1725 3568 carnem
1749 3527 1761 3563 :
1785 3509 1872 3564 cui

272 3615 568 3687 respondet
605 3613 940 3684 Ambrosius,
971 3611 1063 3682 qui
1100 3623 1219 3664 cum
1249 3607 1472 3662 dixisset
1497 3618 1716 3659 carnem
1758 3615 1873 3656 mo-

275 3707 562 3765 deratioris
591 3707 785 3760 animae
822 3703 1044 3758 arbitrio
1073 3697 1462 3769 conjugandam
1487 3739 1501 3762 ,
1542 3695 1720 3763 Qualis
1749 3693 1868 3764 fuit,

276 3800 470 3870 inquit,
501 3814 614 3852 cum
635 3795 966 3851 inhabitanda
992 3791 1218 3863 paradisi
1241 3797 1431 3844 secreta
1453 3786 1691 3855 suscepit,
1724 3794 1872 3839 ante-

275 3907 433 3964 quam
461 3907 646 3945 veneno
691 3887 915 3960 pestiferi
957 3885 1200 3956 serpentis
1234 3881 1420 3952 infecta
1456 3879 1754 3950 sacrilegam
1794 3879 1874 3948 fa—

277 3999 411 4038 mem
441 3985 588 4036 sciret
613 3981 753 4051 (Lib.
776 3981 807 4034 7
837 3980 891 4034 in
914 3977 1044 4032 Luc.
1071 3976 1190 4052 .xn).
1224 3974 1316 4030 His
1346 3973 1488 4029 enim
1516 3971 1627 4027 suis
1652 3978 1872 4024 senten-

277 4076 371 4133 tiis
394 4076 642 4131 catholici
662 4075 928 4130 antistites
950 4072 1082 4128 satis
1106 4079 1397 4142 aperteque
1419 4065 1735 4128 docuerunt,
1757 4077 1875 4118 car-

277 4168 364 4223 nis
420 4180 524 4221 non
572 4176 814 4222 naturam
873 4165 1068 4220 malam
1123 4177 1277 4227 esse,
1346 4158 1441 4214 sed
1489 4156 1706 4221 vitium;
1767 4169 1873 4225 quo

277 4268 471 4315 sanato
497 4256 565 4310 ad
594 4258 696 4312 hoc
721 4256 894 4323 redit,
926 4264 985 4309 ut
1011 4250 1459 4324 quemadmodum
1503 4248 1750 4318 primitus
1794 4246 1874 4300 in-

277 4352 465 4408 stituta
489 4357 600 4415 est,
649 4348 808 4402 nullis
843 4348 956 4402 suis
993 4345 1310 4415 corruptelis
1337 4352 1590 4413 aggravet
1617 4340 1870 4406 animam,

281 4439 598 4506 nullamque
619 4437 944 4492 habeatcum
964 4435 1153 4505 spiritu
1169 4433 1434 4487 contraria
1448 4429 1875 4502 concupiscendo

279 4527 606 4602 discordiam
635 4529 795 4600 :quia
827 4527 1092 4583 discordia
1125 4525 1380 4593 deceptus
1406 4533 1489 4578 est
1529 4524 1872 4591 Manichaaus,

280 4629 343 4676 ut
361 4619 592 4675 alienam
618 4620 814 4675 malam
841 4618 1064 4689 ﬁngeret
1084 4604 1426 4670 commixtam
1449 4613 1602 4668 nobis
1620 4629 1741 4668 esse
1761 4613 1880 4668 sub-

279 4713 555 4771 stantiam.
602 4714 804 4770 Horum
847 4712 1231 4768 catholicorum
1275 4709 1572 4763 antistitum
1627 4707 1786 4762 ﬁdem
1831 4708 1877 4761 si

279 4805 563 4864 nobiseum
586 4805 742 4878 sequi
772 4805 959 4870 velles,
992 4801 1314 4859 Manichaeos
1345 4809 1631 4867 everteres,
1665 4814 1769 4854 non
1792 4797 1878 4868 ju-

277 4912 438 4954 vares
470 4915 482 4951 :
515 4914 660 4954 nunc
688 4912 817 4953 vero
843 4912 947 4952 non
978 4910 1073 4951 eos
1101 4895 1400 4960 destruere,
1430 4891 1522 4946 sed
1553 4893 1721 4962 magis
1758 4891 1878 4946 aedi-

281 4989 448 5044 ﬁcare
475 4991 686 5046 conaris
719 5007 732 5043 :
767 4987 1012 5058 negando
1040 4986 1185 5042 enim
1218 4985 1386 5050 mala,
1429 4999 1546 5053 qua:
1575 4983 1643 5038 de
1673 4983 1878 5052 origine

275 5080 469 5137 .vitiata
505 5067 752 5138 homines
802 5087 1083 5135 nascentes
1131 5075 1367 5141 trahunt,
1405 5089 1512 5130 non
1551 5073 1603 5128 id
1642 5074 1778 5145 agis,
1821 5083 1879 5128 ut

283 5177 432 5235 nulla
458 5190 576 5231 esse
605 5172 888 5230 credamus
914 5170 1055 5225 mala
1083 5165 1623 5236 naturalia,quoniam
1655 5165 1876 5223 nimium

281 5266 565 5326 manifesta
586 5273 738 5329 sunt;
763 5262 858 5318 sed
886 5261 1060 5331 potius
1084 5258 1216 5330 agis,
1247 5265 1302 5312 ut
1325 5256 1393 5311 de
1409 5256 1580 5310 aliena
1610 5255 1748 5310 mala
1779 5269 1875 5309 na-

281 5371 405 5418 tura
428 5366 678 5430 putentur
696 5369 816 5410 esse
839 5354 960 5420 ista,
986 5367 1144 5423 quam
1174 5349 1362 5404 nohiSI
1393 5363 1513 5403 esse
1533 5347 1876 5402 commixtam

283 5451 700 5510 Manichaeorum
727 5446 932 5502 insania
956 5444 1248 5508 fabulatur;
1293 5457 1400 5496 non
1425 5440 1491 5496 de
1520 5448 1701 5496 nostra
1735 5440 1875 5496 bona

284 5587 397 5652 quis
416 5585 659 5636 codicibus
673 5595 694 5652 ;_
712 5592 917 5652 quorum
936 5581 1080 5630 etiam
1102 5577 1316 5628 subsidio
1336 5576 1433 5626 duo
1453 5588 1631 5627 versus
1654 5578 1876 5640 proxime

283 5646 559 5712 sequentes
579 5646 918 5714 restituuntur.
1009 5701 1019 5713 .

354 5712 370 5742 ι
408 5717 470 5758 Ex
493 5709 589 5758 ﬁde
611 5714 718 5756 Mss.
743 5704 950 5758 additur,
972 5699 1135 5752 vitiata

421 5720 470 5759 EX
493 5720 589 5758 Παθ
611 5720 718 5756 MSS.
743 5720 950 5759 aﬂﬂluﬂ',
972 5720 1152 5752 unum.

353 5739 372 5803 λ
408 5739 1451 5824 διλξιξῇξῆξ“ἦὲἶῆ“ἰόξῦ’ῖξέὶὀθωὺθιυτ,
1486 5775 1580 5814 non
1601 5771 1726 5816 sunt.
1759 5751 1877 5828 Sup'-

284 5833 540 5900 pleturex
561 5830 916 5900 nmquscriptis.

352 5898 372 5930 ⁸
405 5896 538 5961 Fditi.
577 5890 706 5943 mala
749 5887 1256 5961 mituralia__putentur
1290 5899 1392 5940 csse
1429 5887 1540 5949 ista,
1563 5901 1674 5954 quia
1715 5889 1870 5942 nobis.

281 5957 603 6012 Imendanutr
627 5967 694 6008 ex
715 5955 1064 6008 manuschtis.

1703 450 1905 509 LIBER
1941 449 2234 509 SEXTUS.

3405 457 3546 515 i530

1955 566 2112 637 primi
2159 566 2393 625 hominis
2435 570 2870 642 praevaricatione
2917 570 3098 628 vitiata
3139 586 3358 628 manare
3394 586 3551 627 mon-

1955 670 2212 730 strantur,
2259 663 2400 734 quod
2442 663 2838 722 Catholicorum
2888 667 3092 722 sanitas
3133 665 3389 736 loquitur.
3440 665 3546 721 Sed

1956 752 2303 819 Manichaaus,
2355 755 2549 825 inquis,
2590 757 2751 811 etiam
2786 757 2956 826 ipsam
2989 758 3142 827 primi
3177 757 3407 812 hominis
3431 771 3550 812 car-

1958 860 2102 912 nem,
2126 845 2297 916 qualis
2323 856 2609 917 antequam
2636 858 2882 917 peccaret
2909 846 3026 911 fuit,
3055 849 3132 903 sic
3152 847 3466 910 detestatur,
3493 855 3550 902 ut

1959 938 2153 992 malam
2197 937 2397 993 nitatur
2424 938 2727 994 ostendere.
2773 940 2848 995 Ita
2886 941 3104 1010 quidem
3141 955 3170 994 a
3201 950 3253 995 te
3281 940 3550 994 inducitur

1959 1030 2200 1099 loquens,
2232 1037 2294 1085 ut
2323 1030 2530 1100 ingerat
2567 1032 2925 1102 respondendi
2963 1033 3350 1102 qualecumque
3383 1046 3519 1100 nego

1961 1121 2122 1185 tium,
2171 1136 2275 1176 non
2322 1121 2494 1176 solum
2525 1122 2686 1188 mihi,
2727 1139 2911 1178 verum
2949 1125 3107 1177 etiam
3140 1123 3252 1178 tibi.
3301 1123 3431 1178 Nam
3462 1123 3552 1178 ubi

1961 1213 2090 1268 dicit
2116 1228 2144 1267 a
2179 1213 2324 1268 malo
2359 1228 2478 1268 eam
2518 1214 2795 1269 conditore
2839 1213 3030 1269 factam
3076 1215 3266 1279 esse‘;
3305 1214 3462 1268 simul
3504 1214 3552 1269 ei

1961 1304 2370 1375 respondemus,
2399 1315 2507 1360 tam
2535 1307 2729 1361 bonam
2753 1316 3071 1372 creaturam,
3104 1322 3222 1377 quae
3247 1316 3424 1378 posset
3447 1321 3552 1360 non

1963 1414 2213 1468 peccare,
2262 1399 2306 1454 si
2354 1399 2554 1464 nollet,
2600 1401 2843 1469 quamvis
2871 1417 2974 1453 non
3003 1410 3244 1470 aequetur
3270 1414 3367 1453 suo
3390 1398 3554 1452 Crea-

1963 1490 2088 1557 tori,
2121 1505 2226 1544 non
2260 1499 2434 1545 tamen
2466 1491 2700 1560 potuisse
2727 1491 2832 1546 nisi
2863 1492 3059 1546 bonum
3102 1490 3302 1545 habere
3339 1490 3556 1544 Creato-

1963 1599 2097 1638 rem.
2126 1583 2226 1639 Ubi
2252 1600 2378 1639 vero
2398 1584 2465 1640 de
2493 1585 2685 1640 timore
2710 1585 2926 1649 mortis,
2954 1599 3112 1654 quam
3131 1626 3144 1647 ,
3183 1584 3229 1637 si
3263 1591 3555 1652 peccasset,

1964 1675 2012 1730 ei
2042 1676 2183 1730 Deus
2213 1684 2293 1730 est
2321 1677 2696 1743 comminatus,
2719 1677 2878 1731 etiam
2914 1676 3220 1746 priusquam
3251 1682 3556 1743 peccasset,

1967 1767 2220 1822 miserum
2267 1767 2422 1833 dicit;
2470 1769 2626 1823 simul
2672 1769 3081 1838 respondemus,
3133 1765 3276 1836 quod
3303 1765 3556 1832 hominis,

1967 1859 2054 1929 qui
2084 1875 2350 1930 nunquam
2377 1875 2599 1929 peccare
2627 1861 2918 1930 potuisset,
2947 1862 2992 1915 si
3038 1875 3305 1931 nunquam
3338 1874 3562 1930 peccare

1969 1949 2245 2016 voluisset,
2270 1967 2443 2020 poena:
2469 1951 2608 2006 illius
2629 1951 2948 2018 devitandas,
2973 1967 3091 2022 qua:
3120 1952 3290 2006 fuerat
3313 1960 3568 2006 secutura

1969 2051 2266 2111 peccatum,
2301 2043 2584 2114 tranquilla
2615 2057 2731 2100 erat
2755 2046 2952 2112 cautio,
2980 2061 3088 2098 non
3120 2045 3422 2100 turbulenta
3449 2046 3561 2100 for-

1970 2135 2133 2190 mido.
2177 2135 2289 2190 Hoc
2317 2135 2529 2206 quidem
2567 2137 2895 2207 respondere
2920 2137 3190 2192 communi
3231 2136 3560 2203 adversario,

1969 2228 2108 2283 sicut
2135 2228 2332 2283 dictum
2360 2238 2461 2306 est,
2491 2231 2847 2285 communiter
2872 2244 3154 2300 possumus
3185 2249 3198 2284 :
3231 2229 3325 2285 sed
3344 2245 3442 2300 ego
3463 2229 3562 2285 ad-

1969 2333 2158 2374 versus
2187 2319 2536 2375 Manichmum
2561 2320 2746 2376 laudes
2765 2336 2932 2391 augeo
2955 2320 3229 2375 rationalis
3253 2321 3393 2376 illius
3413 2337 3565 2378 crea-

1972 2420 2126 2480 turzc,
2158 2429 2276 2484 qua:
2306 2429 2409 2468 non
2439 2414 2611 2469 solum
2642 2429 2749 2469 non
2777 2414 3111 2469 cruciabatur
3136 2414 3246 2468 ullo
3274 2422 3440 2482 metu,
3473 2429 3566 2470 ve-

1971 2520 2090 2560 rum
2121 2507 2279 2560 etiam
2309 2505 2491 2561 laetitia
2517 2521 2711 2577 magna
2738 2505 3041 2572 fruebatur;
3085 2506 3336 2576 quoniam
3365 2506 3564 2560 malum

1973 2599 2180 2664 mortis,
2227 2597 2369 2669 quod
2409 2599 2670 2664 omnium,
2716 2599 2800 2652 vel
2841 2611 2977 2668 pene
3019 2597 3255 2652 omnium
3295 2596 3565 2667 refugiunt

1971 2690 2131 2746 corda
2157 2691 2414 2758 ﬁdelium,
2445 2691 2670 2746 habebat
2691 2692 2744 2746 in
2763 2700 3024 2762 potestate
3045 2707 3150 2746 non
3177 2692 3403 2762 perpeti.
3435 2691 3567 2747 Huic

1974 2795 2172 2838 nostra:
2201 2782 2325 2839 ﬁdei
2365 2784 2616 2854 quoniam
2647 2793 2824 2840 vester
2866 2800 3018 2840 error
3045 2783 3301 2840 adversus
3327 2793 3430 2850 est,
3460 2800 3567 2855 quo

1973 2875 2168 2944 putatis
2198 2874 2388 2941 Adam,
2419 2875 2530 2930 sive
2554 2885 2821 2946 peccaret,
2847 2875 2960 2932 sive
2980 2890 3085 2930 non
3113 2884 3376 2945 peccaret,
3403 2873 3567 2930 fuisse

1973 2965 2325 3030 moriturum;
2358 2966 2483 3036 quid
2511 2967 2597 3021 hic
2619 2966 2910 3022 Manichteo
2935 2965 3228 3037 respondes
3252 2964 3447 3021 dicenti
3468 2965 3568 3019 mi-

1973 3071 2147 3111 seram
2175 3057 2443 3114 conditam
2473 3073 2593 3114 esse
2622 3069 2894 3124 naturam,
2936 3073 3094 3128 quam
3137 3057 3220 3113 vel
3259 3065 3566 3128 peccantem

1974 3149 2058 3204 vel
2086 3163 2192 3203 non
2217 3158 2526 3219 peccantem
2548 3165 2696 3204 mors
2726 3149 3014 3204 imminens
3043 3150 3237 3204 timore
3267 3147 3570 3218 torquebat?

1973 3240 2031 3296 Si
2058 3242 2198 3297 enim
2225 3241 2426 3296 dixeris
2461 3241 2530 3296 ita
2560 3240 2724 3296 fuisse
2757 3241 3024 3296 conditam
3045 3283 3060 3308 ,
3102 3251 3160 3295 ut
3199 3255 3306 3296 non
3348 3241 3561 3295 timeret

1976 3341 2228 3400 mortem,
2269 3333 2387 3388 sine
2428 3333 2589 3390 duhio
2621 3333 2943 3404 quandoque
2979 3340 3287 3400 venturam;
3331 3331 3570 3402 profecto

1977 3426 2133 3480 istam
2154 3441 2274 3496 qua:
2301 3428 2352 3481 in
2385 3428 2612 3496 posteris
2638 3427 2756 3496 ejus
2783 3435 2885 3490 est,
2915 3427 3166 3482 miseram
3192 3425 3444 3481 fateberis
3472 3441 3571 3480 na-

1977 3518 2076 3582 sci,
2104 3519 2190 3573 cui
2221 3519 2406 3573 mortis
2437 3503 2637 3573 metum
2672 3519 2750 3572 sic
2789 3517 3032 3573 videmus
3056 3533 3176 3573 esse
3205 3518 3566 3588 congenitum,

1977 3623 2038 3668 ut
2062 3613 2221 3668 etiam
2257 3610 2310 3665 hi
2342 3611 2433 3682 qui
2463 3625 2558 3681 spe
2586 3609 2726 3665 ﬁdeli
2755 3611 2944 3664 futurae
2981 3611 3102 3664 vitae
3147 3609 3335 3679 gaudia
3374 3623 3574 3664 concu-

1979 3706 2210 3776 piscunt,
2234 3704 2287 3758 in
2310 3702 2410 3759 hac
2437 3711 2615 3758 tamen
2647 3704 2754 3757 vita
2781 3718 2902 3756 cum
2929 3703 3117 3756 mortis
3143 3703 3334 3757 timore
3363 3703 3573 3758 lucten-

1979 3808 2066 3854 tur
2093 3819 2106 3855 :
2136 3799 2323 3852 nolunt
2350 3797 2492 3851 enim
2522 3796 2761 3866 spoliari,
2790 3795 2884 3850 sed
2914 3795 3280 3865 supervestiri,
3317 3804 3376 3849 ut
3399 3809 3571 3866 quan-

1982 3901 2090 3947 tmn
2118 3890 2184 3946 ad
2215 3905 2398 3945 eorum
2426 3889 2615 3942 attinet
2638 3887 2986 3951 voluntatem,
3021 3902 3128 3941 non
3159 3895 3329 3942 morte
3358 3887 3574 3942 finiatur

1983 3983 2094 4037 hzcc
2116 3982 2242 4045 vita,
2271 3980 2367 4036 sed
2393 3979 2615 4035 mortale
2641 3978 2987 4033 absorbeatur
3008 3995 3036 4032 a
3063 3977 3167 4031 vita
3193 3977 3254 4049 (ll
3273 3977 3390 4033 Cor.
3413 3995 3466 4044 ν,
3490 3977 3569 4049 4).

1983 4076 2062 4131 Ex
2088 4090 2194 4146 quo
2223 4075 2301 4136 ﬁt,
2333 4081 2391 4128 ut
2416 4073 2459 4126 si
2492 4075 2679 4126 mortis
2704 4081 2902 4126 metum
2943 4072 2996 4124 in
3039 4071 3286 4140 paradiso
3334 4071 3573 4140 posueris

1980 4180 2105 4225 ante
2131 4176 2431 4239 peccatum,
2457 4165 2687 4219 vincaris
2725 4179 2753 4216 a
2782 4163 3088 4217 Manichseis
3109 4207 3122 4228 ,
3165 4163 3252 4232 qui
3293 4173 3480 4232 putant
3519 4170 3575 4217 et

1980 4261 2153 4333 putari
2180 4261 2387 4326 volunt,
2417 4257 2558 4329 quod
2588 4258 2639 4310 in
2674 4257 2849 4327 primo
2890 4270 3103 4325 quoque
3130 4254 3346 4309 homine
3379 4254 3572 4308 misera

1981 4355 2192 4411 condita
2217 4362 2300 4409 est
2323 4359 2506 4406 natura
2526 4349 2789 4412 humana;
2819 4350 2862 4402 si
2885 4355 3060 4403 autem
3089 4348 3332 4401 timorem
3361 4346 3570 4412 mortis,

1982 4465 2090 4520 quo
2118 4447 2419 4502 mortalium
2463 4444 2673 4498 animus
2717 4456 2822 4497 non
2868 4442 2985 4495 sine
3009 4441 3222 4495 miseria
3248 4439 3572 4506 stimulatur,

1983 4551 2107 4594 ante
2133 4546 2406 4609 peccatum
2433 4551 2538 4590 non
2567 4536 2731 4610 fuisse
2747 4532 3119 4610 responderis,
3148 4531 3382 4585 vincaris
3407 4547 3436 4584 a
3469 4545 3570 4583 no-

1984 4631 2095 4695 bis,
2134 4607 2386 4699 quoniam
2418 4642 2526 4682 non
2554 4607 2848 4679 mutaretur
2878 4625 2928 4677 in
2962 4623 3113 4692 pejus
3146 4623 3249 4677 nisi
3276 4622 3454 4676 vitiata
3483 4637 3578 4677 na-

1987 4733 2123 4777 tura.
2156 4721 2360 4777 Rursus
2382 4721 2434 4775 in
2456 4737 2520 4776 eo
2540 4719 2681 4790 quod
2703 4718 2959 4772 adversus
2980 4732 3078 4770 nos
3106 4716 3233 4770 facis
3261 4715 3439 4770 dicere
3469 4715 3579 4769 Ma-

1987 4814 2272 4878 nichaeum,
2303 4813 2422 4882 quia
2455 4811 2580 4866 illud
2617 4829 2635 4862 ‹
2661 4825 2859 4865 caecum
2887 4817 2942 4863 et
2978 4821 3337 4862 :erumnosum
3378 4807 3573 4860 animal

1986 4908 2145 4961 etiam
2177 4905 2470 4976 inquietum
2497 4903 2758 4974 cupiditas
2788 4901 2964 4955 innata
2997 4898 3275 4963 reddebat,
3306 4914 3463 4969 quam
3495 4900 3576 4954 rei

1987 4998 2282 5054 interdicta:
2309 5005 2364 5051 et
2387 5004 2640 5052 venustas
2670 4993 2911 5048 irritabat
2934 4999 2988 5046 et
3015 4990 3268 5057 suavitas,
3301 5009 3320 5042 ι
3358 4992 3452 5055 ιιιί,
3478 4989 3574 5044 Ju-

1985 5089 2146 5153 liane,
2177 5087 2457 5157 dogmatis,
2491 5095 2740 5154 tanquam
2783 5083 2835 5136 in
2875 5081 3094 5152 scopulo
3143 5080 3434 5136 inevitabili
3479 5095 3574 5134 co-

1983 5194 2181 5252 gnosce
2211 5177 2557 5247 naufragium.
2603 5173 2712 5230 Nos
2743 5174 2884 5230 enim
2924 5173 3153 5228 dicimus
3191 5174 3243 5226 in
3289 5172 3375 5225 illa
3404 5171 3576 5226 beati-

1985 5271 2168 5327 tudine
2219 5270 2414 5325 nullam
2471 5267 2635 5323 fuisse
2683 5267 3062 5336 cupiditatem,
3127 5280 3246 5335 qua:
3301 5264 3576 5319 resisteret

1983 5363 2262 5418 voluntati.
2288 5361 2457 5416 Porro
2485 5361 2528 5414 si
2549 5358 2833 5429 cupiebant
2855 5357 2928 5412 illi
2959 5357 3223 5422 homines,
3247 5355 3388 5409 unde
3412 5355 3576 5408 absti-

1986 5472 2114 5511 nere
2156 5455 2332 5525 potius
2363 5452 2643 5512 volebant;
2688 5450 2873 5521 procul
2899 5449 3062 5504 dubio
3087 5446 3342 5501 voluntati
3383 5460 3569 5499 eorum

1984 5547 2243 5616 cupiditas
2269 5545 2568 5598 resistebat.
2593 5542 2706 5597 Hoc
2722 5555 2848 5611 ergo
2870 5555 2974 5594 non
2996 5547 3178 5592 contra
3196 5552 3303 5604 me,
3326 5535 3423 5592 sed
3446 5550 3576 5591 con.

1985 5649 2065 5695 tra
2109 5647 2193 5703 te,
2235 5636 2580 5691 Manichazum
2611 5634 2788 5689 dicere
2831 5648 2927 5702 per
2962 5642 3049 5685 tua
3091 5630 3252 5684 verba
3299 5629 3486 5684 fecisti.
3515 5630 3572 5686 Si

1983 5730 2126 5788 enim
2153 5729 2283 5784 tales
2308 5735 2460 5784 erant
2487 5725 2585 5792 illi,
2614 5735 2671 5780 ut
2699 5724 2754 5779 in
2783 5725 2861 5780 eis
2889 5721 3152 5794 cupiditas
3179 5721 3453 5824 resistent
3473 5735 3570 5777 vo-

2049 5952 2069 5987 ί
2105 5959 2154 6002 ιιι
2180 5957 2309 6016 ttss.,
2333 5963 2442 6004 cum
2479 5949 2724 6005 conditore
2746 5953 2924 6018 factum
2947 5963 3065 6004 esse.
