3958 6510
600 408 737 469 ιὸὔί

602 527 824 594 luntati;
842 524 953 597 jam
981 536 1107 578 caro
1134 513 1543 586 concupiscebat
1567 508 1821 597 adversus
1841 501 2106 576 spiritum,
2135 507 2191 556 et

602 622 823 695 spiritus
844 594 1104 673 adversus
1126 625 1378 674 carnem;
1422 605 1510 661 ubi
1549 594 2037 658 manifestissimum
2067 609 2190 695 car-

602 682 689 771 nis
715 710 1025 781 intelligitur
1051 706 1254 768 vitium,
1300 708 1514 771 propter
1537 690 1680 769 quod
1713 690 1955 750 ﬁdelibus
1983 682 2193 746 diccbat

602 807 911 878 Apostolus,
940 801 1065 857 Haec
1093 800 1227 855 enim
1255 797 1463 853 invicem
1491 794 1853 857 adversantur;
1899 797 1955 842 ut
1992 803 2093 842 non
2132 800 2193 839 ea

600 916 714 973 qua:
742 898 890 953 vultis
924 895 1142 968 faciatis.
1172 891 1358 947 Nullus
1386 889 1582 963 quippe
1625 894 1931 941 sanetorum
1970 887 2074 945 est,
2103 878 2193 973 qui

602 971 710 1050 non
739 990 865 1047 velit
895 991 1067 1044 facere
1110 1002 1178 1042 ne
1219 1000 1346 1040 caro
1382 982 1640 1037 adversus
1665 978 1907 1050 spiritum
1938 971 2193 1041 concupi-

602 1094 749 1151 scat;
781 1082 1023 1155 quamvis
1051 1082 1098 1137 ei
1137 1080 1354 1136 resistat
1392 1092 1459 1131 nc
1502 1071 1988 1145 concupiscentiam
2018 1065 2194 1122 carnis

604 1193 699 1234 sua
715 1175 1067 1232 consensione
1084 1172 1339 1242 perﬁciat,
1362 1168 1608 1224 eumdem
1625 1163 1924 1236 apostolum
1950 1159 2190 1223 audiens,

605 1269 694 1326 ubi
720 1268 829 1323 ait:
861 1266 989 1321 Dico
1016 1273 1204 1329 autem,
1234 1262 1433 1331 Spiritu
1466 1257 1738 1319 ambulate.
1765 1263 1811 1309 et
1833 1252 2192 1323 concupiscen-

605 1363 701 1418 tias
728 1361 895 1416 carnis
922 1376 985 1415 ne
1022 1356 1331 1430 perfeceritis
1360 1352 1557 1426 (Galat.
1589 1369 1646 1416 v,
1679 1352 1769 1419 t7,
1798 1347 1909 1419 16).
1942 1346 2056 1402 Νοη
2099 1345 2191 1411 ait,

605 1452 1073 1524 Concupisccntias
1127 1449 1305 1505 carnis
1356 1445 1689 1502 adversarias
1739 1458 1808 1498 ne
1862 1438 2191 1501 habueritis;

605 1547 857 1619 quoniam
885 1544 1100 1601 videbat
1136 1542 1422 1613 perfectam
1452 1553 1639 1610 pacem
1679 1535 1856 1593 carnis
1897 1542 1952 1589 et
1977 1532 2197 1603 spiritus

609 1652 718 1693 non
739 1651 901 1709 posse
923 1636 975 1691 in
1001 1649 1226 1705 corpore
1268 1631 1455 1687 mortis
1494 1629 1653 1701 hujus
1695 1626 1905 1697 impleri
1935 1642 1948 1679 τ
1979 1623 2072 1680 sed
2098 1625 2193 1691 ait,

608 1729 1047 1803 Concupiscentias
1071 1729 1238 1785 carnis
1256 1744 1319 1783 ne
1340 1724 1675 1798 perfeceritis;
1702 1722 1790 1777 ubi
1812 1728 2081 1776 certamen
2103 1733 2199 1773 no-

608 1824 694 1881 bis
725 1825 917 1894 potius,
949 1822 1091 1894 quod
1126 1831 1309 1877 contra
1348 1834 1565 1875 carnem
1593 1819 1965 1873 adversantem
1994 1813 2195 1869 debea-

610 1932 734 1972 mus
761 1931 1043 1980 exercere,
1068 1913 1361 1986 proposuit,
1386 1920 1446 1968 ut
1469 1909 1927 1981 concupiscentias
1946 1906 2062 1977 ejus
2090 1920 2196 1960 non

611 2006 952 2079 perﬁciamus
987 2004 1389 2072 oonsentiendo,
1430 2002 1523 2059 scd
1566 1999 1864 2058 resistendo
1902 1999 2195 2053 vincamus.

611 2100 723 2159 Pax
757 2115 905 2166 vero,
946 2098 1036 2155 ubi
1076 2114 1183 2154 non
1222 2112 1315 2153 eas
1359 2096 1701 2152 adversantes
1737 2101 2199 2164 repugnantesque

612 2193 894 2264 patiamur,
928 2190 1028 2247 fuit
1050 2191 1102 2246 in
1131 2204 1355 2260 corpore
1382 2188 1503 2243 vitae
1526 2187 1687 2253 illius,
1716 2201 1876 2258 quam
1903 2195 2089 2239 natura
2115 2183 2196 2238 vi-

612 2282 738 2339 tiata
774 2283 931 2354 primi
961 2282 1189 2337 hominis
1221 2280 1656 2352 prtevaricationc
1686 2276 2032 2347 perdidimus.
2066 2273 2199 2329 Nam

610 2373 658 2430 si
695 2389 795 2429 nec
838 2374 909 2429 ibi
943 2372 1040 2428 fuit
1076 2380 1199 2428 ante
1226 2381 1499 2444 peccatum
1532 2386 1632 2442 pax
1659 2368 1836 2424 carnis
1864 2377 1919 2424 et
1960 2366 2197 2438 spiritus,

610 2465 909 2536 falsumque
934 2474 1017 2521 est
1045 2464 1187 2535 quod
1214 2464 1287 2518 ait
1316 2462 1652 2524 Ambrosius,
1677 2460 1955 2531 utriusque
1992 2457 2199 2513 discor-

612 2559 756 2616 diam
783 2574 878 2629 pcr
904 2557 1391 2629 praevaricationem
1421 2555 1574 2626 primi
1606 2553 1837 2609 hominis
1877 2554 1928 2608 in
1960 2559 2200 2607 nostram

615 2651 846 2707 vertisse
868 2658 1108 2705 naturam
1136 2648 1273 2722 (Lib.
1301 2650 1331 2704 7
1364 2648 1418 2702 in
1461 2645 1586 2701 Luc.
1621 2661 1715 2713 xu,
1746 2643 1835 2717 55)
1869 2663 1883 2699 :
1913 2660 2036 2699 vera
2076 2644 2199 2712 erit,

613 2744 754 2816 quod
800 2744 959 2811 absit,
1006 2744 1103 2799 ista
1146 2735 1432 2806 sententia,
1472 2755 1631 2812 quam
1669 2747 1853 2795 contra
1898 2752 1996 2794 nos
2038 2737 2204 2792 Mani-

612 2832 824 2893 chaaum
862 2835 1030 2892 fecisti
1085 2836 1415 2906 loquentem,
1460 2834 1719 2902 miserum,
1760 2831 1965 2889 scilicet
2011 2831 2205 2887 animal

614 2927 845 2999 primum
892 2927 1161 2983 hominem
1207 2926 1501 2993 conditum,
1538 2939 1696 2996 quem
1739 2924 1991 2995 cupiditas
2026 2924 2205 2979 innata

612 3019 852 3075 reddebat
890 3019 1186 3090 inquietant,
1239 3035 1392 3090 quam
1432 3016 1774 3087 cupiditatem
1812 3016 1886 3070 rei
1926 3015 2206 3070 interdicta:

613 3122 664 3168 et
689 3121 922 3168 uenustas
944 3111 1173 3166 irritabat
1197 3120 1243 3166 et
1261 3111 1502 3166 suavitas.
1521 3108 1628 3164 Nos
1642 3119 1819 3165 autem
1840 3107 2069 3165 dicimus
2097 3115 2203 3163 tam

614 3205 827 3261 beatum
858 3205 1023 3259 fuisse
1049 3204 1195 3258 illum
1225 3201 1499 3259 hominem
1525 3209 1647 3256 ante
1668 3210 1965 3271 peccatum,
1992 3208 2205 3271 tamque

614 3296 798 3353 liberae
821 3295 1130 3363 voluntatis,
1175 3303 1232 3350 ut
1274 3295 1368 3350 Dei
1412 3301 1735 3364 praiceptum
1768 3293 1977 3365 magnis
2006 3292 2206 3350 viribus

612 3389 812 3447 mentis
836 3389 1153 3455 observans,
1180 3387 1517 3443 resistentem
1547 3385 1649 3441 sibi
1674 3399 1893 3440 carnem
1918 3384 2064 3440 nullo
2090 3399 2207 3441 cer-

616 3481 815 3537 tamine
840 3489 1134 3551 pateretur,
1164 3494 1263 3535 nec
1287 3476 1487 3549 aliquid
1515 3476 1735 3534 Omnino
1762 3491 1830 3534 ex
1856 3477 2035 3548 aliqua
2057 3477 2209 3549 cupi-

613 3571 780 3629 ditate
799 3572 1043 3639 sentiret,
1061 3571 1201 3643 quod
1229 3571 1430 3637 nollet;
1462 3570 1896 3642 voluntatemque
1923 3570 2041 3642 ejus
2060 3572 2207 3642 prius

612 3662 780 3721 fuisse
824 3664 1059 3720 vitiatam
1107 3677 1377 3720 venenosa
1418 3661 1765 3734 persuasione
1814 3664 2102 3735 serpentis,
2149 3675 2209 3719 ut

613 3759 846 3814 oriretur
865 3757 1127 3828 cupiditas
1152 3765 1615 3829 quiesequeretur
1650 3756 1826 3827 potius
1853 3757 2202 3824 voluntatem,

613 3865 773 3920 quam
800 3849 1073 3905 resisteret
1102 3848 1394 3915 voluntati;
1422 3858 1833 3920 perpetratoque
1860 3858 2080 3918 peccato
2093 3847 2206 3920 jam

614 3957 772 4012 paena
819 3941 1100 3997 inﬁrmata:
1141 3941 1306 3997 menti
1353 3940 1513 3997 etiam
1557 3941 1734 3996 carnis
1776 3940 2207 4016 concupiscentia

613 4042 955 4105 repugnaret.
987 4033 1066 4089 Ac
1095 4048 1189 4104 per
1213 4031 1334 4098 hoc,
1363 4032 1464 4088 nisi
1497 4030 1645 4103 prius
1670 4031 1832 4088 homo
1859 4031 2058 4088 faceret
2082 4047 2208 4105 pec-

614 4125 786 4182 cando
811 4124 953 4196 quod
978 4125 1160 4194 vellet,
1188 4140 1295 4181 non
1320 4133 1588 4195 pateretur
1613 4126 2039 4196 concupiscendo
2064 4126 2207 4198 quod

616 4218 783 4275 nollet
825 4218 963 4274 Ecce
977 4233 1076 4273 nos
1096 4217 1545 4288 quemadmodum
1559 4219 1818 4274 vincimus
1833 4218 2204 4289 Manichmnm,

615 4310 954 4367 introducere
1001 4319 1281 4367 conantem
1335 4318 1541 4366 naturai
1588 4309 1819 4366 hominis
1874 4313 2205 4369 conditorem

614 4404 814 4459 malum
850 4422 865 4460 :
896 4410 950 4458 tu
979 4412 1178 4470 autem,
1224 4403 1315 4473 qui
1354 4403 1683 4460 certantibus
1726 4404 1878 4460 nobis
1905 4404 2080 4460 locum
2113 4405 2205 4461 tibi

614 4496 931 4566 spectatoris
955 4509 1053 4565 pro
1079 4502 1172 4550 tuo
1192 4494 1417 4551 arbitrio
1443 4494 1683 4566 delegisti
1699 4534 1715 4563 ,
1758 4495 1843 4550 his
1872 4495 2002 4568 ipsis
2031 4497 2207 4553 verbis

615 4589 740 4654 tuis,
785 4602 907 4659 quae
947 4596 1133 4643 contra
1176 4601 1273 4642 nos
1314 4586 1607 4643 Manichaee
1654 4586 1829 4643 danda
1867 4588 2238 4665 existimasti.

613 4695 739 4750 qua,
783 4695 986 4751 quaeso,
1026 4689 1165 4750 arte,
1205 4681 1399 4752 quibus
1442 4679 1644 4737 viribus
1674 4681 1924 4738 resistere
1960 4681 2204 4751 audebis,

616 4773 799 4840 homo,
827 4773 919 4844 qui
946 4772 1083 4829 dicis
1119 4775 1298 4833 carnis
1320 4775 1828 4847 concupiscentiam,
1866 4775 2041 4849 qualis
2065 4790 2208 4832 nunc

615 4874 718 4932 est,
748 4880 907 4935 quam
944 4865 1189 4922 videmus
1222 4876 1407 4925 contra
1454 4868 1697 4938 spiritum
1738 4869 2017 4937 dimicare,
2046 4870 2206 4926 talem

614 4958 780 5016 fuisse
817 4959 978 5014 etiam
1019 4959 1074 5014 in
1114 4960 1365 5031 paradiso
1391 4971 1515 5018 ante
1543 4963 1854 5034 peccatum?
1885 4964 2207 5035 Deponimus

614 5068 745 5125 ergo
769 5064 843 5121 te,
873 5052 1007 5110 velis
1029 5053 1185 5121 nolis,
1210 5054 1281 5110 de
1308 5053 1504 5111 theatri
1531 5056 1788 5113 sedilibus
1817 5056 1869 5112 in
1892 5072 2132 5121 arenam.
2152 5065 2209 5113 et

614 5145 684 5203 de
708 5153 1011 5217 spectatore
1051 5146 1275 5203 iacimus
1312 5147 1644 5207 luctatorem.
1689 5148 1995 5219 Aggredere
2026 5157 2207 5206 certa-

614 5254 760 5308 men,
784 5247 854 5296 .et
881 5238 1277 5307 adversarium,
1319 5239 1365 5295 sl
1402 5249 1574 5311 potes,
1616 5238 1770 5295 vlnce
1822 5254 2202 5297 communem:

615 5334 869 5406 quoniam
898 5343 951 5390 tu
982 5344 1196 5404 quoque
1222 5332 1391 5389 Deum
1424 5340 1721 5388 creatorem
1747 5333 1907 5391 etiam
1951 5333 2128 5391 carnis
2152 5344 2206 5392 te

612 5429 795 5486 colere
836 5428 1126 5501 proﬁteris.
1165 5427 1330 5483 Vince
1374 5426 1533 5498 igitur
1561 5427 1856 5494 inimicum,
1883 5428 2207 5498 persuadere

611 5530 922 5590 conantem,
970 5521 1169 5576 malum
1219 5520 1388 5576 Deum
1431 5526 1550 5575 esse
1576 5520 1663 5591 qui
1693 5520 1926 5577 condidit
1964 5536 2203 5593 carnem,

613 5614 769 5687 cujus
799 5614 1232 5685 concepiscentia
1273 5612 1511 5669 nondum
1553 5613 1840 5684 depravata
1884 5616 2204 5685 praevarica-

616 5706 1011 5778 tione'spiritui
1045 5707 1155 5777 jam
1203 5706 1504 5774 resistebat,
1553 5712 1606 5762 et
1635 5706 1889 5763 miserum
1935 5707 2205 5766 hominem

615 5810 710 5855 sua
736 5795 1129 5854 conﬂictatione
1149 5797 1394 5853 faciebat.
1426 5798 1508 5853 An
1537 5797 1776 5854 dicturus
1797 5814 1876 5867 es,
1900 5799 2125 5858 Prorsus
2150 5810 2208 5858 et

616 5890 1107 5960 concupiscentiam
1136 5890 1294 5948 talem
1333 5890 1583 5958 habebat,
1623 5900 1679 5949 et
1704 5901 1880 5948 tamen
1910 5892 2073 5950 miser
2094 5910 2204 5951 non

1273 392 1518 453 OPERIS
1555 382 1963 449 IMPERFECTI
2002 379 2278 437 CONTRA
2315 380 2678 451 JULIANUM,
2719 381 2777 441 S.
2825 382 3205 444 AUGUSTINI

3693 409 3775 472 1555

2295 499 2445 553 erat?
2467 499 2698 557 Hoccine
2718 511 2803 558 est
2820 503 3187 562 adversarium
3204 521 3479 581 superare,
3500 527 3559 568 an
3581 519 3709 586 potius
3722 526 3779 587 Iw,

2296 601 2378 648 est
2402 590 2655 665 adjuvare
2679 595 3051 668 Manichazum,
3082 611 3140 658 et
3167 611 3362 658 contra
3388 604 3659 675 Aposmlum
3678 621 3782 680 relict.

2298 684 2453 786 lare?
2481 689 2627 786 Itane
2653 692 2848 786 oblitus
2875 710 2933 750 es
2957 695 3077 767 quis
3099 694 3331 762 dixerit,
3370 692 3518 757 Video
3540 706 3663 762 aliam
3689 714 3782 786 (rga

2297 781 2350 836 in
2390 781 2622 838 membris
2661 784 2812 850 meis,
2864 798 3238 857 repugnantem
3285 788 3386 861 legi
3430 796 3591 849 meritis
3759 824 3782 865 α

2303 881 2422 942 post
2449 868 2751 944 hujusmodi
2776 876 2935 931 verba
2965 877 3286 948 subjecerit,
3320 876 3477 936 Miser
3501 901 3581 955 ego
3604 889 3785 956 hamata

2300 981 2426 1059 ergo
2444 964 2643 1059 ‘Adam,
2676 983 2795 1059 cum
2822 980 3084 1042 praecepto
3103 971 3275 1028 vellet
3303 973 3643 1047 obtemperare
3662 985 3785 1059 divin,

2300 1057 2587 1129 cupiditate
2631 1054 2937 1117 irritabatur
2973 1062 3151 1119 cibum
3195 1064 3522 1123 manducare
3547 1054 3785 1149 prohibitus;

2300 1149 2460 1220 ciq‘ue
2480 1152 2654 1206 carnis
2675 1154 3125 1224 concupiscentia,
3159 1156 3387 1227 qualem
3414 1158 3551 1215 illum
3577 1173 3622 1217 et
3642 1176 3731 1222 tunc
3750 1176 3789 1227 ti.

2299 1241 2377 1296 cis
2402 1240 2674 1309 habuisse,
2707 1255 2891 1300 contra
2918 1247 3329 1319 concupiscenti
3370 1250 3565 1321 spiritui
3589 1259 3785 1331 resistetur

2300 1347 2479 1387 nonne
2503 1335 2777 1390 verissime
2808 1337 3031 1406 diceret,
3063 1341 3106 1394 si
3139 1340 3313 1395 vellet
3352 1342 3545 1403 dicere.
3570 1340 3789 1410 Cantiam

2300 1423 2397 1496 legi
2440 1423 2537 1479 Dei
2580 1427 2856 1485 secundum
2902 1430 3195 1486 interiorem
3237 1427 3523 1501 hominem;
3547 1438 3665 1494 video
3696 1456 3789 1502 usta

2301 1518 2455 1573 aliaiit
2500 1518 2655 1590 legem
2693 1521 2745 1575 in
2786 1522 3018 1579 membris
3043 1525 3167 1579 meis
3209 1538 3575 1597 repugnantem
3596 1531 3791 1603 ιεοὶηιεὶαξι

2302 1613 2463 1668 mets?
2486 1612 2767 1681 Quomodo
2794 1631 2924 1687 ergo
2952 1632 3059 1672 non
3089 1626 3215 1673 erat
3240 1619 3415 1681 miser
3439 1619 3605 1690 homo,
3630 1640 3718 1681 cum
3730 1644 3790 1700 pel

2302 1704 2463 1760 verba
2484 1705 2608 1761 talia
2634 1706 2776 1762 dicat
2805 1709 3114 1780 Apostolus,
3134 1711 3305 1767 Miser
3331 1730 3425 1785 ego
3441 1710 3581 1771 homo
3605 1719 3789 1793 (Roma

2301 1795 2531 1868 22—24)?
2558 1809 2845 1868 postremo,
2870 1803 3141 1874 quomodo
3164 1804 3343 1860 miser
3363 1822 3472 1862 non
3500 1818 3619 1877 erat,
3640 1823 3681 1868 et
3698 1813 3789 1873 itaba-

2303 1887 2397 1946 bat
2439 1891 2662 1948 liberam
2701 1895 3053 1966 voluntatem,
3095 1897 3142 1953 si
3180 1882 3595 1967 concupiscente
3630 1900 3790 1964 adversa

2304 1984 2548 2056 spiritum
2579 2001 2761 2055 carne,
2791 1996 2929 2045 teste
2956 1989 3073 2061 ipso
3101 1989 3393 2061 Apostolo,
3420 2008 3523 2047 non
3548 1992 3722 2050 faciebat
3739 1998 3788 2054 ui-

2304 2092 2410 2150 que
2427 2078 2571 2149 quod
2590 2080 2825 2136 volebat?
2840 2079 3100 2150 Quoniam
3120 2098 3256 2155 ergo
3272 2084 3321 2139 si
3338 2081 3553 2150 dixeris,
3569 2090 3705 2159 qualis
3716 2107 3789 2147 una

2304 2180 2407 2235 est.
2439 2172 2598 2227 talem
2626 2172 2789 2229 fuisse
2816 2168 3315 2248 concupiscentiam
3345 2178 3521 2233 carnis
3555 2191 3659 2235 ante
3685 2198 3789 2254 pera

2308 2272 2436 2333 tum,
2471 2265 2647 2322 vincet
2677 2276 2729 2323 te
2757 2270 2945 2339 procul
2974 2268 3137 2326 dubio
3178 2270 3511 2327 Manichacus
3542 2291 3554 2327 :
3583 2274 3629 2328 in
3661 2286 3787 2332 sente-

2306 2356 2434 2412 tiam
2459 2372 2633 2414 meam
2663 2362 2850 2428 transi,
2883 2369 2937 2417 et
2957 2361 3313 2419 Ambrosium
3340 2363 3617 2435 dicentem,
3636 2381 3789 2438 μετρη-

2308 2449 2689 2507 varicationem
2718 2450 2951 2508 hominis
2981 2453 3163 2524 primi,
3194 2454 3256 2508 in
3281 2462 3525 2510 naturam
3550 2460 3787 2515 vcrtisseis

2307 2544 2546 2601 cordiam
2590 2546 2768 2605 carnis
2816 2556 2874 2603 et
2905 2549 3158 2620 spiritus,
3208 2550 3377 2606 ambo
3422 2553 3787 2623 approbemus,s

2307 2636 2660 2694 Manichacum
2689 2639 2849 2696 ambo
2869 2640 3164 2697 vincamus.
3188 2642 3298 2712 Qui
3330 2643 3504 2700 verbis
3531 2647 3635 2711 tuis,
3658 2665 3737 2716 qua
3752 2650 3784 2703 iii

2308 2732 2654 2803 composuisti
2688 2735 2840 2805 quasi
2881 2737 3194 2804 recitatum,
3222 2746 3285 2793 et
3308 2738 3449 2809 quod
3476 2739 3525 2793 in
3554 2739 3709 2795 scholis
3726 2741 3788 2796 rb-

2311 2830 2483 2881 torum
2512 2825 2701 2897 agitari
2729 2825 2890 2895 solet,
2922 2827 3095 2883 aliena
3121 2828 3371 2894 dicturo,
3414 2844 3517 2884 non
3554 2830 3689 2885 solum
3711 2847 3784 2885 en-

2309 2934 2561 2986 mnosum,
2611 2935 2799 2977 verum
2856 2922 3018 2977 etiam
3066 2938 3262 2978 eiscum
3319 2932 3551 2979 creatum
3594 2937 3686 2978 esse
3718 2924 3787 2979 diu

2308 3011 2480 3068 Adam
2513 3030 2526 3066 :
2554 3011 2697 3068 unde
2718 3028 2940 3081 caecum,
2964 3013 3065 3070 nisi
3084 3013 3207 3084 quia
3232 3030 3342 3081 non
3364 3027 3570 3070 noverat
3589 3023 3781 3085 peccatu;

2309 3105 2451 3178 good
2480 3104 2682 3161 dictum
2707 3115 2791 3163 est
2819 3107 2872 3161 in
2914 3106 3164 3163 laudibus
3193 3107 3399 3163 Christi
3429 3107 3505 3177 (ll
3536 3105 3637 3161 Cor.
3664 3106 3784 3175 ait}?

2309 3198 2672 3271 Quaecumque
2696 3201 2837 3255 enim
2856 3200 3005 3256 'mala
3039 3216 3144 3256 non
3174 3216 3277 3272 per
3304 3200 3619 3270 sapientiam,
3637 3198 3780 3268 κάρ

2310 3307 2406 3364 per
2428 3293 2812 3364 experientiam
2842 3293 3138 3362 discuntur,
3168 3293 3403 3351 feliciter
3441 3294 3711 3350 nesciuntur.
3729 3293 3781 3347 Sd

2310 3382 2415 3439 hoc
2437 3394 2621 3439 contra
2649 3383 2996 3463 Manichaeum
3027 3384 3094 3441 de
3132 3386 3437 3457 ignorantia
3481 3384 3616 3456 primi
3643 3383 3778 3437 homins

2313 3474 2732 3531 calumniantem
2756 3512 2772 3544 ,
2839 3484 2896 3531 tu
2920 3492 3156 3547 quoque
3206 3491 3424 3534 mecum
3464 3475 3653 3530 forsitan
3684 3472 3779 3527 dics:

2311 3566 2439 3637 quid
2462 3582 2591 3624 vero
2618 3568 2667 3624 ei
2695 3568 3025 3640 respondeas
3043 3569 3110 3625 de
3143 3580 3325 3626 morte
3349 3569 3575 3641 corporis
3596 3574 3639 3623 et
3654 3565 3701 3621 de
3715 3579 3778 3620 eis

2310 3663 2637 3734 eupiscentia
2661 3663 2859 3732 carnis,
2883 3664 3175 3720 secundum
3196 3678 3265 3720 ea
3285 3678 3403 3735 qua:
3426 3676 3557 3719 nunc
3573 3661 3649 3716 tibi
3666 3671 3779 3713 nos»

2310 3756 2650 3826 spondlmus.
2680 3772 2881 3827 quaere.
2915 3757 3011 3814 ills
3034 3757 3179 3813 enim
3212 3757 3428 3814 duabus
3454 3750 3777 3811 manifestissimis

2311 3849 2472 3905 rebus
2517 3858 2757 3921 apparet,
2798 3851 2956 3906 aliam
3001 3851 3165 3907 fuisse
3205 3850 3555 3907 conditionem
3593 3846 3777 3916 primorum

2312 3943 2611 4012 hominum,
2641 3944 2728 4015 qui
2752 3943 2822 4000 de
2859 3944 3004 4000 nulla
3034 3952 3316 4016 parentum
3354 3944 3513 4012 Stirpe
3546 3948 3648 3996 sunt
3665 3934 3775 4007 geniti;

2310 4037 2471 4093 aliain
2510 4052 2638 4094 vero
2670 4052 2890 4105 eorum,
2919 4039 3013 4109 qui
3047 4038 3119 4094 ita
3153 4048 3409 4095 creantur
3432 4051 3461 4091 a
3489 4036 3602 4097 Deo.
3628 4027 3777 4085 υιθιὶθη

2310 4129 2380 4186 ab
2405 4124 2711 4185 hominibus
2729 4138 3084 4201 procreantur
3108 4149 3122 4186 :
3145 4128 3216 4186 ab
3232 4130 3327 4187 illo
3344 4128 3482 4186 enim
3504 4123 3677 4182 modum
3693 4116 3777 4173 iuti-

2314 4225 2534 4281 tutionis
2569 4238 2681 4279 sine
2705 4223 2996 4294 accipiunt,
3023 4223 3092 4280 ab
3123 4223 3239 4278 istis
3276 4222 3513 4279 meritum
3545 4208 3775 4285 Originibu-

2311 4325 2461 4385 cunt,
2487 4314 2969 4372 conformationem
2989 4330 3144 4371 suam
3165 4315 3420 4372 debentes
3439 4309 3636 4382 opiﬁcis,
3657 4303 3774 4370 oblip‘

2314 4378 2512 4465 tionem
2556 4407 2788 4479 judicio,
2850 4408 3222 4464 liberationem
3268 4378 3513 4463 beneﬁcio

2311 4500 2550 4570 Quorum
2579 4500 2717 4555 mala
2743 4513 2866 4556 cum
2891 4500 3085 4571 quibus
3109 4506 3422 4565 nascuntur,
3442 4497 3666 4552 intuentes
3683 4482 3772 4541 liui-

2312 4593 2470 4660 chiei,
2520 4592 2753 4648 hominis
2796 4592 3040 4662 opiﬁcem
3083 4593 3283 4648 malum
3329 4597 3566 4649 conantur
3596 4580 3766 4637 inducat.

2312 4686 2465 4757 cujus
2486 4683 2568 4759 (ut
2590 4684 2659 4740 de
2680 4684 2859 4739 anima
2886 4692 3112 4751 taceam,
3139 4694 3260 4755 qua:
3278 4682 3449 4740 carnis
3471 4686 3543 4735 est
3557 4673 3658 4744 vita}
3677 4670 3768 4725 Dm

2312 4776 2702 4848 esseopiﬁoem
2730 4790 2909 4844 suum,
2941 4788 2973 4831 ιι
2997 4784 3106 4848 quo
3128 4784 3256 4833 sunt
3282 4774 3449 4832 omnia
3471 4772 3587 4827 bons
3609 4764 3693 4820 sive
3708 4770 3763 4811 cs

2314 4868 2468 4925 lestia
2495 4868 2608 4925 sive
2648 4877 2877 4935 terreno,
2915 4867 3094 4924 carnis
3134 4868 3302 4938 ipsius
3338 4875 3567 4934 compago
3604 4859 3765 4911 testans:

2311 4960 2455 5033 quod
2494 4961 2600 5017 tale
2634 4962 2832 5017 bonum
2869 4968 2970 5027 est,
3004 4966 3064 5015 ut
3099 4958 3168 5015 de
3212 4956 3482 5017 concordis
3518 4946 3762 5007 sicubi-om

2313 5056 2431 5126 ei“!
2459 5055 2645 5112 bealus
2667 5055 2954 5127 Apostolus
2977 5054 3376 5117 similitudinem
3397 5035 3683 5108 sumerehad
3701 5033 3765 5132 lar

2313 5148 2434 5204 dem
2467 5146 2788 5219 principuam
2814 5146 3107 5213 chslitatis,
3121 5147 3275 5218 cujus
3289 5148 3419 5202 inter
3441 5157 3494 5197 se
3515 5131 3678 5209 paciﬁca
3693 5131 3758 5176 Vitr

2311 5242 2436 5297 culo
2472 5241 2596 5296 boni
2640 5236 2826 5297 ﬁdeles
2852 5248 3104 5311 tanquam
3128 5239 3326 5296 Christi
3352 5233 3557 5294 membra
3578 5222 3763 5311 necuim}tr

2314 5335 2359 5407 (l
2377 5334 2495 5392 Cor.
2524 5344 2621 5401 xn,
2650 5332 2760 5406 12).
2790 5332 2866 5389 ita
2890 5304 3035 5389 [lt-ut
3060 5342 3116 5389 et
3144 5333 3264 5389 illos
3294 5333 3473 5405 primos
3495 5324 3588 5379 sine
3611 5304 3759 5411 vitio

2313 5438 2448 5494 ctos,
2474 5434 2530 5485 et
2551 5437 2794 5498 posteros
2815 5439 3001 5483 eorum
3021 5438 3146 5482 cum
3168 5423 3404 5497 originali
3421 5417 3529 5477 vitio
3547 5416 3673 5468 nam.
3687 5408 3761 5469 tW

2313 5528 2430 5593 pter
2456 5518 2913 5576 evidentissimum
2937 5526 3140 5574 natura:
3159 5516 3357 5575 bonum
3376 5522 3530 5571 creare
3546 5514 3624 5559 non
3640 5498 3757 5567 Ρ⁰ί⁰θ”

2313 5614 2383 5668 rit
2411 5612 2509 5667 nisi
2541 5613 2713 5668 bonus
2737 5610 2999 5667 conditor.

2290 5736 2307 5751 ι
2385 5704 2502 5761 XV.
2541 5704 2661 5763 ιω..
2690 5703 2796 5760 Sed
2825 5718 2893 5759 ne
2920 5701 3077 5758 nimis
3105 5702 3328 5774 primam
3359 5704 3527 5774 partem
3549 5668 3753 5774 certaminis

2314 5814 2597 5872 urgeamus
2625 5840 2639 5863 ,
2691 5799 2956 5870 patiamur
3004 5813 3257 5869 processu
3303 5787 3529 5869 opinionis
3560 5791 3601 5837 ιθ

2316 5865 2446 5951 Adae
2486 5865 2715 5965 probare
2758 5865 3024 5949 naturam:
3070 5886 3214 5973 Dicis
3242 5865 3749 5966 ‘profectowml‘w
