3958 6456
104 392 261 454 1555

102 500 289 581 legem
316 502 616 562 devotionis
642 490 843 557 homilii
872 498 979 556 non
1006 484 1267 571 poneret,
1298 482 1343 581 Si
1370 496 1492 552 eum
1524 484 1705 549 nosset

103 578 225 675 pun
249 595 503 672 peccandi
529 595 899 653 necessitatem
924 600 939 661 ς
970 588 1093 665 quia
1122 591 1166 647 si
1187 578 1444 661 justitiam
1466 584 1706 675 volunta-

107 672 186 751 ns
223 693 459 764 exigeret
495 689 564 745 Ill
603 701 671 745 eo
712 696 869 759 quem
905 678 1061 742 malae
1098 690 1303 742 illitum
1336 686 1456 739 esse
1489 672 1703 744 nosset,

104 800 227 843 non
266 783 413 840 illum
450 790 573 836 cum
605 777 1055 852 prmraricabatur
1077 819 1093 845 ,
1119 784 1269 832 reum
1300 772 1582 846 arguebat,
1611 770 1708 827 sed

106 893 179 935 eo
220 874 495 932 inimicum
537 884 659 928 esse
694 870 917 942 iustitia:
956 866 1278 941 publicabat.
1316 863 1499 920 Posuit
1529 866 1709 916 autem

108 969 264 1027 Deus
288 967 464 1038 justus
487 963 659 1035 legem
690 962 927 1028 homini,
947 968 1105 1032 quem
1132 958 1367 1013 ulturum
1392 962 1451 1011 se
1470 996 1485 1022 ,
1510 953 1554 1009 si
1583 948 1713 1007 fuis-

113 1072 205 1120 set
242 1057 619 1132 prmvaricatus
641 1094 658 1121 ,
700 1052 1003 1125 spopondit.
1049 1050 1271 1106 Constat
1311 1061 1439 1119 ergo
1465 1050 1587 1101 eum
1616 1042 1715 1099 bo-

113 1169 253 1211 num
289 1159 478 1208 natura
501 1189 516 1217 ,
551 1160 660 1205 non
690 1147 926 1220 patuisse
948 1145 1139 1212 aliter,
1173 1140 1274 1197 nisi
1302 1140 1414 1197 sola
1443 1139 1715 1195 voluntate

116 1258 368 1322 peccem
411 1244 575 1301 Vides
614 1254 841 1312 nempe,
880 1244 1039 1311 quam
1079 1234 1313 1307 legitima
1350 1233 1419 1289 sit
1454 1246 1485 1288 a
1512 1246 1599 1287 me
1625 1238 1715 1286 tuo
1783 1258 1787 1263 ι

119 1320 346 1400 munitio
384 1336 590 1409 prolata
630 1330 947 1390 edneluslo?
971 1331 1090 1401 Ipse
1117 1336 1200 1384 est
1224 1325 1441 1382 omnino
1466 1320 1712 1395 gladius,

71 1418 89 1443 ’
123 1436 223 1509 qui
268 1434 325 1489 in
367 1438 528 1487 manu
570 1427 963 1485 catholicorum
1019 1428 1307 1479 curttscans
1333 1461 1349 1488 ,
1399 1414 1718 1474 Manicbmos

125 1524 596 1593 Traduelanosquo
614 1518 914 1592 populatur.
945 1516 1051 1574 Sed
1077 1515 1228 1571 nimis
1247 1518 1464 1585 propter
1482 1516 1717 1566 vestrum

124 1633 330 1679 nomen
378 1613 670 1681 admiseul,
712 1616 938 1684 quorum
974 1610 1092 1666 vice
1117 1605 1597 1679 impraesentiarum
1627 1608 1720 1657 vo-

122 1714 334 1770 iuet-sm
362 1716 675 1779 responsum
702 1704 888 1761 videri.
920 1701 1202 1761 Concussit
1226 1704 1353 1771 ergo
1374 1696 1720 1753 Manicheum

123 1802 302 1861 solida
342 1799 644 1871 responsio:
681 1798 971 1867 Augustum
1001 1793 1260 1849 rationem
1285 1789 1458 1863 dignis
1481 1786 1722 1844 laudibus

127 1900 432 1967 prosequor
463 1906 477 1947 t
508 1898 696 1946 verum
726 1888 846 1944 oleo
874 1878 1189 1941 laudationis
1218 1882 1377 1953 hujus
1397 1922 1414 1947 ,
1451 1881 1504 1936 in
1529 1887 1582 1936 te
1606 1879 1724 1935 acui

122 1987 366 2061 gladium
394 1984 673 2042 coniuere.
705 1981 909 2051 Repete
934 1978 1129 2049 igitur,
1158 1984 1340 2046 quaeso
1361 2015 1376 2043 ,
1405 1973 1547 2061 quod
1572 1970 1724 2061 dixe-

124 2088 247 2137 ης.
272 2079 413 2133 Deus
430 2075 641 2147 justus,
669 2070 848 2143 inquis
866 2111 880 2136 ,
910 2061 1080 2141 legem
1108 2068 1214 2121 non
1240 2071 1465 2137 poneret
1485 2060 1688 2119 iionlini
1707 2104 1723 2131 ,

124 2172 183 2229 si
206 2179 350 2228 esset
376 2168 553 2224 malus
581 2168 803 2231 natura;
832 2162 1007 2233 poeuit
1033 2165 1209 2216 autem
1238 2159 1408 2230 legem
1438 2156 1527 2229 qui
1551 2155 1728 2227 justus

124 2274 218 2323 ost
246 2281 261 2321 :
289 2268 510 2335 apparot
534 2264 675 2314 nune
699 2252 936 2329 potuisse
961 2260 1196 2321 serrare,
1228 2249 1369 2323 quod
1394 2247 1728 2320 aequissimus

123 2358 461 2432 imperavit;
506 2354 756 2427 quoniam
788 2351 890 2406 nisi
917 2345 1203 2406 obediendl
1229 2346 1477 2401 virtutem
1508 2336 1728 2398 habuis-

126 2463 255 2524 set,
296 2456 569 2522 nunquam
606 2450 876 2504 constaret
912 2437 1243 2515 praecipienti
1282 2436 1419 2495 ratio
1448 2432 1726 2508 Iusslonls.

131 2544 187 2607 0
224 2538 611 2618 lepidissimum
651 2530 981 2612 capitulum!
1024 2535 1107 2592 Me
1147 2538 1365 2601 coram,
1396 2540 1484 2586 me
1517 2534 1731 2618 Specta-

137 2616 294 2707 ωτθλ
339 2638 626 2695 bonitatem
665 2638 902 2699 naturae,
934 2631 1022 2686 cui
1045 2628 1132 2686 lex
1158 2626 1375 2700 ponitur
1394 2666 1410 2692 ,
1440 2622 1507 2679 de
1527 2616 1730 2695 justltla

144 2737 318 2810 legem
340 2716 726 2806 promulgantis
749 2725 1018 2791 afﬁrmat;
1045 2737 1145 2780 nec
1167 2720 1309 2777 videt
1328 2732 1388 2775 se
1405 2761 1418 2786 ,
1444 2722 1732 2810 antequam

136 2798 512 2885 Vulnuseulum
542 2798 860 2878 bianichaius
890 2814 1117 2883 sentiat,
1145 2813 1201 2869 in
1229 2798 1593 2869 Traduelanos
1616 2800 1732 2863 exl-

137 2922 274 2980 tlum
300 2919 583 2994 pertulisse
612 2914 653 2970 ¹.
683 2913 753 2971 Ut
780 2912 923 2969 enim
949 2904 1214 2980 intelligas
1240 2898 1498 2962 semineci
1525 2906 1610 2955 rue
1639 2894 1735 2994 tibi

138 2982 334 3088 rapere
371 3018 519 3068 arma
546 3014 767 3067 erilenta
793 3049 808 3074 ,
836 3003 1220 3072 Victricemque
1248 2995 1425 3054 ierant
1454 2982 1735 3088 morientia

140 3072 345 3168 lumina
370 3102 651 3163 veritatem
683 3072 925 3174 (vagit,
957 3092 1172 3154 Δῐηεὶά.
1204 3088 1291 3147 tib.
1327 3088 1413 3157 to,
1446 3096 1576 3144 vers.
1601 3072 1731 3174 Δ462,

140 3190 307 3276 465),
347 3202 402 3258 in
444 3209 532 3257 tua
575 3170 741 3253 temet
777 3170 885 3250 tela
924 3188 1264 3261 compellato.
1311 3180 1568 3276 Stgjustus
1596 3170 1736 3276 Deus

143 3258 275 3359 Ᾰξιέἐ
293 3258 481 3367 ἰθςοιη
510 3288 639 3349 dare
665 3298 769 3346 non
798 3286 970 3360 potuit
988 3327 1002 3351 ,
1034 3258 1136 3339 nisi
1162 3288 1283 3337 eum
1311 3274 1472 3333 sciret
1495 3274 1610 3367 sine
1636 3258 1737 3326 ali-

142 3400 252 3466 quo
278 3362 403 3445 mali
424 3384 612 3443 coactu
633 3378 857 3439 liberum
885 3390 1043 3466 posse
1068 3366 1352 3466 observare
1376 3362 1515 3466 quod
1537 3364 1739 3466 justum

147 3448 270 3548 Est;
301 3478 417 3536 sine
441 3477 603 3535 dubio
624 3472 678 3533 et
703 3474 755 3529 in
777 3448 1107 3541 temporibus
1133 3460 1330 3548 secutis
1356 3452 1542 3548 eadem
1567 3448 1742 3531 gravi-

149 3544 497 3645 tatejustltla:
527 3568 612 3624 let
641 3558 803 3623 etiam
831 3558 1023 3618 litteris
1045 3546 1232 3615 tradita
1258 3598 1274 3625 ,
1301 3544 1743 3645 multiplicatione

147 3638 418 3730 tiiﬂ'uslor,
462 3656 804 3716 distinctione
843 3650 1100 3723 slguatior
1121 3691 1137 3717 ,
1165 3650 1219 3703 et
1247 3650 1400 3701 aucta
1427 3638 1628 3699 liliiOne
1653 3646 1741 3730 re-

148 3728 419 3813 ﬂerentior
442 3796 458 3822 ,
498 3738 623 3807 data
664 3743 972 3821 hominibus
1001 3752 1110 3798 non
1136 3739 1354 3822 fuisset,
1386 3734 1431 3792 si
1461 3742 1553 3790 aut
1578 3728 1745 3822 imbe-

151 3850 265 3908 cilll
305 3848 371 3904 ad
410 3818 709 3901 iaciendum
745 3818 1090 3896 bonum-sine
1114 3820 1462 3906 poSsibilltate
1484 3818 1702 3901 iustitiae
1727 3869 1742 3894 ,

154 3950 247 3998 aut
279 3939 390 4005 rei,
428 3938 483 3993 id
508 3942 591 3992 est
616 3924 739 3989 mali
760 3974 775 4000 ,
804 3924 871 3986 ab
897 3928 1050 3984 utero
1076 3926 1425 3982 nascerentur
1451 3940 1464 3976 :
1495 3920 1747 3992 quoniam

153 4038 213 4092 ut
235 4034 366 4090 istos
390 4029 444 4086 tu
473 4026 618 4085 omni
648 4020 1089 4097 praevaricatione
1111 4012 1449 4074 necessitatis
1470 4020 1750 4070 excusaret

155 4128 406 4185 obtentus
434 4130 449 4191 ξ
479 4122 551 4178 ita
579 4112 953 4176 ltnmoderatio
979 4108 1365 4186 praeceptorum
1392 4152 1408 4178 ,
1436 4098 1751 4179 impotentia

157 4219 511 4284 sanctionem,
540 4212 791 4285 iniquitas
808 4204 1152 4282 iudiciorum,
1183 4205 1235 4260 in
1262 4204 1523 4285 maculam
1553 4192 1752 4256 rediret

159 4310 414 4369 auctoris.
455 4305 620 4381 igitur
640 4284 712 4361 et
749 4303 864 4359 haec
888 4306 1012 4373 pars
1036 4290 1269 4354 Secunda
1296 4284 1486 4381 eodem
1515 4300 1749 4381 genere,

159 4418 266 4480 quo
291 4403 435 4475 prior
456 4376 722 4469 ,cluditu'r
745 4392 802 4463 ’ς
831 4390 883 4450 id
908 4392 1021 4461 est,
1050 4390 1112 4447 ut
1137 4376 1462 4455 conlltearis,
1488 4390 1579 4441 aut
1593 4377 1752 4455 justi-

159 4474 410 4556 ilatnDei
441 4502 546 4550 neu
574 4488 812 4563 potuisse
839 4488 1138 4558 imperare,
1171 4482 1271 4539 nisi
1300 4480 1440 4553 quod
1471 4486 1501 4534 a
1528 4474 1753 4535 subditis

164 4590 282 4647 iicri
312 4600 470 4659 posse
503 4581 859 4656 perpenderet
882 4591 897 4648 ;
923 4580 977 4633 et
1004 4572 1308 4632 testimonio
1335 4570 1490 4645 primi
1521 4564 1755 4626 mandati

162 4678 522 4747 Manichtcus,
565 4668 869 4732 testimonio
908 4678 1085 4726 autem
1112 4666 1289 4740 legum
1332 4674 1513 4737 postea
1543 4669 1755 4721 secuta-

161 4790 284 4834 rum
329 4770 647 4830 Manichacus
683 4763 1157 4834 Tradueianusque
1182 4758 1513 4817 consumitur
1547 4775 1560 4811 :
1593 4763 1683 4811 aut
1712 4755 1757 4811 si

162 4833 267 4927 ltoe
292 4864 547 4936 relinquit
572 4858 818 4933 impietas
842 4872 857 4923 ;
885 4866 953 4912 ne
976 4833 1164 4911 leviter
1183 4844 1398 4924 quidem
1416 4856 1444 4904 a
1463 4833 1614 4904 vobis
1640 4844 1759 4920 'pul-

163 4969 312 5018 satus
360 4952 685 5014 Manichacus
708 4995 724 5021 ,
751 4957 990 5007 vestrum
1019 4962 1077 5002 se
1102 4960 1223 5002 esse
1252 4952 1454 5016 patrem
1478 4984 1495 5009 ,
1520 4948 1759 4997 vestrum

165 5053 460 5127 principem
482 5092 497 5117 ,
532 5056 762 5119 cumque
800 5038 955 5101 vobis
988 5036 1270 5095 adversum
1295 5048 1394 5093 nos
1421 5032 1635 5091 unicum
1658 5028 1760 5088 sibi

168 5124 287 5204 esse
309 5150 583 5202 certamen
608 5181 625 5208 ,
647 5132 845 5196 mundo
870 5138 1007 5192 teste
1027 5130 1345 5189 monstrabit
1363 5124 1405 5183 ³.

241 5201 377 5293 duo.
406 5228 523 5290 Hoc
655 5223 1043 5303 nempe,‘quod
1063 5237 1170 5280 non
1198 5216 1444 5303 eloqmo,
1467 5208 1561 5273 Sed
1587 5201 1766 5271 multi-

170 5328 354 5402 iuquio
395 5326 709 5400 prosecutus
750 5328 843 5389 es,
882 5302 1054 5390 legem
1096 5309 1301 5371 scilicet
1343 5302 1606 5383 priorem,
1647 5314 1766 5380 qua:

169 5398 298 5478 data
319 5398 478 5476 estin
502 5413 750 5488 paradiso
773 5454 790 5483 ,
814 5406 1176 5468 testimonium
1207 5420 1328 5463 esse
1355 5412 1569 5488 naturaet
1587 5398 1763 5465 bonae,

172 5528 298 5587 quae
321 5484 535 5569 condita
560 5506 645 5566 est
669 5519 791 5563 cum
820 5503 991 5561 libero
1019 5497 1239 5557 arbitrio
1266 5510 1281 5553 :
1308 5493 1541 5568 alioquin
1564 5484 1768 5548 homini

241 5714 262 5749 ι
296 5710 372 5764 sic
388 5714 497 5762 Im.
524 5712 581 5761 At
591 5704 735 5771 editi,
757 5702 1029 5771 protulisse.

242 5779 266 5811 ι
297 5755 798 5835 Mauris;
826 5755 938 5817 eius.
983 5771 1093 5835 Mar:
1135 5766 1189 5835 et
1219 5760 1364 5835 liam,

245 5841 268 5873 ι
298 5819 439 5897 Elida:
463 5819 665 5899 sarisas
688 5829 898 5899 vobis...
934 5824 1119 5880 mundo
1145 5829 1261 5877 tute
1687 5824 1775 5871 ca-

161 5892 507 5967 ‘Iugantur'ex
533 5892 882 5958 ttlaouscriptis.

1501 376 1706 435 LIBER
1742 376 2030 435 SEXTUS.

1813 486 2037 549 liberum
2075 488 2351 557 arbitrium
2377 517 2482 557 non
2512 501 2726 561 habenti
2757 503 3101 576 iniustissime
3125 504 3212 563 lex
3237 506 3393 564 dare-

1811 586 1915 641 tur.
1957 584 2107 643 Unde
2132 596 2186 644 ει
2213 590 2506 662 posterior,
2537 595 2711 667 inquis
2735 637 2749 663 ,
2780 592 2864 653 lex
2891 608 3006 668 qum
3030 590 3395 669 copiosissime

1811 676 1869 733 in
1915 677 2106 737 litteris
2144 682 2473 757 promulgata
2509 697 2622 758 est,
2668 684 3027 746 testimonium
3068 700 3151 748 est
3190 701 3395 748 naturae

1812 768 1967 827 bona!
1986 814 2002 839 ,
2047 780 2166 845 quae
2203 782 2416 833 creatur
2439 794 2504 834 ex
2535 781 2837 850 parentibus
2857 825 2873 852 ,
2905 782 3147 839 similiter
3173 780 3291 840 sine
3317 784 3397 841 vi-

1815 864 1925 936 tio,
1969 878 2089 922 cum
2136 856 2301 925 libero
2337 866 2574 929 arbitrio.
2623 868 2726 930 Ista
2763 876 3036 948 disputans
3077 868 3276 933 videris
3305 856 3397 933 tibi

1816 960 2014 1034 aliquid
2043 962 2223 1020 diecrc
2241 1007 2255 1031 ,
2282 960 2407 1036 quia
2436 960 2516 1023 vel
2549 974 2662 1025 tuas
2686 971 2768 1025 vel
2786 970 3044 1025 humanas
3067 970 3287 1027 sectaris
3307 986 3398 1024 ar-

1816 1055 1989 1128 gutias
2021 1074 2033 1110 :
2067 1054 2244 1112 divina
2268 1073 2396 1114 vero
2416 1050 2621 1132 eloquia
2641 1102 2657 1128 ,
2688 1077 2753 1116 ex
2779 1061 2971 1132 quibus
2999 1071 3050 1116 te
3068 1062 3223 1118 nobis
3245 1071 3397 1133 putas

1818 1148 2167 1225 praescribere
2190 1192 2203 1216 ,
2238 1166 2342 1206 non
2372 1167 2528 1207 curas
2558 1146 2735 1224 legere
2762 1172 2777 1221 ;
2806 1162 2900 1210 aut
2927 1155 2972 1210 si
2997 1169 3153 1211 curas
3183 1155 3358 1227 legere
3386 1196 3399 1220 ,

1821 1246 1928 1297 non
1966 1242 2074 1308 vis,
2105 1243 2184 1296 vel
2215 1258 2317 1298 non
2347 1255 2496 1314 potes
2527 1238 2818 1317 intelligere
2850 1265 2864 1301 :
2891 1247 2986 1303 sed
3011 1247 3056 1304 si
3086 1247 3223 1304 forte
3249 1246 3404 1303 intel-

1823 1333 2015 1391 lexeris
2058 1331 2447 1407 disputantibus
2490 1336 2678 1406 nobis,
2720 1340 2829 1395 noli
2873 1354 2991 1397 esse
3036 1340 3154 1395 talis
3196 1340 3404 1411 qualem

1824 1426 2097 1500 Scriptura
2147 1428 2366 1486 denotat
2417 1430 2642 1499 dicens,
2700 1430 2874 1487 Verbis
2922 1448 3024 1486 non
3066 1431 3410 1487 emendabitur

1824 1539 1993 1578 servus
2022 1518 2223 1593 durus;
2251 1524 2293 1579 si
2319 1525 2450 1580 enim
2474 1535 2523 1580 et
2546 1525 2867 1593 intellexerit,
2892 1542 2994 1580 non
3017 1526 3207 1580 obediet
3230 1525 3411 1598 (Prov.

1824 1630 1992 1683 xxix,
2041 1610 2155 1686 l3).
2192 1612 2504 1690 Quanquam
2549 1625 2605 1674 et
2636 1632 2732 1673 cor
2756 1616 3055 1688 lapideum,
3094 1631 3200 1687 quo
3223 1610 3414 1672 divinis

1825 1706 2002 1795 verbis
2041 1706 2198 1765 etiam
2245 1706 2526 1766 intellectis
2551 1725 2654 1766 non
2680 1707 2968 1774 obcditur;
3000 1708 3167 1780 possit
3198 1708 3289 1764 tibi
3316 1723 3414 1763 au-

1826 1798 1969 1858 ferre
1988 1844 2003 1871 ,
2044 1800 2091 1859 si
2131 1803 2257 1860 velit
2278 1845 2294 1874 ,
2321 1798 2411 1877 qui
2437 1803 2538 1859 hoc
2562 1804 2761 1876 populo
2788 1804 2923 1860 duro
2942 1844 2956 1870 ,
2986 1803 3264 1860 Ezechiele
3288 1816 3415 1857 san—

1828 1898 1916 1950 cto
1940 1894 2310 1968 pmpbetante,
2338 1895 2583 1966 promisit
2608 1896 2817 1969 (Ezeclt.
2845 1912 2900 1952 ιι
2920 1938 2936 1964 ,
2963 1895 3029 1952 l9
3054 1912 3069 1962 ;
3095 1911 3275 1962 xxxvt,
3299 1893 3414 1968 26).

1831 1972 1887 2040 lu
1932 1980 2177 2056 paradiso
2211 1985 2353 2041 enim
2380 1976 2549 2057 legem
2577 1987 2781 2056 accepit
2807 1986 2999 2052 homo,
3029 1985 3118 2056 qui
3145 1983 3313 2040 factus
3339 1994 3421 2040 est

1830 2084 2009 2133 reetus
2028 2118 2043 2142 ,
2081 2085 2137 2132 ut
2175 2072 2449 2133 rationalis
2475 2085 2738 2133 creaturae
2762 2076 2845 2133 vel
2871 2076 2981 2131 sola
3002 2118 3020 2145 ,
3048 2076 3129 2132 vel
3155 2076 3419 2147 praecipua

1832 2164 2001 2227 virtus
2037 2186 2157 2227 esse
2199 2160 2502 2227 obedientia
2542 2164 2846 2227 doceretur.
2887 2170 2992 2226 Sed
3027 2168 3267 2242 ejusdem
3292 2169 3423 2242 legis

1834 2262 2272 2335 przevaricatione
2295 2304 2310 2332 ,
2349 2279 2380 2318 a
2419 2279 2478 2322 se
2505 2262 2621 2334 ipso
2657 2261 2826 2318 factus
2858 2268 2940 2318 est
2963 2278 3177 2333 pravus.
3205 2261 3273 2316 Et
3293 2276 3425 2333 quo-

1833 2354 1976 2411 niam
2016 2348 2189 2410 vitiari
2232 2371 2326 2427 per
2362 2371 2420 2412 se
2446 2348 2619 2428 ipsum
2647 2356 2857 2427 potuit,
2886 2370 2991 2411 non
3023 2355 3235 2420 sanari;
3263 2355 3423 2410 etiam

1833 2452 2019 2520 postea
2045 2463 2112 2505 eo
2142 2452 2383 2519 tempore
2403 2458 2457 2505 et
2483 2464 2549 2505 eo
2575 2448 2694 2504 loco
2711 2488 2729 2515 ,
2758 2448 2970 2520 quando
2990 2462 3108 2504 esse
3128 2446 3423 2503 iaciendum

1835 2552 1889 2600 et
1929 2544 2019 2599 ubi
2055 2559 2177 2601 esse
2201 2541 2503 2600 iaciendum
2536 2543 2630 2600 Dei
2653 2543 2913 2615 sapientia
2932 2542 3221 2612 judicavit,
3252 2539 3425 2611 legem

1836 2636 1998 2695 etiam
2036 2653 2230 2710 pravus
2271 2628 2514 2709 accepit,
2541 2653 2646 2693 non
2675 2652 2770 2708 per
2794 2651 2955 2707 quam
2979 2635 3172 2707 corrigi
3203 2640 3424 2706 posset;

1837 2724 1933 2791 sed
1972 2748 2067 2804 per
2103 2742 2261 2805 quam
2300 2746 2360 2789 se
2385 2747 2606 2803 pravum
2636 2745 2756 2788 esse
2775 2770 2792 2799 ,
2819 2737 2996 2787 etnec
3017 2729 3134 2799 lege
3157 2736 3374 2799 accepta
3396 2741 3430 2782 a

1838 2830 1898 2881 Se
1919 2814 2036 2895 ipso
2057 2818 2251 2895 corrigi
2279 2838 2436 2894 posse
2459 2823 2716 2888 sentiret;
2739 2836 2802 2878 ac
2831 2822 2910 2876 sic
2932 2816 3162 2891 peccatis
3183 2834 3288 2874 non
3308 2819 3427 2891 lege

1839 2917 2171 2974 Cessantibus
2189 2959 2205 2986 ,
2238 2912 2333 2973 sed
2361 2912 2796 2988 prtevaricalioue
2815 2913 3200 2978 crescentibus,
3226 2911 3430 2983 deiecta

1841 3014 1896 3067 et
1914 3010 2142 3065 contrita
2165 3005 2411 3080 superbia
2428 3049 2444 3076 ,
2467 3002 2768 3062 humillimo
2788 3004 2950 3063 corde
2970 3004 3225 3060 auxilium
3246 3004 3430 3074 gratiae

1842 3098 2209 3172 desideraret,
2255 3110 2311 3165 et
2353 3100 2542 3173 spiritu
2578 3099 2939 3156 viviticaretur
2983 3098 3157 3154 littera
3198 3096 3428 3152 occisus.

1845 3187 1908 3252 Si
1931 3195 2065 3250 enim
2092 3186 2213 3248 data
2241 3196 2368 3248 esset
2393 3192 2477 3248 lea:
2499 3207 2613 3264 qua:
2639 3199 2803 3263 posset
2831 3189 3084 3259 viviﬁcare
3100 3230 3116 3256 ,
3147 3188 3353 3243 omnino
3373 3203 3437 3242 ea:

1844 3288 1953 3360 lege
1992 3296 2119 3342 esset
2148 3280 2353 3358 justitia
2381 3300 2401 3339 :
2424 3282 2513 3339 sed
2553 3276 2797 3337 conclusit
2841 3280 3111 3351 Scriptura
3142 3272 3313 3333 omnia
3344 3276 3437 3332 sub

1848 3385 2048 3453 peccato
2068 3420 2083 3446 ,
2124 3384 2180 3432 ut
2218 3374 2483 3450 promissio
2509 3391 2571 3431 ea:
2607 3373 2710 3444 ﬁde
2730 3366 2855 3428 Iesu
2879 3366 3064 3428 Christi
3091 3372 3303 3426 daretur
3323 3386 3439 3425 cre-

1847 3460 2076 3529 dentibus
2102 3471 2297 3544 (Galat.
2329 3486 2386 3527 tn
2410 3512 2425 3536 ,
2454 3464 2561 3536 21,
2585 3468 2703 3542 ‘22).
2735 3466 2791 3524 Si
2821 3466 2981 3523 verba
3006 3465 3248 3535 Apostoli
3276 3479 3441 3536 agno-

1847 3565 1955 3622 scis
1979 3608 1993 3631 ,
2034 3556 2185 3620 vides
2220 3560 2459 3634 profecto
2475 3552 2560 3617 vel
2582 3556 2709 3631 quid
2738 3574 2844 3614 non
2871 3558 3135 3629 intelligas
3155 3597 3170 3623 ,
3202 3556 3285 3611 vel
3311 3555 3439 3627 quid

1849 3673 1973 3713 cum
1988 3653 2255 3739 intelligas
2274 3652 2532 3725 negligas.
2558 3646 2676 3707 Non
2702 3650 2859 3720 igitur
2885 3650 2972 3707 lex
2996 3690 3010 3714 ,
3033 3665 3151 3719 quae
3173 3649 3225 3703 in
3249 3647 3441 3704 litteris

1851 3762 1947 3823 per
1973 3738 2191 3820 Moysen
2213 3743 2335 3803 data
2354 3753 2437 3802 est
2456 3786 2472 3813 ,
2498 3741 2860 3800 testimonium
2882 3750 2965 3799 est
2987 3738 3167 3797 liberte
3192 3740 3441 3795 volunta-

1855 3840 1922 3899 tis
1960 3860 1975 3898 :
2016 3856 2138 3895 nam
2174 3840 2219 3895 si
2251 3836 2321 3894 ita
2351 3844 2525 3904 esset,
2559 3851 2663 3892 nou
2686 3824 2751 3890 ad
2773 3849 2890 3889 eam
2920 3834 3207 3906 pertineret
3239 3833 3326 3887 ille
3352 3832 3443 3903 qui

1852 3926 2024 4002 dicit,
2052 3922 2173 3986 Non
2208 3928 2343 4003 quod
2371 3929 2511 3997 volo,
2542 3927 2675 4001 facio
2701 3927 2925 3992 bonum;
2950 3926 3036 3980 sed
3061 3925 3195 3998 quod
3219 3925 3303 3980 odi
3327 3940 3442 3979 ma-

1857 4024 1996 4094 lum,
2046 4012 2141 4079 hoc
2182 4038 2277 4097 ago
2321 4016 2496 4098 (Rom.
2526 4037 2597 4076 vn
2621 4062 2637 4088 ,
2668 4010 2755 4093 15)
2780 4037 2796 4087 ;
2824 4035 2984 4091 quem
3014 4034 3109 4074 vos
3132 4028 3279 4074 certe
3306 4033 3443 4073 non-

1856 4110 1982 4173 dum
2014 4115 2114 4172 sub
2142 4114 2308 4187 gratia
2328 4155 2345 4181 ,
2376 4110 2471 4170 sed
2500 4106 2674 4168 adhuc
2701 4111 2801 4167 sub
2822 4111 2939 4182 lege
2957 4126 3078 4167 esse
3098 4101 3441 4166 contenditis.

1856 4202 1965 4269 Nec
1994 4210 2106 4283 ipsa
2131 4198 2217 4265 lex
2244 4224 2379 4263 nova
2399 4251 2414 4276 ,
2439 4223 2558 4280 qua:
2588 4196 2909 4277 praedicata‘
2946 4213 3028 4261 est
3060 4220 3125 4261 ex
3163 4204 3291 4260 Sion
3324 4219 3448 4274 pro-

1858 4294 2029 4360 ditura
2050 4344 2066 4371 ,
2106 4310 2159 4357 et
2182 4299 2401 4356 verbum
2435 4296 2644 4355 Domini
2668 4315 2732 4353 ex
2754 4296 3053 4355 Jerusalem
3080 4295 3231 4369 (Isai.
3254 4312 3290 4351 ιι
3313 4337 3330 4364 ,
3352 4295 3406 4366 '5)
3429 4336 3445 4364 ,

1859 4396 2001 4470 quod
2023 4390 2338 4466 intelligitur
2361 4408 2479 4449 esse
2510 4390 2853 4461 Evangelium
2875 4399 3118 4446 sanctum
3143 4408 3156 4456 ;
3188 4405 3290 4446 nec
3312 4391 3447 4460 ipsa,

1860 4482 2072 4561 inquam
2096 4531 2111 4557 ,
2154 4480 2514 4543 testimonium
2551 4495 2633 4541 est
2662 4482 2845 4540 liberte
2866 4525 2880 4551 ,
2909 4481 3004 4538 sed
3036 4482 3322 4538 liberanda:
3353 4497 3449 4552 po-

1846 4580 1966 4671 :tius
2003 4581 2308 4637 Voluntalis.
2351 4568 2427 4635 lbi
2469 4575 2611 4634 enim
2649 4577 2904 4647 scriptum
2936 4585 3059 4632 est:
3088 4575 3149 4631 Si
3176 4592 3260 4630 vos
3286 4576 3451 4630 Filius

1864 4674 2145 4732 liberaverit
2166 4716 2180 4739 ,
2214 4683 2332 4728 tunc
2359 4688 2470 4726 vere
2492 4668 2634 4726 liberi
2657 4669 2795 4725 eritis
2822 4667 2999 4740 (Joan.
3026 4684 3137 4735 vin,
3168 4669 3278 4730 56).
3302 4669 3453 4736 Quod

1863 4782 1969 4826 non
2018 4766 2190 4823 solum
2232 4773 2449 4838 propter
2491 4772 2704 4835 peccata
2751 4761 3019 4834 praeterita
3058 4759 3256 4817 dictum
3294 4776 3414 4817 esse
3438 4803 3452 4828 ,

1864 4878 2091 4935 quorum
2129 4857 2446 4918 remissione
2482 4856 2806 4923 liberamur,
2840 4870 3025 4911 verum
3056 4856 3214 4911 etiam
3241 4864 3458 4927 propter

1866 4952 2185 5028 adjutorium
2214 4953 2396 5025 gratiae
2416 4994 2431 5021 ,
2463 4949 2604 5022 quod
2633 4964 2701 5005 ne
2738 4964 3021 5021 peccemus
3049 4947 3340 5017 accipimus
3360 4990 3373 5011 ,
3405 4947 3458 5002 id

1868 5056 1985 5115 est,
2013 5045 2084 5102 ita
2109 5043 2262 5101 liberi
2294 5036 2556 5100 efﬁcimur
2574 5082 2590 5107 ,
2618 5036 2729 5096 Deo
2758 5050 2939 5095 nostra
2962 5037 3149 5095 itinera
3176 5039 3455 5109 dirigente.

1872 5146 1932 5197 ut
1959 5150 2064 5196 non
2092 5135 2246 5193 nobis
2272 5132 2572 5191 dominetur
2598 5130 2773 5189 omnis
2802 5126 3055 5202 iniquitas
3079 5128 3250 5203 (Psal.
3276 5144 3456 5192 cxvut,

1874 5226 1999 5304 155)
2033 5249 2046 5285 :
2076 5224 2343 5286 dominica
2388 5235 2615 5284 testatur
2656 5224 2848 5293 oratio,
2877 5223 2967 5280 ubi
2998 5238 3101 5278 non
3128 5221 3299 5278 solum
3326 5221 3461 5275 dici-

1872 5338 2012 5389 mus,
2058 5318 2268 5377 Dimitte
2302 5317 2443 5374 nobis
2470 5317 2639 5374 debita
2681 5326 2874 5380 nostra,
2905 5322 3124 5393 propter
3164 5312 3301 5369 mala
3342 5327 3462 5382 qua:

1874 5414 2136 5484 iecimus;
2174 5430 2359 5471 verum
2399 5411 2581 5477 etiam,
2610 5407 2692 5465 Ne
2718 5426 2808 5464 nos
2835 5402 3026 5480 inferas
3051 5407 3105 5461 in
3144 5403 3462 5459 tentationem

1881 5496 2094 5586 (Matth.
2122 5526 2198 5578 vi,
2233 5506 2320 5573 ιε,
2364 5500 2474 5580 i3),
2504 5500 2725 5576 propter
2754 5500 2855 5557 hoc
2894 5500 3077 5569 utique
3105 5512 3174 5553 ne
3211 5496 3349 5553 mala
3380 5495 3459 5551 ia-

1878 5602 2082 5659 ciamus
2113 5614 2128 5656 t
2160 5599 2298 5655 unde
2351 5606 2404 5653 et
2433 5591 2720 5667 Apostolus
2762 5590 2910 5655 dicit,
2948 5591 3166 5645 Oramus
3194 5597 3361 5643 autem
3398 5587 3465 5642 ad

1881 5698 2067 5764 Deum,
2103 5712 2166 5751 ne
2199 5694 2321 5766 quid
2355 5690 2558 5764 faciatis
2592 5688 2714 5745 mali
2738 5686 2807 5759 (ll
2841 5684 2960 5742 Cor.
2988 5699 3108 5752 xm,
3141 5682 3217 5757 7).
3248 5678 3399 5751 Quod
3422 5680 3469 5739 si

1951 5876 1967 5906 ί
2007 5880 2152 5923 Vetus
2172 5870 2325 5923 codex
2350 5873 2496 5933 Port.,
2521 5862 2779 5932 prwditta.
