  <div class='ocr_page' id='page_1' title='image "/cluster/home/n/w/nwhite01/storage/ocr_20150623/44-45/uva.x000217727/773.png"; bbox 0 0 3958 6488; ppageno 0'>
   <div class='ocr_carea' id='block_1_1' title="bbox 639 439 782 497">
    <p class='ocr_par' dir='ltr' id='par_1_1' title="bbox 639 439 782 497">
     <span class='ocr_line' id='line_1_1' title="bbox 639 439 782 497; baseline 0.014 -1"><span class='ocrx_word' id='word_1_1' title='bbox 639 439 782 497; x_wconf 72' lang='grc'><strong>1555</strong></span> 
     </span>
    </p>
   </div>
   <div class='ocr_carea' id='block_1_2' title="bbox 639 544 2218 619">
    <p class='ocr_par' dir='ltr' id='par_1_2' title="bbox 639 544 2218 619">
     <span class='ocr_line' id='line_1_2' title="bbox 639 544 2218 619; baseline -0.008 -11"><span class='ocrx_word' id='word_1_2' title='bbox 639 554 713 608; x_wconf 88' lang='lat' dir='ltr'><strong>ita</strong></span> <span class='ocrx_word' id='word_1_3' title='bbox 741 563 887 609; x_wconf 80' lang='lat' dir='ltr'><strong>esset</strong></span> <span class='ocrx_word' id='word_1_4' title='bbox 928 548 982 605; x_wconf 92' lang='lat' dir='ltr'><strong>in</strong></span> <span class='ocrx_word' id='word_1_5' title='bbox 1013 555 1294 619; x_wconf 88' lang='lat' dir='ltr'><strong>potestate,</strong></span> <span class='ocrx_word' id='word_1_6' title='bbox 1324 544 1591 617; x_wconf 87' lang='lat' dir='ltr'><strong>quomodo</strong></span> <span class='ocrx_word' id='word_1_7' title='bbox 1620 544 1718 599; x_wconf 87' lang='lat' dir='ltr'><strong>fuit</strong></span> <span class='ocrx_word' id='word_1_8' title='bbox 1755 555 1878 599; x_wconf 88' lang='lat' dir='ltr'><strong>ante</strong></span> <span class='ocrx_word' id='word_1_9' title='bbox 1908 551 2181 614; x_wconf 88' lang='lat' dir='ltr'><strong>peceatum</strong></span> <span class='ocrx_word' id='word_1_10' title='bbox 2202 584 2218 608; x_wconf 91' lang='lat'><strong>,</strong></span> 
     </span>
    </p>
   </div>
   <div class='ocr_carea' id='block_1_3' title="bbox 637 633 2224 715">
    <p class='ocr_par' dir='ltr' id='par_1_3' title="bbox 637 633 2224 715">
     <span class='ocr_line' id='line_1_3' title="bbox 637 633 2224 715; baseline -0.006 -18"><span class='ocrx_word' id='word_1_11' title='bbox 637 643 946 715; x_wconf 81' lang='lat' dir='ltr'><strong>priusquam</strong></span> <span class='ocrx_word' id='word_1_12' title='bbox 982 647 1124 695; x_wconf 90' lang='lat' dir='ltr'><strong>esset</strong></span> <span class='ocrx_word' id='word_1_13' title='bbox 1152 648 1335 692; x_wconf 88' lang='lat' dir='ltr'><strong>natura</strong></span> <span class='ocrx_word' id='word_1_14' title='bbox 1379 636 1607 691; x_wconf 90' lang='lat' dir='ltr'><strong>humana</strong></span> <span class='ocrx_word' id='word_1_15' title='bbox 1642 636 1858 700; x_wconf 87' lang='lat' dir='ltr'><strong>vitiata;</strong></span> <span class='ocrx_word' id='word_1_16' title='bbox 1897 650 2001 690; x_wconf 92' lang='lat' dir='ltr'><strong>non</strong></span> <span class='ocrx_word' id='word_1_17' title='bbox 2041 633 2224 704; x_wconf 79' lang='lat' dir='ltr'><strong>utique</strong></span> 
     </span>
    </p>
   </div>
   <div class='ocr_carea' id='block_1_4' title="bbox 635 725 2224 805">
    <p class='ocr_par' dir='ltr' id='par_1_4' title="bbox 635 725 2224 805">
     <span class='ocr_line' id='line_1_4' title="bbox 635 725 2224 805; baseline -0.006 -16"><span class='ocrx_word' id='word_1_18' title='bbox 635 741 945 805; x_wconf 83' lang='lat' dir='ltr'><strong>posceretur</strong></span> <span class='ocrx_word' id='word_1_19' title='bbox 986 730 1206 797; x_wconf 88' lang='lat' dir='ltr'><strong>orando,</strong></span> <span class='ocrx_word' id='word_1_20' title='bbox 1244 729 1336 785; x_wconf 91' lang='lat' dir='ltr'><strong>sed</strong></span> <span class='ocrx_word' id='word_1_21' title='bbox 1363 729 1566 800; x_wconf 83' lang='lat' dir='ltr'><strong>agendo</strong></span> <span class='ocrx_word' id='word_1_22' title='bbox 1597 730 1770 799; x_wconf 85' lang='lat' dir='ltr'><strong>potius</strong></span> <span class='ocrx_word' id='word_1_23' title='bbox 1808 736 2095 783; x_wconf 84' lang='lat' dir='ltr'><strong>teneretur.</strong></span> <span class='ocrx_word' id='word_1_24' title='bbox 2129 725 2224 781; x_wconf 82' lang='lat' dir='ltr'><strong>Ve-</strong></span> 
     </span>
    </p>
   </div>
   <div class='ocr_carea' id='block_1_5' title="bbox 633 821 2225 894">
    <p class='ocr_par' dir='ltr' id='par_1_5' title="bbox 633 821 2225 894">
     <span class='ocr_line' id='line_1_5' title="bbox 633 821 2225 894; baseline -0.004 -16"><span class='ocrx_word' id='word_1_25' title='bbox 633 839 757 879; x_wconf 87' lang='lat' dir='ltr'><strong>rum</strong></span> <span class='ocrx_word' id='word_1_26' title='bbox 784 824 1036 894; x_wconf 89' lang='lat' dir='ltr'><strong>quoniam</strong></span> <span class='ocrx_word' id='word_1_27' title='bbox 1066 831 1185 891; x_wconf 90' lang='lat' dir='ltr'><strong>post</strong></span> <span class='ocrx_word' id='word_1_28' title='bbox 1213 821 1488 892; x_wconf 79' lang='lat' dir='ltr'><strong>pristinam</strong></span> <span class='ocrx_word' id='word_1_29' title='bbox 1518 822 1724 875; x_wconf 83' lang='lat' dir='ltr'><strong>ruinam</strong></span> <span class='ocrx_word' id='word_1_30' title='bbox 1756 829 1860 875; x_wconf 90' lang='lat' dir='ltr'><strong>tam</strong></span> <span class='ocrx_word' id='word_1_31' title='bbox 1891 834 2129 889; x_wconf 82' lang='lat' dir='ltr'><strong>gravem,</strong></span> <span class='ocrx_word' id='word_1_32' title='bbox 2169 826 2225 873; x_wconf 90' lang='lat' dir='ltr'><strong>ut</strong></span> 
     </span>
    </p>
   </div>
   <div class='ocr_carea' id='block_1_6' title="bbox 632 910 2223 991">
    <p class='ocr_par' dir='ltr' id='par_1_6' title="bbox 632 910 2223 991">
     <span class='ocr_line' id='line_1_6' title="bbox 632 910 2223 991; baseline -0.004 -23"><span class='ocrx_word' id='word_1_33' title='bbox 632 912 687 968; x_wconf 93' lang='lat' dir='ltr'><strong>in</strong></span> <span class='ocrx_word' id='word_1_34' title='bbox 715 913 872 985; x_wconf 87' lang='lat' dir='ltr'><strong>hujus</strong></span> <span class='ocrx_word' id='word_1_35' title='bbox 898 912 1234 968; x_wconf 82' lang='lat' dir='ltr'><strong>mortalitatis</strong></span> <span class='ocrx_word' id='word_1_36' title='bbox 1263 912 1531 966; x_wconf 89' lang='lat' dir='ltr'><strong>miseriam</strong></span> <span class='ocrx_word' id='word_1_37' title='bbox 1559 912 1890 991; x_wconf 85' lang='lat' dir='ltr'><strong>caderemus,</strong></span> <span class='ocrx_word' id='word_1_38' title='bbox 1909 910 2054 980; x_wconf 91' lang='lat' dir='ltr'><strong>prius</strong></span> <span class='ocrx_word' id='word_1_39' title='bbox 2086 910 2223 963; x_wconf 86' lang='lat' dir='ltr'><strong>Deus</strong></span> 
     </span>
    </p>
   </div>
   <div class='ocr_carea' id='block_1_7' title="bbox 631 1002 2224 1075">
    <p class='ocr_par' dir='ltr' id='par_1_7' title="bbox 631 1002 2224 1075">
     <span class='ocr_line' id='line_1_7' title="bbox 631 1002 2224 1075; baseline -0.004 -13"><span class='ocrx_word' id='word_1_40' title='bbox 631 1016 839 1062; x_wconf 89' lang='lat' dir='ltr'><strong>certare</strong></span> <span class='ocrx_word' id='word_1_41' title='bbox 861 1021 958 1061; x_wconf 87' lang='lat' dir='ltr'><strong>nos</strong></span> <span class='ocrx_word' id='word_1_42' title='bbox 975 1006 1172 1071; x_wconf 90' lang='lat' dir='ltr'><strong>voluit,</strong></span> <span class='ocrx_word' id='word_1_43' title='bbox 1200 1005 1407 1060; x_wconf 87' lang='lat' dir='ltr'><strong>donans</strong></span> <span class='ocrx_word' id='word_1_44' title='bbox 1429 1005 1581 1060; x_wconf 90' lang='lat' dir='ltr'><strong>nobis</strong></span> <span class='ocrx_word' id='word_1_45' title='bbox 1610 1012 1668 1060; x_wconf 92' lang='lat' dir='ltr'><strong>ut</strong></span> <span class='ocrx_word' id='word_1_46' title='bbox 1695 1004 1812 1075; x_wconf 89' lang='lat' dir='ltr'><strong>ejus</strong></span> <span class='ocrx_word' id='word_1_47' title='bbox 1830 1018 2048 1075; x_wconf 85' lang='lat' dir='ltr'><strong>agamur</strong></span> <span class='ocrx_word' id='word_1_48' title='bbox 2066 1003 2082 1034; x_wconf 83' lang='grc'>¹</span> <span class='ocrx_word' id='word_1_49' title='bbox 2105 1002 2224 1072; x_wconf 89' lang='lat' dir='ltr'><strong>Spi-</strong></span> 
     </span>
    </p>
   </div>
   <div class='ocr_carea' id='block_1_8' title="bbox 630 1094 2223 1168">
    <p class='ocr_par' dir='ltr' id='par_1_8' title="bbox 630 1094 2223 1168">
     <span class='ocr_line' id='line_1_8' title="bbox 630 1094 2223 1168; baseline -0.003 -14"><span class='ocrx_word' id='word_1_50' title='bbox 630 1099 737 1154; x_wconf 87' lang='lat' dir='ltr'><strong>ritu</strong></span> <span class='ocrx_word' id='word_1_51' title='bbox 757 1140 773 1165; x_wconf 94' lang='lat'><strong>,</strong></span> <span class='ocrx_word' id='word_1_52' title='bbox 806 1105 863 1154; x_wconf 90' lang='lat' dir='ltr'><strong>et</strong></span> <span class='ocrx_word' id='word_1_53' title='bbox 895 1097 1279 1153; x_wconf 84' lang='lat' dir='ltr'><strong>mortificemus</strong></span> <span class='ocrx_word' id='word_1_54' title='bbox 1304 1113 1467 1168; x_wconf 81' lang='lat' dir='ltr'><strong>Opera</strong></span> <span class='ocrx_word' id='word_1_55' title='bbox 1494 1098 1701 1162; x_wconf 86' lang='lat' dir='ltr'><strong>carnis,</strong></span> <span class='ocrx_word' id='word_1_56' title='bbox 1735 1104 1894 1167; x_wconf 89' lang='lat' dir='ltr'><strong>atque</strong></span> <span class='ocrx_word' id='word_1_57' title='bbox 1919 1099 2033 1166; x_wconf 88' lang='lat' dir='ltr'><strong>ipso</strong></span> <span class='ocrx_word' id='word_1_58' title='bbox 2064 1094 2223 1150; x_wconf 91' lang='lat' dir='ltr'><strong>dante</strong></span> 
     </span>
    </p>
   </div>
   <div class='ocr_carea' id='block_1_9' title="bbox 630 1185 2223 1259">
    <p class='ocr_par' dir='ltr' id='par_1_9' title="bbox 630 1185 2223 1259">
     <span class='ocr_line' id='line_1_9' title="bbox 630 1185 2223 1259; baseline -0.003 -16"><span class='ocrx_word' id='word_1_59' title='bbox 630 1188 909 1243; x_wconf 78' lang='lat' dir='ltr'><strong>victoriam</strong></span> <span class='ocrx_word' id='word_1_60' title='bbox 937 1205 1032 1259; x_wconf 92' lang='lat' dir='ltr'><strong>per</strong></span> <span class='ocrx_word' id='word_1_61' title='bbox 1052 1190 1332 1244; x_wconf 91' lang='lat' dir='ltr'><strong>Dominum</strong></span> <span class='ocrx_word' id='word_1_62' title='bbox 1359 1198 1598 1244; x_wconf 88' lang='lat' dir='ltr'><strong>nostrum</strong></span> <span class='ocrx_word' id='word_1_63' title='bbox 1624 1188 1804 1244; x_wconf 80' lang='lat' dir='ltr'><strong>Jesum</strong></span> <span class='ocrx_word' id='word_1_64' title='bbox 1827 1187 2094 1242; x_wconf 86' lang='lat' dir='ltr'><strong>Christum</strong></span> <span class='ocrx_word' id='word_1_65' title='bbox 2120 1227 2135 1252; x_wconf 92' lang='lat'><strong>,</strong></span> <span class='ocrx_word' id='word_1_66' title='bbox 2169 1185 2223 1239; x_wconf 90' lang='lat' dir='ltr'><strong>in</strong></span> 
     </span>
    </p>
   </div>
   <div class='ocr_carea' id='block_1_10' title="bbox 633 1276 2221 1351">
    <p class='ocr_par' dir='ltr' id='par_1_10' title="bbox 633 1276 2221 1351">
     <span class='ocr_line' id='line_1_10' title="bbox 633 1276 2221 1351; baseline -0.003 -16"><span class='ocrx_word' id='word_1_67' title='bbox 633 1289 831 1336; x_wconf 74' lang='lat' dir='ltr'><strong>:eterna</strong></span> <span class='ocrx_word' id='word_1_68' title='bbox 861 1295 983 1335; x_wconf 91' lang='lat' dir='ltr'><strong>cum</strong></span> <span class='ocrx_word' id='word_1_69' title='bbox 1013 1280 1107 1335; x_wconf 92' lang='lat' dir='ltr'><strong>illo</strong></span> <span class='ocrx_word' id='word_1_70' title='bbox 1133 1291 1315 1350; x_wconf 86' lang='lat' dir='ltr'><strong>postea</strong></span> <span class='ocrx_word' id='word_1_71' title='bbox 1346 1296 1475 1350; x_wconf 85' lang='lat' dir='ltr'><strong>pace</strong></span> <span class='ocrx_word' id='word_1_72' title='bbox 1505 1295 1824 1351; x_wconf 74' lang='lat' dir='ltr'><strong>regnemus;</strong></span> <span class='ocrx_word' id='word_1_73' title='bbox 1851 1276 2092 1348; x_wconf 91' lang='lat' dir='ltr'><strong>profecto</strong></span> <span class='ocrx_word' id='word_1_74' title='bbox 2120 1277 2221 1331; x_wconf 89' lang='lat' dir='ltr'><strong>nisi</strong></span> 
     </span>
    </p>
   </div>
   <div class='ocr_carea' id='block_1_11' title="bbox 574 1370 2221 1438">
    <p class='ocr_par' dir='ltr' id='par_1_11' title="bbox 574 1370 2221 1438">
     <span class='ocr_line' id='line_1_11' title="bbox 574 1370 2221 1438; baseline -0.001 -12"><span class='ocrx_word' id='word_1_75' title='bbox 574 1400 575 1403; x_wconf 58' lang='grc' dir='ltr'><strong>η</strong></span> <span class='ocrx_word' id='word_1_76' title='bbox 634 1371 776 1428; x_wconf 89' lang='lat' dir='ltr'><strong>Deus</strong></span> <span class='ocrx_word' id='word_1_77' title='bbox 816 1372 984 1438; x_wconf 88' lang='lat' dir='ltr'><strong>adsit,</strong></span> <span class='ocrx_word' id='word_1_78' title='bbox 1019 1387 1180 1428; x_wconf 86' lang='lat' dir='ltr'><strong>nemo</strong></span> <span class='ocrx_word' id='word_1_79' title='bbox 1213 1380 1296 1429; x_wconf 91' lang='lat' dir='ltr'><strong>est</strong></span> <span class='ocrx_word' id='word_1_80' title='bbox 1324 1372 1547 1428; x_wconf 90' lang='lat' dir='ltr'><strong>idoneus</strong></span> <span class='ocrx_word' id='word_1_81' title='bbox 1582 1382 1789 1427; x_wconf 89' lang='lat' dir='ltr'><strong>certare</strong></span> <span class='ocrx_word' id='word_1_82' title='bbox 1808 1386 1927 1426; x_wconf 86' lang='lat' dir='ltr'><strong>cum</strong></span> <span class='ocrx_word' id='word_1_83' title='bbox 1950 1370 2090 1425; x_wconf 87' lang='lat' dir='ltr'><strong>vitiis</strong></span> <span class='ocrx_word' id='word_1_84' title='bbox 2115 1388 2127 1423; x_wconf 88' lang='lat'><strong>:</strong></span> <span class='ocrx_word' id='word_1_85' title='bbox 2153 1384 2221 1425; x_wconf 90' lang='lat' dir='ltr'><strong>ne</strong></span> 
     </span>
    </p>
   </div>
   <div class='ocr_carea' id='block_1_12' title="bbox 632 1464 2222 1536">
    <p class='ocr_par' dir='ltr' id='par_1_12' title="bbox 632 1464 2222 1536">
     <span class='ocr_line' id='line_1_12' title="bbox 632 1464 2222 1536; baseline -0.001 -17"><span class='ocrx_word' id='word_1_86' title='bbox 632 1464 750 1521; x_wconf 88' lang='lat' dir='ltr'><strong>sine</strong></span> <span class='ocrx_word' id='word_1_87' title='bbox 768 1466 1064 1521; x_wconf 88' lang='lat' dir='ltr'><strong>certamine</strong></span> <span class='ocrx_word' id='word_1_88' title='bbox 1088 1466 1427 1536; x_wconf 87' lang='lat' dir='ltr'><strong>pertrahatur</strong></span> <span class='ocrx_word' id='word_1_89' title='bbox 1445 1465 1513 1520; x_wconf 87' lang='lat' dir='ltr'><strong>ab</strong></span> <span class='ocrx_word' id='word_1_90' title='bbox 1532 1465 1610 1519; x_wconf 90' lang='lat' dir='ltr'><strong>eis</strong></span> <span class='ocrx_word' id='word_1_91' title='bbox 1626 1506 1639 1528; x_wconf 91' lang='lat'><strong>,</strong></span> <span class='ocrx_word' id='word_1_92' title='bbox 1671 1473 1762 1519; x_wconf 89' lang='lat' dir='ltr'><strong>aut</strong></span> <span class='ocrx_word' id='word_1_93' title='bbox 1788 1480 1852 1519; x_wconf 92' lang='lat' dir='ltr'><strong>ne</strong></span> <span class='ocrx_word' id='word_1_94' title='bbox 1872 1464 1983 1535; x_wconf 88' lang='lat' dir='ltr'><strong>jam</strong></span> <span class='ocrx_word' id='word_1_95' title='bbox 2005 1471 2222 1518; x_wconf 80' lang='lat' dir='ltr'><strong>certans</strong></span> 
     </span>
    </p>
   </div>
   <div class='ocr_carea' id='block_1_13' title="bbox 634 1554 2222 1629">
    <p class='ocr_par' dir='ltr' id='par_1_13' title="bbox 634 1554 2222 1629">
     <span class='ocr_line' id='line_1_13' title="bbox 634 1554 2222 1629; baseline -0.001 -17"><span class='ocrx_word' id='word_1_96' title='bbox 634 1558 687 1612; x_wconf 91' lang='lat' dir='ltr'><strong>in</strong></span> <span class='ocrx_word' id='word_1_97' title='bbox 738 1558 854 1629; x_wconf 89' lang='lat' dir='ltr'><strong>ipsa</strong></span> <span class='ocrx_word' id='word_1_98' title='bbox 893 1574 1076 1614; x_wconf 88' lang='lat' dir='ltr'><strong>eorum</strong></span> <span class='ocrx_word' id='word_1_99' title='bbox 1115 1556 1510 1613; x_wconf 84' lang='lat' dir='ltr'><strong>conﬂictatione</strong></span> <span class='ocrx_word' id='word_1_100' title='bbox 1549 1557 1810 1611; x_wconf 86' lang='lat' dir='ltr'><strong>vincatur.</strong></span> <span class='ocrx_word' id='word_1_101' title='bbox 1857 1555 1982 1611; x_wconf 84' lang='lat' dir='ltr'><strong>ideo</strong></span> <span class='ocrx_word' id='word_1_102' title='bbox 2021 1555 2075 1610; x_wconf 91' lang='lat' dir='ltr'><strong>in</strong></span> <span class='ocrx_word' id='word_1_103' title='bbox 2119 1554 2222 1611; x_wconf 88' lang='lat' dir='ltr'><strong>hoc</strong></span> 
     </span>
    </p>
   </div>
   <div class='ocr_carea' id='block_1_14' title="bbox 634 1650 2218 1725">
    <p class='ocr_par' dir='ltr' id='par_1_14' title="bbox 634 1650 2218 1725">
     <span class='ocr_line' id='line_1_14' title="bbox 634 1650 2218 1725; baseline -0.004 -17"><span class='ocrx_word' id='word_1_104' title='bbox 634 1668 804 1724; x_wconf 82' lang='lat' dir='ltr'><strong>agone</strong></span> <span class='ocrx_word' id='word_1_105' title='bbox 852 1654 1018 1725; x_wconf 85' lang='lat' dir='ltr'><strong>magis</strong></span> <span class='ocrx_word' id='word_1_106' title='bbox 1064 1666 1162 1707; x_wconf 91' lang='lat' dir='ltr'><strong>nos</strong></span> <span class='ocrx_word' id='word_1_107' title='bbox 1205 1652 1346 1706; x_wconf 87' lang='lat' dir='ltr'><strong>Deus</strong></span> <span class='ocrx_word' id='word_1_108' title='bbox 1390 1651 1555 1705; x_wconf 87' lang='lat' dir='ltr'><strong>voluit</strong></span> <span class='ocrx_word' id='word_1_109' title='bbox 1604 1650 1933 1705; x_wconf 90' lang='lat' dir='ltr'><strong>orationibus</strong></span> <span class='ocrx_word' id='word_1_110' title='bbox 1970 1657 2218 1717; x_wconf 86' lang='lat' dir='ltr'><strong>certare,</strong></span> 
     </span>
    </p>
   </div>
   <div class='ocr_carea' id='block_1_15' title="bbox 634 1741 2222 1814">
    <p class='ocr_par' dir='ltr' id='par_1_15' title="bbox 634 1741 2222 1814">
     <span class='ocr_line' id='line_1_15' title="bbox 634 1741 2222 1814; baseline -0.002 -16"><span class='ocrx_word' id='word_1_111' title='bbox 634 1759 793 1814; x_wconf 89' lang='lat' dir='ltr'><strong>quam</strong></span> <span class='ocrx_word' id='word_1_112' title='bbox 822 1743 1057 1810; x_wconf 89' lang='lat' dir='ltr'><strong>viribus;</strong></span> <span class='ocrx_word' id='word_1_113' title='bbox 1088 1743 1210 1814; x_wconf 87' lang='lat' dir='ltr'><strong>quia</strong></span> <span class='ocrx_word' id='word_1_114' title='bbox 1236 1750 1289 1797; x_wconf 91' lang='lat' dir='ltr'><strong>et</strong></span> <span class='ocrx_word' id='word_1_115' title='bbox 1317 1742 1457 1812; x_wconf 90' lang='lat' dir='ltr'><strong>ipsas</strong></span> <span class='ocrx_word' id='word_1_116' title='bbox 1484 1742 1645 1808; x_wconf 87' lang='lat' dir='ltr'><strong>vires,</strong></span> <span class='ocrx_word' id='word_1_117' title='bbox 1668 1749 1893 1811; x_wconf 89' lang='lat' dir='ltr'><strong>quantas</strong></span> <span class='ocrx_word' id='word_1_118' title='bbox 1917 1741 2002 1795; x_wconf 89' lang='lat' dir='ltr'><strong>hic</strong></span> <span class='ocrx_word' id='word_1_119' title='bbox 2025 1741 2222 1796; x_wconf 87' lang='lat' dir='ltr'><strong>habere</strong></span> 
     </span>
    </p>
   </div>
   <div class='ocr_carea' id='block_1_16' title="bbox 636 1834 2218 1906">
    <p class='ocr_par' dir='ltr' id='par_1_16' title="bbox 636 1834 2218 1906">
     <span class='ocr_line' id='line_1_16' title="bbox 636 1834 2218 1906; baseline -0.002 -15"><span class='ocrx_word' id='word_1_120' title='bbox 636 1851 733 1891; x_wconf 92' lang='lat' dir='ltr'><strong>nos</strong></span> <span class='ocrx_word' id='word_1_121' title='bbox 779 1836 1063 1906; x_wconf 86' lang='lat' dir='ltr'><strong>competit,</strong></span> <span class='ocrx_word' id='word_1_122' title='bbox 1107 1837 1221 1905; x_wconf 90' lang='lat' dir='ltr'><strong>ipse</strong></span> <span class='ocrx_word' id='word_1_123' title='bbox 1264 1834 1631 1890; x_wconf 86' lang='lat' dir='ltr'><strong>subministrat</strong></span> <span class='ocrx_word' id='word_1_124' title='bbox 1666 1834 2023 1902; x_wconf 89' lang='lat' dir='ltr'><strong>certantibus,</strong></span> <span class='ocrx_word' id='word_1_125' title='bbox 2062 1849 2218 1904; x_wconf 90' lang='lat' dir='ltr'><strong>quem</strong></span> 
     </span>
    </p>
   </div>
   <div class='ocr_carea' id='block_1_17' title="bbox 636 1927 2219 2001">
    <p class='ocr_par' dir='ltr' id='par_1_17' title="bbox 636 1927 2219 2001">
     <span class='ocr_line' id='line_1_17' title="bbox 636 1927 2219 2001; baseline -0.001 -17"><span class='ocrx_word' id='word_1_126' title='bbox 636 1944 904 2001; x_wconf 82' lang='lat' dir='ltr'><strong>rogamus.</strong></span> <span class='ocrx_word' id='word_1_127' title='bbox 936 1930 990 1983; x_wconf 91' lang='lat' dir='ltr'><strong>Si</strong></span> <span class='ocrx_word' id='word_1_128' title='bbox 1018 1943 1156 1998; x_wconf 78' lang='lat' dir='ltr'><strong>ergo</strong></span> <span class='ocrx_word' id='word_1_129' title='bbox 1174 1928 1256 1995; x_wconf 90' lang='lat' dir='ltr'><strong>hi,</strong></span> <span class='ocrx_word' id='word_1_130' title='bbox 1288 1943 1511 1998; x_wconf 91' lang='lat' dir='ltr'><strong>quorum</strong></span> <span class='ocrx_word' id='word_1_131' title='bbox 1541 1936 1726 1981; x_wconf 89' lang='lat' dir='ltr'><strong>contra</strong></span> <span class='ocrx_word' id='word_1_132' title='bbox 1743 1943 1959 1983; x_wconf 90' lang='lat' dir='ltr'><strong>carnem</strong></span> <span class='ocrx_word' id='word_1_133' title='bbox 1978 1928 2086 1997; x_wconf 91' lang='lat' dir='ltr'><strong>jam</strong></span> <span class='ocrx_word' id='word_1_134' title='bbox 2109 1927 2219 1997; x_wconf 89' lang='lat' dir='ltr'><strong>spi-</strong></span> 
     </span>
    </p>
   </div>
   <div class='ocr_carea' id='block_1_18' title="bbox 635 2020 2220 2093">
    <p class='ocr_par' dir='ltr' id='par_1_18' title="bbox 635 2020 2220 2093">
     <span class='ocr_line' id='line_1_18' title="bbox 635 2020 2220 2093; baseline -0.003 -14"><span class='ocrx_word' id='word_1_135' title='bbox 635 2024 768 2079; x_wconf 89' lang='lat' dir='ltr'><strong>ritus</strong></span> <span class='ocrx_word' id='word_1_136' title='bbox 789 2023 1151 2093; x_wconf 90' lang='lat' dir='ltr'><strong>concupiscit,</strong></span> <span class='ocrx_word' id='word_1_137' title='bbox 1183 2022 1250 2077; x_wconf 91' lang='lat' dir='ltr'><strong>ad</strong></span> <span class='ocrx_word' id='word_1_138' title='bbox 1278 2030 1428 2077; x_wconf 91' lang='lat' dir='ltr'><strong>actus</strong></span> <span class='ocrx_word' id='word_1_139' title='bbox 1457 2022 1695 2091; x_wconf 87' lang='lat' dir='ltr'><strong>singulos</strong></span> <span class='ocrx_word' id='word_1_140' title='bbox 1725 2020 1958 2090; x_wconf 85' lang='lat' dir='ltr'><strong>indigent</strong></span> <span class='ocrx_word' id='word_1_141' title='bbox 1982 2020 2070 2075; x_wconf 89' lang='lat' dir='ltr'><strong>Dei</strong></span> <span class='ocrx_word' id='word_1_142' title='bbox 2096 2036 2220 2090; x_wconf 83' lang='lat' dir='ltr'><strong>gra-</strong></span> 
     </span>
    </p>
   </div>
   <div class='ocr_carea' id='block_1_19' title="bbox 637 2113 2220 2186">
    <p class='ocr_par' dir='ltr' id='par_1_19' title="bbox 637 2113 2220 2186">
     <span class='ocr_line' id='line_1_19' title="bbox 637 2113 2220 2186; baseline -0.002 -15"><span class='ocrx_word' id='word_1_143' title='bbox 637 2118 706 2171; x_wconf 87' lang='lat' dir='ltr'><strong>tia</strong></span> <span class='ocrx_word' id='word_1_144' title='bbox 732 2159 746 2182; x_wconf 90' lang='lat'><strong>,</strong></span> <span class='ocrx_word' id='word_1_145' title='bbox 791 2132 859 2172; x_wconf 92' lang='lat' dir='ltr'><strong>ne</strong></span> <span class='ocrx_word' id='word_1_146' title='bbox 891 2116 1172 2171; x_wconf 89' lang='lat' dir='ltr'><strong>vincantur</strong></span> <span class='ocrx_word' id='word_1_147' title='bbox 1199 2133 1211 2168; x_wconf 87' lang='lat'><strong>:</strong></span> <span class='ocrx_word' id='word_1_148' title='bbox 1243 2115 1454 2186; x_wconf 89' lang='lat' dir='ltr'><strong>qualem</strong></span> <span class='ocrx_word' id='word_1_149' title='bbox 1482 2114 1781 2173; x_wconf 89' lang='lat' dir='ltr'><strong>libertatem</strong></span> <span class='ocrx_word' id='word_1_150' title='bbox 1808 2114 2097 2168; x_wconf 85' lang='lat' dir='ltr'><strong>voluntatis</strong></span> <span class='ocrx_word' id='word_1_151' title='bbox 2122 2113 2220 2168; x_wconf 86' lang='lat' dir='ltr'><strong>ha-</strong></span> 
     </span>
    </p>
   </div>
   <div class='ocr_carea' id='block_1_20' title="bbox 633 2206 2222 2280">
    <p class='ocr_par' dir='ltr' id='par_1_20' title="bbox 633 2206 2222 2280">
     <span class='ocr_line' id='line_1_20' title="bbox 633 2206 2222 2280; baseline -0.003 -15"><span class='ocrx_word' id='word_1_152' title='bbox 633 2208 763 2265; x_wconf 85' lang='lat' dir='ltr'><strong>bere</strong></span> <span class='ocrx_word' id='word_1_153' title='bbox 787 2218 1047 2280; x_wconf 89' lang='lat' dir='ltr'><strong>possunt,</strong></span> <span class='ocrx_word' id='word_1_154' title='bbox 1072 2210 1161 2280; x_wconf 91' lang='lat' dir='ltr'><strong>qui</strong></span> <span class='ocrx_word' id='word_1_155' title='bbox 1189 2207 1421 2263; x_wconf 91' lang='lat' dir='ltr'><strong>nondum</strong></span> <span class='ocrx_word' id='word_1_156' title='bbox 1444 2206 1511 2262; x_wconf 92' lang='lat' dir='ltr'><strong>de</strong></span> <span class='ocrx_word' id='word_1_157' title='bbox 1533 2214 1793 2276; x_wconf 82' lang='lat' dir='ltr'><strong>potestate</strong></span> <span class='ocrx_word' id='word_1_158' title='bbox 1814 2206 1951 2261; x_wconf 91' lang='lat' dir='ltr'><strong>eruti</strong></span> <span class='ocrx_word' id='word_1_159' title='bbox 1980 2207 2222 2261; x_wconf 81' lang='lat' dir='ltr'><strong>tenebra-</strong></span> 
     </span>
    </p>
   </div>
   <div class='ocr_carea' id='block_1_21' title="bbox 635 2301 2220 2372">
    <p class='ocr_par' dir='ltr' id='par_1_21' title="bbox 635 2301 2220 2372">
     <span class='ocr_line' id='line_1_21' title="bbox 635 2301 2220 2372; baseline -0.003 -15"><span class='ocrx_word' id='word_1_160' title='bbox 635 2317 790 2370; x_wconf 88' lang='lat' dir='ltr'><strong>rum,</strong></span> <span class='ocrx_word' id='word_1_161' title='bbox 833 2302 1143 2357; x_wconf 88' lang='lat' dir='ltr'><strong>dominante</strong></span> <span class='ocrx_word' id='word_1_162' title='bbox 1187 2301 1489 2372; x_wconf 84' lang='lat' dir='ltr'><strong>iniquitate,</strong></span> <span class='ocrx_word' id='word_1_163' title='bbox 1533 2315 1634 2356; x_wconf 93' lang='lat' dir='ltr'><strong>nec</strong></span> <span class='ocrx_word' id='word_1_164' title='bbox 1670 2310 1876 2355; x_wconf 89' lang='lat' dir='ltr'><strong>certare</strong></span> <span class='ocrx_word' id='word_1_165' title='bbox 1908 2308 2220 2370; x_wconf 69' lang='lat' dir='ltr'><strong>coeperunt;</strong></span> 
     </span>
    </p>
   </div>
   <div class='ocr_carea' id='block_1_22' title="bbox 633 2390 2222 2459">
    <p class='ocr_par' dir='ltr' id='par_1_22' title="bbox 633 2390 2222 2459">
     <span class='ocr_line' id='line_1_22' title="bbox 633 2390 2222 2459; baseline 0 -12"><span class='ocrx_word' id='word_1_166' title='bbox 633 2402 727 2448; x_wconf 87' lang='lat' dir='ltr'><strong>aut</strong></span> <span class='ocrx_word' id='word_1_167' title='bbox 763 2393 808 2449; x_wconf 94' lang='lat' dir='ltr'><strong>si</strong></span> <span class='ocrx_word' id='word_1_168' title='bbox 837 2402 1043 2448; x_wconf 89' lang='lat' dir='ltr'><strong>certare</strong></span> <span class='ocrx_word' id='word_1_169' title='bbox 1073 2393 1383 2459; x_wconf 91' lang='lat' dir='ltr'><strong>voluerunt,</strong></span> <span class='ocrx_word' id='word_1_170' title='bbox 1412 2391 1648 2447; x_wconf 88' lang='lat' dir='ltr'><strong>nondum</strong></span> <span class='ocrx_word' id='word_1_171' title='bbox 1673 2390 1911 2448; x_wconf 71' lang='lat' dir='ltr'><strong>liberatae</strong></span> <span class='ocrx_word' id='word_1_172' title='bbox 1935 2390 2222 2447; x_wconf 86' lang='lat' dir='ltr'><strong>voluntatis</strong></span> 
     </span>
    </p>
   </div>
   <div class='ocr_carea' id='block_1_23' title="bbox 634 2485 1244 2560">
    <p class='ocr_par' dir='ltr' id='par_1_23' title="bbox 634 2485 1244 2560">
     <span class='ocr_line' id='line_1_23' title="bbox 634 2485 1244 2560; baseline -0.003 -20"><span class='ocrx_word' id='word_1_173' title='bbox 634 2485 891 2560; x_wconf 80' lang='lat' dir='ltr'><strong>servitute</strong></span> <span class='ocrx_word' id='word_1_174' title='bbox 922 2486 1244 2540; x_wconf 80' lang='lat' dir='ltr'><strong>vincuntur?</strong></span> 
     </span>
    </p>
   </div>
   <div class='ocr_carea' id='block_1_24' title="bbox 705 2574 2224 2648">
    <p class='ocr_par' dir='ltr' id='par_1_24' title="bbox 705 2574 2224 2648">
     <span class='ocr_line' id='line_1_24' title="bbox 705 2574 2224 2648; baseline 0.003 -18"><span class='ocrx_word' id='word_1_175' title='bbox 705 2574 846 2630; x_wconf 81' lang='lat' dir='ltr'><strong>XVI.</strong></span> <span class='ocrx_word' id='word_1_176' title='bbox 875 2575 994 2632; x_wconf 69' lang='lat' dir='ltr'><strong>Jun.</strong></span> <span class='ocrx_word' id='word_1_177' title='bbox 1025 2575 1220 2633; x_wconf 87' lang='lat' dir='ltr'><strong>Nescio</strong></span> <span class='ocrx_word' id='word_1_178' title='bbox 1241 2591 1400 2644; x_wconf 88' lang='lat' dir='ltr'><strong>sane,</strong></span> <span class='ocrx_word' id='word_1_179' title='bbox 1432 2585 1608 2632; x_wconf 88' lang='lat' dir='ltr'><strong>utrum</strong></span> <span class='ocrx_word' id='word_1_180' title='bbox 1629 2576 1719 2632; x_wconf 90' lang='lat' dir='ltr'><strong>hic</strong></span> <span class='ocrx_word' id='word_1_181' title='bbox 1740 2577 1850 2648; x_wconf 89' lang='lat' dir='ltr'><strong>jam</strong></span> <span class='ocrx_word' id='word_1_182' title='bbox 1871 2587 2086 2634; x_wconf 90' lang='lat' dir='ltr'><strong>coactus</strong></span> <span class='ocrx_word' id='word_1_183' title='bbox 2106 2578 2224 2634; x_wconf 93' lang='lat' dir='ltr'><strong>ino-</strong></span> 
     </span>
    </p>
   </div>
   <div class='ocr_carea' id='block_1_25' title="bbox 633 2668 2218 2742">
    <p class='ocr_par' dir='ltr' id='par_1_25' title="bbox 633 2668 2218 2742">
     <span class='ocr_line' id='line_1_25' title="bbox 633 2668 2218 2742; baseline 0.003 -20"><span class='ocrx_word' id='word_1_184' title='bbox 633 2668 752 2739; x_wconf 88' lang='lat' dir='ltr'><strong>pia,</strong></span> <span class='ocrx_word' id='word_1_185' title='bbox 797 2676 902 2723; x_wconf 88' lang='lat' dir='ltr'><strong>tam</strong></span> <span class='ocrx_word' id='word_1_186' title='bbox 933 2670 1203 2740; x_wconf 86' lang='lat' dir='ltr'><strong>ineptum,</strong></span> <span class='ocrx_word' id='word_1_187' title='bbox 1236 2679 1342 2724; x_wconf 90' lang='lat' dir='ltr'><strong>tam</strong></span> <span class='ocrx_word' id='word_1_188' title='bbox 1374 2670 1693 2725; x_wconf 91' lang='lat' dir='ltr'><strong>imbecillum</strong></span> <span class='ocrx_word' id='word_1_189' title='bbox 1721 2671 1918 2742; x_wconf 89' lang='lat' dir='ltr'><strong>aliquid</strong></span> <span class='ocrx_word' id='word_1_190' title='bbox 1945 2672 2180 2727; x_wconf 87' lang='lat' dir='ltr'><strong>moliaris</strong></span> <span class='ocrx_word' id='word_1_191' title='bbox 2203 2712 2218 2738; x_wconf 89' lang='lat'><strong>,</strong></span> 
     </span>
    </p>
   </div>
   <div class='ocr_carea' id='block_1_26' title="bbox 635 2760 2222 2837">
    <p class='ocr_par' dir='ltr' id='par_1_26' title="bbox 635 2760 2222 2837">
     <span class='ocr_line' id='line_1_26' title="bbox 635 2760 2222 2837; baseline 0.003 -20"><span class='ocrx_word' id='word_1_192' title='bbox 635 2770 693 2817; x_wconf 92' lang='lat' dir='ltr'><strong>ut</strong></span> <span class='ocrx_word' id='word_1_193' title='bbox 735 2760 881 2818; x_wconf 89' lang='lat' dir='ltr'><strong>dicas</strong></span> <span class='ocrx_word' id='word_1_194' title='bbox 904 2804 919 2828; x_wconf 85' lang='lat'><strong>,</strong></span> <span class='ocrx_word' id='word_1_195' title='bbox 971 2762 1130 2817; x_wconf 91' lang='lat' dir='ltr'><strong>nullis</strong></span> <span class='ocrx_word' id='word_1_196' title='bbox 1177 2773 1228 2817; x_wconf 88' lang='lat' dir='ltr'><strong>te</strong></span> <span class='ocrx_word' id='word_1_197' title='bbox 1264 2763 1477 2834; x_wconf 91' lang='lat' dir='ltr'><strong>quidem</strong></span> <span class='ocrx_word' id='word_1_198' title='bbox 1520 2763 1815 2819; x_wconf 88' lang='lat' dir='ltr'><strong>rationibus</strong></span> <span class='ocrx_word' id='word_1_199' title='bbox 1843 2765 2038 2821; x_wconf 89' lang='lat' dir='ltr'><strong>docere</strong></span> <span class='ocrx_word' id='word_1_200' title='bbox 2066 2780 2222 2837; x_wconf 89' lang='lat' dir='ltr'><strong>posse</strong></span> 
     </span>
    </p>
   </div>
   <div class='ocr_carea' id='block_1_27' title="bbox 632 2853 2220 2923">
    <p class='ocr_par' dir='ltr' id='par_1_27' title="bbox 632 2853 2220 2923">
     <span class='ocr_line' id='line_1_27' title="bbox 632 2853 2220 2923; baseline 0.004 -15"><span class='ocrx_word' id='word_1_201' title='bbox 632 2853 802 2909; x_wconf 81' lang='lat' dir='ltr'><strong>Adam</strong></span> <span class='ocrx_word' id='word_1_202' title='bbox 829 2855 1024 2910; x_wconf 90' lang='lat' dir='ltr'><strong>bonum</strong></span> <span class='ocrx_word' id='word_1_203' title='bbox 1056 2870 1087 2910; x_wconf 88' lang='lat' dir='ltr'><strong>a</strong></span> <span class='ocrx_word' id='word_1_204' title='bbox 1114 2856 1222 2911; x_wconf 93' lang='lat' dir='ltr'><strong>Deo</strong></span> <span class='ocrx_word' id='word_1_205' title='bbox 1244 2856 1544 2923; x_wconf 88' lang='lat' dir='ltr'><strong>conditum,</strong></span> <span class='ocrx_word' id='word_1_206' title='bbox 1571 2857 1665 2913; x_wconf 90' lang='lat' dir='ltr'><strong>sed</strong></span> <span class='ocrx_word' id='word_1_207' title='bbox 1685 2858 1751 2912; x_wconf 90' lang='lat' dir='ltr'><strong>ad</strong></span> <span class='ocrx_word' id='word_1_208' title='bbox 1774 2858 1875 2915; x_wconf 87' lang='lat' dir='ltr'><strong>hoc</strong></span> <span class='ocrx_word' id='word_1_209' title='bbox 1895 2854 2220 2916; x_wconf 87' lang='lat' dir='ltr'><strong>credendum</strong></span> 
     </span>
    </p>
   </div>
   <div class='ocr_carea' id='block_1_28' title="bbox 632 2952 2226 3026">
    <p class='ocr_par' dir='ltr' id='par_1_28' title="bbox 632 2952 2226 3026">
     <span class='ocr_line' id='line_1_28' title="bbox 632 2952 2226 3026; baseline 0.004 -22"><span class='ocrx_word' id='word_1_210' title='bbox 632 2952 744 3005; x_wconf 90' lang='lat' dir='ltr'><strong>sola</strong></span> <span class='ocrx_word' id='word_1_211' title='bbox 783 2967 904 3008; x_wconf 88' lang='lat' dir='ltr'><strong>esse</strong></span> <span class='ocrx_word' id='word_1_212' title='bbox 941 2952 1184 3009; x_wconf 90' lang='lat' dir='ltr'><strong>lectionis</strong></span> <span class='ocrx_word' id='word_1_213' title='bbox 1226 2956 1541 3012; x_wconf 83' lang='lat' dir='ltr'><strong>auctoritate</strong></span> <span class='ocrx_word' id='word_1_214' title='bbox 1582 2962 1890 3011; x_wconf 91' lang='lat' dir='ltr'><strong>contentum</strong></span> <span class='ocrx_word' id='word_1_215' title='bbox 1915 2996 1930 3021; x_wconf 89' lang='lat'><strong>,</strong></span> <span class='ocrx_word' id='word_1_216' title='bbox 1977 2971 2077 3026; x_wconf 91' lang='lat' dir='ltr'><strong>qua</strong></span> <span class='ocrx_word' id='word_1_217' title='bbox 2104 2963 2226 3025; x_wconf 92' lang='lat' dir='ltr'><strong>post</strong></span> 
     </span>
    </p>
   </div>
   <div class='ocr_carea' id='block_1_29' title="bbox 633 3043 2223 3116">
    <p class='ocr_par' dir='ltr' id='par_1_29' title="bbox 633 3043 2223 3116">
     <span class='ocr_line' id='line_1_29' title="bbox 633 3043 2223 3116; baseline 0.003 -20"><span class='ocrx_word' id='word_1_218' title='bbox 633 3043 915 3098; x_wconf 87' lang='lat' dir='ltr'><strong>formatum</strong></span> <span class='ocrx_word' id='word_1_219' title='bbox 961 3043 1232 3100; x_wconf 87' lang='lat' dir='ltr'><strong>hominem</strong></span> <span class='ocrx_word' id='word_1_220' title='bbox 1281 3056 1435 3101; x_wconf 80' lang='lat' dir='ltr'><strong>sexto</strong></span> <span class='ocrx_word' id='word_1_221' title='bbox 1472 3047 1583 3116; x_wconf 91' lang='lat' dir='ltr'><strong>jam</strong></span> <span class='ocrx_word' id='word_1_222' title='bbox 1631 3046 1719 3102; x_wconf 91' lang='lat' dir='ltr'><strong>die</strong></span> <span class='ocrx_word' id='word_1_223' title='bbox 1764 3047 2119 3101; x_wconf 86' lang='lat' dir='ltr'><strong>communiter</strong></span> <span class='ocrx_word' id='word_1_224' title='bbox 2156 3045 2223 3101; x_wconf 89' lang='lat' dir='ltr'><strong>de</strong></span> 
     </span>
    </p>
   </div>
   <div class='ocr_carea' id='block_1_30' title="bbox 631 3135 2224 3208">
    <p class='ocr_par' dir='ltr' id='par_1_30' title="bbox 631 3135 2224 3208">
     <span class='ocr_line' id='line_1_30' title="bbox 631 3135 2224 3208; baseline 0.003 -20"><span class='ocrx_word' id='word_1_225' title='bbox 631 3135 880 3190; x_wconf 90' lang='lat' dir='ltr'><strong>omnibus</strong></span> <span class='ocrx_word' id='word_1_226' title='bbox 916 3138 1176 3191; x_wconf 87' lang='lat' dir='ltr'><strong>creaturis</strong></span> <span class='ocrx_word' id='word_1_227' title='bbox 1206 3137 1436 3193; x_wconf 79' lang='lat' dir='ltr'><strong>refertur</strong></span> <span class='ocrx_word' id='word_1_228' title='bbox 1454 3179 1468 3203; x_wconf 94' lang='lat'><strong>,</strong></span> <span class='ocrx_word' id='word_1_229' title='bbox 1513 3138 1579 3192; x_wconf 83' lang='lat' dir='ltr'><strong>Et</strong></span> <span class='ocrx_word' id='word_1_230' title='bbox 1606 3139 1728 3192; x_wconf 81' lang='lat' dir='ltr'><strong>vidit</strong></span> <span class='ocrx_word' id='word_1_231' title='bbox 1756 3138 1892 3193; x_wconf 87' lang='lat' dir='ltr'><strong>Deus</strong></span> <span class='ocrx_word' id='word_1_232' title='bbox 1916 3139 2085 3192; x_wconf 86' lang='lat' dir='ltr'><strong>omnia</strong></span> <span class='ocrx_word' id='word_1_233' title='bbox 2111 3154 2224 3208; x_wconf 73' lang='lat' dir='ltr'><strong>quae</strong></span> 
     </span>
    </p>
   </div>
   <div class='ocr_carea' id='block_1_31' title="bbox 632 3216 2222 3305">
    <p class='ocr_par' dir='ltr' id='par_1_31' title="bbox 632 3216 2222 3305">
     <span class='ocr_line' id='line_1_31' title="bbox 632 3216 2222 3305; baseline 0.004 -25"><span class='ocrx_word' id='word_1_234' title='bbox 632 3227 785 3297; x_wconf 79' lang='lat' dir='ltr'><strong>fecit,</strong></span> <span class='ocrx_word' id='word_1_235' title='bbox 834 3237 882 3281; x_wconf 84' lang='lat' dir='ltr'><strong>et</strong></span> <span class='ocrx_word' id='word_1_236' title='bbox 921 3244 1034 3282; x_wconf 86' lang='lat' dir='ltr'><strong>ecce</strong></span> <span class='ocrx_word' id='word_1_237' title='bbox 1075 3228 1205 3282; x_wconf 88' lang='lat' dir='ltr'><strong>bona</strong></span> <span class='ocrx_word' id='word_1_238' title='bbox 1238 3229 1384 3284; x_wconf 82' lang='lat' dir='ltr'><strong>valde</strong></span> <span class='ocrx_word' id='word_1_239' title='bbox 1407 3228 1557 3300; x_wconf 87' lang='lat' dir='ltr'><strong>(Gen.</strong></span> <span class='ocrx_word' id='word_1_240' title='bbox 1586 3246 1603 3284; x_wconf 86' lang='grc' dir='ltr'><strong>ι</strong></span> <span class='ocrx_word' id='word_1_241' title='bbox 1628 3273 1640 3294; x_wconf 83' lang='grc'><strong><em>,</em></strong></span> <span class='ocrx_word' id='word_1_242' title='bbox 1673 3229 1786 3305; x_wconf 83' lang='grc'><strong>51).</strong></span> <span class='ocrx_word' id='word_1_243' title='bbox 1813 3230 1964 3298; x_wconf 84' lang='lat' dir='ltr'><strong>Quod</strong></span> <span class='ocrx_word' id='word_1_244' title='bbox 1991 3216 2095 3287; x_wconf 80' lang='lat' dir='ltr'><strong>non</strong></span> <span class='ocrx_word' id='word_1_245' title='bbox 2126 3246 2222 3301; x_wconf 88' lang='lat' dir='ltr'><strong>pro</strong></span> 
     </span>
    </p>
   </div>
   <div class='ocr_carea' id='block_1_32' title="bbox 633 3317 2218 3392">
    <p class='ocr_par' dir='ltr' id='par_1_32' title="bbox 633 3317 2218 3392">
     <span class='ocr_line' id='line_1_32' title="bbox 633 3317 2218 3392; baseline 0.003 -20"><span class='ocrx_word' id='word_1_246' title='bbox 633 3317 840 3388; x_wconf 75' lang='lat' dir='ltr'><strong>opificis</strong></span> <span class='ocrx_word' id='word_1_247' title='bbox 877 3318 1134 3388; x_wconf 78' lang='lat' dir='ltr'><strong>dignitate</strong></span> <span class='ocrx_word' id='word_1_248' title='bbox 1157 3362 1171 3386; x_wconf 95' lang='lat'><strong>,</strong></span> <span class='ocrx_word' id='word_1_249' title='bbox 1207 3336 1313 3375; x_wconf 92' lang='lat' dir='ltr'><strong>non</strong></span> <span class='ocrx_word' id='word_1_250' title='bbox 1346 3336 1441 3391; x_wconf 90' lang='lat' dir='ltr'><strong>pro</strong></span> <span class='ocrx_word' id='word_1_251' title='bbox 1470 3322 1798 3391; x_wconf 81' lang='lat' dir='ltr'><strong>appensiune</strong></span> <span class='ocrx_word' id='word_1_252' title='bbox 1826 3322 1941 3392; x_wconf 90' lang='lat' dir='ltr'><strong>ejus</strong></span> <span class='ocrx_word' id='word_1_253' title='bbox 1963 3322 2218 3391; x_wconf 77' lang='lat' dir='ltr'><strong>justitize,</strong></span> 
     </span>
    </p>
   </div>
   <div class='ocr_carea' id='block_1_33' title="bbox 546 3391 2219 3484">
    <p class='ocr_par' dir='ltr' id='par_1_33' title="bbox 546 3391 2219 3484">
     <span class='ocr_line' id='line_1_33' title="bbox 546 3391 2219 3484; baseline 0.005 -21"><span class='ocrx_word' id='word_1_254' title='bbox 546 3391 593 3479; x_wconf 34' lang='grc' dir='ltr'><strong>ε’</strong></span> <span class='ocrx_word' id='word_1_255' title='bbox 631 3408 724 3464; x_wconf 91' lang='lat' dir='ltr'><strong>sed</strong></span> <span class='ocrx_word' id='word_1_256' title='bbox 755 3425 852 3480; x_wconf 91' lang='lat' dir='ltr'><strong>pro</strong></span> <span class='ocrx_word' id='word_1_257' title='bbox 873 3410 1177 3466; x_wconf 86' lang='lat' dir='ltr'><strong>testimonio</strong></span> <span class='ocrx_word' id='word_1_258' title='bbox 1194 3452 1210 3477; x_wconf 89' lang='lat'><strong>,</strong></span> <span class='ocrx_word' id='word_1_259' title='bbox 1241 3427 1346 3483; x_wconf 91' lang='lat' dir='ltr'><strong>quo</strong></span> <span class='ocrx_word' id='word_1_260' title='bbox 1370 3414 1723 3469; x_wconf 89' lang='lat' dir='ltr'><strong>communiter</strong></span> <span class='ocrx_word' id='word_1_261' title='bbox 1741 3429 1859 3484; x_wconf 64' lang='lat' dir='ltr'><strong>quae</strong></span> <span class='ocrx_word' id='word_1_262' title='bbox 1879 3424 2057 3470; x_wconf 87' lang='lat' dir='ltr'><strong>creata</strong></span> <span class='ocrx_word' id='word_1_263' title='bbox 2077 3423 2219 3482; x_wconf 89' lang='lat' dir='ltr'><strong>sunt,</strong></span> 
     </span>
    </p>
   </div>
   <div class='ocr_carea' id='block_1_34' title="bbox 630 3503 2221 3578">
    <p class='ocr_par' dir='ltr' id='par_1_34' title="bbox 630 3503 2221 3578">
     <span class='ocr_line' id='line_1_34' title="bbox 630 3503 2221 3578; baseline 0.002 -19"><span class='ocrx_word' id='word_1_264' title='bbox 630 3503 769 3561; x_wconf 80' lang='lat' dir='ltr'><strong>bene</strong></span> <span class='ocrx_word' id='word_1_265' title='bbox 809 3503 949 3561; x_wconf 83' lang='lat' dir='ltr'><strong>facta</strong></span> <span class='ocrx_word' id='word_1_266' title='bbox 994 3504 1282 3572; x_wconf 90' lang='lat' dir='ltr'><strong>dicuntur,</strong></span> <span class='ocrx_word' id='word_1_267' title='bbox 1332 3505 1501 3561; x_wconf 88' lang='lat' dir='ltr'><strong>Adam</strong></span> <span class='ocrx_word' id='word_1_268' title='bbox 1546 3522 1759 3578; x_wconf 91' lang='lat' dir='ltr'><strong>quoque</strong></span> <span class='ocrx_word' id='word_1_269' title='bbox 1806 3507 1943 3563; x_wconf 91' lang='lat' dir='ltr'><strong>haud</strong></span> <span class='ocrx_word' id='word_1_270' title='bbox 1983 3508 2221 3578; x_wconf 90' lang='lat' dir='ltr'><strong>iniquum</strong></span> 
     </span>
    </p>
   </div>
   <div class='ocr_carea' id='block_1_35' title="bbox 631 3595 2222 3654">
    <p class='ocr_par' dir='ltr' id='par_1_35' title="bbox 631 3595 2222 3654">
     <span class='ocr_line' id='line_1_35' title="bbox 631 3595 2222 3654; baseline 0.003 -5"><span class='ocrx_word' id='word_1_271' title='bbox 631 3595 861 3651; x_wconf 66' lang='lat' dir='ltr'><strong>aestimes</strong></span> <span class='ocrx_word' id='word_1_272' title='bbox 897 3595 1218 3651; x_wconf 90' lang='lat' dir='ltr'><strong>institutum.</strong></span> <span class='ocrx_word' id='word_1_273' title='bbox 1260 3597 1428 3653; x_wconf 86' lang='lat' dir='ltr'><strong>Porro</strong></span> <span class='ocrx_word' id='word_1_274' title='bbox 1456 3597 1580 3653; x_wconf 89' lang='lat' dir='ltr'><strong>licet</strong></span> <span class='ocrx_word' id='word_1_275' title='bbox 1606 3597 1710 3653; x_wconf 90' lang='lat' dir='ltr'><strong>hoc</strong></span> <span class='ocrx_word' id='word_1_276' title='bbox 1739 3598 2087 3654; x_wconf 75' lang='lat' dir='ltr'><strong>Manichaeum</strong></span> <span class='ocrx_word' id='word_1_277' title='bbox 2115 3609 2222 3654; x_wconf 88' lang='lat' dir='ltr'><strong>tam</strong></span> 
     </span>
    </p>
   </div>
   <div class='ocr_carea' id='block_1_36' title="bbox 631 3687 2220 3757">
    <p class='ocr_par' dir='ltr' id='par_1_36' title="bbox 631 3687 2220 3757">
     <span class='ocr_line' id='line_1_36' title="bbox 631 3687 2220 3757; baseline 0.004 -16"><span class='ocrx_word' id='word_1_278' title='bbox 631 3687 820 3743; x_wconf 87' lang='lat' dir='ltr'><strong>leviter</strong></span> <span class='ocrx_word' id='word_1_279' title='bbox 854 3688 1059 3757; x_wconf 79' lang='lat' dir='ltr'><strong>pulset,</strong></span> <span class='ocrx_word' id='word_1_280' title='bbox 1103 3700 1159 3744; x_wconf 92' lang='lat' dir='ltr'><strong>ut</strong></span> <span class='ocrx_word' id='word_1_281' title='bbox 1202 3689 1370 3745; x_wconf 89' lang='lat' dir='ltr'><strong>rideat</strong></span> <span class='ocrx_word' id='word_1_282' title='bbox 1403 3692 1423 3721; x_wconf 85' lang='grc'><strong><em>²</em></strong></span> <span class='ocrx_word' id='word_1_283' title='bbox 1458 3709 1471 3745; x_wconf 90' lang='lat'><strong>:</strong></span> <span class='ocrx_word' id='word_1_284' title='bbox 1500 3690 1894 3747; x_wconf 89' lang='lat' dir='ltr'><strong>Traducianum</strong></span> <span class='ocrx_word' id='word_1_285' title='bbox 1926 3702 2099 3747; x_wconf 87' lang='lat' dir='ltr'><strong>tamen</strong></span> <span class='ocrx_word' id='word_1_286' title='bbox 2132 3708 2220 3748; x_wconf 92' lang='lat' dir='ltr'><strong>re-</strong></span> 
     </span>
    </p>
   </div>
   <div class='ocr_carea' id='block_1_37' title="bbox 628 3777 2222 3848">
    <p class='ocr_par' dir='ltr' id='par_1_37' title="bbox 628 3777 2222 3848">
     <span class='ocr_line' id='line_1_37' title="bbox 628 3777 2222 3848; baseline 0.004 -17"><span class='ocrx_word' id='word_1_287' title='bbox 628 3777 863 3833; x_wconf 79' lang='lat' dir='ltr'><strong>vinctum</strong></span> <span class='ocrx_word' id='word_1_288' title='bbox 896 3779 1117 3848; x_wconf 81' lang='lat' dir='ltr'><strong>exponit</strong></span> <span class='ocrx_word' id='word_1_289' title='bbox 1141 3779 1316 3835; x_wconf 92' lang='lat' dir='ltr'><strong>nobis.</strong></span> <span class='ocrx_word' id='word_1_290' title='bbox 1348 3779 1419 3837; x_wconf 89' lang='lat' dir='ltr'><strong>Ut</strong></span> <span class='ocrx_word' id='word_1_291' title='bbox 1446 3781 1590 3837; x_wconf 91' lang='lat' dir='ltr'><strong>enim</strong></span> <span class='ocrx_word' id='word_1_292' title='bbox 1620 3781 1766 3837; x_wconf 93' lang='lat' dir='ltr'><strong>nullo</strong></span> <span class='ocrx_word' id='word_1_293' title='bbox 1795 3782 2222 3838; x_wconf 90' lang='lat' dir='ltr'><strong>testimoniorum</strong></span> 
     </span>
    </p>
   </div>
   <div class='ocr_carea' id='block_1_38' title="bbox 632 3869 2223 3947">
    <p class='ocr_par' dir='ltr' id='par_1_38' title="bbox 632 3869 2223 3947">
     <span class='ocr_line' id='line_1_38' title="bbox 632 3869 2223 3947; baseline 0.004 -22"><span class='ocrx_word' id='word_1_294' title='bbox 632 3869 935 3926; x_wconf 89' lang='lat' dir='ltr'><strong>divinorum</strong></span> <span class='ocrx_word' id='word_1_295' title='bbox 974 3871 1030 3926; x_wconf 91' lang='lat' dir='ltr'><strong>in</strong></span> <span class='ocrx_word' id='word_1_296' title='bbox 1060 3874 1196 3927; x_wconf 90' lang='lat' dir='ltr'><strong>hanc</strong></span> <span class='ocrx_word' id='word_1_297' title='bbox 1225 3887 1337 3929; x_wconf 90' lang='lat' dir='ltr'><strong>rem</strong></span> <span class='ocrx_word' id='word_1_298' title='bbox 1365 3875 1591 3944; x_wconf 90' lang='lat' dir='ltr'><strong>populos</strong></span> <span class='ocrx_word' id='word_1_299' title='bbox 1608 3889 1997 3947; x_wconf 73' lang='lat' dir='ltr'><strong>congregemus</strong></span> <span class='ocrx_word' id='word_1_300' title='bbox 2029 3895 2041 3931; x_wconf 88' lang='lat'><strong>:</strong></span> <span class='ocrx_word' id='word_1_301' title='bbox 2075 3876 2223 3947; x_wconf 84' lang='lat' dir='ltr'><strong>Apo-</strong></span> 
     </span>
    </p>
   </div>
   <div class='ocr_carea' id='block_1_39' title="bbox 631 3966 2223 4042">
    <p class='ocr_par' dir='ltr' id='par_1_39' title="bbox 631 3966 2223 4042">
     <span class='ocr_line' id='line_1_39' title="bbox 631 3966 2223 4042; baseline 0.006 -23"><span class='ocrx_word' id='word_1_302' title='bbox 631 3966 754 4020; x_wconf 92' lang='lat' dir='ltr'><strong>stoli</strong></span> <span class='ocrx_word' id='word_1_303' title='bbox 780 3966 947 4021; x_wconf 90' lang='lat' dir='ltr'><strong>solius</strong></span> <span class='ocrx_word' id='word_1_304' title='bbox 969 3967 1282 4023; x_wconf 85' lang='lat' dir='ltr'><strong>auctoritate</strong></span> <span class='ocrx_word' id='word_1_305' title='bbox 1308 3971 1701 4038; x_wconf 67' lang='lat' dir='ltr'><strong>praescribimus</strong></span> <span class='ocrx_word' id='word_1_306' title='bbox 1721 4012 1736 4037; x_wconf 91' lang='lat'><strong>,</strong></span> <span class='ocrx_word' id='word_1_307' title='bbox 1768 3972 1860 4042; x_wconf 89' lang='lat' dir='ltr'><strong>qui</strong></span> <span class='ocrx_word' id='word_1_308' title='bbox 1883 3988 2005 4027; x_wconf 80' lang='lat' dir='ltr'><strong>etim</strong></span> <span class='ocrx_word' id='word_1_309' title='bbox 2025 3973 2223 4029; x_wconf 76' lang='lat' dir='ltr'><strong>ftedum</strong></span> 
     </span>
    </p>
   </div>
   <div class='ocr_carea' id='block_1_40' title="bbox 633 4057 2225 4128">
    <p class='ocr_par' dir='ltr' id='par_1_40' title="bbox 633 4057 2225 4128">
     <span class='ocr_line' id='line_1_40' title="bbox 633 4057 2225 4128; baseline 0.006 -16"><span class='ocrx_word' id='word_1_310' title='bbox 633 4057 954 4128; x_wconf 70' lang='lat' dir='ltr'><strong>prmvideret</strong></span> <span class='ocrx_word' id='word_1_311' title='bbox 980 4074 1219 4116; x_wconf 89' lang='lat' dir='ltr'><strong>errorem</strong></span> <span class='ocrx_word' id='word_1_312' title='bbox 1240 4103 1254 4126; x_wconf 93' lang='lat'><strong>,</strong></span> <span class='ocrx_word' id='word_1_313' title='bbox 1285 4062 1433 4117; x_wconf 92' lang='lat' dir='ltr'><strong>celso</strong></span> <span class='ocrx_word' id='word_1_314' title='bbox 1454 4063 1734 4119; x_wconf 90' lang='lat' dir='ltr'><strong>adversum</strong></span> <span class='ocrx_word' id='word_1_315' title='bbox 1755 4080 1853 4121; x_wconf 93' lang='lat' dir='ltr'><strong>vos</strong></span> <span class='ocrx_word' id='word_1_316' title='bbox 1873 4080 1965 4121; x_wconf 90' lang='lat' dir='ltr'><strong>ore</strong></span> <span class='ocrx_word' id='word_1_317' title='bbox 1985 4066 2225 4122; x_wconf 89' lang='lat' dir='ltr'><strong>detonuit</strong></span> 
     </span>
    </p>
   </div>
   <div class='ocr_carea' id='block_1_41' title="bbox 631 4150 2220 4231">
    <p class='ocr_par' dir='ltr' id='par_1_41' title="bbox 631 4150 2220 4231">
     <span class='ocr_line' id='line_1_41' title="bbox 631 4150 2220 4231; baseline 0.005 -26"><span class='ocrx_word' id='word_1_318' title='bbox 631 4150 814 4206; x_wconf 88' lang='lat' dir='ltr'><strong>dicens</strong></span> <span class='ocrx_word' id='word_1_319' title='bbox 834 4193 849 4219; x_wconf 93' lang='lat'><strong>,</strong></span> <span class='ocrx_word' id='word_1_320' title='bbox 895 4150 1148 4220; x_wconf 81' lang='lat' dir='ltr'><strong>Quoniam</strong></span> <span class='ocrx_word' id='word_1_321' title='bbox 1183 4155 1343 4209; x_wconf 84' lang='lat' dir='ltr'><strong>omnis</strong></span> <span class='ocrx_word' id='word_1_322' title='bbox 1378 4165 1611 4210; x_wconf 85' lang='lat' dir='ltr'><strong>creatura</strong></span> <span class='ocrx_word' id='word_1_323' title='bbox 1641 4156 1733 4210; x_wconf 86' lang='lat' dir='ltr'><strong>Dei</strong></span> <span class='ocrx_word' id='word_1_324' title='bbox 1756 4156 1886 4212; x_wconf 88' lang='lat' dir='ltr'><strong>bona</strong></span> <span class='ocrx_word' id='word_1_325' title='bbox 1915 4167 1987 4213; x_wconf 84' lang='lat' dir='ltr'><strong>est</strong></span> <span class='ocrx_word' id='word_1_326' title='bbox 2014 4157 2060 4231; x_wconf 86' lang='grc' dir='ltr'><strong>(Ι</strong></span> <span class='ocrx_word' id='word_1_327' title='bbox 2085 4157 2220 4213; x_wconf 87' lang='lat' dir='ltr'><strong>Tim.</strong></span> 
     </span>
    </p>
   </div>
   <div class='ocr_carea' id='block_1_42' title="bbox 632 4242 2223 4320">
    <p class='ocr_par' dir='ltr' id='par_1_42' title="bbox 632 4242 2223 4320">
     <span class='ocr_line' id='line_1_42' title="bbox 632 4242 2223 4320; baseline 0.006 -23"><span class='ocrx_word' id='word_1_328' title='bbox 632 4257 685 4297; x_wconf 79' lang='grc' dir='ltr'>ιν</span> <span class='ocrx_word' id='word_1_329' title='bbox 707 4283 725 4311; x_wconf 89' lang='grc'><em>,</em></span> <span class='ocrx_word' id='word_1_330' title='bbox 760 4242 840 4316; x_wconf 69' lang='grc' dir='ltr'><strong>ι).</strong></span> <span class='ocrx_word' id='word_1_331' title='bbox 878 4242 935 4315; x_wconf 75' lang='lat' dir='ltr'><strong>Si</strong></span> <span class='ocrx_word' id='word_1_332' title='bbox 968 4259 1098 4316; x_wconf 88' lang='lat' dir='ltr'><strong>ergo</strong></span> <span class='ocrx_word' id='word_1_333' title='bbox 1126 4245 1192 4300; x_wconf 92' lang='lat' dir='ltr'><strong>ad</strong></span> <span class='ocrx_word' id='word_1_334' title='bbox 1223 4246 1555 4316; x_wconf 88' lang='lat' dir='ltr'><strong>probandum</strong></span> <span class='ocrx_word' id='word_1_335' title='bbox 1586 4248 1739 4303; x_wconf 68' lang='lat' dir='ltr'><strong>bona:</strong></span> <span class='ocrx_word' id='word_1_336' title='bbox 1767 4258 1969 4305; x_wconf 63' lang='lat' dir='ltr'><strong>natura:</strong></span> <span class='ocrx_word' id='word_1_337' title='bbox 1996 4251 2223 4320; x_wconf 90' lang='lat' dir='ltr'><strong>primum</strong></span> 
     </span>
    </p>
   </div>
   <div class='ocr_carea' id='block_1_43' title="bbox 634 4333 2227 4412">
    <p class='ocr_par' dir='ltr' id='par_1_43' title="bbox 634 4333 2227 4412">
     <span class='ocr_line' id='line_1_43' title="bbox 634 4333 2227 4412; baseline 0.005 -23"><span class='ocrx_word' id='word_1_338' title='bbox 634 4333 909 4389; x_wconf 90' lang='lat' dir='ltr'><strong>hominem</strong></span> <span class='ocrx_word' id='word_1_339' title='bbox 951 4334 1117 4392; x_wconf 89' lang='lat' dir='ltr'><strong>fuisse</strong></span> <span class='ocrx_word' id='word_1_340' title='bbox 1157 4335 1481 4402; x_wconf 89' lang='lat' dir='ltr'><strong>formatum,</strong></span> <span class='ocrx_word' id='word_1_341' title='bbox 1530 4339 1729 4395; x_wconf 79' lang='lat' dir='ltr'><strong>sufficit</strong></span> <span class='ocrx_word' id='word_1_342' title='bbox 1773 4338 1877 4395; x_wconf 89' lang='lat' dir='ltr'><strong>hoc</strong></span> <span class='ocrx_word' id='word_1_343' title='bbox 1922 4340 2060 4412; x_wconf 93' lang='lat' dir='ltr'><strong>quod</strong></span> <span class='ocrx_word' id='word_1_344' title='bbox 2099 4342 2227 4398; x_wconf 85' lang='lat' dir='ltr'><strong>dicit</strong></span> 
     </span>
    </p>
   </div>
   <div class='ocr_carea' id='block_1_44' title="bbox 635 4422 2226 4505">
    <p class='ocr_par' dir='ltr' id='par_1_44' title="bbox 635 4422 2226 4505">
     <span class='ocr_line' id='line_1_44' title="bbox 635 4422 2226 4505; baseline 0.007 -26"><span class='ocrx_word' id='word_1_345' title='bbox 635 4422 846 4496; x_wconf 73' lang='lat' dir='ltr'><strong>Moyses</strong></span> <span class='ocrx_word' id='word_1_346' title='bbox 871 4467 887 4492; x_wconf 91' lang='lat'><strong>,</strong></span> <span class='ocrx_word' id='word_1_347' title='bbox 912 4428 1161 4481; x_wconf 89' lang='lat' dir='ltr'><strong>universa</strong></span> <span class='ocrx_word' id='word_1_348' title='bbox 1195 4428 1358 4483; x_wconf 90' lang='lat' dir='ltr'><strong>Deum</strong></span> <span class='ocrx_word' id='word_1_349' title='bbox 1383 4428 1521 4484; x_wconf 92' lang='lat' dir='ltr'><strong>bene</strong></span> <span class='ocrx_word' id='word_1_350' title='bbox 1539 4431 1843 4488; x_wconf 90' lang='lat' dir='ltr'><strong>condidisse</strong></span> <span class='ocrx_word' id='word_1_351' title='bbox 1865 4473 1878 4500; x_wconf 90' lang='lat'><strong>,</strong></span> <span class='ocrx_word' id='word_1_352' title='bbox 1903 4448 2104 4505; x_wconf 89' lang='lat' dir='ltr'><strong>perque</strong></span> <span class='ocrx_word' id='word_1_353' title='bbox 2122 4433 2226 4491; x_wconf 89' lang='lat' dir='ltr'><strong>hoc</strong></span> 
     </span>
    </p>
   </div>
   <div class='ocr_carea' id='block_1_45' title="bbox 634 4521 2225 4597">
    <p class='ocr_par' dir='ltr' id='par_1_45' title="bbox 634 4521 2225 4597">
     <span class='ocr_line' id='line_1_45' title="bbox 634 4521 2225 4597; baseline 0.008 -25"><span class='ocrx_word' id='word_1_354' title='bbox 634 4525 690 4572; x_wconf 91' lang='lat' dir='ltr'><strong>tu</strong></span> <span class='ocrx_word' id='word_1_355' title='bbox 717 4532 837 4574; x_wconf 90' lang='lat' dir='ltr'><strong>cum</strong></span> <span class='ocrx_word' id='word_1_356' title='bbox 863 4529 1084 4589; x_wconf 91' lang='lat' dir='ltr'><strong>peccato</strong></span> <span class='ocrx_word' id='word_1_357' title='bbox 1111 4521 1281 4576; x_wconf 87' lang='lat' dir='ltr'><strong>creari</strong></span> <span class='ocrx_word' id='word_1_358' title='bbox 1311 4537 1339 4575; x_wconf 90' lang='lat' dir='ltr'><strong>a</strong></span> <span class='ocrx_word' id='word_1_359' title='bbox 1370 4522 1480 4579; x_wconf 90' lang='lat' dir='ltr'><strong>Deo</strong></span> <span class='ocrx_word' id='word_1_360' title='bbox 1510 4523 1678 4579; x_wconf 86' lang='lat' dir='ltr'><strong>Adam</strong></span> <span class='ocrx_word' id='word_1_361' title='bbox 1699 4540 1806 4580; x_wconf 90' lang='lat' dir='ltr'><strong>non</strong></span> <span class='ocrx_word' id='word_1_362' title='bbox 1837 4526 2072 4597; x_wconf 90' lang='lat' dir='ltr'><strong>potuisse</strong></span> <span class='ocrx_word' id='word_1_363' title='bbox 2091 4544 2225 4584; x_wconf 88' lang='lat' dir='ltr'><strong>con-</strong></span> 
     </span>
    </p>
   </div>
   <div class='ocr_carea' id='block_1_46' title="bbox 634 4610 2223 4690">
    <p class='ocr_par' dir='ltr' id='par_1_46' title="bbox 634 4610 2223 4690">
     <span class='ocr_line' id='line_1_46' title="bbox 634 4610 2223 4690; baseline 0.01 -26"><span class='ocrx_word' id='word_1_364' title='bbox 634 4610 846 4679; x_wconf 87' lang='lat' dir='ltr'><strong>tendis,</strong></span> <span class='ocrx_word' id='word_1_365' title='bbox 886 4614 1009 4684; x_wconf 92' lang='lat' dir='ltr'><strong>quia</strong></span> <span class='ocrx_word' id='word_1_366' title='bbox 1046 4614 1219 4673; x_wconf 89' lang='lat' dir='ltr'><strong>bonus</strong></span> <span class='ocrx_word' id='word_1_367' title='bbox 1259 4615 1398 4672; x_wconf 89' lang='lat' dir='ltr'><strong>inter</strong></span> <span class='ocrx_word' id='word_1_368' title='bbox 1432 4618 1633 4689; x_wconf 90' lang='lat' dir='ltr'><strong>reliqua</strong></span> <span class='ocrx_word' id='word_1_369' title='bbox 1671 4619 1864 4690; x_wconf 81' lang='lat' dir='ltr'><strong>legitur</strong></span> <span class='ocrx_word' id='word_1_370' title='bbox 1903 4621 2174 4679; x_wconf 90' lang='lat' dir='ltr'><strong>institutus</strong></span> <span class='ocrx_word' id='word_1_371' title='bbox 2207 4642 2223 4680; x_wconf 93' lang='lat'><strong>:</strong></span> 
     </span>
    </p>
   </div>
   <div class='ocr_carea' id='block_1_47' title="bbox 634 4702 2224 4786">
    <p class='ocr_par' dir='ltr' id='par_1_47' title="bbox 634 4702 2224 4786">
     <span class='ocr_line' id='line_1_47' title="bbox 634 4702 2224 4786; baseline 0.009 -29"><span class='ocrx_word' id='word_1_372' title='bbox 634 4702 825 4759; x_wconf 90' lang='lat' dir='ltr'><strong>iisdem</strong></span> <span class='ocrx_word' id='word_1_373' title='bbox 866 4704 1019 4761; x_wconf 90' lang='lat' dir='ltr'><strong>lineis</strong></span> <span class='ocrx_word' id='word_1_374' title='bbox 1058 4708 1385 4775; x_wconf 82' lang='lat' dir='ltr'><strong>referemus,</strong></span> <span class='ocrx_word' id='word_1_375' title='bbox 1428 4725 1523 4780; x_wconf 90' lang='lat' dir='ltr'><strong>per</strong></span> <span class='ocrx_word' id='word_1_376' title='bbox 1562 4711 1663 4766; x_wconf 86' lang='lat' dir='ltr'><strong>hoc</strong></span> <span class='ocrx_word' id='word_1_377' title='bbox 1697 4713 1897 4768; x_wconf 92' lang='lat' dir='ltr'><strong>nullum</strong></span> <span class='ocrx_word' id='word_1_378' title='bbox 1922 4730 2084 4786; x_wconf 89' lang='lat' dir='ltr'><strong>posse</strong></span> <span class='ocrx_word' id='word_1_379' title='bbox 2103 4730 2224 4771; x_wconf 92' lang='lat' dir='ltr'><strong>cum</strong></span> 
     </span>
    </p>
   </div>
   <div class='ocr_carea' id='block_1_48' title="bbox 638 4800 2226 4874">
    <p class='ocr_par' dir='ltr' id='par_1_48' title="bbox 638 4800 2226 4874">
     <span class='ocr_line' id='line_1_48' title="bbox 638 4800 2226 4874; baseline 0.008 -23"><span class='ocrx_word' id='word_1_380' title='bbox 638 4807 859 4867; x_wconf 88' lang='lat' dir='ltr'><strong>peccato</strong></span> <span class='ocrx_word' id='word_1_381' title='bbox 897 4800 1079 4867; x_wconf 88' lang='lat' dir='ltr'><strong>nasci,</strong></span> <span class='ocrx_word' id='word_1_382' title='bbox 1121 4800 1372 4870; x_wconf 91' lang='lat' dir='ltr'><strong>quoniam</strong></span> <span class='ocrx_word' id='word_1_383' title='bbox 1399 4803 1467 4858; x_wconf 91' lang='lat' dir='ltr'><strong>ab</strong></span> <span class='ocrx_word' id='word_1_384' title='bbox 1496 4804 1754 4874; x_wconf 87' lang='lat' dir='ltr'><strong>Apostolo</strong></span> <span class='ocrx_word' id='word_1_385' title='bbox 1779 4806 1955 4863; x_wconf 91' lang='lat' dir='ltr'><strong>omnis</strong></span> <span class='ocrx_word' id='word_1_386' title='bbox 1982 4816 2226 4863; x_wconf 88' lang='lat' dir='ltr'><strong>creatura</strong></span> 
     </span>
    </p>
   </div>
   <div class='ocr_carea' id='block_1_49' title="bbox 638 4887 2226 4970">
    <p class='ocr_par' dir='ltr' id='par_1_49' title="bbox 638 4887 2226 4970">
     <span class='ocr_line' id='line_1_49' title="bbox 638 4887 2226 4970; baseline 0.008 -28"><span class='ocrx_word' id='word_1_387' title='bbox 638 4888 731 4943; x_wconf 91' lang='lat' dir='ltr'><strong>Dei</strong></span> <span class='ocrx_word' id='word_1_388' title='bbox 768 4887 905 4944; x_wconf 89' lang='lat' dir='ltr'><strong>bona</strong></span> <span class='ocrx_word' id='word_1_389' title='bbox 936 4904 1057 4947; x_wconf 89' lang='lat' dir='ltr'><strong>esse</strong></span> <span class='ocrx_word' id='word_1_390' title='bbox 1084 4890 1406 4949; x_wconf 80' lang='lat' dir='ltr'><strong>defenditur.</strong></span> <span class='ocrx_word' id='word_1_391' title='bbox 1434 4895 1571 4964; x_wconf 86' lang='lat' dir='ltr'><strong>Quid</strong></span> <span class='ocrx_word' id='word_1_392' title='bbox 1601 4914 1727 4967; x_wconf 82' lang='lat' dir='ltr'><strong>ergo</strong></span> <span class='ocrx_word' id='word_1_393' title='bbox 1749 4897 1833 4953; x_wconf 89' lang='lat' dir='ltr'><strong>his</strong></span> <span class='ocrx_word' id='word_1_394' title='bbox 1852 4899 2226 4970; x_wconf 85' lang='lat' dir='ltr'><strong>disputationi-</strong></span> 
     </span>
    </p>
   </div>
   <div class='ocr_carea' id='block_1_50' title="bbox 637 4982 2224 5064">
    <p class='ocr_par' dir='ltr' id='par_1_50' title="bbox 637 4982 2224 5064">
     <span class='ocr_line' id='line_1_50' title="bbox 637 4982 2224 5064; baseline 0.008 -29"><span class='ocrx_word' id='word_1_395' title='bbox 637 4982 735 5036; x_wconf 90' lang='lat' dir='ltr'><strong>bus</strong></span> <span class='ocrx_word' id='word_1_396' title='bbox 764 4992 941 5038; x_wconf 87' lang='lat' dir='ltr'><strong>actum</strong></span> <span class='ocrx_word' id='word_1_397' title='bbox 967 4986 1089 5040; x_wconf 76' lang='lat' dir='ltr'><strong>est?</strong></span> <span class='ocrx_word' id='word_1_398' title='bbox 1109 4982 1403 5056; x_wconf 83' lang='lat' dir='ltr'><strong>Videlicet,</strong></span> <span class='ocrx_word' id='word_1_399' title='bbox 1436 4998 1495 5045; x_wconf 91' lang='lat' dir='ltr'><strong>ut</strong></span> <span class='ocrx_word' id='word_1_400' title='bbox 1518 4990 1567 5045; x_wconf 90' lang='lat' dir='ltr'><strong>id</strong></span> <span class='ocrx_word' id='word_1_401' title='bbox 1593 4991 1732 5061; x_wconf 92' lang='lat' dir='ltr'><strong>quod</strong></span> <span class='ocrx_word' id='word_1_402' title='bbox 1758 4992 1893 5049; x_wconf 90' lang='lat' dir='ltr'><strong>ratio</strong></span> <span class='ocrx_word' id='word_1_403' title='bbox 1919 4992 2224 5064; x_wconf 80' lang='lat' dir='ltr'><strong>indagarat,</strong></span> 
     </span>
    </p>
   </div>
   <div class='ocr_carea' id='block_1_51' title="bbox 638 5074 2228 5156">
    <p class='ocr_par' dir='ltr' id='par_1_51' title="bbox 638 5074 2228 5156">
     <span class='ocr_line' id='line_1_51' title="bbox 638 5074 2228 5156; baseline 0.009 -29"><span class='ocrx_word' id='word_1_404' title='bbox 638 5074 784 5143; x_wconf 85' lang='lat' dir='ltr'><strong>optio</strong></span> <span class='ocrx_word' id='word_1_405' title='bbox 805 5089 1018 5147; x_wconf 86' lang='lat' dir='ltr'><strong>quoque</strong></span> <span class='ocrx_word' id='word_1_406' title='bbox 1042 5076 1223 5133; x_wconf 91' lang='lat' dir='ltr'><strong>indicti</strong></span> <span class='ocrx_word' id='word_1_407' title='bbox 1247 5078 1387 5137; x_wconf 90' lang='lat' dir='ltr'><strong>inter</strong></span> <span class='ocrx_word' id='word_1_408' title='bbox 1415 5092 1465 5137; x_wconf 91' lang='lat' dir='ltr'><strong>te</strong></span> <span class='ocrx_word' id='word_1_409' title='bbox 1486 5091 1541 5138; x_wconf 93' lang='lat' dir='ltr'><strong>et</strong></span> <span class='ocrx_word' id='word_1_410' title='bbox 1568 5082 1913 5139; x_wconf 69' lang='lat' dir='ltr'><strong>Manichmum</strong></span> <span class='ocrx_word' id='word_1_411' title='bbox 1941 5086 2111 5155; x_wconf 63' lang='lat' dir='ltr'><strong>praelii</strong></span> <span class='ocrx_word' id='word_1_412' title='bbox 2133 5103 2228 5156; x_wconf 91' lang='lat' dir='ltr'><strong>pu-</strong></span> 
     </span>
    </p>
   </div>
   <div class='ocr_carea' id='block_1_52' title="bbox 638 5167 2228 5248">
    <p class='ocr_par' dir='ltr' id='par_1_52' title="bbox 638 5167 2228 5248">
     <span class='ocr_line' id='line_1_52' title="bbox 638 5167 2228 5248; baseline 0.008 -27"><span class='ocrx_word' id='word_1_413' title='bbox 638 5167 862 5223; x_wconf 90' lang='lat' dir='ltr'><strong>blicaret</strong></span> <span class='ocrx_word' id='word_1_414' title='bbox 886 5186 900 5223; x_wconf 90' lang='lat'><strong>:</strong></span> <span class='ocrx_word' id='word_1_415' title='bbox 933 5177 989 5223; x_wconf 86' lang='lat' dir='ltr'><strong>ut</strong></span> <span class='ocrx_word' id='word_1_416' title='bbox 1012 5185 1133 5225; x_wconf 92' lang='lat' dir='ltr'><strong>cum</strong></span> <span class='ocrx_word' id='word_1_417' title='bbox 1166 5172 1438 5242; x_wconf 91' lang='lat' dir='ltr'><strong>proposito</strong></span> <span class='ocrx_word' id='word_1_418' title='bbox 1467 5175 1757 5230; x_wconf 90' lang='lat' dir='ltr'><strong>certamine</strong></span> <span class='ocrx_word' id='word_1_419' title='bbox 1773 5178 1850 5231; x_wconf 70' lang='lat' dir='ltr'><strong>‘ne</strong></span> <span class='ocrx_word' id='word_1_420' title='bbox 1879 5192 2042 5231; x_wconf 91' lang='lat' dir='ltr'><strong>unum</strong></span> <span class='ocrx_word' id='word_1_421' title='bbox 2063 5177 2084 5209; x_wconf 85' lang='grc'>³</span> <span class='ocrx_word' id='word_1_422' title='bbox 2109 5178 2228 5248; x_wconf 87' lang='lat' dir='ltr'><strong>qui-</strong></span> 
     </span>
    </p>
   </div>
   <div class='ocr_carea' id='block_1_53' title="bbox 640 5257 2229 5337">
    <p class='ocr_par' dir='ltr' id='par_1_53' title="bbox 640 5257 2229 5337">
     <span class='ocr_line' id='line_1_53' title="bbox 640 5257 2229 5337; baseline 0.007 -25"><span class='ocrx_word' id='word_1_423' title='bbox 640 5257 762 5313; x_wconf 89' lang='lat' dir='ltr'><strong>dem</strong></span> <span class='ocrx_word' id='word_1_424' title='bbox 790 5259 951 5315; x_wconf 90' lang='lat' dir='ltr'><strong>telum</strong></span> <span class='ocrx_word' id='word_1_425' title='bbox 979 5261 1096 5316; x_wconf 90' lang='lat' dir='ltr'><strong>sine</strong></span> <span class='ocrx_word' id='word_1_426' title='bbox 1118 5271 1203 5317; x_wconf 91' lang='lat' dir='ltr'><strong>tua</strong></span> <span class='ocrx_word' id='word_1_427' title='bbox 1231 5263 1465 5332; x_wconf 87' lang='lat' dir='ltr'><strong>pernicie</strong></span> <span class='ocrx_word' id='word_1_428' title='bbox 1486 5264 1537 5317; x_wconf 91' lang='lat' dir='ltr'><strong>in</strong></span> <span class='ocrx_word' id='word_1_429' title='bbox 1563 5275 1943 5337; x_wconf 82' lang='lat' dir='ltr'><strong>praeceptorem</strong></span> <span class='ocrx_word' id='word_1_430' title='bbox 1972 5275 2117 5323; x_wconf 91' lang='lat' dir='ltr'><strong>tuum</strong></span> <span class='ocrx_word' id='word_1_431' title='bbox 2146 5268 2229 5323; x_wconf 88' lang='lat' dir='ltr'><strong>vi-</strong></span> 
     </span>
    </p>
   </div>
   <div class='ocr_carea' id='block_1_54' title="bbox 640 5354 2229 5429">
    <p class='ocr_par' dir='ltr' id='par_1_54' title="bbox 640 5354 2229 5429">
     <span class='ocr_line' id='line_1_54' title="bbox 640 5354 2229 5429; baseline 0.006 -19"><span class='ocrx_word' id='word_1_432' title='bbox 640 5354 795 5410; x_wconf 88' lang='lat' dir='ltr'><strong>brare</strong></span> <span class='ocrx_word' id='word_1_433' title='bbox 819 5354 842 5386; x_wconf 74' lang='grc'><strong>¹⁸</strong></span> <span class='ocrx_word' id='word_1_434' title='bbox 872 5370 1095 5427; x_wconf 91' lang='lat' dir='ltr'><strong>posses;</strong></span> <span class='ocrx_word' id='word_1_435' title='bbox 1135 5355 1305 5411; x_wconf 92' lang='lat' dir='ltr'><strong>multo</strong></span> <span class='ocrx_word' id='word_1_436' title='bbox 1343 5356 1776 5415; x_wconf 80' lang='lat' dir='ltr'><strong>manifestissime</strong></span> <span class='ocrx_word' id='word_1_437' title='bbox 1804 5359 2065 5417; x_wconf 90' lang='lat' dir='ltr'><strong>reluceret</strong></span> <span class='ocrx_word' id='word_1_438' title='bbox 2088 5404 2103 5429; x_wconf 95' lang='lat'><strong>,</strong></span> <span class='ocrx_word' id='word_1_439' title='bbox 2132 5378 2229 5419; x_wconf 90' lang='lat' dir='ltr'><strong>vos</strong></span> 
     </span>
    </p>
   </div>
   <div class='ocr_carea' id='block_1_55' title="bbox 638 5445 2232 5523">
    <p class='ocr_par' dir='ltr' id='par_1_55' title="bbox 638 5445 2232 5523">
     <span class='ocr_line' id='line_1_55' title="bbox 638 5445 2232 5523; baseline 0.006 -23"><span class='ocrx_word' id='word_1_440' title='bbox 638 5457 693 5501; x_wconf 91' lang='lat' dir='ltr'><strong>et</strong></span> <span class='ocrx_word' id='word_1_441' title='bbox 712 5445 1034 5502; x_wconf 82' lang='lat' dir='ltr'><strong>Manichaeos</strong></span> <span class='ocrx_word' id='word_1_442' title='bbox 1060 5448 1114 5502; x_wconf 92' lang='lat' dir='ltr'><strong>in</strong></span> <span class='ocrx_word' id='word_1_443' title='bbox 1137 5463 1298 5502; x_wconf 90' lang='lat' dir='ltr'><strong>unum</strong></span> <span class='ocrx_word' id='word_1_444' title='bbox 1326 5449 1617 5520; x_wconf 89' lang='lat' dir='ltr'><strong>impietatis</strong></span> <span class='ocrx_word' id='word_1_445' title='bbox 1637 5465 1832 5523; x_wconf 90' lang='lat' dir='ltr'><strong>corpus</strong></span> <span class='ocrx_word' id='word_1_446' title='bbox 1852 5450 2081 5509; x_wconf 88' lang='lat' dir='ltr'><strong>obscena</strong></span> <span class='ocrx_word' id='word_1_447' title='bbox 2105 5469 2232 5510; x_wconf 82' lang='lat' dir='ltr'><strong>coa-</strong></span> 
     </span>
    </p>
   </div>
   <div class='ocr_carea' id='block_1_56' title="bbox 640 5535 2226 5616">
    <p class='ocr_par' dir='ltr' id='par_1_56' title="bbox 640 5535 2226 5616">
     <span class='ocr_line' id='line_1_56' title="bbox 640 5535 2226 5616; baseline 0.004 -22"><span class='ocrx_word' id='word_1_448' title='bbox 640 5535 804 5595; x_wconf 88' lang='lat' dir='ltr'><strong>luisse</strong></span> <span class='ocrx_word' id='word_1_449' title='bbox 827 5539 1133 5595; x_wconf 86' lang='lat' dir='ltr'><strong>concordia.</strong></span> <span class='ocrx_word' id='word_1_450' title='bbox 1156 5538 1295 5610; x_wconf 87' lang='lat' dir='ltr'><strong>Quid</strong></span> <span class='ocrx_word' id='word_1_451' title='bbox 1319 5539 1462 5595; x_wconf 91' lang='lat' dir='ltr'><strong>enim</strong></span> <span class='ocrx_word' id='word_1_452' title='bbox 1489 5550 1664 5613; x_wconf 88' lang='lat' dir='ltr'><strong>potest</strong></span> <span class='ocrx_word' id='word_1_453' title='bbox 1691 5557 1812 5599; x_wconf 90' lang='lat' dir='ltr'><strong>esse</strong></span> <span class='ocrx_word' id='word_1_454' title='bbox 1834 5553 1938 5598; x_wconf 88' lang='lat' dir='ltr'><strong>tam</strong></span> <span class='ocrx_word' id='word_1_455' title='bbox 1959 5544 2226 5616; x_wconf 88' lang='lat' dir='ltr'><strong>junctum,</strong></span> 
     </span>
    </p>
   </div>
   <div class='ocr_carea' id='block_1_57' title="bbox 709 5714 2227 5786">
    <p class='ocr_par' dir='ltr' id='par_1_57' title="bbox 709 5714 2227 5786">
     <span class='ocr_line' id='line_1_57' title="bbox 709 5714 2227 5786; baseline 0.02 -35"><span class='ocrx_word' id='word_1_456' title='bbox 709 5716 729 5786; x_wconf 57' lang='grc' dir='ltr'><strong>ξ</strong></span> <span class='ocrx_word' id='word_1_457' title='bbox 761 5714 884 5786; x_wconf 56' lang='lat' dir='ltr'><strong>Em“</strong></span> <span class='ocrx_word' id='word_1_458' title='bbox 903 5749 919 5776; x_wconf 83' lang='grc'><strong><em>,</em></strong></span> <span class='ocrx_word' id='word_1_459' title='bbox 963 5728 1179 5786; x_wconf 62' lang='lat' dir='ltr'><strong>agamus.</strong></span> <span class='ocrx_word' id='word_1_460' title='bbox 1232 5724 1410 5786; x_wconf 80' lang='lat' dir='ltr'><strong>omnes</strong></span> <span class='ocrx_word' id='word_1_461' title='bbox 1454 5728 1576 5768; x_wconf 87' lang='lat' dir='ltr'><strong>vero</strong></span> <span class='ocrx_word' id='word_1_462' title='bbox 1628 5720 1959 5786; x_wconf 83' lang='lat' dir='ltr'><strong>manuscripti,</strong></span> <span class='ocrx_word' id='word_1_463' title='bbox 2005 5731 2227 5785; x_wconf 72' lang='lat' dir='ltr'><strong>agantur-</strong></span> 
     </span>
    </p>
   </div>
   <div class='ocr_carea' id='block_1_58' title="bbox 705 5778 1420 5840">
    <p class='ocr_par' dir='ltr' id='par_1_58' title="bbox 705 5778 1420 5840">
     <span class='ocr_line' id='line_1_58' title="bbox 705 5778 1420 5840; baseline 0.001 -14"><span class='ocrx_word' id='word_1_464' title='bbox 705 5779 727 5840; x_wconf 62' lang='lat'><strong>!</strong></span> <span class='ocrx_word' id='word_1_465' title='bbox 757 5778 830 5840; x_wconf 85' lang='lat' dir='ltr'><strong>sic</strong></span> <span class='ocrx_word' id='word_1_466' title='bbox 852 5785 956 5840; x_wconf 81' lang='lat' dir='ltr'><strong>Mss.</strong></span> <span class='ocrx_word' id='word_1_467' title='bbox 994 5778 1048 5828; x_wconf 75' lang='grc' dir='ltr'>λι</span> <span class='ocrx_word' id='word_1_468' title='bbox 1067 5778 1200 5840; x_wconf 83' lang='lat' dir='ltr'><strong>editi,</strong></span> <span class='ocrx_word' id='word_1_469' title='bbox 1234 5780 1420 5829; x_wconf 83' lang='lat' dir='ltr'><strong>redeat.</strong></span> 
     </span>
    </p>
   </div>
   <div class='ocr_carea' id='block_1_59' title="bbox 708 5838 1661 5905">
    <p class='ocr_par' dir='ltr' id='par_1_59' title="bbox 708 5838 1661 5905">
     <span class='ocr_line' id='line_1_59' title="bbox 708 5838 1661 5905; baseline 0.005 -18"><span class='ocrx_word' id='word_1_470' title='bbox 708 5839 730 5905; x_wconf 60' lang='grc' dir='ltr'><em>ξ</em></span> <span class='ocrx_word' id='word_1_471' title='bbox 760 5838 1049 5905; x_wconf 66' lang='grc' dir='ltr'><strong>νίεηίεξιζὲιιδ,</strong></span> <span class='ocrx_word' id='word_1_472' title='bbox 1073 5838 1241 5893; x_wconf 60' lang='lat' dir='ltr'><strong>uua».</strong></span> <span class='ocrx_word' id='word_1_473' title='bbox 1268 5849 1325 5895; x_wconf 78' lang='lat' dir='ltr'><strong>At</strong></span> <span class='ocrx_word' id='word_1_474' title='bbox 1347 5850 1435 5896; x_wconf 75' lang='lat' dir='ltr'><strong>Mss</strong></span> <span class='ocrx_word' id='word_1_475' title='bbox 1458 5877 1473 5905; x_wconf 90' lang='lat'><strong>,</strong></span> <span class='ocrx_word' id='word_1_476' title='bbox 1496 5854 1661 5894; x_wconf 74' lang='lat' dir='ltr'><strong>unum</strong></span> 
     </span>
    </p>
   </div>
   <div class='ocr_carea' id='block_1_60' title="bbox 706 5898 1110 5963">
    <p class='ocr_par' dir='ltr' id='par_1_60' title="bbox 706 5898 1110 5963">
     <span class='ocr_line' id='line_1_60' title="bbox 706 5898 1110 5963; baseline 0.007 -13"><span class='ocrx_word' id='word_1_477' title='bbox 706 5898 731 5934; x_wconf 77' lang='grc' dir='ltr'>δ</span> <span class='ocrx_word' id='word_1_478' title='bbox 762 5898 889 5963; x_wconf 49' lang='grc' dir='ltr'><strong>Μὴ,</strong></span> <span class='ocrx_word' id='word_1_479' title='bbox 916 5898 1110 5953; x_wconf 75' lang='lat' dir='ltr'><strong>librare.</strong></span> 
     </span>
    </p>
   </div>
   <div class='ocr_carea' id='block_1_61' title="bbox 1308 380 3219 521">
    <p class='ocr_par' dir='ltr' id='par_1_61' title="bbox 1308 380 3219 521">
     <span class='ocr_line' id='line_1_61' title="bbox 1308 380 3219 521; baseline -0.001 -33"><span class='ocrx_word' id='word_1_480' title='bbox 1308 431 1553 488; x_wconf 85' lang='lat' dir='ltr'><strong>OPERIS</strong></span> <span class='ocrx_word' id='word_1_481' title='bbox 1591 427 2001 488; x_wconf 83' lang='lat' dir='ltr'><strong>IMPERFECTI</strong></span> <span class='ocrx_word' id='word_1_482' title='bbox 2036 425 2313 521; x_wconf 53' lang='lat' dir='ltr'><strong>comas</strong></span> <span class='ocrx_word' id='word_1_483' title='bbox 2348 380 2709 497; x_wconf 76' lang='lat' dir='ltr'><strong>JULlANUM,</strong></span> <span class='ocrx_word' id='word_1_484' title='bbox 2748 430 2807 488; x_wconf 92' lang='lat' dir='ltr'><strong>s.</strong></span> <span class='ocrx_word' id='word_1_485' title='bbox 2846 429 3219 489; x_wconf 78' lang='lat' dir='ltr'><strong>AUGUSTINI</strong></span> 
     </span>
    </p>
   </div>
   <div class='ocr_carea' id='block_1_62' title="bbox 3728 445 3805 505">
    <p class='ocr_par' dir='ltr' id='par_1_62' title="bbox 3728 445 3805 505">
     <span class='ocr_line' id='line_1_62' title="bbox 3728 445 3805 505; baseline 0.065 -5"><span class='ocrx_word' id='word_1_486' title='bbox 3728 445 3805 505; x_wconf 67' lang='lat' dir='ltr'><strong>153i</strong></span> 
     </span>
    </p>
   </div>
   <div class='ocr_carea' id='block_1_63' title="bbox 2330 544 3806 617">
    <p class='ocr_par' dir='ltr' id='par_1_63' title="bbox 2330 544 3806 617">
     <span class='ocr_line' id='line_1_63' title="bbox 2330 544 3806 617; baseline 0.007 -20"><span class='ocrx_word' id='word_1_487' title='bbox 2330 556 2489 613; x_wconf 87' lang='lat' dir='ltr'><strong>quam</strong></span> <span class='ocrx_word' id='word_1_488' title='bbox 2555 544 2697 614; x_wconf 90' lang='lat' dir='ltr'><strong>quod</strong></span> <span class='ocrx_word' id='word_1_489' title='bbox 2758 560 2859 600; x_wconf 92' lang='lat' dir='ltr'><strong>nec</strong></span> <span class='ocrx_word' id='word_1_490' title='bbox 2908 545 3290 601; x_wconf 88' lang='lat' dir='ltr'><strong>discriminum</strong></span> <span class='ocrx_word' id='word_1_491' title='bbox 3344 558 3604 616; x_wconf 83' lang='lat' dir='ltr'><strong>separatur</strong></span> <span class='ocrx_word' id='word_1_492' title='bbox 3642 554 3806 617; x_wconf 61' lang='lat' dir='ltr'><strong>imi</strong></span> 
     </span>
    </p>
   </div>
   <div class='ocr_carea' id='block_1_64' title="bbox 2298 633 3808 717">
    <p class='ocr_par' dir='ltr' id='par_1_64' title="bbox 2298 633 3808 717">
     <span class='ocr_line' id='line_1_64' title="bbox 2298 633 3808 717; baseline 0.006 -28"><span class='ocrx_word' id='word_1_493' title='bbox 2298 704 2301 707; x_wconf 94' lang='lat'><em>_</em></span> <span class='ocrx_word' id='word_1_494' title='bbox 2329 633 2485 690; x_wconf 91' lang='lat' dir='ltr'><strong>Omni</strong></span> <span class='ocrx_word' id='word_1_495' title='bbox 2522 636 2686 691; x_wconf 80' lang='lat' dir='ltr'><strong>exitio</strong></span> <span class='ocrx_word' id='word_1_496' title='bbox 2721 636 2995 703; x_wconf 69' lang='lat' dir='ltr'><strong>Maniqhzei</strong></span> <span class='ocrx_word' id='word_1_497' title='bbox 3019 680 3036 707; x_wconf 89' lang='lat'><strong>,</strong></span> <span class='ocrx_word' id='word_1_498' title='bbox 3064 639 3529 695; x_wconf 85' lang='lat' dir='ltr'><strong>Traducianorum</strong></span> <span class='ocrx_word' id='word_1_499' title='bbox 3556 644 3705 717; x_wconf 79' lang='lat' dir='ltr'><strong>dogma</strong></span> <span class='ocrx_word' id='word_1_500' title='bbox 3724 668 3808 711; x_wconf 66' lang='grc' dir='ltr'><strong>ραι.</strong></span> 
     </span>
    </p>
   </div>
   <div class='ocr_carea' id='block_1_65' title="bbox 2330 724 3804 814">
    <p class='ocr_par' dir='ltr' id='par_1_65' title="bbox 2330 724 3804 814">
     <span class='ocr_line' id='line_1_65' title="bbox 2330 724 3804 814; baseline 0.01 -33"><span class='ocrx_word' id='word_1_501' title='bbox 2330 727 2554 782; x_wconf 86' lang='lat' dir='ltr'><strong>moritur</strong></span> <span class='ocrx_word' id='word_1_502' title='bbox 2592 746 2605 783; x_wconf 89' lang='lat'><strong>:</strong></span> <span class='ocrx_word' id='word_1_503' title='bbox 2634 728 2764 783; x_wconf 86' lang='lat' dir='ltr'><strong>nihil</strong></span> <span class='ocrx_word' id='word_1_504' title='bbox 2789 740 2872 785; x_wconf 87' lang='lat' dir='ltr'><strong>est</strong></span> <span class='ocrx_word' id='word_1_505' title='bbox 2900 730 3041 800; x_wconf 87' lang='lat' dir='ltr'><strong>quod</strong></span> <span class='ocrx_word' id='word_1_506' title='bbox 3070 730 3229 786; x_wconf 91' lang='lat' dir='ltr'><strong>illum</strong></span> <span class='ocrx_word' id='word_1_507' title='bbox 3258 729 3457 799; x_wconf 82' lang='lat' dir='ltr'><strong>feriat,</strong></span> <span class='ocrx_word' id='word_1_508' title='bbox 3482 745 3533 789; x_wconf 90' lang='lat' dir='ltr'><strong>et</strong></span> <span class='ocrx_word' id='word_1_509' title='bbox 3546 724 3601 791; x_wconf 68' lang='grc' dir='ltr'><strong>ἰθ</strong></span> <span class='ocrx_word' id='word_1_510' title='bbox 3624 743 3804 814; x_wconf 64' lang='lat' dir='ltr'><strong>relinqm</strong></span> 
     </span>
    </p>
   </div>
   <div class='ocr_carea' id='block_1_66' title="bbox 2330 817 3807 905">
    <p class='ocr_par' dir='ltr' id='par_1_66' title="bbox 2330 817 3807 905">
     <span class='ocr_line' id='line_1_66' title="bbox 2330 817 3807 905; baseline 0.007 -31"><span class='ocrx_word' id='word_1_511' title='bbox 2330 817 2448 875; x_wconf 91' lang='lat' dir='ltr'><strong>Una</strong></span> <span class='ocrx_word' id='word_1_512' title='bbox 2469 821 2620 876; x_wconf 85' lang='lat' dir='ltr'><strong>vobis</strong></span> <span class='ocrx_word' id='word_1_513' title='bbox 2644 831 2770 877; x_wconf 91' lang='lat' dir='ltr'><strong>sunt</strong></span> <span class='ocrx_word' id='word_1_514' title='bbox 2794 823 3031 878; x_wconf 88' lang='lat' dir='ltr'><strong>instituta</strong></span> <span class='ocrx_word' id='word_1_515' title='bbox 3055 865 3070 890; x_wconf 90' lang='lat'><strong>,</strong></span> <span class='ocrx_word' id='word_1_516' title='bbox 3090 838 3208 879; x_wconf 84' lang='lat' dir='ltr'><strong>una</strong></span> <span class='ocrx_word' id='word_1_517' title='bbox 3239 825 3493 896; x_wconf 85' lang='lat' dir='ltr'><strong>mysteria</strong></span> <span class='ocrx_word' id='word_1_518' title='bbox 3512 869 3528 894; x_wconf 88' lang='lat'><strong>,</strong></span> <span class='ocrx_word' id='word_1_519' title='bbox 3553 844 3719 902; x_wconf 72' lang='lat' dir='ltr'><strong>unaque</strong></span> <span class='ocrx_word' id='word_1_520' title='bbox 3734 844 3807 905; x_wconf 60' lang='grc' dir='ltr'><strong>μή.</strong></span> 
     </span>
    </p>
   </div>
   <div class='ocr_carea' id='block_1_67' title="bbox 2329 910 3807 984">
    <p class='ocr_par' dir='ltr' id='par_1_67' title="bbox 2329 910 3807 984">
     <span class='ocr_line' id='line_1_67' title="bbox 2329 910 3807 984; baseline 0.014 -21"><span class='ocrx_word' id='word_1_521' title='bbox 2329 910 2483 965; x_wconf 88' lang='lat' dir='ltr'><strong>cula:</strong></span> <span class='ocrx_word' id='word_1_522' title='bbox 2517 920 2573 967; x_wconf 90' lang='lat' dir='ltr'><strong>et</strong></span> <span class='ocrx_word' id='word_1_523' title='bbox 2596 912 3050 971; x_wconf 86' lang='lat' dir='ltr'><strong>substomacbaris</strong></span> <span class='ocrx_word' id='word_1_524' title='bbox 3069 956 3086 984; x_wconf 90' lang='lat'><strong>,</strong></span> <span class='ocrx_word' id='word_1_525' title='bbox 3117 914 3170 972; x_wconf 90' lang='lat' dir='ltr'><strong>si</strong></span> <span class='ocrx_word' id='word_1_526' title='bbox 3193 915 3347 971; x_wconf 88' lang='lat' dir='ltr'><strong>senis</strong></span> <span class='ocrx_word' id='word_1_527' title='bbox 3368 914 3533 973; x_wconf 78' lang='lat' dir='ltr'><strong>Manis</strong></span> <span class='ocrx_word' id='word_1_528' title='bbox 3552 920 3721 980; x_wconf 85' lang='lat' dir='ltr'><strong>soboles</strong></span> <span class='ocrx_word' id='word_1_529' title='bbox 3733 945 3807 984; x_wconf 73' lang='lat' dir='ltr'><strong>nus-</strong></span> 
     </span>
    </p>
   </div>
   <div class='ocr_carea' id='block_1_68' title="bbox 2328 1002 2566 1071">
    <p class='ocr_par' dir='ltr' id='par_1_68' title="bbox 2328 1002 2566 1071">
     <span class='ocr_line' id='line_1_68' title="bbox 2328 1002 2566 1071; baseline 0.004 -16"><span class='ocrx_word' id='word_1_530' title='bbox 2328 1015 2522 1071; x_wconf 88' lang='lat' dir='ltr'><strong>cupere</strong></span> <span class='ocrx_word' id='word_1_531' title='bbox 2542 1002 2566 1056; x_wconf 86' lang='lat'><strong>?</strong></span> 
     </span>
    </p>
   </div>
   <div class='ocr_carea' id='block_1_69' title="bbox 2398 1095 3807 1179">
    <p class='ocr_par' dir='ltr' id='par_1_69' title="bbox 2398 1095 3807 1179">
     <span class='ocr_line' id='line_1_69' title="bbox 2398 1095 3807 1179; baseline 0.01 -30"><span class='ocrx_word' id='word_1_532' title='bbox 2398 1095 2534 1152; x_wconf 82' lang='lat' dir='ltr'><strong>Aac.</strong></span> <span class='ocrx_word' id='word_1_533' title='bbox 2578 1097 2652 1151; x_wconf 88' lang='lat' dir='ltr'><strong>lta</strong></span> <span class='ocrx_word' id='word_1_534' title='bbox 2693 1096 2825 1153; x_wconf 84' lang='lat' dir='ltr'><strong>dicis</strong></span> <span class='ocrx_word' id='word_1_535' title='bbox 2865 1114 2953 1154; x_wconf 90' lang='lat' dir='ltr'><strong>me</strong></span> <span class='ocrx_word' id='word_1_536' title='bbox 2988 1100 3154 1155; x_wconf 89' lang='lat' dir='ltr'><strong>nullis</strong></span> <span class='ocrx_word' id='word_1_537' title='bbox 3184 1100 3489 1157; x_wconf 88' lang='lat' dir='ltr'><strong>rationibus</strong></span> <span class='ocrx_word' id='word_1_538' title='bbox 3515 1101 3678 1161; x_wconf 82' lang='lat' dir='ltr'><strong>docere</strong></span> <span class='ocrx_word' id='word_1_539' title='bbox 3696 1125 3807 1179; x_wconf 69' lang='lat' dir='ltr'><strong>posse,</strong></span> 
     </span>
    </p>
   </div>
   <div class='ocr_carea' id='block_1_70' title="bbox 2328 1186 3807 1265">
    <p class='ocr_par' dir='ltr' id='par_1_70' title="bbox 2328 1186 3807 1265">
     <span class='ocr_line' id='line_1_70' title="bbox 2328 1186 3807 1265; baseline 0.01 -24"><span class='ocrx_word' id='word_1_540' title='bbox 2328 1186 2497 1243; x_wconf 85' lang='lat' dir='ltr'><strong>Adam</strong></span> <span class='ocrx_word' id='word_1_541' title='bbox 2525 1189 2723 1245; x_wconf 86' lang='lat' dir='ltr'><strong>bonum</strong></span> <span class='ocrx_word' id='word_1_542' title='bbox 2750 1206 2779 1244; x_wconf 91' lang='lat' dir='ltr'><strong>a</strong></span> <span class='ocrx_word' id='word_1_543' title='bbox 2804 1192 2914 1247; x_wconf 91' lang='lat' dir='ltr'><strong>Deo</strong></span> <span class='ocrx_word' id='word_1_544' title='bbox 2933 1193 3211 1250; x_wconf 89' lang='lat' dir='ltr'><strong>conditum</strong></span> <span class='ocrx_word' id='word_1_545' title='bbox 3236 1234 3253 1259; x_wconf 91' lang='lat'><strong>,</strong></span> <span class='ocrx_word' id='word_1_546' title='bbox 3284 1196 3438 1265; x_wconf 86' lang='lat' dir='ltr'><strong>quasi</strong></span> <span class='ocrx_word' id='word_1_547' title='bbox 3461 1204 3619 1251; x_wconf 85' lang='lat' dir='ltr'><strong>tecum</strong></span> <span class='ocrx_word' id='word_1_548' title='bbox 3636 1200 3729 1256; x_wconf 85' lang='lat' dir='ltr'><strong>inde</strong></span> <span class='ocrx_word' id='word_1_549' title='bbox 3741 1221 3807 1261; x_wconf 70' lang='grc' dir='ltr'><strong>ωε.</strong></span> 
     </span>
    </p>
   </div>
   <div class='ocr_carea' id='block_1_71' title="bbox 2328 1275 3807 1364">
    <p class='ocr_par' dir='ltr' id='par_1_71' title="bbox 2328 1275 3807 1364">
     <span class='ocr_line' id='line_1_71' title="bbox 2328 1275 3807 1364; baseline 0.015 -34"><span class='ocrx_word' id='word_1_550' title='bbox 2328 1275 2525 1348; x_wconf 83' lang='lat' dir='ltr'><strong>iligam.</strong></span> <span class='ocrx_word' id='word_1_551' title='bbox 2564 1280 2753 1338; x_wconf 88' lang='lat' dir='ltr'><strong>Nonne</strong></span> <span class='ocrx_word' id='word_1_552' title='bbox 2779 1283 2977 1341; x_wconf 90' lang='lat' dir='ltr'><strong>bonum</strong></span> <span class='ocrx_word' id='word_1_553' title='bbox 3002 1285 3287 1341; x_wconf 88' lang='lat' dir='ltr'><strong>conditum</strong></span> <span class='ocrx_word' id='word_1_554' title='bbox 3316 1286 3485 1342; x_wconf 84' lang='lat' dir='ltr'><strong>Adam</strong></span> <span class='ocrx_word' id='word_1_555' title='bbox 3504 1330 3520 1355; x_wconf 91' lang='lat'><strong>,</strong></span> <span class='ocrx_word' id='word_1_556' title='bbox 3547 1305 3639 1346; x_wconf 86' lang='lat' dir='ltr'><strong>non</strong></span> <span class='ocrx_word' id='word_1_557' title='bbox 3660 1308 3732 1364; x_wconf 79' lang='lat' dir='ltr'><strong>ego</strong></span> <span class='ocrx_word' id='word_1_558' title='bbox 3749 1308 3807 1353; x_wconf 64' lang='lat' dir='ltr'><strong>tn</strong></span> 
     </span>
    </p>
   </div>
   <div class='ocr_carea' id='block_1_72' title="bbox 2329 1376 3809 1445">
    <p class='ocr_par' dir='ltr' id='par_1_72' title="bbox 2329 1376 3809 1445">
     <span class='ocr_line' id='line_1_72' title="bbox 2329 1376 3809 1445; baseline 0.014 -21"><span class='ocrx_word' id='word_1_559' title='bbox 2329 1378 2469 1437; x_wconf 89' lang='lat' dir='ltr'><strong>tum,</strong></span> <span class='ocrx_word' id='word_1_560' title='bbox 2512 1388 2610 1428; x_wconf 92' lang='lat' dir='ltr'><strong>nec</strong></span> <span class='ocrx_word' id='word_1_561' title='bbox 2652 1383 2738 1442; x_wconf 91' lang='lat' dir='ltr'><strong>tu,</strong></span> <span class='ocrx_word' id='word_1_562' title='bbox 2780 1376 2876 1432; x_wconf 90' lang='lat' dir='ltr'><strong>sed</strong></span> <span class='ocrx_word' id='word_1_563' title='bbox 2913 1377 3073 1433; x_wconf 90' lang='lat' dir='ltr'><strong>ambo</strong></span> <span class='ocrx_word' id='word_1_564' title='bbox 3116 1378 3405 1435; x_wconf 71' lang='lat' dir='ltr'><strong>dicimus?</strong></span> <span class='ocrx_word' id='word_1_565' title='bbox 3431 1380 3594 1436; x_wconf 85' lang='lat' dir='ltr'><strong>Ambo</strong></span> <span class='ocrx_word' id='word_1_566' title='bbox 3615 1386 3724 1439; x_wconf 86' lang='lat' dir='ltr'><strong>enim</strong></span> <span class='ocrx_word' id='word_1_567' title='bbox 3744 1392 3809 1445; x_wconf 64' lang='lat' dir='ltr'><strong>die</strong></span> 
     </span>
    </p>
   </div>
   <div class='ocr_carea' id='block_1_73' title="bbox 2327 1464 3805 1546">
    <p class='ocr_par' dir='ltr' id='par_1_73' title="bbox 2327 1464 3805 1546">
     <span class='ocr_line' id='line_1_73' title="bbox 2327 1464 3805 1546; baseline 0.014 -31"><span class='ocrx_word' id='word_1_568' title='bbox 2327 1477 2446 1523; x_wconf 88' lang='lat' dir='ltr'><strong>mus</strong></span> <span class='ocrx_word' id='word_1_569' title='bbox 2482 1464 2675 1519; x_wconf 91' lang='lat' dir='ltr'><strong>bonam</strong></span> <span class='ocrx_word' id='word_1_570' title='bbox 2707 1482 2827 1523; x_wconf 88' lang='lat' dir='ltr'><strong>esse</strong></span> <span class='ocrx_word' id='word_1_571' title='bbox 2862 1477 3103 1525; x_wconf 87' lang='lat' dir='ltr'><strong>naturam</strong></span> <span class='ocrx_word' id='word_1_572' title='bbox 3125 1511 3139 1537; x_wconf 93' lang='lat'><strong>,</strong></span> <span class='ocrx_word' id='word_1_573' title='bbox 3173 1486 3305 1541; x_wconf 69' lang='lat' dir='ltr'><strong>quae</strong></span> <span class='ocrx_word' id='word_1_574' title='bbox 3330 1480 3512 1542; x_wconf 88' lang='lat' dir='ltr'><strong>posset</strong></span> <span class='ocrx_word' id='word_1_575' title='bbox 3533 1488 3627 1529; x_wconf 88' lang='lat' dir='ltr'><strong>non</strong></span> <span class='ocrx_word' id='word_1_576' title='bbox 3648 1491 3805 1546; x_wconf 77' lang='lat' dir='ltr'><strong>peaare,</strong></span> 
     </span>
    </p>
   </div>
   <div class='ocr_carea' id='block_1_74' title="bbox 2316 1553 3807 1640">
    <p class='ocr_par' dir='ltr' id='par_1_74' title="bbox 2316 1553 3807 1640">
     <span class='ocr_line' id='line_1_74' title="bbox 2316 1553 3807 1640; baseline 0.009 -32"><span class='ocrx_word' id='word_1_577' title='bbox 2316 1553 2372 1609; x_wconf 81' lang='lat' dir='ltr'><strong>si</strong></span> <span class='ocrx_word' id='word_1_578' title='bbox 2415 1555 2580 1611; x_wconf 89' lang='lat' dir='ltr'><strong>nollet</strong></span> <span class='ocrx_word' id='word_1_579' title='bbox 2610 1573 2625 1609; x_wconf 92' lang='lat'><strong>:</strong></span> <span class='ocrx_word' id='word_1_580' title='bbox 2657 1558 2751 1613; x_wconf 88' lang='lat' dir='ltr'><strong>sed</strong></span> <span class='ocrx_word' id='word_1_581' title='bbox 2779 1573 2900 1615; x_wconf 90' lang='lat' dir='ltr'><strong>cum</strong></span> <span class='ocrx_word' id='word_1_582' title='bbox 2925 1576 3026 1632; x_wconf 85' lang='lat' dir='ltr'><strong>ego</strong></span> <span class='ocrx_word' id='word_1_583' title='bbox 3051 1576 3173 1617; x_wconf 89' lang='lat' dir='ltr'><strong>eam</strong></span> <span class='ocrx_word' id='word_1_584' title='bbox 3200 1563 3488 1619; x_wconf 89' lang='lat' dir='ltr'><strong>meliorem</strong></span> <span class='ocrx_word' id='word_1_585' title='bbox 3510 1580 3707 1621; x_wconf 84' lang='lat' dir='ltr'><strong>asseram</strong></span> <span class='ocrx_word' id='word_1_586' title='bbox 3724 1587 3807 1640; x_wconf 67' lang='lat' dir='ltr'><strong>quae</strong></span> 
     </span>
    </p>
   </div>
   <div class='ocr_carea' id='block_1_75' title="bbox 2330 1647 3802 1727">
    <p class='ocr_par' dir='ltr' id='par_1_75' title="bbox 2330 1647 3802 1727">
     <span class='ocr_line' id='line_1_75' title="bbox 2330 1647 3802 1727; baseline 0.012 -29"><span class='ocrx_word' id='word_1_587' title='bbox 2330 1652 2382 1699; x_wconf 93' lang='lat' dir='ltr'><strong>tu</strong></span> <span class='ocrx_word' id='word_1_588' title='bbox 2405 1686 2419 1710; x_wconf 91' lang='lat'><strong>,</strong></span> <span class='ocrx_word' id='word_1_589' title='bbox 2465 1647 2716 1716; x_wconf 90' lang='lat' dir='ltr'><strong>quoniam</strong></span> <span class='ocrx_word' id='word_1_590' title='bbox 2753 1649 2873 1706; x_wconf 89' lang='lat' dir='ltr'><strong>dico</strong></span> <span class='ocrx_word' id='word_1_591' title='bbox 2907 1652 3066 1708; x_wconf 89' lang='lat' dir='ltr'><strong>etiam</strong></span> <span class='ocrx_word' id='word_1_592' title='bbox 3107 1669 3234 1709; x_wconf 89' lang='lat' dir='ltr'><strong>eam</strong></span> <span class='ocrx_word' id='word_1_593' title='bbox 3262 1654 3407 1709; x_wconf 92' lang='lat' dir='ltr'><strong>mori</strong></span> <span class='ocrx_word' id='word_1_594' title='bbox 3434 1671 3536 1711; x_wconf 89' lang='lat' dir='ltr'><strong>non</strong></span> <span class='ocrx_word' id='word_1_595' title='bbox 3569 1660 3802 1727; x_wconf 57' lang='lat' dir='ltr'><strong>potuissea</strong></span> 
     </span>
    </p>
   </div>
   <div class='ocr_carea' id='block_1_76' title="bbox 2327 1740 3805 1815">
    <p class='ocr_par' dir='ltr' id='par_1_76' title="bbox 2327 1740 3805 1815">
     <span class='ocr_line' id='line_1_76' title="bbox 2327 1740 3805 1815; baseline 0.011 -24"><span class='ocrx_word' id='word_1_596' title='bbox 2327 1751 2551 1807; x_wconf 89' lang='lat' dir='ltr'><strong>peccare</strong></span> <span class='ocrx_word' id='word_1_597' title='bbox 2576 1740 2872 1808; x_wconf 88' lang='lat' dir='ltr'><strong>noluisset;</strong></span> <span class='ocrx_word' id='word_1_598' title='bbox 2903 1743 3031 1813; x_wconf 90' lang='lat' dir='ltr'><strong>quid</strong></span> <span class='ocrx_word' id='word_1_599' title='bbox 3056 1754 3173 1812; x_wconf 88' lang='lat' dir='ltr'><strong>est,</strong></span> <span class='ocrx_word' id='word_1_600' title='bbox 3209 1746 3361 1815; x_wconf 87' lang='lat' dir='ltr'><strong>quod</strong></span> <span class='ocrx_word' id='word_1_601' title='bbox 3386 1746 3549 1814; x_wconf 88' lang='lat' dir='ltr'><strong>dicis,</strong></span> <span class='ocrx_word' id='word_1_602' title='bbox 3576 1750 3704 1804; x_wconf 90' lang='lat' dir='ltr'><strong>nullis</strong></span> <span class='ocrx_word' id='word_1_603' title='bbox 3716 1756 3805 1807; x_wconf 65' lang='lat' dir='ltr'><strong>mn</strong></span> 
     </span>
    </p>
   </div>
   <div class='ocr_carea' id='block_1_77' title="bbox 2328 1828 3802 1905">
    <p class='ocr_par' dir='ltr' id='par_1_77' title="bbox 2328 1828 3802 1905">
     <span class='ocr_line' id='line_1_77' title="bbox 2328 1828 3802 1905; baseline 0.012 -23"><span class='ocrx_word' id='word_1_604' title='bbox 2328 1828 2484 1885; x_wconf 92' lang='lat' dir='ltr'><strong>nibus</strong></span> <span class='ocrx_word' id='word_1_605' title='bbox 2509 1846 2538 1885; x_wconf 92' lang='lat' dir='ltr'><strong>a</strong></span> <span class='ocrx_word' id='word_1_606' title='bbox 2565 1847 2651 1887; x_wconf 89' lang='lat' dir='ltr'><strong>me</strong></span> <span class='ocrx_word' id='word_1_607' title='bbox 2680 1832 2861 1889; x_wconf 88' lang='lat' dir='ltr'><strong>doceri</strong></span> <span class='ocrx_word' id='word_1_608' title='bbox 2890 1850 3050 1905; x_wconf 89' lang='lat' dir='ltr'><strong>posse</strong></span> <span class='ocrx_word' id='word_1_609' title='bbox 3070 1879 3086 1903; x_wconf 92' lang='lat'><strong>,</strong></span> <span class='ocrx_word' id='word_1_610' title='bbox 3118 1837 3301 1892; x_wconf 86' lang='lat' dir='ltr'><strong>Adam</strong></span> <span class='ocrx_word' id='word_1_611' title='bbox 3331 1838 3528 1894; x_wconf 84' lang='lat' dir='ltr'><strong>bonum</strong></span> <span class='ocrx_word' id='word_1_612' title='bbox 3552 1856 3578 1895; x_wconf 90' lang='lat' dir='ltr'><strong>a</strong></span> <span class='ocrx_word' id='word_1_613' title='bbox 3602 1842 3802 1902; x_wconf 69' lang='lat' dir='ltr'><strong>Demadi-</strong></span> 
     </span>
    </p>
   </div>
   <div class='ocr_carea' id='block_1_78' title="bbox 2330 1927 3804 2002">
    <p class='ocr_par' dir='ltr' id='par_1_78' title="bbox 2330 1927 3804 2002">
     <span class='ocr_line' id='line_1_78' title="bbox 2330 1927 3804 2002; baseline 0.014 -27"><span class='ocrx_word' id='word_1_614' title='bbox 2330 1928 2479 1989; x_wconf 89' lang='lat' dir='ltr'><strong>tum,</strong></span> <span class='ocrx_word' id='word_1_615' title='bbox 2526 1939 2646 1979; x_wconf 91' lang='lat' dir='ltr'><strong>cum</strong></span> <span class='ocrx_word' id='word_1_616' title='bbox 2686 1927 2983 1983; x_wconf 87' lang='lat' dir='ltr'><strong>rationibus</strong></span> <span class='ocrx_word' id='word_1_617' title='bbox 3025 1930 3161 1986; x_wconf 89' lang='lat' dir='ltr'><strong>meis</strong></span> <span class='ocrx_word' id='word_1_618' title='bbox 3202 1931 3384 2002; x_wconf 83' lang='lat' dir='ltr'><strong>magis</strong></span> <span class='ocrx_word' id='word_1_619' title='bbox 3419 1933 3583 1989; x_wconf 90' lang='lat' dir='ltr'><strong>bonus</strong></span> <span class='ocrx_word' id='word_1_620' title='bbox 3606 1940 3804 1995; x_wconf 70' lang='lat' dir='ltr'><strong>ostendat:</strong></span> 
     </span>
    </p>
   </div>
   <div class='ocr_carea' id='block_1_79' title="bbox 2326 2018 3799 2093">
    <p class='ocr_par' dir='ltr' id='par_1_79' title="bbox 2326 2018 3799 2093">
     <span class='ocr_line' id='line_1_79' title="bbox 2326 2018 3799 2093; baseline 0.012 -24"><span class='ocrx_word' id='word_1_621' title='bbox 2326 2027 2447 2069; x_wconf 86' lang='lat' dir='ltr'><strong>esse</strong></span> <span class='ocrx_word' id='word_1_622' title='bbox 2483 2030 2640 2085; x_wconf 89' lang='lat' dir='ltr'><strong>quam</strong></span> <span class='ocrx_word' id='word_1_623' title='bbox 2689 2018 2836 2073; x_wconf 79' lang='lat' dir='ltr'><strong>tuis?</strong></span> <span class='ocrx_word' id='word_1_624' title='bbox 2864 2019 2994 2077; x_wconf 82' lang='lat' dir='ltr'><strong>Meis</strong></span> <span class='ocrx_word' id='word_1_625' title='bbox 3021 2022 3222 2093; x_wconf 86' lang='lat' dir='ltr'><strong>quippe</strong></span> <span class='ocrx_word' id='word_1_626' title='bbox 3248 2023 3581 2092; x_wconf 88' lang='lat' dir='ltr'><strong>ostenditur,</strong></span> <span class='ocrx_word' id='word_1_627' title='bbox 3604 2041 3688 2082; x_wconf 88' lang='lat' dir='ltr'><strong>non</strong></span> <span class='ocrx_word' id='word_1_628' title='bbox 3705 2031 3799 2087; x_wconf 70' lang='lat' dir='ltr'><strong>sola</strong></span> 
     </span>
    </p>
   </div>
   <div class='ocr_carea' id='block_1_80' title="bbox 2329 2108 3801 2192">
    <p class='ocr_par' dir='ltr' id='par_1_80' title="bbox 2329 2108 3801 2192">
     <span class='ocr_line' id='line_1_80' title="bbox 2329 2108 3801 2192; baseline 0.012 -32"><span class='ocrx_word' id='word_1_629' title='bbox 2329 2108 2564 2177; x_wconf 88' lang='lat' dir='ltr'><strong>potuisse</strong></span> <span class='ocrx_word' id='word_1_630' title='bbox 2587 2126 2693 2165; x_wconf 91' lang='lat' dir='ltr'><strong>non</strong></span> <span class='ocrx_word' id='word_1_631' title='bbox 2724 2126 2975 2182; x_wconf 84' lang='lat' dir='ltr'><strong>peccare,</strong></span> <span class='ocrx_word' id='word_1_632' title='bbox 3007 2114 3051 2169; x_wconf 89' lang='lat' dir='ltr'><strong>si</strong></span> <span class='ocrx_word' id='word_1_633' title='bbox 3080 2116 3254 2171; x_wconf 91' lang='lat' dir='ltr'><strong>nollet</strong></span> <span class='ocrx_word' id='word_1_634' title='bbox 3278 2134 3294 2182; x_wconf 91' lang='lat'><strong>;</strong></span> <span class='ocrx_word' id='word_1_635' title='bbox 3317 2117 3413 2173; x_wconf 87' lang='lat' dir='ltr'><strong>sed</strong></span> <span class='ocrx_word' id='word_1_636' title='bbox 3436 2133 3533 2173; x_wconf 88' lang='lat' dir='ltr'><strong>nec</strong></span> <span class='ocrx_word' id='word_1_637' title='bbox 3554 2121 3801 2192; x_wconf 74' lang='lat' dir='ltr'><strong>Inori,sipet-</strong></span> 
     </span>
    </p>
   </div>
   <div class='ocr_carea' id='block_1_81' title="bbox 2300 2200 3799 2280">
    <p class='ocr_par' dir='ltr' id='par_1_81' title="bbox 2300 2200 3799 2280">
     <span class='ocr_line' id='line_1_81' title="bbox 2300 2200 3799 2280; baseline 0.013 -28"><span class='ocrx_word' id='word_1_638' title='bbox 2300 2212 2452 2269; x_wconf 32' lang='lat' dir='ltr'><strong>&#39;care</strong></span> <span class='ocrx_word' id='word_1_639' title='bbox 2481 2200 2742 2257; x_wconf 89' lang='lat' dir='ltr'><strong>noluisset</strong></span> <span class='ocrx_word' id='word_1_640' title='bbox 2769 2221 2783 2257; x_wconf 92' lang='lat'><strong>:</strong></span> <span class='ocrx_word' id='word_1_641' title='bbox 2817 2205 2920 2259; x_wconf 91' lang='lat' dir='ltr'><strong>tuis</strong></span> <span class='ocrx_word' id='word_1_642' title='bbox 2944 2215 3156 2275; x_wconf 86' lang='lat' dir='ltr'><strong>autem,</strong></span> <span class='ocrx_word' id='word_1_643' title='bbox 3181 2209 3263 2263; x_wconf 91' lang='lat' dir='ltr'><strong>ita</strong></span> <span class='ocrx_word' id='word_1_644' title='bbox 3292 2209 3568 2265; x_wconf 90' lang='lat' dir='ltr'><strong>mortalem</strong></span> <span class='ocrx_word' id='word_1_645' title='bbox 3592 2210 3799 2280; x_wconf 61' lang='lat' dir='ltr'><strong>iactamur</strong></span> 
     </span>
    </p>
   </div>
   <div class='ocr_carea' id='block_1_82' title="bbox 2327 2290 3797 2376">
    <p class='ocr_par' dir='ltr' id='par_1_82' title="bbox 2327 2290 3797 2376">
     <span class='ocr_line' id='line_1_82' title="bbox 2327 2290 3797 2376; baseline 0.012 -31"><span class='ocrx_word' id='word_1_646' title='bbox 2327 2290 2442 2346; x_wconf 88' lang='lat' dir='ltr'><strong>sive</strong></span> <span class='ocrx_word' id='word_1_647' title='bbox 2485 2302 2766 2362; x_wconf 87' lang='lat' dir='ltr'><strong>peccaret,</strong></span> <span class='ocrx_word' id='word_1_648' title='bbox 2808 2297 2921 2351; x_wconf 85' lang='lat' dir='ltr'><strong>sive</strong></span> <span class='ocrx_word' id='word_1_649' title='bbox 2959 2314 3065 2353; x_wconf 90' lang='lat' dir='ltr'><strong>non</strong></span> <span class='ocrx_word' id='word_1_650' title='bbox 3106 2310 3404 2370; x_wconf 87' lang='lat' dir='ltr'><strong>peccaret,</strong></span> <span class='ocrx_word' id='word_1_651' title='bbox 3444 2304 3797 2376; x_wconf 79' lang='lat' dir='ltr'><strong>moriturusesset</strong></span> 
     </span>
    </p>
   </div>
   <div class='ocr_carea' id='block_1_83' title="bbox 2329 2380 3796 2467">
    <p class='ocr_par' dir='ltr' id='par_1_83' title="bbox 2329 2380 3796 2467">
     <span class='ocr_line' id='line_1_83' title="bbox 2329 2380 3796 2467; baseline 0.011 -32"><span class='ocrx_word' id='word_1_652' title='bbox 2329 2380 2480 2449; x_wconf 88' lang='lat' dir='ltr'><strong>Quod</strong></span> <span class='ocrx_word' id='word_1_653' title='bbox 2526 2384 2579 2438; x_wconf 90' lang='lat' dir='ltr'><strong>in</strong></span> <span class='ocrx_word' id='word_1_654' title='bbox 2627 2386 2915 2457; x_wconf 88' lang='lat' dir='ltr'><strong>episcopali</strong></span> <span class='ocrx_word' id='word_1_655' title='bbox 2954 2389 3159 2460; x_wconf 89' lang='lat' dir='ltr'><strong>judicio</strong></span> <span class='ocrx_word' id='word_1_656' title='bbox 3200 2392 3520 2460; x_wconf 64' lang='lat' dir='ltr'><strong>Palaestino,</strong></span> <span class='ocrx_word' id='word_1_657' title='bbox 3549 2410 3650 2450; x_wconf 86' lang='lat' dir='ltr'><strong>cum</strong></span> <span class='ocrx_word' id='word_1_658' title='bbox 3677 2396 3796 2467; x_wconf 69' lang='lat' dir='ltr'><strong>Pelagia</strong></span> 
     </span>
    </p>
   </div>
   <div class='ocr_carea' id='block_1_84' title="bbox 2329 2473 3796 2557">
    <p class='ocr_par' dir='ltr' id='par_1_84' title="bbox 2329 2473 3796 2557">
     <span class='ocr_line' id='line_1_84' title="bbox 2329 2473 3796 2557; baseline 0.01 -29"><span class='ocrx_word' id='word_1_659' title='bbox 2329 2473 2516 2530; x_wconf 81' lang='lat' dir='ltr'><strong>luisset</strong></span> <span class='ocrx_word' id='word_1_660' title='bbox 2564 2476 2832 2546; x_wconf 88' lang='lat' dir='ltr'><strong>objectum</strong></span> <span class='ocrx_word' id='word_1_661' title='bbox 2862 2521 2878 2547; x_wconf 91' lang='lat'><strong>,</strong></span> <span class='ocrx_word' id='word_1_662' title='bbox 2926 2497 2993 2537; x_wconf 91' lang='lat' dir='ltr'><strong>ne</strong></span> <span class='ocrx_word' id='word_1_663' title='bbox 3037 2482 3394 2539; x_wconf 88' lang='lat' dir='ltr'><strong>damnaretur</strong></span> <span class='ocrx_word' id='word_1_664' title='bbox 3423 2525 3439 2550; x_wconf 89' lang='lat'><strong>,</strong></span> <span class='ocrx_word' id='word_1_665' title='bbox 3492 2487 3593 2557; x_wconf 85' lang='lat' dir='ltr'><strong>ipse</strong></span> <span class='ocrx_word' id='word_1_666' title='bbox 3634 2487 3796 2544; x_wconf 72' lang='lat' dir='ltr'><strong>dade</strong></span> 
     </span>
    </p>
   </div>
   <div class='ocr_carea' id='block_1_85' title="bbox 2329 2565 3794 2649">
    <p class='ocr_par' dir='ltr' id='par_1_85' title="bbox 2329 2565 3794 2649">
     <span class='ocr_line' id='line_1_85' title="bbox 2329 2565 3794 2649; baseline 0.011 -29"><span class='ocrx_word' id='word_1_667' title='bbox 2329 2565 2434 2637; x_wconf 87' lang='lat' dir='ltr'><strong>(De</strong></span> <span class='ocrx_word' id='word_1_668' title='bbox 2476 2566 2639 2623; x_wconf 82' lang='lat' dir='ltr'><strong>Geuis</strong></span> <span class='ocrx_word' id='word_1_669' title='bbox 2678 2568 2909 2642; x_wconf 83' lang='lat' dir='ltr'><strong>Pelagii,</strong></span> <span class='ocrx_word' id='word_1_670' title='bbox 2942 2590 3032 2629; x_wconf 81' lang='lat' dir='ltr'><strong>rm.</strong></span> <span class='ocrx_word' id='word_1_671' title='bbox 3067 2575 3171 2643; x_wconf 75' lang='grc'><strong>24,</strong></span> <span class='ocrx_word' id='word_1_672' title='bbox 3199 2576 3297 2643; x_wconf 84' lang='grc'><strong>57,</strong></span> <span class='ocrx_word' id='word_1_673' title='bbox 3327 2575 3460 2649; x_wconf 83' lang='lat'><strong>60);</strong></span> <span class='ocrx_word' id='word_1_674' title='bbox 3486 2587 3536 2633; x_wconf 87' lang='lat' dir='ltr'><strong>et</strong></span> <span class='ocrx_word' id='word_1_675' title='bbox 3559 2588 3794 2635; x_wconf 70' lang='lat' dir='ltr'><strong>estasemet</strong></span> 
     </span>
    </p>
   </div>
   <div class='ocr_carea' id='block_1_86' title="bbox 2329 2658 3793 2742">
    <p class='ocr_par' dir='ltr' id='par_1_86' title="bbox 2329 2658 3793 2742">
     <span class='ocr_line' id='line_1_86' title="bbox 2329 2658 3793 2742; baseline 0.01 -30"><span class='ocrx_word' id='word_1_676' title='bbox 2329 2658 2446 2727; x_wconf 89' lang='lat' dir='ltr'><strong>ipso</strong></span> <span class='ocrx_word' id='word_1_677' title='bbox 2474 2660 2755 2718; x_wconf 89' lang='lat' dir='ltr'><strong>damnatus</strong></span> <span class='ocrx_word' id='word_1_678' title='bbox 2779 2705 2795 2731; x_wconf 93' lang='lat'><strong>,</strong></span> <span class='ocrx_word' id='word_1_679' title='bbox 2824 2666 2964 2734; x_wconf 89' lang='lat' dir='ltr'><strong>quod</strong></span> <span class='ocrx_word' id='word_1_680' title='bbox 3003 2666 3069 2723; x_wconf 91' lang='lat' dir='ltr'><strong>de</strong></span> <span class='ocrx_word' id='word_1_681' title='bbox 3090 2668 3316 2724; x_wconf 87' lang='lat' dir='ltr'><strong>homine</strong></span> <span class='ocrx_word' id='word_1_682' title='bbox 3346 2669 3586 2725; x_wconf 64' lang='lat' dir='ltr'><strong>hacretico</strong></span> <span class='ocrx_word' id='word_1_683' title='bbox 3607 2671 3705 2727; x_wconf 87' lang='lat' dir='ltr'><strong>dicit</strong></span> <span class='ocrx_word' id='word_1_684' title='bbox 3717 2676 3793 2742; x_wconf 70' lang='grc' dir='ltr'><strong>Δροι</strong></span> 
     </span>
    </p>
   </div>
   <div class='ocr_carea' id='block_1_87' title="bbox 2327 2751 3793 2830">
    <p class='ocr_par' dir='ltr' id='par_1_87' title="bbox 2327 2751 3793 2830">
     <span class='ocr_line' id='line_1_87' title="bbox 2327 2751 3793 2830; baseline 0.009 -26"><span class='ocrx_word' id='word_1_685' title='bbox 2327 2751 2499 2806; x_wconf 90' lang='lat' dir='ltr'><strong>stolus</strong></span> <span class='ocrx_word' id='word_1_686' title='bbox 2541 2751 2668 2822; x_wconf 87' lang='lat' dir='ltr'><strong>(Tit.</strong></span> <span class='ocrx_word' id='word_1_687' title='bbox 2714 2771 2800 2823; x_wconf 82' lang='lat' dir='ltr'><strong>nt,</strong></span> <span class='ocrx_word' id='word_1_688' title='bbox 2852 2757 2949 2824; x_wconf 80' lang='grc'><strong>10,</strong></span> <span class='ocrx_word' id='word_1_689' title='bbox 2991 2758 3104 2830; x_wconf 81' lang='lat' dir='ltr'><strong>ll).</strong></span> <span class='ocrx_word' id='word_1_690' title='bbox 3147 2760 3283 2816; x_wconf 89' lang='lat' dir='ltr'><strong>Dico</strong></span> <span class='ocrx_word' id='word_1_691' title='bbox 3312 2761 3630 2828; x_wconf 89' lang='lat' dir='ltr'><strong>etiam,non</strong></span> <span class='ocrx_word' id='word_1_692' title='bbox 3654 2763 3793 2817; x_wconf 65' lang='lat' dir='ltr'><strong>anuis:</strong></span> 
     </span>
    </p>
   </div>
   <div class='ocr_carea' id='block_1_88' title="bbox 2327 2842 3793 2923">
    <p class='ocr_par' dir='ltr' id='par_1_88' title="bbox 2327 2842 3793 2923">
     <span class='ocr_line' id='line_1_88' title="bbox 2327 2842 3793 2923; baseline 0.008 -26"><span class='ocrx_word' id='word_1_693' title='bbox 2327 2842 2497 2899; x_wconf 84' lang='lat' dir='ltr'><strong>Adam</strong></span> <span class='ocrx_word' id='word_1_694' title='bbox 2524 2855 2785 2913; x_wconf 89' lang='lat' dir='ltr'><strong>mortem,</strong></span> <span class='ocrx_word' id='word_1_695' title='bbox 2825 2849 2880 2903; x_wconf 93' lang='lat' dir='ltr'><strong>in</strong></span> <span class='ocrx_word' id='word_1_696' title='bbox 2909 2850 3061 2920; x_wconf 89' lang='lat' dir='ltr'><strong>cujus</strong></span> <span class='ocrx_word' id='word_1_697' title='bbox 3085 2861 3202 2907; x_wconf 86' lang='lat' dir='ltr'><strong>erat</strong></span> <span class='ocrx_word' id='word_1_698' title='bbox 3229 2863 3490 2923; x_wconf 87' lang='lat' dir='ltr'><strong>potestate</strong></span> <span class='ocrx_word' id='word_1_699' title='bbox 3515 2870 3606 2908; x_wconf 91' lang='lat' dir='ltr'><strong>non</strong></span> <span class='ocrx_word' id='word_1_700' title='bbox 3630 2854 3725 2908; x_wconf 85' lang='lat' dir='ltr'><strong>mori</strong></span> <span class='ocrx_word' id='word_1_701' title='bbox 3741 2872 3749 2906; x_wconf 92' lang='lat'><strong>:</strong></span> <span class='ocrx_word' id='word_1_702' title='bbox 3765 2866 3793 2908; x_wconf 80' lang='grc' dir='ltr'><strong>ιι</strong></span> 
     </span>
    </p>
   </div>
   <div class='ocr_carea' id='block_1_89' title="bbox 2328 2938 3792 3009">
    <p class='ocr_par' dir='ltr' id='par_1_89' title="bbox 2328 2938 3792 3009">
     <span class='ocr_line' id='line_1_89' title="bbox 2328 2938 3792 3009; baseline 0.008 -22"><span class='ocrx_word' id='word_1_703' title='bbox 2328 2941 2506 2989; x_wconf 88' lang='lat' dir='ltr'><strong>autem</strong></span> <span class='ocrx_word' id='word_1_704' title='bbox 2551 2938 2925 2995; x_wconf 86' lang='lat' dir='ltr'><strong>necessitatem</strong></span> <span class='ocrx_word' id='word_1_705' title='bbox 2967 2940 3222 2998; x_wconf 88' lang='lat' dir='ltr'><strong>habuisse</strong></span> <span class='ocrx_word' id='word_1_706' title='bbox 3262 2943 3558 3009; x_wconf 88' lang='lat' dir='ltr'><strong>moriendi,</strong></span> <span class='ocrx_word' id='word_1_707' title='bbox 3591 2945 3708 2997; x_wconf 83' lang='lat' dir='ltr'><strong>etiam</strong></span> <span class='ocrx_word' id='word_1_708' title='bbox 3733 2945 3792 2997; x_wconf 77' lang='lat' dir='ltr'><strong>sine</strong></span> 
     </span>
    </p>
   </div>
   <div class='ocr_carea' id='block_1_90' title="bbox 2329 3008 3833 3105">
    <p class='ocr_par' dir='ltr' id='par_1_90' title="bbox 2329 3008 3833 3105">
     <span class='ocr_line' id='line_1_90' title="bbox 2329 3008 3833 3105; baseline 0.005 -22"><span class='ocrx_word' id='word_1_709' title='bbox 2329 3028 2435 3083; x_wconf 91' lang='lat' dir='ltr'><strong>ulla</strong></span> <span class='ocrx_word' id='word_1_710' title='bbox 2478 3033 2796 3087; x_wconf 86' lang='lat' dir='ltr'><strong>necessitate</strong></span> <span class='ocrx_word' id='word_1_711' title='bbox 2838 3034 3111 3103; x_wconf 89' lang='lat' dir='ltr'><strong>peccandi.</strong></span> <span class='ocrx_word' id='word_1_712' title='bbox 3159 3034 3337 3105; x_wconf 90' lang='lat' dir='ltr'><strong>Quem</strong></span> <span class='ocrx_word' id='word_1_713' title='bbox 3387 3037 3431 3092; x_wconf 91' lang='lat' dir='ltr'><strong>si</strong></span> <span class='ocrx_word' id='word_1_714' title='bbox 3469 3008 3640 3092; x_wconf 78' lang='lat' dir='ltr'><strong>dixeris</strong></span> <span class='ocrx_word' id='word_1_715' title='bbox 3659 3048 3789 3090; x_wconf 67' lang='lat' dir='ltr'><strong>mones</strong></span> <span class='ocrx_word' id='word_1_716' title='bbox 3832 3008 3833 3051; x_wconf 50' lang='lat'>‘</span> 
     </span>
    </p>
   </div>
   <div class='ocr_carea' id='block_1_91' title="bbox 2329 3121 3790 3201">
    <p class='ocr_par' dir='ltr' id='par_1_91' title="bbox 2329 3121 3790 3201">
     <span class='ocr_line' id='line_1_91' title="bbox 2329 3121 3790 3201; baseline 0.006 -26"><span class='ocrx_word' id='word_1_717' title='bbox 2329 3121 2573 3178; x_wconf 89' lang='lat' dir='ltr'><strong>timuisse</strong></span> <span class='ocrx_word' id='word_1_718' title='bbox 2610 3127 2769 3180; x_wconf 86' lang='lat' dir='ltr'><strong>etiam</strong></span> <span class='ocrx_word' id='word_1_719' title='bbox 2809 3137 2933 3182; x_wconf 83' lang='lat' dir='ltr'><strong>ante</strong></span> <span class='ocrx_word' id='word_1_720' title='bbox 2969 3137 3249 3199; x_wconf 89' lang='lat' dir='ltr'><strong>peccatum</strong></span> <span class='ocrx_word' id='word_1_721' title='bbox 3271 3173 3288 3198; x_wconf 91' lang='lat'><strong>,</strong></span> <span class='ocrx_word' id='word_1_722' title='bbox 3321 3130 3447 3201; x_wconf 90' lang='lat' dir='ltr'><strong>quid</strong></span> <span class='ocrx_word' id='word_1_723' title='bbox 3470 3130 3590 3186; x_wconf 87' lang='lat' dir='ltr'><strong>dicis</strong></span> <span class='ocrx_word' id='word_1_724' title='bbox 3610 3131 3790 3185; x_wconf 76' lang='lat' dir='ltr'><strong>nisimise-</strong></span> 
     </span>
    </p>
   </div>
   <div class='ocr_carea' id='block_1_92' title="bbox 2328 3216 3786 3289">
    <p class='ocr_par' dir='ltr' id='par_1_92' title="bbox 2328 3216 3786 3289">
     <span class='ocr_line' id='line_1_92' title="bbox 2328 3216 3786 3289; baseline 0.006 -23"><span class='ocrx_word' id='word_1_725' title='bbox 2328 3226 2447 3267; x_wconf 92' lang='lat' dir='ltr'><strong>rum</strong></span> <span class='ocrx_word' id='word_1_726' title='bbox 2489 3216 2768 3271; x_wconf 83' lang='lat' dir='ltr'><strong>creatum?</strong></span> <span class='ocrx_word' id='word_1_727' title='bbox 2814 3216 2871 3273; x_wconf 91' lang='lat' dir='ltr'><strong>Si</strong></span> <span class='ocrx_word' id='word_1_728' title='bbox 2910 3228 3089 3275; x_wconf 86' lang='lat' dir='ltr'><strong>autem</strong></span> <span class='ocrx_word' id='word_1_729' title='bbox 3137 3236 3206 3276; x_wconf 91' lang='lat' dir='ltr'><strong>ne</strong></span> <span class='ocrx_word' id='word_1_730' title='bbox 3250 3221 3419 3278; x_wconf 90' lang='lat' dir='ltr'><strong>miser</strong></span> <span class='ocrx_word' id='word_1_731' title='bbox 3448 3230 3786 3289; x_wconf 83' lang='lat' dir='ltr'><strong>esset,mortem.</strong></span> 
     </span>
    </p>
   </div>
   <div class='ocr_carea' id='block_1_93' title="bbox 2328 3306 3789 3383">
    <p class='ocr_par' dir='ltr' id='par_1_93' title="bbox 2328 3306 3789 3383">
     <span class='ocr_line' id='line_1_93' title="bbox 2328 3306 3789 3383; baseline 0.006 -25"><span class='ocrx_word' id='word_1_732' title='bbox 2328 3306 2574 3375; x_wconf 88' lang='lat' dir='ltr'><strong>quamvis</strong></span> <span class='ocrx_word' id='word_1_733' title='bbox 2598 3307 2827 3363; x_wconf 86' lang='lat' dir='ltr'><strong>futuram</strong></span> <span class='ocrx_word' id='word_1_734' title='bbox 2849 3351 2865 3377; x_wconf 94' lang='lat'><strong>,</strong></span> <span class='ocrx_word' id='word_1_735' title='bbox 2889 3326 2994 3366; x_wconf 90' lang='lat' dir='ltr'><strong>non</strong></span> <span class='ocrx_word' id='word_1_736' title='bbox 3022 3321 3196 3370; x_wconf 89' lang='lat' dir='ltr'><strong>tamen</strong></span> <span class='ocrx_word' id='word_1_737' title='bbox 3228 3315 3405 3369; x_wconf 85' lang='lat' dir='ltr'><strong>timuit</strong></span> <span class='ocrx_word' id='word_1_738' title='bbox 3424 3331 3440 3380; x_wconf 90' lang='lat'><strong>;</strong></span> <span class='ocrx_word' id='word_1_739' title='bbox 3460 3324 3591 3370; x_wconf 87' lang='lat' dir='ltr'><strong>certe</strong></span> <span class='ocrx_word' id='word_1_740' title='bbox 3606 3328 3789 3383; x_wconf 70' lang='lat' dir='ltr'><strong>suampm</strong></span> 
     </span>
    </p>
   </div>
   <div class='ocr_carea' id='block_1_94' title="bbox 2330 3395 3785 3478">
    <p class='ocr_par' dir='ltr' id='par_1_94' title="bbox 2330 3395 3785 3478">
     <span class='ocr_line' id='line_1_94' title="bbox 2330 3395 3785 3478; baseline 0.005 -26"><span class='ocrx_word' id='word_1_741' title='bbox 2330 3395 2473 3467; x_wconf 90' lang='lat' dir='ltr'><strong>lem,</strong></span> <span class='ocrx_word' id='word_1_742' title='bbox 2520 3401 2607 3455; x_wconf 91' lang='lat' dir='ltr'><strong>cui</strong></span> <span class='ocrx_word' id='word_1_743' title='bbox 2655 3402 2901 3459; x_wconf 90' lang='lat' dir='ltr'><strong>timorem</strong></span> <span class='ocrx_word' id='word_1_744' title='bbox 2940 3408 3128 3463; x_wconf 90' lang='lat' dir='ltr'><strong>mortis</strong></span> <span class='ocrx_word' id='word_1_745' title='bbox 3166 3408 3492 3478; x_wconf 87' lang='lat' dir='ltr'><strong>congenuit,</strong></span> <span class='ocrx_word' id='word_1_746' title='bbox 3529 3407 3677 3478; x_wconf 89' lang='lat' dir='ltr'><strong>procul</strong></span> <span class='ocrx_word' id='word_1_747' title='bbox 3700 3405 3785 3460; x_wconf 58' lang='lat' dir='ltr'><strong>uuln</strong></span> 
     </span>
    </p>
   </div>
   <div class='ocr_carea' id='block_1_95' title="bbox 2328 3491 3787 3572">
    <p class='ocr_par' dir='ltr' id='par_1_95' title="bbox 2328 3491 3787 3572">
     <span class='ocr_line' id='line_1_95' title="bbox 2328 3491 3787 3572; baseline 0.004 -27"><span class='ocrx_word' id='word_1_748' title='bbox 2328 3491 2579 3547; x_wconf 89' lang='lat' dir='ltr'><strong>miseram</strong></span> <span class='ocrx_word' id='word_1_749' title='bbox 2621 3497 2824 3566; x_wconf 83' lang='lat' dir='ltr'><strong>genuit.</strong></span> <span class='ocrx_word' id='word_1_750' title='bbox 2863 3495 2993 3566; x_wconf 88' lang='lat' dir='ltr'><strong>Quis</strong></span> <span class='ocrx_word' id='word_1_751' title='bbox 3029 3499 3170 3555; x_wconf 91' lang='lat' dir='ltr'><strong>enim</strong></span> <span class='ocrx_word' id='word_1_752' title='bbox 3221 3509 3421 3572; x_wconf 82' lang='lat' dir='ltr'><strong>neget.</strong></span> <span class='ocrx_word' id='word_1_753' title='bbox 3452 3502 3519 3555; x_wconf 91' lang='lat' dir='ltr'><strong>ita</strong></span> <span class='ocrx_word' id='word_1_754' title='bbox 3543 3500 3787 3555; x_wconf 67' lang='lat' dir='ltr'><strong>hominem»</strong></span> 
     </span>
    </p>
   </div>
   <div class='ocr_carea' id='block_1_96' title="bbox 2331 3586 3833 3656">
    <p class='ocr_par' dir='ltr' id='par_1_96' title="bbox 2331 3586 3833 3656">
     <span class='ocr_line' id='line_1_96' title="bbox 2331 3586 3833 3656; baseline 0.005 -19"><span class='ocrx_word' id='word_1_755' title='bbox 2331 3589 2449 3637; x_wconf 85' lang='lat' dir='ltr'><strong>tura</strong></span> <span class='ocrx_word' id='word_1_756' title='bbox 2496 3594 2726 3643; x_wconf 84' lang='lat' dir='ltr'><strong>mortem</strong></span> <span class='ocrx_word' id='word_1_757' title='bbox 2780 3586 3002 3656; x_wconf 90' lang='lat' dir='ltr'><strong>timere,</strong></span> <span class='ocrx_word' id='word_1_758' title='bbox 3054 3598 3113 3644; x_wconf 92' lang='lat' dir='ltr'><strong>ut</strong></span> <span class='ocrx_word' id='word_1_759' title='bbox 3160 3606 3283 3647; x_wconf 91' lang='lat' dir='ltr'><strong>eam</strong></span> <span class='ocrx_word' id='word_1_760' title='bbox 3337 3590 3600 3647; x_wconf 90' lang='lat' dir='ltr'><strong>nonnullos</strong></span> <span class='ocrx_word' id='word_1_761' title='bbox 3634 3588 3696 3643; x_wconf 76' lang='lat' dir='ltr'><strong>vix</strong></span> <span class='ocrx_word' id='word_1_762' title='bbox 3724 3602 3782 3639; x_wconf 83' lang='lat' dir='ltr'><strong>nn</strong></span> <span class='ocrx_word' id='word_1_763' title='bbox 3832 3610 3833 3653; x_wconf 52' lang='grc' dir='ltr'>ξ</span> 
     </span>
    </p>
   </div>
   <div class='ocr_carea' id='block_1_97' title="bbox 2329 3675 3785 3750">
    <p class='ocr_par' dir='ltr' id='par_1_97' title="bbox 2329 3675 3785 3750">
     <span class='ocr_line' id='line_1_97' title="bbox 2329 3675 3785 3750; baseline 0.003 -22"><span class='ocrx_word' id='word_1_764' title='bbox 2329 3675 2493 3729; x_wconf 89' lang='lat' dir='ltr'><strong>animi</strong></span> <span class='ocrx_word' id='word_1_765' title='bbox 2540 3676 2851 3748; x_wconf 77' lang='lat' dir='ltr'><strong>magnitudo</strong></span> <span class='ocrx_word' id='word_1_766' title='bbox 2888 3679 3049 3737; x_wconf 80' lang='lat' dir='ltr'><strong>faciat</strong></span> <span class='ocrx_word' id='word_1_767' title='bbox 3096 3698 3201 3738; x_wconf 93' lang='lat' dir='ltr'><strong>non</strong></span> <span class='ocrx_word' id='word_1_768' title='bbox 3255 3683 3482 3739; x_wconf 79' lang='lat' dir='ltr'><strong>timere?</strong></span> <span class='ocrx_word' id='word_1_769' title='bbox 3515 3678 3785 3750; x_wconf 65' lang='lat' dir='ltr'><strong>ltemquealli</strong></span> 
     </span>
    </p>
   </div>
   <div class='ocr_carea' id='block_1_98' title="bbox 2331 3769 3833 3847">
    <p class='ocr_par' dir='ltr' id='par_1_98' title="bbox 2331 3769 3833 3847">
     <span class='ocr_line' id='line_1_98' title="bbox 2331 3769 3833 3847; baseline 0.001 -24"><span class='ocrx_word' id='word_1_770' title='bbox 2331 3782 2432 3839; x_wconf 87' lang='lat' dir='ltr'><strong>ego</strong></span> <span class='ocrx_word' id='word_1_771' title='bbox 2469 3769 2537 3825; x_wconf 89' lang='lat' dir='ltr'><strong>ad</strong></span> <span class='ocrx_word' id='word_1_772' title='bbox 2571 3770 2863 3828; x_wconf 89' lang='lat' dir='ltr'><strong>bonitatem</strong></span> <span class='ocrx_word' id='word_1_773' title='bbox 2901 3775 3221 3834; x_wconf 91' lang='lat' dir='ltr'><strong>conditionis</strong></span> <span class='ocrx_word' id='word_1_774' title='bbox 3250 3778 3415 3844; x_wconf 78' lang='lat' dir='ltr'><strong>Adzn,</strong></span> <span class='ocrx_word' id='word_1_775' title='bbox 3449 3775 3574 3847; x_wconf 87' lang='lat' dir='ltr'><strong>quod</strong></span> <span class='ocrx_word' id='word_1_776' title='bbox 3598 3775 3640 3829; x_wconf 90' lang='lat' dir='ltr'><strong>in</strong></span> <span class='ocrx_word' id='word_1_777' title='bbox 3660 3785 3783 3828; x_wconf 77' lang='lat' dir='ltr'><strong>coam</strong></span> <span class='ocrx_word' id='word_1_778' title='bbox 3832 3782 3833 3809; x_wconf 63' lang='grc' dir='ltr'><strong>ι</strong></span> 
     </span>
    </p>
   </div>
   <div class='ocr_carea' id='block_1_99' title="bbox 2329 3862 3784 3942">
    <p class='ocr_par' dir='ltr' id='par_1_99' title="bbox 2329 3862 3784 3942">
     <span class='ocr_line' id='line_1_99' title="bbox 2329 3862 3784 3942; baseline 0.003 -25"><span class='ocrx_word' id='word_1_779' title='bbox 2329 3862 2586 3919; x_wconf 88' lang='lat' dir='ltr'><strong>adversus</strong></span> <span class='ocrx_word' id='word_1_780' title='bbox 2612 3865 2857 3937; x_wconf 90' lang='lat' dir='ltr'><strong>spiritum</strong></span> <span class='ocrx_word' id='word_1_781' title='bbox 2885 3883 2990 3923; x_wconf 91' lang='lat' dir='ltr'><strong>non</strong></span> <span class='ocrx_word' id='word_1_782' title='bbox 3017 3870 3431 3942; x_wconf 87' lang='lat' dir='ltr'><strong>concupiscebat</strong></span> <span class='ocrx_word' id='word_1_783' title='bbox 3454 3878 3564 3924; x_wconf 88' lang='lat' dir='ltr'><strong>ante</strong></span> <span class='ocrx_word' id='word_1_784' title='bbox 3585 3873 3784 3936; x_wconf 71' lang='lat' dir='ltr'><strong>peccatum:</strong></span> 
     </span>
    </p>
   </div>
   <div class='ocr_carea' id='block_1_100' title="bbox 2332 3955 3833 4057">
    <p class='ocr_par' dir='ltr' id='par_1_100' title="bbox 2332 3955 3833 4057">
     <span class='ocr_line' id='line_1_100' title="bbox 2332 3955 3833 4057; baseline -0.003 -47"><span class='ocrx_word' id='word_1_785' title='bbox 2332 3962 2389 4010; x_wconf 91' lang='lat' dir='ltr'><strong>tu</strong></span> <span class='ocrx_word' id='word_1_786' title='bbox 2430 3968 2607 4012; x_wconf 88' lang='lat' dir='ltr'><strong>autem</strong></span> <span class='ocrx_word' id='word_1_787' title='bbox 2630 3999 2646 4025; x_wconf 88' lang='lat'><strong>,</strong></span> <span class='ocrx_word' id='word_1_788' title='bbox 2690 3959 2782 4029; x_wconf 92' lang='lat' dir='ltr'><strong>qui</strong></span> <span class='ocrx_word' id='word_1_789' title='bbox 2824 3959 2988 4016; x_wconf 88' lang='lat' dir='ltr'><strong>talem</strong></span> <span class='ocrx_word' id='word_1_790' title='bbox 3023 3960 3157 4017; x_wconf 92' lang='lat' dir='ltr'><strong>dicis</strong></span> <span class='ocrx_word' id='word_1_791' title='bbox 3191 3963 3371 4018; x_wconf 87' lang='lat' dir='ltr'><strong>carnis</strong></span> <span class='ocrx_word' id='word_1_792' title='bbox 3393 3955 3781 4029; x_wconf 79' lang='lat' dir='ltr'><strong>concupiscentiam,</strong></span> <span class='ocrx_word' id='word_1_793' title='bbox 3832 3978 3833 4057; x_wconf 25' lang='grc' dir='ltr'>χ</span> 
     </span>
    </p>
   </div>
   <div class='ocr_carea' id='block_1_101' title="bbox 2330 4049 3833 4124">
    <p class='ocr_par' dir='ltr' id='par_1_101' title="bbox 2330 4049 3833 4124">
     <span class='ocr_line' id='line_1_101' title="bbox 2330 4049 3833 4124; baseline -0.001 -21"><span class='ocrx_word' id='word_1_794' title='bbox 2330 4049 2503 4119; x_wconf 89' lang='lat' dir='ltr'><strong>qualis</strong></span> <span class='ocrx_word' id='word_1_795' title='bbox 2532 4065 2673 4107; x_wconf 90' lang='lat' dir='ltr'><strong>nunc</strong></span> <span class='ocrx_word' id='word_1_796' title='bbox 2698 4059 2783 4108; x_wconf 89' lang='lat' dir='ltr'><strong>est</strong></span> <span class='ocrx_word' id='word_1_797' title='bbox 2805 4095 2819 4120; x_wconf 92' lang='lat'><strong>,</strong></span> <span class='ocrx_word' id='word_1_798' title='bbox 2852 4053 2905 4108; x_wconf 92' lang='lat' dir='ltr'><strong>in</strong></span> <span class='ocrx_word' id='word_1_799' title='bbox 2937 4055 3195 4124; x_wconf 82' lang='lat' dir='ltr'><strong>paradiso</strong></span> <span class='ocrx_word' id='word_1_800' title='bbox 3207 4056 3435 4112; x_wconf 89' lang='lat' dir='ltr'><strong>futuram</strong></span> <span class='ocrx_word' id='word_1_801' title='bbox 3458 4054 3629 4119; x_wconf 87' lang='lat' dir='ltr'><strong>fuisse,</strong></span> <span class='ocrx_word' id='word_1_802' title='bbox 3651 4050 3784 4104; x_wconf 72' lang='lat' dir='ltr'><strong>sinent</strong></span> <span class='ocrx_word' id='word_1_803' title='bbox 3832 4049 3833 4073; x_wconf 63' lang='lat'>‘</span> 
     </span>
    </p>
   </div>
   <div class='ocr_carea' id='block_1_102' title="bbox 2333 4145 3781 4217">
    <p class='ocr_par' dir='ltr' id='par_1_102' title="bbox 2333 4145 3781 4217">
     <span class='ocr_line' id='line_1_102' title="bbox 2333 4145 3781 4217; baseline 0.008 -21"><span class='ocrx_word' id='word_1_804' title='bbox 2333 4151 2646 4212; x_wconf 85' lang='lat' dir='ltr'><strong>peccasset,</strong></span> <span class='ocrx_word' id='word_1_805' title='bbox 2677 4145 2943 4217; x_wconf 89' lang='lat' dir='ltr'><strong>talemque</strong></span> <span class='ocrx_word' id='word_1_806' title='bbox 2972 4147 3025 4201; x_wconf 92' lang='lat' dir='ltr'><strong>in</strong></span> <span class='ocrx_word' id='word_1_807' title='bbox 3051 4148 3143 4203; x_wconf 91' lang='lat' dir='ltr'><strong>illo</strong></span> <span class='ocrx_word' id='word_1_808' title='bbox 3171 4147 3341 4205; x_wconf 89' lang='lat' dir='ltr'><strong>fuisse</strong></span> <span class='ocrx_word' id='word_1_809' title='bbox 3368 4157 3423 4204; x_wconf 93' lang='lat' dir='ltr'><strong>et</strong></span> <span class='ocrx_word' id='word_1_810' title='bbox 3442 4147 3571 4217; x_wconf 87' lang='lat' dir='ltr'><strong>prius</strong></span> <span class='ocrx_word' id='word_1_811' title='bbox 3587 4156 3702 4213; x_wconf 74' lang='lat' dir='ltr'><strong>quam</strong></span> <span class='ocrx_word' id='word_1_812' title='bbox 3715 4151 3781 4208; x_wconf 70' lang='grc' dir='ltr'><strong>Ρατ·</strong></span> 
     </span>
    </p>
   </div>
   <div class='ocr_carea' id='block_1_103' title="bbox 2331 4233 3783 4307">
    <p class='ocr_par' dir='ltr' id='par_1_103' title="bbox 2331 4233 3783 4307">
     <span class='ocr_line' id='line_1_103' title="bbox 2331 4233 3783 4307; baseline -0.003 -19"><span class='ocrx_word' id='word_1_813' title='bbox 2331 4242 2517 4301; x_wconf 88' lang='lat' dir='ltr'><strong>caret;</strong></span> <span class='ocrx_word' id='word_1_814' title='bbox 2561 4234 2711 4290; x_wconf 90' lang='lat' dir='ltr'><strong>addis</strong></span> <span class='ocrx_word' id='word_1_815' title='bbox 2754 4236 2871 4307; x_wconf 89' lang='lat' dir='ltr'><strong>ejus</strong></span> <span class='ocrx_word' id='word_1_816' title='bbox 2909 4238 3204 4295; x_wconf 90' lang='lat' dir='ltr'><strong>conditioni</strong></span> <span class='ocrx_word' id='word_1_817' title='bbox 3241 4249 3299 4297; x_wconf 89' lang='lat' dir='ltr'><strong>et</strong></span> <span class='ocrx_word' id='word_1_818' title='bbox 3337 4240 3484 4296; x_wconf 88' lang='lat' dir='ltr'><strong>istam</strong></span> <span class='ocrx_word' id='word_1_819' title='bbox 3515 4233 3783 4296; x_wconf 71' lang='lat' dir='ltr'><strong>miserimisz</strong></span> 
     </span>
    </p>
   </div>
   <div class='ocr_carea' id='block_1_104' title="bbox 2331 4320 3781 4400">
    <p class='ocr_par' dir='ltr' id='par_1_104' title="bbox 2331 4320 3781 4400">
     <span class='ocr_line' id='line_1_104' title="bbox 2331 4320 3781 4400; baseline 0.007 -22"><span class='ocrx_word' id='word_1_820' title='bbox 2331 4324 2549 4394; x_wconf 75' lang='lat' dir='ltr'><strong>Spiritus</strong></span> <span class='ocrx_word' id='word_1_821' title='bbox 2571 4326 2856 4398; x_wconf 88' lang='lat' dir='ltr'><strong>carnisque</strong></span> <span class='ocrx_word' id='word_1_822' title='bbox 2875 4328 3221 4386; x_wconf 88' lang='lat' dir='ltr'><strong>discordiam.</strong></span> <span class='ocrx_word' id='word_1_823' title='bbox 3247 4331 3381 4387; x_wconf 90' lang='lat' dir='ltr'><strong>Cum</strong></span> <span class='ocrx_word' id='word_1_824' title='bbox 3401 4343 3519 4400; x_wconf 82' lang='lat' dir='ltr'><strong>ergo</strong></span> <span class='ocrx_word' id='word_1_825' title='bbox 3537 4335 3600 4381; x_wconf 89' lang='lat' dir='ltr'><strong>tot</strong></span> <span class='ocrx_word' id='word_1_826' title='bbox 3621 4320 3781 4387; x_wconf 61' lang='lat' dir='ltr'><strong>tantistne</strong></span> 
     </span>
    </p>
   </div>
   <div class='ocr_carea' id='block_1_105' title="bbox 2331 4412 3780 4495">
    <p class='ocr_par' dir='ltr' id='par_1_105' title="bbox 2331 4412 3780 4495">
     <span class='ocr_line' id='line_1_105' title="bbox 2331 4412 3780 4495; baseline -0.001 -24"><span class='ocrx_word' id='word_1_827' title='bbox 2331 4416 2628 4471; x_wconf 88' lang='lat' dir='ltr'><strong>rationibus</strong></span> <span class='ocrx_word' id='word_1_828' title='bbox 2671 4417 2840 4474; x_wconf 87' lang='lat' dir='ltr'><strong>Adam</strong></span> <span class='ocrx_word' id='word_1_829' title='bbox 2886 4420 3162 4478; x_wconf 90' lang='lat' dir='ltr'><strong>meliorem</strong></span> <span class='ocrx_word' id='word_1_830' title='bbox 3185 4463 3203 4490; x_wconf 92' lang='lat'><strong>,</strong></span> <span class='ocrx_word' id='word_1_831' title='bbox 3251 4437 3407 4495; x_wconf 88' lang='lat' dir='ltr'><strong>quam</strong></span> <span class='ocrx_word' id='word_1_832' title='bbox 3442 4431 3492 4475; x_wconf 89' lang='lat' dir='ltr'><strong>tu</strong></span> <span class='ocrx_word' id='word_1_833' title='bbox 3513 4433 3614 4474; x_wconf 87' lang='lat' dir='ltr'><strong>eum</strong></span> <span class='ocrx_word' id='word_1_834' title='bbox 3633 4412 3780 4470; x_wconf 61' lang='lat' dir='ltr'><strong>dicuntl</strong></span> 
     </span>
    </p>
   </div>
   <div class='ocr_carea' id='block_1_106' title="bbox 2333 4505 3779 4587">
    <p class='ocr_par' dir='ltr' id='par_1_106' title="bbox 2333 4505 3779 4587">
     <span class='ocr_line' id='line_1_106' title="bbox 2333 4505 3779 4587; baseline 0 -24"><span class='ocrx_word' id='word_1_835' title='bbox 2333 4507 2623 4565; x_wconf 78' lang='lat' dir='ltr'><strong>feliciorem</strong></span> <span class='ocrx_word' id='word_1_836' title='bbox 2668 4512 2939 4568; x_wconf 89' lang='lat' dir='ltr'><strong>conditum</strong></span> <span class='ocrx_word' id='word_1_837' title='bbox 2976 4515 3298 4583; x_wconf 89' lang='lat' dir='ltr'><strong>ostendam;</strong></span> <span class='ocrx_word' id='word_1_838' title='bbox 3343 4514 3460 4587; x_wconf 92' lang='lat' dir='ltr'><strong>quid</strong></span> <span class='ocrx_word' id='word_1_839' title='bbox 3500 4510 3579 4566; x_wconf 89' lang='lat' dir='ltr'><strong>tibi</strong></span> <span class='ocrx_word' id='word_1_840' title='bbox 3611 4505 3779 4561; x_wconf 69' lang='grc' dir='ltr'><strong>νίευηιεεί</strong></span> 
     </span>
    </p>
   </div>
   <div class='ocr_carea' id='block_1_107' title="bbox 2334 4590 3775 4675">
    <p class='ocr_par' dir='ltr' id='par_1_107' title="bbox 2334 4590 3775 4675">
     <span class='ocr_line' id='line_1_107' title="bbox 2334 4590 3775 4675; baseline -0.003 -20"><span class='ocrx_word' id='word_1_841' title='bbox 2334 4609 2478 4656; x_wconf 88' lang='lat' dir='ltr'><strong>tanta</strong></span> <span class='ocrx_word' id='word_1_842' title='bbox 2523 4603 2772 4659; x_wconf 88' lang='lat' dir='ltr'><strong>vecordia</strong></span> <span class='ocrx_word' id='word_1_843' title='bbox 2805 4604 3036 4664; x_wconf 87' lang='lat' dir='ltr'><strong>delirare</strong></span> <span class='ocrx_word' id='word_1_844' title='bbox 3057 4647 3075 4675; x_wconf 95' lang='lat'><strong>,</strong></span> <span class='ocrx_word' id='word_1_845' title='bbox 3114 4617 3174 4662; x_wconf 90' lang='lat' dir='ltr'><strong>ut</strong></span> <span class='ocrx_word' id='word_1_846' title='bbox 3199 4608 3403 4665; x_wconf 85' lang='lat' dir='ltr'><strong>diceres</strong></span> <span class='ocrx_word' id='word_1_847' title='bbox 3421 4647 3436 4672; x_wconf 91' lang='lat'><strong>,</strong></span> <span class='ocrx_word' id='word_1_848' title='bbox 3462 4601 3592 4659; x_wconf 77' lang='lat' dir='ltr'><strong>nullis</strong></span> <span class='ocrx_word' id='word_1_849' title='bbox 3614 4613 3671 4650; x_wconf 81' lang='lat' dir='ltr'><strong>me</strong></span> <span class='ocrx_word' id='word_1_850' title='bbox 3690 4590 3775 4645; x_wconf 65' lang='lat' dir='ltr'><strong>ralit-</strong></span> 
     </span>
    </p>
   </div>
   <div class='ocr_carea' id='block_1_108' title="bbox 2333 4678 3778 4767">
    <p class='ocr_par' dir='ltr' id='par_1_108' title="bbox 2333 4678 3778 4767">
     <span class='ocr_line' id='line_1_108' title="bbox 2333 4678 3778 4767; baseline -0.005 -20"><span class='ocrx_word' id='word_1_851' title='bbox 2333 4694 2479 4749; x_wconf 83' lang='lat' dir='ltr'><strong>nibus</strong></span> <span class='ocrx_word' id='word_1_852' title='bbox 2504 4694 2683 4750; x_wconf 85' lang='lat' dir='ltr'><strong>docere</strong></span> <span class='ocrx_word' id='word_1_853' title='bbox 2710 4713 2855 4767; x_wconf 83' lang='lat' dir='ltr'><strong>posse</strong></span> <span class='ocrx_word' id='word_1_854' title='bbox 2871 4740 2886 4765; x_wconf 92' lang='lat'><strong>,</strong></span> <span class='ocrx_word' id='word_1_855' title='bbox 2914 4699 3078 4753; x_wconf 85' lang='lat' dir='ltr'><strong>Adam</strong></span> <span class='ocrx_word' id='word_1_856' title='bbox 3104 4699 3292 4754; x_wconf 85' lang='lat' dir='ltr'><strong>bonum</strong></span> <span class='ocrx_word' id='word_1_857' title='bbox 3327 4718 3356 4753; x_wconf 91' lang='lat' dir='ltr'><strong>a</strong></span> <span class='ocrx_word' id='word_1_858' title='bbox 3387 4698 3482 4751; x_wconf 72' lang='lat' dir='ltr'><strong>Deo</strong></span> <span class='ocrx_word' id='word_1_859' title='bbox 3505 4691 3717 4754; x_wconf 67' lang='lat' dir='ltr'><strong>conditum,</strong></span> <span class='ocrx_word' id='word_1_860' title='bbox 3735 4678 3778 4733; x_wconf 60' lang='grc' dir='ltr'><em>τά</em></span> 
     </span>
    </p>
   </div>
   <div class='ocr_carea' id='block_1_109' title="bbox 2333 4783 3772 4848">
    <p class='ocr_par' dir='ltr' id='par_1_109' title="bbox 2333 4783 3772 4848">
     <span class='ocr_line' id='line_1_109' title="bbox 2333 4783 3772 4848; baseline -0.003 -9"><span class='ocrx_word' id='word_1_861' title='bbox 2333 4785 2401 4839; x_wconf 85' lang='lat' dir='ltr'><strong>ad</strong></span> <span class='ocrx_word' id='word_1_862' title='bbox 2425 4786 2518 4841; x_wconf 83' lang='lat' dir='ltr'><strong>hoc</strong></span> <span class='ocrx_word' id='word_1_863' title='bbox 2543 4788 2846 4843; x_wconf 84' lang='lat' dir='ltr'><strong>credendum</strong></span> <span class='ocrx_word' id='word_1_864' title='bbox 2874 4791 2984 4845; x_wconf 82' lang='lat' dir='ltr'><strong>sola</strong></span> <span class='ocrx_word' id='word_1_865' title='bbox 3006 4808 3110 4847; x_wconf 84' lang='lat' dir='ltr'><strong>esse</strong></span> <span class='ocrx_word' id='word_1_866' title='bbox 3135 4795 3425 4848; x_wconf 80' lang='lat' dir='ltr'><strong>auctoritate</strong></span> <span class='ocrx_word' id='word_1_867' title='bbox 3448 4783 3633 4844; x_wconf 78' lang='lat' dir='ltr'><strong>lectionis</strong></span> <span class='ocrx_word' id='word_1_868' title='bbox 3652 4784 3772 4832; x_wconf 62' lang='grc' dir='ltr'><strong>ωηιεπ·</strong></span> 
     </span>
    </p>
   </div>
   <div class='ocr_carea' id='block_1_110' title="bbox 2336 4860 3773 4961">
    <p class='ocr_par' dir='ltr' id='par_1_110' title="bbox 2336 4860 3773 4961">
     <span class='ocr_line' id='line_1_110' title="bbox 2336 4860 3773 4961; baseline 0.012 -29"><span class='ocrx_word' id='word_1_869' title='bbox 2336 4886 2440 4932; x_wconf 85' lang='lat' dir='ltr'><strong>tum</strong></span> <span class='ocrx_word' id='word_1_870' title='bbox 2459 4920 2474 4947; x_wconf 94' lang='lat'><strong>,</strong></span> <span class='ocrx_word' id='word_1_871' title='bbox 2509 4880 2629 4950; x_wconf 80' lang='lat' dir='ltr'><strong>quia</strong></span> <span class='ocrx_word' id='word_1_872' title='bbox 2650 4881 2892 4952; x_wconf 85' lang='lat' dir='ltr'><strong>scriptum</strong></span> <span class='ocrx_word' id='word_1_873' title='bbox 2926 4891 2999 4937; x_wconf 83' lang='lat' dir='ltr'><strong>est</strong></span> <span class='ocrx_word' id='word_1_874' title='bbox 3023 4924 3037 4950; x_wconf 93' lang='lat'><strong>,</strong></span> <span class='ocrx_word' id='word_1_875' title='bbox 3070 4885 3247 4953; x_wconf 79' lang='lat' dir='ltr'><strong>fecisse</strong></span> <span class='ocrx_word' id='word_1_876' title='bbox 3278 4883 3429 4938; x_wconf 84' lang='lat' dir='ltr'><strong>Deum</strong></span> <span class='ocrx_word' id='word_1_877' title='bbox 3450 4876 3592 4934; x_wconf 71' lang='grc' dir='ltr'><strong>οηιηία</strong></span> <span class='ocrx_word' id='word_1_878' title='bbox 3613 4873 3705 4961; x_wconf 42' lang='grc' dir='ltr'><strong>θον</strong></span> <span class='ocrx_word' id='word_1_879' title='bbox 3719 4860 3773 4961; x_wconf 45' lang='grc' dir='ltr'><strong>’³Ϋρ</strong></span> 
     </span>
    </p>
   </div>
   <div class='ocr_carea' id='block_1_111' title="bbox 2334 4957 3768 5046">
    <p class='ocr_par' dir='ltr' id='par_1_111' title="bbox 2334 4957 3768 5046">
     <span class='ocr_line' id='line_1_111' title="bbox 2334 4957 3768 5046; baseline -0.003 -23"><span class='ocrx_word' id='word_1_880' title='bbox 2334 4969 2442 5025; x_wconf 85' lang='lat' dir='ltr'><strong>de?</strong></span> <span class='ocrx_word' id='word_1_881' title='bbox 2479 4969 2595 5026; x_wconf 89' lang='lat' dir='ltr'><strong>Non</strong></span> <span class='ocrx_word' id='word_1_882' title='bbox 2639 4986 2805 5042; x_wconf 87' lang='lat' dir='ltr'><strong>usque</strong></span> <span class='ocrx_word' id='word_1_883' title='bbox 2829 4972 2964 5030; x_wconf 90' lang='lat' dir='ltr'><strong>adeo</strong></span> <span class='ocrx_word' id='word_1_884' title='bbox 3002 4989 3119 5030; x_wconf 92' lang='lat' dir='ltr'><strong>sum</strong></span> <span class='ocrx_word' id='word_1_885' title='bbox 3154 4976 3387 5046; x_wconf 87' lang='lat' dir='ltr'><strong>pistillo,</strong></span> <span class='ocrx_word' id='word_1_886' title='bbox 3413 4973 3529 5027; x_wconf 83' lang='lat' dir='ltr'><strong>sicut</strong></span> <span class='ocrx_word' id='word_1_887' title='bbox 3552 4957 3768 5021; x_wconf 53' lang='lat' dir='ltr'><strong>conﬁciam</strong></span> 
     </span>
    </p>
   </div>
   <div class='ocr_carea' id='block_1_112' title="bbox 2336 5046 3772 5139">
    <p class='ocr_par' dir='ltr' id='par_1_112' title="bbox 2336 5046 3772 5139">
     <span class='ocr_line' id='line_1_112' title="bbox 2336 5046 3772 5139; baseline -0.01 -24"><span class='ocrx_word' id='word_1_888' title='bbox 2336 5060 2617 5118; x_wconf 89' lang='lat' dir='ltr'><strong>obtunsior</strong></span> <span class='ocrx_word' id='word_1_889' title='bbox 2660 5063 2892 5135; x_wconf 84' lang='lat' dir='ltr'><strong>(Supra,</strong></span> <span class='ocrx_word' id='word_1_890' title='bbox 2936 5066 3025 5121; x_wconf 85' lang='lat' dir='ltr'><strong>lib.</strong></span> <span class='ocrx_word' id='word_1_891' title='bbox 3066 5066 3161 5139; x_wconf 62' lang='grc'><strong>2,,</strong></span> <span class='ocrx_word' id='word_1_892' title='bbox 3186 5085 3301 5139; x_wconf 87' lang='lat' dir='ltr'><strong>cap.</strong></span> <span class='ocrx_word' id='word_1_893' title='bbox 3337 5065 3452 5137; x_wconf 74' lang='lat' dir='ltr'><strong>ll?)</strong></span> <span class='ocrx_word' id='word_1_894' title='bbox 3475 5106 3488 5131; x_wconf 94' lang='lat'><strong>,</strong></span> <span class='ocrx_word' id='word_1_895' title='bbox 3523 5046 3772 5114; x_wconf 71' lang='lat' dir='ltr'><strong>utllauichto</strong></span> 
     </span>
    </p>
   </div>
   <div class='ocr_carea' id='block_1_113' title="bbox 2334 5144 3767 5229">
    <p class='ocr_par' dir='ltr' id='par_1_113' title="bbox 2334 5144 3767 5229">
     <span class='ocr_line' id='line_1_113' title="bbox 2334 5144 3767 5229; baseline -0.004 -21"><span class='ocrx_word' id='word_1_896' title='bbox 2334 5153 2702 5225; x_wconf 86' lang='lat' dir='ltr'><strong>redarguendo</strong></span> <span class='ocrx_word' id='word_1_897' title='bbox 2757 5157 2879 5212; x_wconf 90' lang='lat' dir='ltr'><strong>libri</strong></span> <span class='ocrx_word' id='word_1_898' title='bbox 2933 5158 3091 5229; x_wconf 87' lang='lat' dir='ltr'><strong>hujus</strong></span> <span class='ocrx_word' id='word_1_899' title='bbox 3147 5161 3307 5216; x_wconf 82' lang='lat' dir='ltr'><strong>divini</strong></span> <span class='ocrx_word' id='word_1_900' title='bbox 3355 5144 3684 5214; x_wconf 79' lang='lat' dir='ltr'><strong>auctoritatem.</strong></span> <span class='ocrx_word' id='word_1_901' title='bbox 3714 5146 3767 5204; x_wconf 69' lang='lat' dir='ltr'><strong>tlua</strong></span> 
     </span>
    </p>
   </div>
   <div class='ocr_carea' id='block_1_114' title="bbox 2336 5233 3769 5323">
    <p class='ocr_par' dir='ltr' id='par_1_114' title="bbox 2336 5233 3769 5323">
     <span class='ocr_line' id='line_1_114' title="bbox 2336 5233 3769 5323; baseline 0.008 -20"><span class='ocrx_word' id='word_1_902' title='bbox 2336 5264 2442 5303; x_wconf 91' lang='lat' dir='ltr'><strong>non</strong></span> <span class='ocrx_word' id='word_1_903' title='bbox 2475 5259 2685 5306; x_wconf 89' lang='lat' dir='ltr'><strong>tenetur</strong></span> <span class='ocrx_word' id='word_1_904' title='bbox 2707 5293 2721 5318; x_wconf 92' lang='lat'><strong>,</strong></span> <span class='ocrx_word' id='word_1_905' title='bbox 2749 5252 3018 5323; x_wconf 90' lang='lat' dir='ltr'><strong>objiciam.</strong></span> <span class='ocrx_word' id='word_1_906' title='bbox 3046 5254 3164 5309; x_wconf 91' lang='lat' dir='ltr'><strong>Tibi</strong></span> <span class='ocrx_word' id='word_1_907' title='bbox 3191 5255 3326 5310; x_wconf 91' lang='lat' dir='ltr'><strong>banc</strong></span> <span class='ocrx_word' id='word_1_908' title='bbox 3348 5249 3537 5322; x_wconf 68' lang='lat' dir='ltr'><strong>objicit).</strong></span> <span class='ocrx_word' id='word_1_909' title='bbox 3561 5233 3769 5323; x_wconf 49' lang='grc' dir='ltr'><strong>αυθηάρτέ</strong></span> 
     </span>
    </p>
   </div>
   <div class='ocr_carea' id='block_1_115' title="bbox 2339 5321 3764 5418">
    <p class='ocr_par' dir='ltr' id='par_1_115' title="bbox 2339 5321 3764 5418">
     <span class='ocr_line' id='line_1_115' title="bbox 2339 5321 3764 5418; baseline -0.02 -6"><span class='ocrx_word' id='word_1_910' title='bbox 2339 5343 2587 5412; x_wconf 72' lang='lat' dir='ltr'><strong>Postulat,</strong></span> <span class='ocrx_word' id='word_1_911' title='bbox 2620 5321 2869 5415; x_wconf 87' lang='lat' dir='ltr'><strong>quoniam</strong></span> <span class='ocrx_word' id='word_1_912' title='bbox 2900 5345 3030 5401; x_wconf 84' lang='lat' dir='ltr'><strong>mihi</strong></span> <span class='ocrx_word' id='word_1_913' title='bbox 3060 5347 3261 5418; x_wconf 89' lang='lat' dir='ltr'><strong>tibique</strong></span> <span class='ocrx_word' id='word_1_914' title='bbox 3287 5321 3548 5403; x_wconf 78' lang='lat' dir='ltr'><strong>communis</strong></span> <span class='ocrx_word' id='word_1_915' title='bbox 3567 5338 3642 5389; x_wconf 81' lang='lat' dir='ltr'><strong>est.</strong></span> <span class='ocrx_word' id='word_1_916' title='bbox 3668 5321 3764 5418; x_wconf 55' lang='grc' dir='ltr'><strong>Ηίληξο</strong></span> 
     </span>
    </p>
   </div>
   <div class='ocr_carea' id='block_1_116' title="bbox 2337 5416 3764 5510">
    <p class='ocr_par' dir='ltr' id='par_1_116' title="bbox 2337 5416 3764 5510">
     <span class='ocr_line' id='line_1_116' title="bbox 2337 5416 3764 5510; baseline -0.003 -21"><span class='ocrx_word' id='word_1_917' title='bbox 2337 5435 2542 5490; x_wconf 80' lang='lat' dir='ltr'><strong>chaeum</strong></span> <span class='ocrx_word' id='word_1_918' title='bbox 2564 5451 2693 5492; x_wconf 91' lang='lat' dir='ltr'><strong>vero</strong></span> <span class='ocrx_word' id='word_1_919' title='bbox 2718 5452 2824 5493; x_wconf 90' lang='lat' dir='ltr'><strong>non</strong></span> <span class='ocrx_word' id='word_1_920' title='bbox 2854 5437 2920 5494; x_wconf 90' lang='lat' dir='ltr'><strong>de</strong></span> <span class='ocrx_word' id='word_1_921' title='bbox 2957 5416 3190 5510; x_wconf 72' lang='lat' dir='ltr'><strong>opificio</strong></span> <span class='ocrx_word' id='word_1_922' title='bbox 3219 5439 3331 5504; x_wconf 90' lang='lat' dir='ltr'><strong>Dei,</strong></span> <span class='ocrx_word' id='word_1_923' title='bbox 3380 5430 3501 5507; x_wconf 90' lang='lat' dir='ltr'><strong>quod</strong></span> <span class='ocrx_word' id='word_1_924' title='bbox 3547 5427 3631 5496; x_wconf 73' lang='lat' dir='ltr'><strong>ipse</strong></span> <span class='ocrx_word' id='word_1_925' title='bbox 3660 5416 3764 5481; x_wconf 58' lang='lat' dir='ltr'><strong>&quot;ei&quot;</strong></span> 
     </span>
    </p>
   </div>
   <div class='ocr_carea' id='block_1_117' title="bbox 2339 5509 3758 5612">
    <p class='ocr_par' dir='ltr' id='par_1_117' title="bbox 2339 5509 3758 5612">
     <span class='ocr_line' id='line_1_117' title="bbox 2339 5509 3758 5612; baseline 0.013 -31"><span class='ocrx_word' id='word_1_926' title='bbox 2339 5538 2611 5584; x_wconf 87' lang='lat' dir='ltr'><strong>creaturas</strong></span> <span class='ocrx_word' id='word_1_927' title='bbox 2637 5528 2767 5585; x_wconf 86' lang='lat' dir='ltr'><strong>istas</strong></span> <span class='ocrx_word' id='word_1_928' title='bbox 2792 5532 2960 5587; x_wconf 91' lang='lat' dir='ltr'><strong>bonas</strong></span> <span class='ocrx_word' id='word_1_929' title='bbox 2995 5509 3120 5589; x_wconf 84' lang='lat' dir='ltr'><strong>esse</strong></span> <span class='ocrx_word' id='word_1_930' title='bbox 3160 5533 3438 5592; x_wconf 80' lang='lat' dir='ltr'><strong>convinco;</strong></span> <span class='ocrx_word' id='word_1_931' title='bbox 3464 5521 3540 5581; x_wconf 63' lang='lat' dir='ltr'><strong>59d</strong></span> <span class='ocrx_word' id='word_1_932' title='bbox 3561 5518 3611 5573; x_wconf 68' lang='lat' dir='ltr'><strong>de</strong></span> <span class='ocrx_word' id='word_1_933' title='bbox 3631 5509 3758 5612; x_wconf 32' lang='lat' dir='ltr'><strong>&quot;Te:</strong></span> 
     </span>
    </p>
   </div>
   <div class='ocr_carea' id='block_1_118' title="bbox 2341 5598 3758 5695">
    <p class='ocr_par' dir='ltr' id='par_1_118' title="bbox 2341 5598 3758 5695">
     <span class='ocr_line' id='line_1_118' title="bbox 2341 5598 3758 5695; baseline 0.006 -21"><span class='ocrx_word' id='word_1_934' title='bbox 2341 5620 2577 5677; x_wconf 88' lang='lat' dir='ltr'><strong>bonitate</strong></span> <span class='ocrx_word' id='word_1_935' title='bbox 2606 5623 2780 5691; x_wconf 89' lang='lat' dir='ltr'><strong>potius</strong></span> <span class='ocrx_word' id='word_1_936' title='bbox 2801 5625 3084 5695; x_wconf 87' lang='lat' dir='ltr'><strong>compello,</strong></span> <span class='ocrx_word' id='word_1_937' title='bbox 3109 5626 3305 5683; x_wconf 92' lang='lat' dir='ltr'><strong>bonum</strong></span> <span class='ocrx_word' id='word_1_938' title='bbox 3329 5638 3410 5680; x_wconf 89' lang='lat' dir='ltr'><strong>eas</strong></span> <span class='ocrx_word' id='word_1_939' title='bbox 3435 5617 3590 5674; x_wconf 70' lang='lat' dir='ltr'><strong>habere</strong></span> <span class='ocrx_word' id='word_1_940' title='bbox 3607 5598 3758 5695; x_wconf 47' lang='lat' dir='ltr'><strong>0P“le</strong></span> 
     </span>
    </p>
   </div>
   <div class='ocr_carea' id='block_1_119' title="bbox 2340 5691 3757 5798">
    <p class='ocr_par' dir='ltr' id='par_1_119' title="bbox 2340 5691 3757 5798">
     <span class='ocr_line' id='line_1_119' title="bbox 2340 5691 3757 5798; baseline -0.001 -30"><span class='ocrx_word' id='word_1_941' title='bbox 2340 5712 2603 5770; x_wconf 83' lang='lat' dir='ltr'><strong>confiteri.</strong></span> <span class='ocrx_word' id='word_1_942' title='bbox 2628 5716 2779 5784; x_wconf 91' lang='lat' dir='ltr'><strong>Quod</strong></span> <span class='ocrx_word' id='word_1_943' title='bbox 2808 5691 2981 5774; x_wconf 74' lang='lat' dir='ltr'><strong>autem</strong></span> <span class='ocrx_word' id='word_1_944' title='bbox 3008 5691 3082 5774; x_wconf 86' lang='lat' dir='ltr'><strong>ait</strong></span> <span class='ocrx_word' id='word_1_945' title='bbox 3124 5721 3414 5790; x_wconf 87' lang='lat' dir='ltr'><strong>Apostolus,</strong></span> <span class='ocrx_word' id='word_1_946' title='bbox 3437 5722 3563 5785; x_wconf 80' lang='lat' dir='ltr'><strong>queat</strong></span> 
     </span>
    </p>
   </div>
   <div class='ocr_carea' id='block_1_120' title="bbox 2340 5785 3757 5880">
    <p class='ocr_par' dir='ltr' id='par_1_120' title="bbox 2340 5785 3757 5880">
     <span class='ocr_line' id='line_1_120' title="bbox 2340 5785 3757 5880; baseline -0.008 -18"><span class='ocrx_word' id='word_1_947' title='bbox 2340 5805 2476 5862; x_wconf 68' lang='lat' dir='ltr'><strong>chaei</strong></span> <span class='ocrx_word' id='word_1_948' title='bbox 2503 5807 2747 5879; x_wconf 85' lang='lat' dir='ltr'><strong>accipere</strong></span> <span class='ocrx_word' id='word_1_949' title='bbox 2792 5810 3125 5880; x_wconf 79' lang='lat' dir='ltr'><strong>profitentur,</strong></span> <span class='ocrx_word' id='word_1_950' title='bbox 3162 5785 3337 5869; x_wconf 66' lang='lat' dir='ltr'><strong>Omnis</strong></span> <span class='ocrx_word' id='word_1_951' title='bbox 3379 5815 3562 5867; x_wconf 76' lang='lat' dir='ltr'><strong>creatura</strong></span> <span class='ocrx_word' id='word_1_952' title='bbox 3592 5788 3658 5846; x_wconf 64' lang='lat' dir='ltr'><strong>0d</strong></span> 
     </span>
    </p>
   </div>
   <div class='ocr_carea' id='block_1_121' title="bbox 2347 5875 3750 5981">
    <p class='ocr_par' dir='ltr' id='par_1_121' title="bbox 2347 5875 3750 5981">
     <span class='ocr_line' id='line_1_121' title="bbox 2347 5875 3750 5981; baseline 0.007 -24"><span class='ocrx_word' id='word_1_953' title='bbox 2347 5908 2457 5969; x_wconf 75' lang='lat' dir='ltr'><strong>est;</strong></span> <span class='ocrx_word' id='word_1_954' title='bbox 2479 5875 2729 5971; x_wconf 78' lang='lat' dir='ltr'><strong>quoniam</strong></span> <span class='ocrx_word' id='word_1_955' title='bbox 2755 5875 2824 5959; x_wconf 78' lang='lat' dir='ltr'><strong>de</strong></span> <span class='ocrx_word' id='word_1_956' title='bbox 2845 5919 2945 5976; x_wconf 88' lang='lat' dir='ltr'><strong>qua</strong></span> <span class='ocrx_word' id='word_1_957' title='bbox 2968 5875 3215 5964; x_wconf 80' lang='lat' dir='ltr'><strong>creatura</strong></span> <span class='ocrx_word' id='word_1_958' title='bbox 3229 5907 3501 5981; x_wconf 82' lang='lat' dir='ltr'><strong>loqueretur</strong></span> <span class='ocrx_word' id='word_1_959' title='bbox 3510 5890 3680 5966; x_wconf 55' lang='lat' dir='ltr'><strong>almum</strong></span> <span class='ocrx_word' id='word_1_960' title='bbox 3693 5875 3750 5928; x_wconf 53' lang='grc'><strong>⁸⁵⁸</strong></span> 
     </span>
    </p>
   </div>
  </div>
