4070 6498
220 339 249 396 1
262 341 364 398 557

218 451 454 506 validum
495 458 639 507 esset
661 450 915 508 adversus
946 464 1042 507 eos
1084 450 1466 520 testimonium,
1509 452 1613 508 nisi
1650 453 1810 509 etiam

221 540 400 599 Libris
450 542 745 610 canonicis,
802 556 937 613 quos
987 542 1297 614 accipiunt,
1347 542 1603 615 quasdam
1654 544 1814 600 falsas

219 634 515 690 sententias
552 634 845 704 permixtas
873 647 995 690 esse
1021 633 1427 691 contenderent.
1456 637 1534 691 Ac
1582 651 1678 706 per
1712 635 1815 692 hoc

218 725 286 782 de
310 725 549 781 bonitate
576 735 939 780 creaturarum
963 740 1177 796 semper
1205 735 1329 781 sunt
1366 726 1611 797 urgendi,
1637 736 1693 781 ut
1717 742 1812 782 ea-

217 833 335 873 rum
362 818 562 873 bonum
592 818 780 884 Deum,
808 818 954 889 quod
975 828 1190 890 negant,
1222 817 1489 874 fateantur
1512 827 1808 875 auctorem.

221 910 390 966 Porro
405 919 666 964 creatura:
695 924 882 964 omnes
908 910 980 964 ita
1010 922 1133 964 sunt
1156 910 1332 977 bonae,
1364 914 1605 965 utetiam
1647 910 1808 981 ipsas,

219 1016 335 1070 qua:
368 1016 489 1055 cum
509 1000 651 1054 vitiis
677 1011 949 1066 creantur,
972 1001 1110 1055 ratio
1132 1000 1300 1055 bonas
1320 1016 1439 1057 esse
1454 1000 1806 1068 demonstret,

218 1092 453 1162 ipsorum
496 1106 711 1161 quoque
746 1090 1087 1146 attestatione
1119 1091 1411 1158 vitiorum;
1462 1093 1583 1162 quia
1623 1092 1809 1147 vitium

214 1193 394 1239 contra
424 1193 667 1238 naturam
690 1191 774 1238 est
805 1200 819 1237 :
849 1183 946 1239 nisi
970 1184 1112 1238 enim
1149 1194 1335 1238 natura
1370 1183 1484 1254 ipsa
1525 1193 1670 1239 recte
1699 1184 1814 1254 pla-

212 1285 377 1342 ceret,
407 1276 553 1332 nullo
581 1276 741 1332 modo
763 1285 905 1332 recte
929 1277 1097 1347 ipsius
1114 1277 1298 1332 vitium
1325 1276 1659 1347 diSpIiceret.
1698 1277 1812 1333 Hoc

215 1380 396 1425 contra
418 1370 763 1438 Manichmos,
794 1371 883 1441 qui
910 1380 1097 1440 putant
1139 1371 1302 1426 etiam
1339 1371 1451 1441 ipsa
1487 1370 1613 1449 vitia
1655 1379 1810 1425 natu-

212 1478 301 1520 ras
350 1479 471 1519 esse
522 1472 682 1534 atque
732 1464 1094 1532 substantias,
1143 1464 1197 1518 in
1242 1463 1576 1537 quibusdam.
1610 1465 1809 1520 nostris

214 1556 482 1627 Opnsculis
511 1557 780 1627 copiosius
818 1556 1137 1626 disputatur,
1175 1556 1577 1627 ostenditurque
1623 1555 1805 1611 vitium

212 1656 398 1704 natura
439 1663 546 1703 non
585 1662 745 1714 esse;
786 1658 841 1703 et
864 1647 987 1718 quia
1017 1657 1200 1702 contra
1242 1656 1486 1701 naturam
1539 1655 1639 1712 est,
1687 1645 1807 1702 ideo

212 1741 408 1797 malum
439 1756 594 1807 esse;
629 1755 693 1795 ac
722 1756 818 1811 per
847 1740 949 1796 hoc
977 1749 1225 1795 naturam
1255 1740 1306 1794 in
1332 1748 1588 1810 quantum
1618 1748 1806 1794 natura

212 1841 313 1900 est,
338 1833 537 1888 bonum
557 1846 678 1887 esse
708 1849 722 1885 :
760 1831 900 1886 unde
924 1832 1205 1901 colligitur,
1234 1846 1341 1885 non
1363 1844 1482 1886 esse
1506 1841 1803 1886 creatorem

209 1932 519 1980 naturarum
559 1924 661 1980 nisi
690 1932 987 1979 creatorem
1018 1924 1305 1988 bonorum,
1350 1938 1413 1978 ac
1441 1938 1537 1993 per
1573 1922 1675 1979 hoc
1706 1923 1805 1978 bo-

210 2033 373 2084 num;
408 2018 500 2073 sed
529 2017 790 2073 creaturis
824 2017 935 2073 suis
964 2032 1153 2088 magna
1185 2015 1481 2072 differentia
1509 2025 1563 2071 et
1596 2031 1804 2071 summa

206 2111 448 2167 bonitate
476 2110 780 2176 meliorem,
807 2108 1020 2180 quinon
1049 2118 1222 2179 potest
1241 2109 1460 2163 omnino
1479 2108 1673 2175 vitiari,
1698 2124 1802 2164 non

206 2202 554 2273 perceptione
581 2202 768 2272 gratiae
793 2201 833 2267 ³,
864 2200 959 2256 sed
988 2201 1317 2272 proprietate
1345 2211 1568 2255 naturae.
1591 2200 1805 2258 Naturae

206 2295 370 2366 igitur
396 2304 611 2360 creatae,
642 2294 756 2349 sive
781 2308 899 2364 quae
926 2293 1042 2347 sine
1070 2293 1199 2347 vitio
1240 2301 1383 2359 sunt,
1416 2292 1534 2345 sive
1558 2307 1678 2362 quae
1705 2306 1803 2345 na-

206 2394 278 2441 ta:
301 2387 578 2451 vitiantur,
606 2386 722 2441 sive
750 2400 871 2456 qua:
898 2385 1096 2439 vitiata:
1123 2394 1445 2450 nascuntur,
1474 2383 1620 2438 illum
1650 2399 1802 2440 crea-

204 2486 378 2533 torem
408 2478 508 2532 nisi
539 2493 662 2533 eum
684 2479 705 2510 ²
735 2477 827 2548 qui
856 2476 1174 2540 bonacreat,
1191 2477 1389 2532 habere
1411 2490 1517 2531 non
1542 2486 1800 2547 possunt;

202 2571 327 2641 quia
356 2570 409 2625 in
430 2580 685 2641 quantum
716 2577 922 2624 natura:
943 2578 1086 2631 sunt,
1114 2569 1266 2623 bona:
1291 2576 1437 2633 sunt,
1467 2568 1630 2623 etiam
1651 2584 1801 2640 quae-

201 2677 435 2733 cumque
460 2662 657 2717 vitiatae
676 2671 821 2716 sunt.
842 2661 960 2717 Non
986 2661 1127 2716 enim
1160 2662 1430 2728 vitiorum,
1453 2661 1546 2717 sed
1582 2668 1802 2716 natura-

201 2768 327 2809 rum
354 2762 544 2809 auctor
566 2763 669 2819 est,
697 2761 909 2808 creator
935 2753 1164 2807 illarum.
1188 2751 1319 2806 Nam
1358 2761 1414 2807 et
1456 2761 1643 2808 auctor
1686 2752 1802 2822 ipse

199 2844 459 2899 vitiorum
490 2852 680 2899 natura
711 2843 883 2915 bonus
908 2852 1011 2910 est,
1044 2859 1202 2915 quam
1237 2843 1375 2899 Deus
1401 2843 1561 2907 fecit;
1602 2844 1696 2900 sed
1723 2843 1806 2898 vi-

202 2936 282 2991 tio
311 2935 484 2990 malus
507 2944 610 3001 est,
642 2951 749 3006 quo
773 2913 888 3006 ipse
922 2950 950 2989 a
975 2913 1119 2991 bene
1144 2935 1423 2992 conditore
1448 2936 1584 2991 mala
1615 2936 1805 2990 volun-

200 3034 316 3081 tate
340 3026 556 3082 defecit.
599 3025 781 3097 Itaque
808 3025 1227 3081 Manichaeorum
1258 3040 1496 3082 errorem
1535 3027 1673 3082 ratio
1701 3026 1802 3081 ista

197 3133 331 3175 vera
363 3118 654 3186 convincit,
677 3120 766 3190 qui
795 3118 983 3174 nolunt
1007 3119 1249 3190 recipere
1277 3119 1664 3184 auctoritatem,
1689 3119 1809 3174 sive

196 3227 308 3283 qua
331 3211 532 3267 dictum
563 3220 666 3278 est,
699 3210 844 3265 Fecit
870 3211 1008 3267 Deus
1032 3212 1222 3277 omnia,
1251 3220 1299 3266 et
1325 3229 1437 3268 ecce
1456 3212 1590 3267 bona
1615 3213 1763 3267 valde
1781 3255 1797 3281 ,

199 3303 419 3375 quando
449 3303 623 3359 adhuc
647 3303 850 3359 nullum
877 3313 994 3359 erat
1025 3305 1224 3360 malum
1257 3306 1418 3369 ;'sive
1454 3320 1557 3377 qua
1598 3305 1799 3361 dictum

194 3404 307 3465 est,
334 3393 513 3450 Omnia
537 3404 768 3450 creatura
784 3394 881 3450 Dei
905 3395 1036 3449 bona
1055 3404 1150 3462 est,
1177 3396 1390 3464 quando
1423 3396 1534 3467 jam
1556 3407 1673 3451 erat
1700 3398 1801 3452 hoc

195 3488 456 3543 sazculum
481 3488 703 3555 malum,
734 3502 858 3542 cum
885 3487 1028 3541 Deus
1051 3488 1121 3540 sit
1156 3486 1342 3556 utique
1364 3486 1531 3541 factor
1544 3488 1794 3541 omnium

194 3578 539 3635 saeculorum.
564 3579 643 3633 Tu
671 3586 875 3643 autem,
903 3576 992 3647 qui
1023 3575 1160 3630 hanc
1199 3576 1396 3646 recipis
1423 3577 1797 3631 auctoritatem

194 3670 503 3727 divinorum
528 3671 888 3741 elequiorum,
919 3679 978 3725 ut
1021 3684 1083 3725 ea
1126 3669 1321 3724 merito
1370 3669 1541 3739 possis
1596 3670 1794 3740 urgeri,

192 3779 297 3819 cur
323 3779 428 3820 non
450 3763 685 3819 attendis
714 3764 767 3818 in
795 3777 861 3817 eo
887 3763 1045 3827 libro,
1071 3761 1159 3816 ubi
1190 3762 1384 3831 legitur
1408 3762 1576 3817 Deum
1606 3761 1798 3818 fecisse

192 3856 378 3913 omnia
433 3856 573 3913 bona
618 3855 818 3921 valde,
867 3855 1108 3911 omnium
1164 3854 1402 3909 locorum
1457 3856 1715 3924 optimum
1775 3853 1797 3886 ³

193 3949 492 4019 plantatnm
519 3963 640 4005 esse
666 3946 996 4019 paradisum,
1024 3946 1114 4002 ubi
1141 3946 1283 4002 Deus
1308 3961 1474 4017 usque
1503 3946 1640 4002 adeo
1666 3946 1797 4002 nihil

194 4038 326 4094 mali
357 4054 477 4096 esse
498 4039 684 4105 voluit,
714 4048 772 4095 ut
798 4055 900 4096 nec
928 4040 1213 4110 imaginem
1236 4054 1387 4095 suam
1420 4039 1490 4094 ibi
1521 4053 1641 4095 esse
1675 4055 1798 4109 per-

192 4132 455 4199 mitteret,
476 4141 824 4203 posteaquam
850 4133 1060 4202 pr0pria
1082 4132 1356 4187 voluntate
1377 4132 1619 4202 peccavit
1639 4130 1792 4202 (Gen.

194 4237 256 4288 ιι,
290 4221 356 4289 8;
382 4238 459 4288 111,
479 4222 570 4289 23,
597 4223 732 4294 24)?
774 4222 844 4277 Et
890 4231 1067 4278 tamen
1098 4238 1194 4279 vos
1236 4224 1287 4278 in
1321 4232 1482 4278 tantae
1516 4223 1795 4280 felicitatis

193 4323 253 4371 ct
282 4314 491 4369 decoris
520 4315 718 4379 locum,
747 4313 835 4368 ubi
885 4329 987 4369 nec
1027 4315 1176 4385 ligni,
1209 4330 1309 4370 nec
1352 4315 1482 4382 feni,
1508 4330 1606 4371 nec
1626 4315 1791 4385 pomi,

194 4420 303 4461 nec
329 4404 645 4474 cujusquam
672 4403 756 4457 vel
780 4401 947 4471 frugis
964 4402 1050 4458 vel
1075 4405 1283 4473 pecoris
1329 4406 1515 4459 vitium
1543 4420 1663 4460 esse
1695 4419 1794 4475 po-

194 4497 371 4551 tuisse
414 4495 499 4548 vel
533 4508 692 4563 posse
734 4492 1059 4548 credendum
1087 4501 1189 4557 est,
1229 4494 1408 4547 omnia
1438 4493 1793 4549 humanorum

191 4598 486 4655 corporum
517 4593 573 4639 et
593 4582 928 4654 ingeniorum
951 4584 1078 4638 vitia
1108 4599 1212 4640 non
1233 4583 1488 4638 dubitatis
1514 4584 1791 4649 inducere,

187 4692 320 4734 cum
347 4676 540 4747 quibus
568 4674 815 4730 homines
847 4674 1015 4737 nasci,
1048 4674 1233 4729 dolere
1265 4688 1364 4729 vos
1403 4674 1649 4737 sinimus,
1687 4688 1817 4729 non'

188 4784 414 4840 negare.
445 4767 678 4827 Necesse
705 4774 789 4822 est
808 4766 950 4822 enim
965 4775 1024 4821 ut
1042 4765 1288 4832 deleatis,
1319 4764 1531 4835 quando
1555 4765 1682 4836 quid
1708 4782 1796 4821 re-

186 4861 508 4933 spondeatis
535 4876 642 4934 non
672 4859 954 4926 invenitis,
988 4866 1045 4914 et
1088 4867 1195 4914 tam
1226 4873 1441 4928 pravam
1469 4859 1792 4914 sententiam

187 4962 406 5008 mutare
436 4967 543 5007 non
584 4951 764 5017 vultis,
816 4964 936 5021 quae
989 4963 1087 5005 ves
1141 4947 1432 5003 inevitabili
1476 4950 1794 5004 necessitate

185 5045 471 5115 compellit
497 5044 552 5099 in
578 5044 698 5099 loco
729 5050 890 5098 tantm
915 5040 1262 5097 beatitudinis
1301 5048 1356 5094 et
1380 5038 1792 5109 pulchritudinis

183 5138 525 5193 constituere
574 5149 769 5201 caecos,
824 5133 1022 5197 luscos,
1077 5131 1273 5202 lippos,
1328 5130 1544 5197 surdos,
1591 5140 1789 5198 mutos,

179 5228 417 5288 claudos
441 5227 485 5297 δ,
506 5227 791 5293 deformes,
815 5216 1090 5292 distortos,
1124 5224 1381 5292 tineosos,
1411 5225 1674 5295 leprosos,
1699 5239 1793 5294 pa-

182 5322 470 5394 ralyticos,
492 5319 825 5391 epilepticos,
857 5326 912 5373 et
930 5317 1051 5372 aliis
1071 5315 1303 5372 diversis
1326 5316 1618 5385 generibus
1636 5316 1794 5371 vitio-

182 5428 305 5479 sos,
332 5422 496 5484 atque
512 5409 793 5482 aliquando
812 5410 974 5465 etiam
993 5409 1152 5464 nimia
1178 5407 1423 5466 fmditate
1449 5419 1505 5466 et
1523 5408 1793 5466 membro-

254 5569 276 5602 ι
314 5573 463 5618 vetus
484 5563 804 5629 eodex_clar.,
827 5564 1162 5629 praeceptione.

252 5632 279 5665 ε
310 5632 387 5682 sic
421 5628 586 5690 Morel,
612 5627 765 5678 Elem.
806 5626 941 5688 Crit.,
972 5626 1023 5690 ι).
1065 5627 1179 5689 519,
1209 5626 1363 5679 ultum
1396 5634 1664 5682 creatorem
1695 5629 1794 5683 nisi

174 5706 322 5751 cum.
387 5700 446 5742 lt.

255 5758 280 5828 ξ
309 5755 472 5828 codex
497 5759 645 5828 non,
668 5750 862 5828 optimo.

248 5820 277 5856 ι
306 5818 572 5886 Sequenda
584 5811 675 5867 sex
698 5811 933 5865 vocabula
948 5813 1044 5864 huc
1057 5826 1343 5867 revocamus
1360 5830 1421 5869 ex
1438 5819 1788 5884 manuscriptis.

1610 336 1815 396 LIBER
1853 335 2143 400 SEXTUS.

2596 389 2607 397 .
2663 389 2692 402 η
2771 390 2805 403 .,
2978 403 2997 409 Α,
3366 361 3506 420 1533

2590 415 2608 427 θ’
2686 389 2968 443 σοι)..4,-Α

1921 470 2039 510 rum
2071 457 2311 516 horribili
2340 462 2573 521 novitate
2612 474 3002 527 monstruoses.
3045 469 3182 541 Quid
3225 473 3397 532 dicam
3438 480 3509 536 de

1918 548 2061 604 vitiis
2108 551 2429 621 animorum,
2462 557 2654 628 quibus
2693 570 2815 616 sunt
2842 563 3055 633 quidam
3103 548 3291 624 natura
3333 569 3509 626 libidi-

1917 641 2056 709 nosi,
2088 643 2304 714 quidam
2348 648 2607 718 iracundi,
2654 653 2868 723 quidam
2922 658 3241 729 meticulosi,
3291 662 3505 732 quidam

1916 733 2183 825 obliviosi,
2211 739 2423 807 quidam
2453 742 2803 812 tardicordes,
2826 748 3045 817 quidam
3067 753 3325 809 excordes
3349 764 3508 825 atque

1916 823 1989 879 ita
2033 822 2185 893 fatui,
2216 837 2272 882 ut
2302 830 2455 885 malit
2483 831 2646 904 homo
2676 850 2797 891 eum
2842 839 3155 908 quibusdam
3206 822 3523 913 pecoribus;

1915 929 2074 985 quam
2104 932 2225 972 cum
2280 919 2475 978 talibus
2505 923 2804 984 hominibus
2852 930 3069 987 vivere?
3096 934 3246 989 Adde
3282 939 3508 1004 gemitus

1916 1007 2259 1077 parientium,
2304 1011 2565 1085 ﬂetusque
2613 1023 2967 1088 nascentium,
3005 1026 3272 1082 cruciatus
3322 1028 3508 1084 dolen-

1914 1100 2044 1155 tium
2070 1142 2086 1168 ,
2115 1102 2476 1173 languentium
2504 1106 2716 1165 labores
2738 1153 2752 1175 ,
2785 1120 3049 1168 tormenta
3080 1117 3243 1172 multa
3277 1121 3509 1174 morien-

1913 1194 2069 1256 tium,
2098 1201 2151 1247 et
2179 1194 2413 1262 pericula
2437 1197 2603 1252 multo
2628 1200 2778 1269 plura
2808 1203 3117 1260 viventium.
3152 1208 3277 1263 Haec
3306 1212 3501 1270 omnia.

1913 1290 2074 1353 atque
2102 1283 2204 1337 alia
2238 1286 2381 1351 talia,
2416 1287 2529 1343 sive
2552 1289 2753 1360 pejora,
2777 1308 2898 1363 qua:
2919 1297 3097 1351 verbis
3125 1300 3375 1369 congruis
3404 1302 3505 1353 Sal-

1914 1380 2021 1427 tem
2064 1373 2301 1429 breviter
2342 1392 2769 1437 commemorare
2802 1385 2921 1453 quis
2946 1386 3180 1442 sufficit?
3210 1391 3504 1445 secundum

1910 1478 2148 1519 errorem
2175 1476 2430 1534 vestrum,
2454 1470 2548 1524 sed
2573 1470 2729 1540 plane
2753 1483 2938 1530 contra
2964 1478 3216 1547 pudorem
3241 1494 3496 1546 vestrum,

1910 1566 2000 1611 aut
2027 1557 2202 1614 fronte
2230 1561 2643 1630 improbissima,
2671 1575 2763 1621 aut
2790 1584 2952 1626 manu
2970 1569 3129 1626 fronti
3154 1575 3421 1643 Opposita,
3451 1592 3504 1631 1n

1910 1648 2003 1703 Dei
2035 1651 2279 1720 paradiso
2307 1653 2555 1722 cogimini
2592 1656 2890 1727 collocare,
2937 1672 2993 1716 et
3015 1662 3196 1720 dicere
3241 1665 3416 1721 futura
3447 1676 3505 1724 et

1909 1740 1979 1795 ibi
2009 1740 2123 1797 hmc
2144 1742 2329 1810 fuisse,
2358 1745 2565 1800 etiamsi
2591 1764 2749 1803 nemo
2771 1762 3069 1821 peccasset.
3092 1754 3284 1822 Dicite,
3303 1757 3463 1814 dicite
3488 1775 3503 1813 :

1908 1846 2005 1886 cur
2029 1833 2172 1887 enim
2198 1836 2546 1891 revereamini
2573 1837 2932 1898 dehonestare
2966 1852 3043 1898 tot
3070 1860 3135 1900 ac
3171 1848 3331 1902 tantis
3364 1848 3507 1904 vitiis

1908 1931 1962 1978 et
1984 1923 2375 1979 calamitatibus
2399 1927 2597 1994 locum,
2622 1944 2781 1999 quem
2812 1932 3017 1988 nefario
3037 1934 3289 2005 dogmate
3304 1954 3334 1992 a
3356 1939 3507 1994 vobis

1908 2012 2079 2070 facitis
2107 2017 2337 2070 alienum
2360 2016 2382 2070 ?
2403 2016 2536 2071 Nam
2563 2020 2607 2073 si
2634 2020 2919 2090 aliquando
2946 2024 3072 2079 illuc
3098 2025 3300 2083 intrare
3322 2029 3504 2099 dispo-

1908 2107 2126 2169 neretis,
2157 2123 2429 2178 nunquam
2458 2109 2566 2164 illic
2595 2111 2716 2165 talia
2770 2116 3064 2182 poneretis.
3118 2119 3227 2173 Aut
3265 2120 3310 2174 si
3339 2122 3506 2177 vincit

1908 2197 2085 2267 pudor
2110 2200 2165 2253 in
2195 2200 2447 2255 cordibus
2471 2203 2685 2267 vestris,
2721 2212 2776 2259 et
2803 2204 2855 2260 in
2882 2205 3005 2261 loco
3034 2209 3123 2262 tali
3157 2209 3279 2265 talia
3306 2214 3506 2268 consti-

1908 2297 2059 2345 tuere
2082 2290 2415 2359 erubescitis,
2440 2292 2769 2361 herrescitis,
2804 2297 3171 2357 obmutescitis
3198 2343 3213 2369 ,
3244 2310 3301 2359 et
3324 2313 3503 2362 tamen

1908 2382 2078 2436 errori
2102 2392 2300 2450 vestro,
2330 2398 2436 2454 quo
2480 2401 2587 2439 non
2633 2388 2851 2443 creditis
2905 2389 3192 2447 humanam
3245 2406 3491 2452 naturam

1906 2476 2062 2545 primi
2114 2476 2345 2532 heminis
2384 2481 2819 2547 prtevaricatione
2865 2486 3101 2542 vitiatam
3152 2492 3493 2558 pertinaciter

1905 2569 2270 2626 adhaerescitis
2292 2588 2306 2638 ;
2332 2575 2653 2644 respondete
2674 2576 2979 2634 Manichmis
3000 2580 3140 2636 unde
3159 2582 3266 2637 sint
3287 2582 3412 2652 ista,
3435 2599 3504 2640 ne

1906 2662 1983 2717 illi
2009 2678 2070 2717 ea
2101 2663 2170 2721 de
2194 2667 2577 2722 commixtione
2615 2668 2804 2724 alienae
2843 2671 3103 2742 malaeque
3146 2684 3351 2731 natura:
3383 2691 3505 2733 esse

1906 2756 2247 2811 concludant.
2281 2761 2323 2812 A
2356 2757 2509 2813 nobis
2558 2761 2700 2814 enim
2740 2777 2860 2816 cum
2910 2761 3010 2819 boc
3060 2768 3367 2837 requiritur,
3416 2784 3506 2824 re-

1906 2847 2233 2917 spendemus
2263 2863 2369 2904 non
2397 2849 2513 2906 haec
2541 2868 2662 2908 esse
2682 2852 2751 2908 de
2781 2855 3142 2924 permixtione
3167 2858 3375 2926 alienae,
3408 2859 3505 2916 sed

1905 2937 1974 2993 de
2004 2947 2203 2993 nostrae
2254 2941 2693 3009 praevaricatione
2731 2954 2957 3014 naturae,
3012 2962 3109 3016 per
3151 2964 3272 3003 eum
3312 2950 3402 3019 qui
3442 2951 3498 3004 in

1906 3031 2154 3101 paradiso
2203 3031 2461 3102 dejectus,
2512 3047 2566 3091 et
2594 3036 2662 3091 de
2690 3037 2939 3108 paradiso
2968 3038 3174 3108 ejectus
3200 3048 3304 3107 est,
3344 3056 3412 3095 ne
3442 3041 3495 3095 in

1905 3122 2024 3179 loco
2041 3124 2385 3181 beatitudinis
2413 3139 2657 3184 maneret
2683 3140 2869 3184 natura
2899 3130 3169 3198 damnata,
3197 3142 3252 3187 et
3272 3133 3397 3187 vitia
3414 3133 3501 3189 vel

1904 3217 2183 3287 supplicia,
2215 3234 2334 3288 qua:
2359 3230 2600 3291 posteros
2623 3221 2740 3288 cjus
2770 3222 2962 3276 merito
2989 3221 3201 3277 fuerant
3228 3234 3500 3290 secutura,

1905 3308 1957 3363 in
1983 3324 2049 3364 eo
2078 3311 2196 3366 loco
2220 3323 2399 3367 essent
2419 3354 2435 3378 ,
2466 3313 2554 3367 ubi
2583 3314 2725 3366 nulla
2760 3328 2882 3370 esse
2922 3313 3171 3368 sinuntur
3195 3316 3354 3371 mala.
3399 3315 3501 3370 Vos

1903 3408 2081 3456 autem
2107 3402 2234 3457 dum
2257 3404 2462 3473 negatis
2492 3405 2588 3458 ista
2616 3404 2699 3459 vel
2730 3404 2988 3461 deformia
3009 3407 3094 3461 vel
3116 3423 3415 3463 aerumnosa
3432 3408 3502 3464 de

1904 3495 2112 3550 meritis
2130 3496 2329 3551 vitiata:
2356 3506 2554 3551 nostra:
2586 3507 2788 3552 natura:
2816 3500 3028 3562 venire,
3062 3500 3500 3556 commixtioncm

1905 3586 2213 3654 permittitis
2257 3588 2465 3651 alienae,
2512 3597 2672 3658 atque
2715 3589 2787 3643 ita
2844 3590 3024 3643 miseri
3079 3600 3135 3644 et
3181 3590 3501 3646 Manicha-os

1902 3676 2156 3746 adjuvare
2186 3678 2458 3749 cogimini,
2490 3688 2545 3734 et
2577 3680 2713 3733 mala
2743 3680 2833 3733 illa
2864 3681 2916 3733 in
2960 3681 3258 3749 paradisum
3286 3691 3502 3738 revocat

1896 3779 2057 3824 πει-ον
2081 3776 2277 3834 vester,
2294 3768 2436 3824 unde
2463 3770 2546 3823 illa
2569 3770 2860 3824 abstulerat
2889 3769 3059 3839 pudor
3086 3782 3283 3826 vester.

1938 3859 2137 3915 'XVII.
2175 3860 2294 3915 JUL.
2338 3864 2408 3915 At
2445 3872 2630 3917 contra
2673 3861 2792 3917 vide
2840 3878 3001 3932 quam
3054 3863 3314 3919 adversus
3360 3873 3411 3919 te
3447 3873 3502 3921 et

1902 3952 2271 4019 Manicharum,
2295 3953 2447 4024 cujus
2476 3963 2529 4009 te
2568 3970 2783 4024 semper
2812 3956 2965 4009 ruina
3007 3956 3295 4022 convolvit,
3340 3973 3501 4013 verus

1900 4046 1972 4101 sit
2000 4045 2153 4101 nobis
2191 4046 2493 4111 conﬂictus,
2521 4056 2575 4103 et
2601 4047 2668 4103 de
2693 4062 2759 4103 eo
2784 4048 2926 4103 celer
2952 4048 3273 4120 triumphus.
3307 4050 3498 4107 Omnia

1901 4140 2014 4203 illa,
2052 4156 2171 4211 qum
2200 4141 2253 4195 in
2298 4130 2742 4210 vituperationem
2795 4142 2965 4197 divini
3015 4144 3194 4213 operis
3237 4145 3496 4211 evomuit,

1901 4232 2087 4300 prima:
2130 4232 2307 4287 statim
2365 4231 2692 4287 definitionis
2741 4242 2922 4287 aratro
2974 4233 3496 4305 circumscrihinius;

1900 4322 2246 4395 cogimusque
2271 4333 2329 4378 ut
2356 4323 2607 4393 explicet,
2657 4323 2783 4394 quid
2841 4332 2988 4394 putet
3032 4340 3153 4379 esse
3197 4336 3495 4396 peccatum,

1898 4416 2041 4486 quod
2073 4416 2239 4472 claret
2260 4415 2392 4470 nihil
2422 4431 2543 4471 esse
2566 4415 2732 4482 aliud,
2766 4431 2923 4485 quam
2970 4416 3293 4494 voluptatem
3328 4434 3495 4488 appe-

1900 4515 2101 4562 tentem
2131 4506 2275 4576 quod
2297 4506 2503 4576 justitia
2532 4514 2696 4570 vetat,
2720 4515 2775 4560 et
2801 4506 2944 4561 unde
2972 4506 3198 4561 liberum
3226 4517 3308 4562 est
3334 4508 3498 4563 absti-

1900 4612 2049 4652 nere.
2078 4598 2195 4664 Quo
2219 4598 2530 4664 constituto,
2568 4611 2756 4652 omnes
2797 4596 2872 4650 illi
2917 4596 3316 4653 oblocutionum
3350 4600 3489 4667 rubi,

1899 4690 1989 4759 qui
2011 4688 2408 4744 concretionem
2436 4702 2722 4758 corporum
2761 4697 3110 4758 pupugerant,
3138 4689 3413 4757 radicitus,
3442 4701 3497 4747 et

1900 4789 1953 4835 ut
1973 4781 2059 4835 ille
2078 4781 2171 4844 ait,
2195 4780 2481 4836 eradicitus
2501 4790 2865 4835 monstrantur
2887 4781 3054 4836 evulsi
3087 4781 3309 4861 (Cicero,
3341 4785 3429 4840 lib.
3461 4785 3497 4840 2

1900 4872 1964 4928 de
1990 4870 2253 4945 Finibus).
2281 4871 2399 4926 Jam
2429 4886 2557 4927 vero
2587 4872 2810 4927 allectus
2856 4873 3063 4927 timoris
3087 4882 3140 4928 et
3175 4889 3365 4931 sensus
3395 4876 3494 4930 do-

1900 4967 2050 5036 loris,
2077 4981 2173 5037 per
2197 4981 2331 5037 quos
2360 4967 2413 5021 in
2442 4964 2710 5036 naufragia
2737 4966 3011 5020 hominum
3055 4966 3183 5021 cieri
3209 4978 3497 5039 tempesta-

1899 5068 2005 5115 tem
2040 5060 2261 5130 putavit,
2290 5075 2398 5115 non
2447 5059 2618 5114 solum
2664 5057 2859 5113 nullius
2902 5058 3022 5113 mali
3073 5068 3369 5127 coactores,
3401 5061 3493 5117 sed

1898 5168 2019 5208 cum
2052 5152 2069 5184 ⁸
2099 5150 2409 5222 repagulum
2436 5150 2591 5205 bonae
2634 5135 2924 5205 voluntatis
2968 5150 3111 5206 nacti
3149 5161 3293 5220 sunt,
3340 5153 3492 5222 adju-

1898 5254 2044 5301 tores
2063 5252 2119 5300 et
2140 5253 2481 5315 pervectores
2503 5244 2525 5275 ⁸
2542 5243 2759 5313 justitia:
2788 5242 3164 5313 perdocentur.
3188 5243 3320 5312 Quis
3348 5245 3489 5301 enim

1897 5338 2212 5395 formidaret
2249 5336 2532 5408 judicium,
2591 5336 2694 5390 nisi
2746 5335 2955 5391 timoris
3007 5334 3321 5390 admonitu?
3364 5336 3492 5401 Quis

1901 5432 2226 5504 paenitentiae
2259 5430 2545 5502 gemitibus
2584 5428 2882 5499 juvaretur,
2928 5425 3032 5481 nisi
3074 5425 3277 5480 doloris
3310 5435 3365 5492 et
3407 5426 3491 5480 in-

1899 5536 2067 5583 terna:
2099 5524 2427 5597 aegritudinis
2450 5522 2704 5594 expiatu?
2755 5519 2891 5590 Quid
2930 5529 3202 5591 postremo
3236 5519 3494 5575 severitas

1894 5618 2184 5692 judicantis
2205 5615 2424 5681 valeret,
2453 5614 2557 5670 nisi
2580 5611 2875 5669 voluntaria
2903 5617 3115 5681 peccata
3137 5608 3270 5666 illati
3284 5610 3492 5669 crucia-

1967 5759 1984 5789 ί
2018 5756 2094 5806 sic
2114 5762 2219 5804 Mss.
2245 5758 2295 5802 tn
2318 5753 2478 5814 \’ign.,
2500 5753 2684 5800 contra.

1968 5822 1991 5854 ³
2020 5824 2182 5879 Forte,
2204 5821 2517 5882 praeceleres.
