3958 6530
580 376 722 448 1539
826 390 827 393 ‘

580 514 668 563 tus
715 515 950 562 aerumna
1003 498 1249 571 puniret?
1295 497 1532 564 Quorum
1587 492 1822 548 omnium
1860 481 2165 547 testimonio

582 606 823 669 apparet,
853 593 982 650 nihil
1008 591 1151 647 aliud
1176 605 1295 645 esse
1324 596 1620 659 peccatum,
1645 598 1802 656 quam
1837 580 2166 635 voluntatem

581 691 800 746 liberam
824 686 1202 758 despicientem
1221 689 1483 753 praecepta
1501 678 1748 749 iustitiae;
1773 673 2034 747 aliterque
2060 684 2169 730 non

582 793 723 839 stare
748 780 1030 852 justitiam,
1061 791 1217 848 quam
1247 775 1292 831 si
1334 772 1460 829 illud
1501 771 1724 847 imputet
1769 768 1824 823 in
1865 772 2162 841 peccatum,

581 874 732 944 cujus
762 870 969 925 noverit
999 869 1161 924 fuisse
1209 867 1431 920 liberam
1458 863 1758 919 cautionem
1784 877 1797 913 :
1828 872 1892 914 ac
1934 871 2029 937 per
2066 853 2170 907 hoc

582 968 725 1022 nulla
752 966 889 1035 lege,
916 979 979 1021 ea
1023 978 1141 1035 quae
1180 958 1438 1017 naturalia
1470 965 1616 1029 sunt,
1662 956 1715 1010 in
1759 953 1967 1025 culpam
2009 961 2167 1029 posse

584 1060 844 1131 reputari;
875 1073 976 1113 nec
1004 1070 1322 1128 quemquam
1344 1052 1615 1123 suscipere
1639 1049 1866 1117 crimen,
1895 1043 2037 1117 quod
2064 1056 2171 1097 non

585 1154 697 1221 ipse
753 1148 1101 1213 commiserit,
1147 1163 1268 1203 cum
1315 1146 1485 1201 vitare
1532 1142 1714 1217 possit.
1771 1139 1883 1208 Qua
1931 1133 2171 1208 potentia

587 1241 910 1298 Manichzeus
934 1250 987 1296 et
1028 1238 1393 1296 Traducianus
1441 1234 1790 1297 consumitur,
1823 1229 1912 1305 qui
1963 1225 2172 1291 ell'ossis

587 1335 748 1390 tetius
798 1331 1163 1404 intelligentiae
1214 1330 1405 1407 oculis,
1452 1344 1567 1385 rem
1617 1323 1905 1383 voluntatis
1950 1329 2174 1383 conatur

584 1425 878 1483 seiniuibus
900 1425 1209 1480 admovere.

658 1520 794 1575 Anc.
836 1518 930 1574 His
960 1518 1062 1573 tuis
1091 1512 1365 1573 erroribus
1399 1511 1512 1595 jam
1557 1526 1700 1584 saepe
1752 1507 2172 1581 respondimus:

592 1610 732 1666 unde
764 1610 854 1681 qui
884 1624 943 1662 ea
979 1608 1183 1680 legunt,
1217 1616 1271 1662 et
1301 1604 1574 1671 memoria:
1618 1600 2017 1673 commendant,
2068 1614 2176 1663 non

592 1702 787 1773 ubique
834 1701 1145 1757 desiderant
1187 1696 1586 1774 responsionem
1617 1710 1790 1751 meam
1815 1736 1830 1762 ,
1860 1693 2177 1762 ubicumque

591 1804 648 1849 tu
686 1796 887 1865 repetis
914 1793 1290 1850 verbositatem
1323 1800 1486 1845 tuam.
1515 1787 1620 1845 Sed
1645 1803 1712 1843 ne
1740 1787 2017 1859 quisquam
2048 1798 2178 1857 quc-

591 1896 760 1952 ratur,
784 1886 1184 1957 ignoscentibus
1218 1883 1345 1939 mihi
1372 1881 1722 1938 celerioribus
1748 1878 1959 1952 ingenio
1977 1920 1992 1945 ,
2019 1876 2178 1943 etiam

591 1977 928 2033 tardiusculis
952 1976 1140 2033 deesse
1161 1992 1264 2030 non
1294 1972 1483 2029 debeo.
1505 1971 1646 2027 Ecce
1658 1980 1707 2027 et
1728 1969 1813 2025 hic
1840 1970 1930 2029 tibi
1957 1983 2181 2043 respon-

590 2069 693 2127 deo
721 2070 789 2126 de
816 2070 1020 2142 peccati
1049 2067 1379 2133 deﬁnitione,
1407 2080 1509 2143 qua
1542 2072 1593 2120 te
1634 2064 1650 2095 ¹
1679 2062 1902 2127 multum
1938 2058 2178 2137 adjuvari

590 2170 761 2233 putas.
798 2160 927 2217 Illud
953 2158 1094 2232 quod
1140 2166 1413 2233 peccatum
1443 2157 1512 2211 ita
1540 2165 1643 2220 est,
1674 2163 1733 2209 ut
1759 2168 1864 2209 non
1912 2152 1982 2215 sit
2017 2152 2179 2211 etiam

590 2269 748 2325 poena
776 2253 1001 2327 peccati,
1030 2250 1267 2307 deﬁnitio
1293 2250 1394 2304 ista
1435 2246 1776 2311 determinat,
1822 2259 1925 2317 qua
1964 2243 2179 2315 dicitur,

593 2344 877 2401 Peccatum
908 2353 988 2400 est
1016 2343 1259 2398 voluntas
1283 2348 1543 2419 appetens
1570 2336 1713 2413 quod
1750 2337 1955 2411 justitia
2005 2344 2180 2407 vetat.

595 2450 648 2495 et
673 2438 815 2495 unde
840 2448 922 2494 est
946 2437 1174 2493 liberum
1201 2433 1488 2493 abstinere.
1511 2431 1664 2505 Quod
1690 2430 1916 2495 maxime
1936 2428 2002 2485 ad
2030 2429 2180 2499 illum

596 2533 847 2603 pertinet,
870 2548 935 2587 ex
962 2529 1113 2602 cujus
1152 2539 1372 2603 peccato
1402 2528 1497 2583 illo
1553 2542 1745 2599 magno
1790 2524 2020 2596 posteris
2067 2524 2183 2605 eius

599 2631 684 2679 est
705 2631 888 2678 exorta
914 2620 1125 2677 miseria
1169 2636 1267 2693 per
1295 2618 1660 2693 gravejugum
1689 2633 1719 2673 a
1759 2617 1846 2674 die
1896 2617 2072 2679 exitus
2116 2616 2184 2687 de

595 2724 783 2772 ventre
811 2715 995 2769 matris
1015 2729 1222 2780 eorum,
1242 2722 1296 2769 et
1320 2729 1417 2787 per
1447 2727 1642 2791 corpus
1667 2711 2015 2782 curruptibiie
2040 2709 2184 2783 quod

597 2817 847 2881 aggravat
874 2807 1126 2862 animam.
1156 2805 1249 2863 llle
1270 2807 1465 2887 quippe
1486 2806 1601 2878 lege
1626 2804 1940 2867 brevissima
1967 2812 2183 2881 accepta

598 2900 802 2955 sciebat
825 2898 949 2970 quid
978 2906 1182 2955 vetaret
1199 2898 1401 2975 justitia
1427 2914 1442 2967 ;
1471 2906 1525 2952 et
1552 2896 1676 2959 inde
1704 2898 1724 2928 ²
1747 2896 1819 2957 illi
1845 2896 2027 2968 utique
2046 2895 2183 2959 libe-t

598 3008 718 3048 rum
740 2992 912 3047 fuerat
936 2991 1225 3057 abstinere,
1263 2989 1501 3047 nondum
1524 2989 1780 3046 adversus
1803 2988 1920 3063 ejus
1937 2987 2183 3065 spiritum

599 3105 762 3145 carne
783 3089 1213 3159 concupiscente,
1239 3095 1460 3159 propter
1475 3084 1617 3157 quod
1644 3084 1839 3141 malum
1860 3083 2019 3147 etiam
2048 3081 2185 3145 ﬁde-

605 3181 746 3237 libus
775 3180 974 3236 dictum
1006 3188 1108 3251 est,
1136 3178 1202 3235 Ut
1232 3195 1331 3233 non
1358 3195 1415 3239 ea
1443 3192 1557 3249 qua:
1579 3177 1729 3237 vultis
1757 3175 1958 3247 faciatis
1989 3173 2186 3247 (Colat,

603 3291 660 3345 v,
712 3276 825 3345 17).
876 3274 1103 3330 Caecitas
1156 3272 1316 3345 igitur
1365 3271 1565 3338 cordis,
1617 3285 1721 3347 qua
1774 3269 2012 3331 nescitur
2057 3267 2189 3345 quid

595 3366 798 3438 justitia
819 3373 984 3435 vetet,
1008 3375 1064 3421 et
1082 3364 1333 3421 violentia
1353 3361 1820 3436 concupiscentia},
1837 3376 1942 3433 qua
1956 3359 2189 3427 vincitur

597 3457 759 3514 etiam
786 3458 875 3528 qui
918 3455 1016 3511 scit
1047 3455 1190 3511 unde
1238 3454 1432 3519 debeat
1480 3454 1767 3525 abstinere,
1822 3468 1930 3521 non
1980 3459 2189 3511 tantum

600 3559 844 3624 peccata,
889 3548 984 3629 sed
1018 3564 1193 3621 poenae
1219 3556 1347 3605 sunt
1379 3547 1538 3613 etiam
1580 3556 1942 3623 peccatorum.
1973 3547 2039 3603 Et
2067 3545 2189 3609 ideo

600 3660 707 3700 non
738 3640 1081 3699 includuntur
1101 3640 1192 3697 illa
1219 3639 1530 3707 definitione
1558 3639 1782 3711 peccati,
1814 3655 1915 3710 qua
1946 3654 2055 3695 non
2090 3638 2189 3697 de—

600 3735 806 3790 ﬁnitum
833 3743 914 3789 est
939 3733 1039 3790 nisi
1065 3741 1340 3805 peccatum
1370 3732 1560 3799 solum,
1589 3747 1694 3789 non
1721 3731 1862 3807 quod
1888 3740 1971 3789 est
1995 3739 2048 3788 et
2072 3745 2190 3807 pc.-

601 3843 669 3883 na
691 3826 913 3899 peccati.
941 3825 1073 3883 Cum
1093 3828 1233 3895 enim
1255 3826 1372 3904 quis
1400 3825 1609 3898 ignorat
1635 3824 1763 3897 quid
1784 3823 1957 3891 facere
1977 3822 2190 3889 debeat,

600 3932 654 3976 et
682 3918 802 3975 ideo
828 3918 955 3977 facit
994 3918 1135 3991 quod
1166 3918 1341 3979 facere
1366 3933 1473 3979 non
1500 3917 1703 3981 debeat
1725 3917 1781 3989 ³;
1834 3934 1941 3981 nou
1996 3918 2048 3977 ei
2091 3917 2196 3989 fuit

603 4010 832 4066 liberum
874 4009 1164 4079 abstinere,
1198 4009 1339 4083 unde
1374 4008 1749 4079 abstinendum
1789 4024 1908 4069 esse
1948 4023 2054 4071 non
2090 4024 2193 4075 no.-

604 4110 775 4159 verat.
809 4101 1047 4177 itemque
1066 4101 1156 4159 ille
1183 4102 1293 4176 qui,
1325 4109 1387 4158 ut
1429 4101 1625 4172 dicitis,
1665 4116 1775 4169 non
1821 4101 2041 4177 origine,
2097 4101 2194 4171 sed

603 4193 990 4252 consuetudine
1017 4194 1306 4275 premitur,
1347 4203 1404 4261 ut
1432 4194 1714 4263 exclamet,
1744 4192 1867 4263 Non
1894 4192 2030 4267 quod
2054 4193 2188 4267 volo,

606 4285 741 4357 facio
757 4285 979 4352 bonum;
1006 4285 1094 4340 sed
1118 4284 1253 4356 quod
1268 4286 1385 4343 nolo
1410 4286 1623 4355 Malum,
1642 4287 1739 4353 koc
1757 4301 1854 4357 ago
1893 4284 2070 4357 (Rom.
2095 4301 2190 4359 tut,

611 4376 723 4452 15),
754 4379 1023 4452 quomodo
1053 4379 1102 4435 ei
1130 4378 1354 4443 liberum
1404 4389 1482 4437 est
1526 4380 1796 4451 abstinere
1837 4380 1906 4436 ab
1932 4395 1998 4441 eo
2029 4382 2193 4452 malo.

609 4470 753 4541 quod
780 4488 885 4528 non
909 4470 1023 4527 vult
1047 4479 1101 4528 et
1128 4469 1273 4539 facit,
1305 4471 1417 4529 odit
1439 4481 1493 4528 et
1515 4471 1655 4544 agit?
1682 4472 1774 4543 itis
1818 4480 1996 4541 autem
2023 4474 2199 4546 prauis

610 4576 794 4618 carere
848 4561 894 4617 si
941 4569 1085 4627 esset
1130 4561 1184 4623 in
1230 4561 1507 4631 hominum
1560 4571 1844 4635 potestate,
1898 4579 2006 4633 non
2060 4564 2201 4627 Deus

614 4665 912 4737 rogaretur,
941 4664 996 4720 et
1019 4664 1202 4719 contra
1220 4656 1535 4723 caecitatem,
1558 4656 1648 4721 ubi
1673 4656 1722 4717 ei
1749 4656 1964 4727 dicitur,
1986 4655 2199 4737 filiuni-5

618 4736 880 4807 nauculas
898 4764 1031 4815 meo;
1054 4746 1227 4817 (Psal.
1252 4763 1351 4816 xu,
1375 4747 1429 4819 4)
1446 4763 1461 4815 ;
1479 4756 1534 4807 et
1561 4755 1745 4812 contra
1775 4748 2008 4825 iniquam
2052 4736 2207 4822 cupi;

516 4906 527 4911 _
614 4840 856 4908 ditatem,
883 4838 976 4894 ubi
1005 4839 1053 4909 ei
1096 4839 1311 4908 dicitur,
1368 4838 1491 4899 Non
1535 4840 1820 4905 dominetur
1868 4840 1992 4905 mihi
2034 4842 2201 4905 anulis

611 4931 850 5002 iniquitas
878 4929 1048 5005 (Psal.
1077 4946 1266 5002 cxvnt,
1309 4932 1454 5005 155).
1485 4932 1653 4992 Porro
1695 4932 1742 5005 si
1782 4932 1941 4999 etiam
1982 4943 2205 5007 peccata

615 5021 739 5077 ideo
779 5019 879 5075 ista
906 5035 1010 5081 non
1041 5030 1240 5091 essent,
1285 5022 1408 5094 quia
1451 5037 1557 5083 non
1609 5021 1678 5081 ab
1729 5022 1809 5091 eis
1856 5022 2080 5093 liberum
2121 5032 2204 5085 est

616 5112 907 5182 abstinere,
953 5129 1067 5183 non
1108 5112 1394 5180 diceretur,
1445 5112 1639 5177 Delicta
1671 5114 1950 5189 iuventutis
1990 5132 2116 5183 mea:
2158 5126 2208 5181 et

614 5203 919 5278 ignorantiae
936 5222 1059 5273 mete
1084 5222 1146 5262 ne
1167 5205 1453 5268 memineris
1474 5203 1642 5282 (Paul.
1674 5222 1828 5271 xxiv,
1862 5206 1917 5278 7)
1942 5221 1956 5261 :
1985 5223 2092 5269 non
2121 5207 2205 5265 di-

618 5309 848 5369 ceretur,
882 5298 1113 5379 Signasti
1143 5307 1346 5370 peccata
1384 5315 1495 5355 mea
1523 5298 1574 5363 in
1605 5298 1804 5357 sacculo
1822 5340 1839 5369 ,
1871 5308 1916 5354 et
1953 5299 2209 5367 adnotasti

620 5392 665 5447 si
715 5391 840 5469 quid
892 5391 1076 5447 invitus
1118 5390 1304 5453 adiuisi
1356 5388 1486 5465 (Job
1535 5406 1650 5460 xtv,
1703 5391 1789 5459 17,
1838 5408 1940 5451 διε.
2000 5391 2206 5467 LXX),

622 5481 716 5539 Illa
743 5497 871 5555 ergo
898 5480 1208 5538 deﬁnitione
1256 5480 1483 5561 peccati,
1527 5481 1682 5557 quale
1720 5483 1986 5545 commisit
2015 5483 2207 5554 Adam.

623 5574 715 5646 qui
760 5574 963 5641 sciebat
1010 5573 1138 5648 quid
1182 5581 1389 5637 vetaret
1426 5573 1650 5649 justitia,
1684 5581 1739 5631 et
1776 5588 1884 5635 non
1936 5573 2061 5633 inde
2089 5576 2212 5641 abs-

688 5729 709 5793 δ
833 5735 944 5793 κεδ-
964 5735 1018 5793 In
1038 5728 1199 5793 γίεηη

686 5790 710 5855 9
740 5791 880 5853 satu,
900 5791 1048 5842 unde.
1066 5787 1337 5855 ietijus'ns.
1359 5797 1493 5855 llam,
1517 5787 1651 5843 inde.

687 5854 712 5891 ³
738 5850 897 5909 Codex
921 5859 1070 5916 ML,
1099 5850 1321 5905 debebat.

1249 378 1496 439 OPERIS
1533 370 1943 433 [MPERFECTI
1978 360 2251 423 eorum
2292 358 2651 434 JuLlANUM,
2690 365 2750 423 s.
2788 354 3171 421 AUGUSTINI
3686 362 3778 435 ιω

2280 482 2436 545 tinuit
2458 524 2474 549 ,
2515 481 2655 547 unde
2685 481 2758 538 illi
2783 481 3007 541 liberum
3031 481 3219 551 fuerat
3268 479 3550 555 abstinere,
3583 486 3782 557 vincam

2279 574 2586 649 Mauicluei;
2614 576 2707 637 sed
2736 592 2765 633 a
2793 577 2963 651 nobis,
2992 577 3116 657 quia
3153 574 3293 643 hinc
3318 589 3438 641 esse
3463 577 3684 651 orientem
3701 586 3786 657 σιω.

2278 683 2397 723 mus
2412 669 2669 731 malorum
2686 668 3057 749 humanorum,
3072 668 3288 747 quibus
3304 668 3543 743 videmus
3554 681 3602 743 91
3622 684 3787 749 "ulla

2280 763 2551 836 aggravari
2573 803 2589 830 ,
2635 771 2689 831 et
2733 773 2950 839 propter
2977 770 3118 843 ιιιιού
3150 765 3330 829 etiam
3356 765 3486 828 illud
3504 769 3789 849 scriptumst,

2280 868 2399 910 cum
2426 854 2494 910 de
2520 855 2747 929 peccatis
2772 865 3047 931 ageretur;
3066 856 3215 927 Quia
3240 873 3352 917 non
3370 866 3445 917 est
3470 861 3663 925 mandas
3681 882 3705 919 o
3725 886 3789 923 ια.

2281 943 2427 1001 dibus
2444 988 2458 1015 ,
2480 962 2569 1007 nec
2605 949 2778 1019 infans
2806 948 2954 1023 cujus
2979 958 3050 1019 est
3075 948 3186 1005 diei
3208 948 3372 1013 anius
3396 949 3499 1009 uita
3527 967 3661 1020 super
3676 966 3790 1017 tam

2282 1037 2403 1119 (Job
2424 1057 2531 1111 xw,
2558 1042 2614 1109 t,
2638 1057 2737 1103 sec.
2770 1039 3042 1115 LXX).Tu
3064 1048 3261 1101 autem
3282 1040 3392 1099 hoc
3410 1056 3617 1121 negans,
3638 1060 3792 1111 nasum

2281 1130 2492 1209 quidem
2537 1142 2818 1202 naturam.
2875 1149 2943 1197 ne
2992 1133 3360 1199 liberatorem
3390 1135 3582 1197 misera
3615 1137 3794 1209 ἱιιιιιιὶηι,

2282 1225 2492 1293 conaris
2542 1225 2838 1297 perniciosa
2876 1225 3199 1293 defensione
3243 1225 3374 1298 plus
3404 1241 3634 1298 prelum
3656 1248 3668 1291 ς

2286 1316 2493 1375 chzeum
2517 1332 2647 1383 vero
2663 1359 2678 1384 .
2704 1332 2825 1383 cum
2856 1317 3109 1391 quaeritur
3138 1316 3298 1385 unde
3326 1317 3402 1379 sit
3419 1318 3626 1387 malum,
3651 1321 3795 1380 alienae

2286 1412 2396 1475 Deo
2414 1411 2429 1442 ¹
2454 1418 2774 1473 coaeternam
2814 1411 3077 1489 permittis
3104 1407 3494 1477 introducere.
3524 1409 3684 1483 Neque
3714 1420 3794 1475 enin

2284 1506 2397 1576 ille,
2426 1504 2568 1567 unde
2597 1513 2843 1568 naturam
2872 1504 3055 1581 culpet
3101 1504 3417 1569 humanam
3438 1544 3457 1575 .
3510 1505 3693 1567 timoris
3722 1510 3795 1567 ὠ

2285 1607 2429 1661 ctum
2452 1606 2507 1653 et
2532 1612 2750 1657 sensum
2771 1595 2977 1659 doloris
2998 1595 3258 1671 impingit
3286 1612 3304 1653 ;
3339 1611 3463 1666 qua:
3482 1594 3584 1659 duo
3620 1605 3664 1657 tu
3679 1598 3794 1661 adre.

2284 1704 2376 1753 sus
2404 1704 2525 1745 eum
2552 1688 2748 1761 putasti
2777 1703 2897 1749 esse
2926 1687 3192 1751 laudanda
3211 1729 3230 1761 ,
3285 1687 3419 1761 quia
3457 1687 3648 1747 scilicet
3668 1708 3684 1742 ι
3704 1694 3795 1759 om

2285 1790 2338 1841 et
2365 1779 2518 1837 dolor
2546 1779 2818 1850 adjutores
2840 1788 2894 1843 et
2924 1779 3321 1850 provectores'
3349 1777 3571 1848 justitim
3594 1780 3793 1850 peram.

2289 1882 2399 1941 tur;
2433 1892 2452 1929 ι
2484 1871 2610 1929 dum
2633 1889 2737 1933 non
2767 1880 2955 1942 peccat
2981 1871 3142 1939 homo
3166 1870 3379 1943 timore
3397 1870 3610 1947 iudicii,
3630 1884 3704 1935 aut
3725 1893 3792 1945 με.

2284 1980 2440 2029 casse
2467 1979 2527 2023 se
2545 1964 2694 2027 dolet
2711 1964 2910 2027 aeulcis
2935 1964 3261 2037 pmnitendi.
3298 1963 3423 2029 Non
3452 1963 3551 2031 hoc
3572 1981 3601 2025 a
3620 1972 3793 2038 tequea-

2290 2065 2410 2127 tur;
2438 2055 2535 2119 sed
2562 2055 2689 2129 quid
2718 2055 2789 2119 sit,
2826 2070 2985 2135 plena
3011 2055 3229 2121 timoris
3259 2054 3319 2117 in
3344 2056 3613 2135 parvulis,
3637 2060 3706 2129 qui
3724 2077 3791 2130 pet-

2287 2157 2405 2215 cata
2434 2166 2541 2213 non
2586 2148 2817 2221 fugiunt,
2840 2160 2895 2219 et
2915 2166 3009 2215 cur
3037 2151 3204 2217 tantis
3253 2149 3538 2211 doloribus
3570 2150 3789 2223 amitam

2288 2249 2378 2320 qui
2393 2254 2609 2320 peccata
2628 2245 3055 2311 norrfaeiuutll‘u
3074 2262 3281 2320 nempe
3291 2245 3499 2313 dixisti,
3521 2245 3790 2315 «Quiritem

2290 2339 2668 2415 tasjudicantis
2691 2339 2914 2409 valeret.
2939 2339 3042 2403 nisi
3063 2338 3380 2409 voluntaria
3403 2346 3608 2410 peccata
3620 2339 3791 2403 illum

2288 2434 2460 2489 ciatus
2497 2447 2733 2499 aerumna
2762 2431 2976 2505 puniret
2999 2431 3023 2490 ‘l
3046 2450 3066 2497 ο
3088 2431 3209 2504 Qtta
3240 2445 3380 2502 emo
3400 2429 3624 2501 iustitia.
3644 2448 3787 2502 quem

2293 2526 2594 2593 voluntaria
2621 2535 2840 2598 peccata
2871 2526 3013 2593 nulla
3043 2535 3169 2587 sunt
3199 2526 3454 2597 propria.
3480 2524 3790 2587 iustiorqu

2290 2635 2529 2689 :cruntna
2553 2620 2757 2692 parvuli
2785 2619 3120 2691 puniuntur?
3141 2619 3202 2683 lu
3235 2619 3330 2677 his
3358 2627 3785 2690 cerme

2292 2722 2347 2781 et
2375 2712 2555 2785 inepta
2581 2727 2707 2775 esse
2736 2721 2827 2781 tua
2876 2712 3171 2784 praeconia,
3201 2712 3415 2784 quibus
3458 2712 3674 2777 timorem
3698 2710 3789 2767 dolo»

2291 2818 2518 2878 remque
2560 2803 2808 2875 laudasti.
2839 2803 3037 2867 Gravia
3059 2812 3188 2871 sunt
3214 2805 3427 2876 Quippe
3460 2803 3554 2865 ista
3586 2803 3783 2873 θυράων

2292 2912 2413 2968 quae
2439 2911 2547 2959 non
2574 2905 2882 2969 paterentur
2899 2896 2968 2961 ab
2994 2908 3185 2961 exortu
3213 2907 3473 2959 recentes
3499 2905 3551 2952 et
3571 2910 3691 2952 mra
3707 2897 3786 2951 ius

2290 2990 2443 3063 gipes
2471 2990 2568 3057 Dei
2593 2990 2695 3053 sub
2714 2991 3234 3064 justissimoiudieio
3256 3001 3317 3051 et
3344 2990 3689 3063 omnipotentis
3708 2990 3779 3053 Dei.

2291 3083 2340 3151 Si
2363 3084 2613 3149 meritum
2654 3100 2763 3145 non
2789 3084 3068 3157 “aberant
3091 3084 3379 3157 originalis
3420 3086 3685 3154 vomitant
3711 3096 3782 3152 Ρω-

2293 3176 2420 3243 cati.
2449 3177 2693 3250 Denique
2714 3179 2767 3241 in
2798 3177 3069 3250 paradiso,
3094 3177 3142 3239 si
3161 3192 3333 3237 neruo
3365 3185 3636 3250 peccasset,
3654 3184 3778 3244 etpa-

2292 3272 2534 3337 venisset
2561 3273 2965 3344 coniueamus:
2992 3289 3061 3331 ex
3089 3272 3181 3331 illa
3205 3273 3391 3331 veraci
3412 3269 3782 3329 Dcibeuotliaitu

2295 3362 2616 3432 fecunditas,
2642 3364 2783 3425 absit
2804 3372 2864 3423 ut
2886 3363 3167 3439 quisquam
3199 3364 3278 3422 ibi
3316 3363 3405 3420 vel
3446 3373 3707 3432 negtium
3735 3356 3777 3415 ut

2295 3457 2612 3528 Ρυδίηοτωη
2637 3466 2909 3528 pateretur
2928 3458 3031 3515 ista
3056 3466 3354 3514 tormenta.
3382 3455 3497 3513 Non
3538 3453 3679 3508 solum
3698 3449 3777 3505 erit

2295 3548 2471 3616 dolor,
2493 3549 2637 3620 quod
2666 3549 2820 3612 valde
2867 3549 3212 3607 manifestum
3241 3558 3365 3615 est;
3398 3547 3493 3604 sed
3520 3546 3654 3603 etiam
3670 3545 3773 3605 tina,

2297 3641 2473 3699 divina
2498 3642 2772 3714 Scriptum
2820 3651 3073 3709 testatae,
3103 3651 3435 3703 tomentum
3464 3641 3609 3697 habet
3621 3638 3658 3711 (l
3686 3634 3773 3690 lca

2298 3751 2374 3803 tv,
2405 3734 2494 3808 t8)
2529 3752 2541 3788 :
2572 3735 2714 3797 absit
2751 3750 2881 3806 ergo
2909 3744 2963 3791 ut
2992 3735 3049 3793 in
3075 3736 3194 3793 loco
3246 3737 3394 3795 illius
3418 3732 3656 3792 felicitatis
3671 3734 3775 3785 «seu

2299 3827 2405 3882 ulla
2435 3836 2722 3889 tormenta.
2748 3827 2982 3887 Proinde
3001 3828 3057 3883 in
3084 3836 3247 3885 astate
3266 3827 3522 3900 qualibet,
3542 3821 3774 3880 uenimus

2299 3929 2454 3985 rente
2482 3920 2610 3991 quid
2632 3922 2881 3979 timerent
2908 3921 3162 3983 tamine
3190 3922 3426 3979 tradente
3446 3918 3566 3991 quid
3582 3908 3777 3972 dolere-tl

2301 4013 2359 4069 In
2384 4013 2488 4073 hoc
2512 4021 2694 4073 autem
2715 4014 2965 4084 pruenti
2992 4014 3192 4079 sinequ
3216 4015 3481 4086 maligno,
3517 4008 3636 4081 quod
3671 4013 3775 4060 utno-

2304 4105 2432 4169 stris
2478 4105 2712 4165 miseriis
2767 4114 3136 4178 perageretur,
3165 4106 3235 4162 de
3289 4105 3530 4179 paradiso
3566 4099 3773 4157 dolioru-

2304 4199 2529 4271 proiecti
2557 4214 2744 4257 sumus
2766 4243 2783 4268 ,
2810 4199 2865 4256 in
2893 4200 2977 4257 his
2997 4200 3156 4256 etiam
3202 4201 3402 4272 quibus
3427 4203 3617 4270 peccata
3639 4190 3772 4247 dum

2302 4303 2429 4357 sunt
2446 4334 2462 4362 ,
2492 4295 2744 4350 timorum
2766 4303 2825 4351 et
2846 4294 3095 4352 dolorum
3121 4310 3362 4352 alumna
3386 4295 3658 4366 pet-amet,
3674 4292 3775 4338 utno-

2304 4398 2415 4445 stra
2435 4387 2504 4445 de
2527 4388 2728 4445 sautio
2746 4387 2924 4444 futuro
2946 4388 3079 4447 ﬁdes
3097 4430 3113 4455 ,
3137 4386 3229 4444 ubi
3270 4388 3413 4444 nulla
3451 4388 3591 4441 erunt
3608 4379 3695 4439 ista,
3713 4386 3769 4427 tm

2307 4481 2480 4537 solum
2507 4480 2561 4536 in
2587 4480 2806 4547 nostris,
2826 4495 3013 4537 verum
3034 4481 3196 4538 etiam
3222 4482 3279 4536 in
3310 4486 3591 4535 nostrorum
3610 4463 3772 4542 pomis

2306 4590 2425 4631 rum
2446 4575 2703 4631 arumnis
2728 4574 3020 4646 probetur:
3044 4575 3165 4646 quia
3196 4590 3304 4630 non
3322 4587 3414 4631 eos
3434 4569 3542 4627 ideo
3566 4554 3765 4635 rcgcucnri

2308 4667 2574 4734 volumus,
2607 4676 2664 4723 ut
2703 4682 2810 4722 non
2840 4667 3107 4737 patiantur
3155 4666 3275 4723 haec
3302 4665 3469 4730 mala;
3498 4658 3579 4716 sed
3604 4664 3649 4711 ut
3675 4652 3710 4706 in
3726 4662 3769 4700 rc-

2308 4776 2501 4833 guum,
2526 4760 2579 4817 in
2605 4775 2712 4832 quo
2740 4761 2867 4819 talia
2896 4775 3002 4816 non
3030 4769 3210 4830 erunt,
3240 4759 3592 4834 ponebantur.
3615 4741 3763 4804 Hanci-

2311 4853 2434 4909 dem
2460 4868 2641 4909 veram
2667 4862 2826 4925 atque
2850 4853 3165 4909 catholicam
3207 4854 3303 4910 tibi
3350 4846 3617 4923 respuenti,
3637 4845 3767 4895 etiam

2313 4943 2601 5001 buccarum
2627 4946 2853 5015 strepitu
2874 4944 3109 5002 refutare
3133 4947 3381 5014 conanti,
3419 4957 3525 4999 cum
3549 4930 3762 4994 [ianicth
3824 4968 3825 5015 ξ

2314 5037 2602 5109 ingesserit
2622 5038 2972 5109 quaestionem
2999 5035 3142 5093 unde
3187 5038 3328 5093 mala
3372 5037 3471 5092 sint
3503 5023 3765 5109 parvulorum;

2316 5101 2493 5185 orariis
2538 5140 2626 5185 tua
2642 5101 2655 5109 ’
2675 5130 2972 5200 loquacitas
2996 5129 3330 5187 obmutescet
3354 5148 3366 5184 :
3393 5124 3605 5200 quoniam
3631 5101 3761 5180 0983"“

2316 5225 2576 5296 originale
2600 5232 2907 5296 peccatum,
2935 5240 3057 5280 mox
3096 5224 3191 5281 ille
3224 5223 3433 5281 collidet
3452 5219 3635 5274 frontem
3655 5213 3759 5296 tuin.

2320 5325 2374 5372 et
2394 5293 2520 5374 mali
2552 5293 2795 5372 naturam
2824 5316 3126 5373 introducet
3153 5316 3396 5372 alienam.
3416 5310 3515 5368 Non
3527 5312 3659 5360 autem
3672 5293 3757 5348 άηια

2320 5411 2579 5467 catholica
2608 5410 2763 5478 ﬁdes,
2782 5409 2925 5482 quod
2944 5411 3040 5467 tibi
3062 5410 3292 5479 videtur,
3321 5430 3340 5465 ι
3357 5421 3457 5466 rem
3474 5389 3756 5459 voiuntatisnoo

2324 5517 2483 5574 posse
2537 5503 2831 5559 seminibus
2851 5502 3205 5571 admoveri”
3238 5519 3359 5569 cum
3398 5495 3547 5565 audiat
3585 5483 3753 5547 dicent?“

2324 5595 2521 5665 Deum.
2550 5594 2702 5659 reddi
2755 5603 2972 5666 peccata
2996 5603 3209 5668 patrum
3260 5595 3316 5655 in
3344 5575 3751 5652 ιαὼιηιιιιιυυε

2388 5729 2407 5761 ί
2439 5729 2599 5792 vign.,
2626 5734 2674 5780 et
2688 5735 2807 5792 pec.
2832 5729 2998 5791 Abest,
3019 5735 3083 5790 et,
3104 5743 3135 5781 a
3157 5737 3263 5782 Mss.

2388 5740 2998 5855 ς
3019 5740 3135 5790 et,a
3157 5740 3749 5856 M2.;‘m.“*
3824 5740 3825 5743 η

2325 5865 2491 5905 mone.
3823 5868 3825 5905 1
