3958 6484
123 471 449 545 progeniem
478 470 701 531 filiorum
745 470 936 545 (Exod.
978 487 1069 541 xx,
1100 473 1166 540 5;
1199 489 1380 543 xxxiv,
1417 473 1494 546 7).
1526 474 1714 546 Utique

123 578 226 641 res
253 563 565 630 voluntatis,
590 578 692 635 qua
721 572 942 633 peccant
970 573 1146 633 patres
1163 607 1177 631 .
1211 566 1503 623 seminibus
1529 565 1717 622 admo—

121 666 311 722 vetur,
342 656 622 728 quandoin
651 655 787 712 ﬁlios
812 657 1107 714 vindicatur
1132 675 1145 713 :
1176 667 1231 714 et
1258 668 1405 728 pater
1425 659 1715 725 Abraham,

123 759 189 815 ut
218 751 580 809 decimaretur
599 764 629 805 a
660 749 1047 811 Melchisedech
1069 791 1084 816 ,
1110 752 1381 815 voluntate
1424 751 1498 806 illi
1540 766 1717 809 sacer-

118 844 246 901 doti
275 844 508 901 decimas
537 843 717 911 dedit;
739 853 795 901 et
824 851 1000 901 tamen
1026 846 1185 905 etiam
1231 845 1371 907 lilios
1411 844 1526 915 ejus
1551 885 1565 909 ,
1593 844 1715 913 quia

122 936 186 993 in
213 936 411 1003 lumbis
438 943 589 995 erant
614 934 730 1007 ejus
751 979 767 1003 ,
791 946 913 995 tunc
938 951 1058 995 esse
1077 938 1370 997 decimatos
1387 951 1539 992 sacra
1564 936 1713 992 Scri-

120 1039 289 1102 ptura
321 1036 544 1085 testatur
569 1027 753 1099 (Hebr.
796 1043 892 1097 vn,
923 1028 977 1101 9,
1004 1029 1116 1102 10);
1138 1029 1278 1100 quod
1305 1027 1547 1103 profecto
1598 1042 1709 1085 non

124 1125 311 1193 iteret,
340 1120 386 1177 si
406 1135 512 1181 non
541 1128 724 1193 posset
764 1136 850 1183 res
879 1122 1164 1183 voluntatis
1192 1121 1460 1181 admoveri
1485 1119 1708 1177 semini-

124 1213 258 1271 bus.

204 1303 389 1367 XVIII.
419 1303 537 1369 Jun.
587 1304 692 1363 Sed
739 1304 871 1376 proh
911 1304 1003 1363 Dei
1048 1302 1218 1361 nostri
1249 1312 1409 1375 atque
1433 1303 1712 1361 hominum

128 1398 297 1461 fidem
326 1399 341 1429 ¹
366 1399 380 1454 2
409 1398 654 1457 Hmccine
679 1398 914 1469 potuisse
939 1406 1360 1455 commentorum
1379 1395 1616 1467 prodigia
1635 1411 1711 1451 re-

125 1491 299 1559 periri
322 1531 338 1560 ,
364 1497 423 1547 ut
446 1489 622 1555 dedita
647 1505 808 1563 opera
855 1490 1199 1563 impensoque
1221 1488 1397 1551 studio
1417 1489 1471 1549 in
1495 1503 1710 1560 perver-

121 1596 253 1644 sum
273 1591 535 1653 conentur
558 1582 736 1641 omnia
760 1597 1007 1639 asserere
1030 1583 1044 1641 l
1073 1582 1209 1663 Quid
1226 1581 1367 1647 enim
1395 1592 1500 1643 tant
1529 1581 1708 1653 prOdia

122 1672 293 1741 giale,
320 1688 479 1749 quam
510 1673 652 1745 quod
682 1673 879 1733 Pmnus
906 1672 1209 1751 eloquitur?
1228 1673 1301 1737 Ea
1322 1712 1339 1743 ,
1368 1672 1567 1747 inquit,
1590 1686 1709 1744 quin

122 1772 287 1825 erant
329 1765 618 1833 naturalia,
650 1775 906 1843 perpetua
935 1779 1042 1823 non
1085 1764 1328 1831 fuerunt;
1354 1772 1410 1831 βι
1438 1764 1521 1825 illa
1543 1804 1560 1832 ,
1590 1780 1708 1841 quae

124 1855 313 1921 studio
342 1864 586 1935 suscepta
608 1865 753 1929 sunt,
774 1856 959 1933 primis
979 1855 1213 1928 coagulis
1236 1854 1509 1919 adhaesere
1534 1870 1706 1919 mem-

121 1946 375 2009 brorum,
396 1946 574 2014 Bonus
594 1987 611 2019 ,
640 1947 843 2018 inquit,
876 1946 1047 2009 Adam
1072 1946 1241 2021 factus
1269 1958 1385 2015 est,
1413 1945 1597 2009 habuit
1621 1947 1707 2011 in.

122 2034 436 2101 nocentiam
486 2036 818 2105 naturalem;
845 2036 1054 2093 cmteris
1077 2037 1237 2093 etiam
1261 2037 1517 2103 creaturis
1545 2052 1708 2110 pecu-

121 2124 248 2183 liari
284 2125 559 2191 nobilitate
580 2127 827 2197 praelatus
848 2166 862 2189 ,
910 2125 1257 2189 similitudine
1298 2127 1378 2187 sui
1407 2125 1706 2193 Conditoris

121 2216 345 2273 enituit.
377 2216 625 2283 Liberum
644 2216 923 2283 arbitrium
948 2217 1002 2275 in
1031 2217 1336 2281 conditione
1357 2216 1617 2293 suscepit,
1649 2225 1708 2281 ut

122 2310 182 2365 in
209 2325 371 2380 quam
415 2309 573 2371 vellet
601 2316 807 2380 partem
834 2318 1024 2380 suapte
1047 2307 1248 2381 judicio
1273 2317 1591 2374 moveretur,
1621 2306 1703 2373 fa-

119 2400 488 2471 cultatemque
517 2399 599 2463 vel
623 2398 689 2463 ad
713 2400 911 2465 bonum
939 2400 1023 2459 vel
1046 2398 1115 2455 ad
1142 2399 1339 2467 malum
1382 2399 1699 2473 accedendi,

120 2490 217 2547 vel
250 2490 317 2545 ab
341 2499 563 2560 utroque
602 2489 908 2558 recedendi.
936 2491 1048 2560 ipsa
1078 2490 1295 2553 factura:
1320 2505 1449 2556 sua),
1478 2505 1581 2561 qua
1601 2505 1705 2551 ca:-

125 2582 264 2645 teris
288 2581 588 2650 antistabat.
611 2581 914 2649 conditione
943 2581 1160 2645 sortitus
1186 2590 1289 2643 est.
1313 2581 1418 2645 Sed
1446 2583 1701 2654 quoniam

122 2671 467 2742 emancipato
484 2671 684 2742 judicio
707 2672 980 2745 usurpavit
1005 2687 1220 2744 pravam
1245 2673 1408 2735 animi
1432 2673 1584 2735 liberi
1606 2689 1702 2739 vo-

122 2763 385 2819 luntatem
402 2804 416 2831 ,
441 2752 529 2825 illa
557 2764 730 2821 omnia
751 2804 766 2831 ,
783 2780 902 2836 qua:
925 2765 1152 2836 ingenita
1174 2767 1469 2836 couStabat,
1482 2768 1700 2837 evertit;

120 2853 411 2927 solumque
442 2863 715 2925 peccatum
737 2862 793 2917 et
810 2855 1062 2926 peccandi
1090 2857 1383 2915 necessitas
1408 2858 1457 2921 ei
1488 2858 1702 2928 insepa-

121 2945 368 3003 rabiliter
393 2945 633 3003 adhaesit.
655 2946 765 3007 [loc
787 2955 907 3019 est,
936 2946 1077 3027 quod
1103 2947 1210 3002 dixi
1239 2949 1529 3025 prodigiale
1557 2965 1704 3009 coni-

122 3047 388 3092 tnentum.
410 3035 643 3099 lnaudita
664 3038 858 3121 quippe
883 3036 1193 3096 deformitas
1215 3048 1296 3103 est
1316 3039 1492 3096 dicere
1517 3057 1530 3093 :
1559 3040 1702 3097 Bene

121 3129 430 3185 institutum
447 3138 529 3185 est
550 3130 778 3198 animal,
800 3132 852 3185 in
877 3145 982 3207 quo
1003 3130 1312 3188 amissihilia
1331 3131 1547 3197 fuerunt
1562 3134 1702 3190 bona

122 3220 286 3281 etiam
311 3222 600 3293 naturalia,
631 3223 716 3289 cui
739 3222 1164 3296 inseparabiliter
1185 3225 1528 3291 adhaeserunt
1555 3227 1697 3293 mala

124 3314 212 3373 vel
236 3314 553 3377 voluntaria.
647 3303 653 3311 ’

200 3410 334 3471 Aue.
366 3408 500 3469 Cum
524 3407 752 3475 dicitur:
782 3427 801 3473 ι
833 3409 976 3475 Bene
1005 3409 1298 3471 institutum
1347 3420 1431 3468 est
1470 3412 1699 3482 animal,

128 3500 182 3554 in
211 3515 316 3571 quo
344 3500 652 3563 amissibilia
680 3501 889 3565 fuerunt
924 3501 1063 3561 bona
1100 3503 1260 3563 etiam
1292 3505 1547 3563 naturalia
1568 3547 1583 3573 ,
1616 3507 1704 3569 cui

131 3592 552 3667 inseparabiliter
596 3594 934 3657 adhaeserunt
970 3595 1109 3661 mala
1150 3597 1483 3665 voluntaria;
1523 3598 1705 3677 prodi-

131 3682 294 3753 giale:
329 3693 481 3757 putas
506 3699 655 3747 «esse
670 3695 1028 3752 commentum
1054 3702 1068 3741 :
1093 3702 1114 3743 ι
1147 3695 1202 3747 et
1222 3685 1334 3743 lucc
1352 3702 1382 3745 a
1399 3687 1553 3747 nobis
1574 3688 1701 3758 dici,

134 3782 237 3829 tam
264 3773 609 3837 vehementer
628 3785 683 3832 et
704 3777 901 3839 acriter
921 3778 1275 3843 commoveris
1298 3820 1314 3846 ,
1359 3787 1416 3839 ut
1436 3779 1706 3845 exclames

139 3866 190 3931 iu
240 3867 333 3931 Dei
363 3876 523 3940 atque
548 3867 819 3931 hominum
846 3868 1003 3933 [idem
1020 3909 1038 3939 ,
1064 3877 1312 3943 tanquam
1338 3871 1443 3929 vim
1486 3872 1706 3945 patiaris

133 3960 250 4030 quia
278 3959 378 4025 ista
398 3959 666 4025 dicuntur.
698 3960 831 4026 Sed,
883 3974 1068 4035 quaeso
1090 4002 1108 4033 ,
1161 3960 1426 4019 terribiles
1476 3963 1705 4031 impetus

135 4065 288 4121 pone,
312 4050 612 4125 etquietior
639 4051 851 4115 attende
880 4052 1004 4129 quid
1042 4051 1214 4110 dicam
1236 4053 1279 4106 ¹.
1327 4054 1384 4110 Si
1424 4054 1706 4133 quisquam

134 4145 405 4205 voluntate
423 4159 482 4209 se
514 4153 763 4214 excatcet,
794 4159 968 4201 nonne
995 4146 1200 4209 amittet
1227 4146 1469 4211 naturale
1481 4147 1702 4223 bonum,

137 4236 189 4290 id
217 4246 296 4291 est
312 4236 498 4303 visum,
515 4237 635 4300 etei
661 4237 857 4297 malum
879 4238 1257 4305 voluntarium,
1290 4238 1340 4294 id
1361 4248 1443 4299 est
1470 4241 1703 4315 caecitas,

137 4328 554 4404 inseparabiliter
599 4329 941 4389 adhaerebit?
980 4330 1245 4404 Numquid
1273 4332 1394 4391 ideo
1436 4334 1577 4393 male
1625 4343 1706 4401 est

136 4418 326 4483 animal
348 4419 667 4488 institutum,
688 4421 773 4476 cui
792 4420 889 4483 fuit
908 4422 1198 4481 amissihile
1219 4424 1459 4481 naturale
1484 4426 1703 4499 bonum,

138 4520 189 4563 et
206 4510 551 4582 inseparabile
576 4510 935 4577 voluntarium
962 4513 1191 4577 malum?
1209 4515 1315 4577 Cur
1337 4531 1464 4597 ergo
1486 4533 1590 4575 non
1613 4534 1710 4593 po-

138 4602 241 4658 tius
267 4618 365 4675 ego
389 4604 711 4671 exclamem,
743 4603 883 4669 Proh
908 4604 1003 4661 Dei
1037 4606 1203 4667 nostri
1242 4616 1401 4677 atque
1433 4609 1705 4675 hominum

138 4692 295 4749 ﬁdem
325 4695 338 4746 ε
369 4693 607 4751 Hreccine
638 4705 741 4750 tam
766 4694 1045 4761 manifesta
1075 4707 1129 4753 et
1150 4706 1274 4761 ante
1299 4700 1482 4754 oculos
1504 4701 1707 4757 consti-

138 4794 245 4845 tuta
264 4786 332 4845 ah
352 4784 566 4845 homine
594 4802 698 4842 non
727 4787 913 4855 videri,
935 4788 1025 4860 qui
1056 4789 1209 4849 valde
1235 4799 1423 4851 acutus
1441 4831 1458 4861 ,
1503 4800 1558 4847 et
1580 4807 1706 4849 eru.

136 4878 302 4945 ditus,
334 4888 386 4939 et
410 4879 859 4955 philosopltaster,
902 4889 957 4937 et
998 4881 1312 4941 dialecticus
1351 4885 1463 4938 vult
1496 4883 1708 4953 videri?

137 4969 260 5039 Quis
287 4971 428 5027 enim
449 4971 721 5041 quodlibet
767 4972 1062 5031 membrum
1089 4974 1133 5028 si
1155 4974 1424 5031 voluntate
1461 4974 1562 5030 sibi
1588 4990 1707 5030 am-

143 5071 310 5127 nutat,
343 5078 448 5118 non
475 5064 669 5123 amittit
693 5065 931 5121 naturale
967 5064 1348 5121 incolumitatis
1392 5066 1621 5131 bonum;
1653 5073 1709 5122 et

136 5154 295 5211 sumit
320 5154 676 5225 inseparabile
704 5156 1121 5225 detruncationis
1139 5157 1337 5213 malum
1359 5158 1382 5212 ?
1403 5158 1509 5214 Sed
1550 5156 1709 5213 forsi-

136 5250 226 5301 tan
250 5244 426 5325 dicas,
460 5245 514 5313 in
539 5245 694 5303 bonis
707 5249 946 5323 corporis
962 5264 1118 5325 posse
1141 5250 1240 5317 ista
1251 5250 1581 5322 contingere,
1600 5266 1705 5307 non

138 5334 189 5389 in
217 5335 397 5401 animi,
426 5334 534 5401 Cur
573 5354 700 5411 ergo
730 5339 941 5411 quando
968 5341 1154 5411 dixisti
1187 5361 1207 5395 ι
1231 5344 1488 5409 naturalia
1530 5343 1670 5403 bona
1688 5384 1707 5415 ,

137 5429 219 5484 vel
243 5428 539 5493 voluntaria
567 5432 727 5501 mala,
755 5450 774 5485 ι
796 5447 900 5499 non
926 5433 1174 5501 addidisti
1195 5436 1379 5505 animi,
1406 5452 1476 5499 ne
1501 5436 1568 5496 de
1582 5452 1707 5497 cor-

137 5519 279 5588 poris
308 5519 464 5575 bonis
483 5531 537 5576 et
563 5522 719 5578 malis
750 5532 837 5578 tua
879 5523 1238 5582 destrueretur
1281 5543 1517 5600 praeceps
1540 5537 1599 5587 et
1614 5529 1708 5593 in-

199 5632 541 5707 fﬂvtgnierius,
580 5634 672 5686 sed
693 5634 889 5707 propei
927 5635 1079 5687 nostri
1121 5645 1263 5703 atque
1284 5637 1531 5693 Itamirum
1566 5638 1710 5707 ﬁde!

132 5696 397 5759 (instigatur
420 5708 481 5744 ex
507 5696 857 5759 manuscriptis.

131 5755 317 5867 an".th
339 5759 678 5822 manuscriptis
695 5755 985 5823 restituitur,
1006 5763 1055 5810 et
1070 5759 1274 5826 quietior
1286 5763 1480 5816 utenda
1499 5762 1619 5829 quid
1637 5763 1711 5816 di-

1505 359 1710 418 LIBER
1743 344 2030 418 sexies.

3263 372 3399 440 issi

1823 473 2151 531 considerata
2176 480 2434 538 sententia
2459 482 2483 537 ?
2511 482 2591 538 An
2615 485 2853 545 fortassis
2878 489 3078 549 oblitus
3107 509 3164 549 es
3185 495 3206 549 ?
3235 496 3393 557 Sina-

1825 582 1971 631 mus;
2017 567 2302 627 humanum
2329 576 2567 655 estzsed
2613 578 2663 633 in
2703 582 2941 641 medium
2972 588 3209 655 prooedit
3237 589 3395 653 homo

1822 659 1911 755 ille
1930 660 2021 730 qui
2049 662 2272 755 clamat,
2303 665 2423 723 Non
2449 670 2583 739 quod
2608 670 2741 739 volo,
2769 675 2902 746 [ario
2922 677 3104 739 bonum
3122 694 3142 742 ,'
3163 682 3249 741 sed
3263 683 3396 755 quod

1822 753 1938 807 nolo
1961 754 2173 819 malum,
2205 754 2298 812 hoc
2318 776 2413 829 ago
2435 759 2607 831 (Rom.
2638 779 2731 830 Vit,
2764 764 2888 838 15):
2927 777 2979 825 et
3006 773 3235 837 ostendit
3265 753 3357 835 tibi
3376 777 3393 808 ⁸

1822 845 2076 900 nonnulla
2106 845 2244 903 bona
2265 849 2429 904 animi
2456 851 2533 907 sic
2567 854 2739 929 perire
2782 871 2877 933 per
2912 860 3236 927 voluntatem
3283 880 3395 925 tua.

1821 934 1946 1003 lam,
1980 944 2164 991 utnon
2193 940 2398 1011 possint
2424 941 2601 999 redire
2630 961 2724 1016 per
2742 948 2935 1007 bonam
2958 992 2973 1017 ,
3004 952 3104 1009 nisi
3150 953 3288 1015 Deus
3318 958 3393 1017 lti-

1819 1023 1944 1118 ciat
1971 1026 2110 1097 quod
2156 1042 2260 1083 non
2315 1038 2489 1101 potest
2536 1034 2724 1103 homo,
2752 1039 2877 1101 cui”
2910 1048 2964 1099 et
2987 1042 3185 1103 lumina
3215 1055 3390 1118 potest

1817 1116 2040 1175 reddere
2067 1118 2337 1177 voluntate
2358 1133 2575 1195 caecata,
2609 1134 2663 1187 et
2685 1128 2923 1191 membra
2945 1116 3225 1197 voluntate
3238 1145 3387 1197 trun-

1816 1216 1953 1303 cata.
1986 1209 2207 1303 Deinde,
2237 1214 2326 1282 qui
2353 1212 2420 1269 de
2452 1214 2567 1285 ipso
2586 1215 2797 1281 diabolo
2827 1235 3179 1293 respotiSurus
3199 1242 3278 1297 es,
3299 1226 3388 1303 qui

1816 1298 2008 1355 bonam
2049 1302 2371 1361 voluntatem
2404 1305 2812 1381 irreparabiliter
2840 1314 3119 1385 perdidit?
3164 1319 3243 1379 An
3270 1298 3387 1383 cant

1816 1395 2049 1465 reparari
2078 1410 2233 1466 posse
2262 1396 2513 1455 dicturus
2528 1400 2630 1459 es?
2654 1402 2804 1465 Aude
2828 1404 2868 1469 ³,
2894 1405 2941 1465 si
2986 1416 3154 1479 potes.
3186 1411 3267 1473 An
3295 1426 3390 1483 pti-

1815 1486 1920 1548 tius
1946 1488 2279 1549 confiteberis,
2299 1531 2313 1555 ,
2340 1491 2481 1561 quod
2507 1491 2557 1557 in
2586 1502 2817 1561 mentem
2843 1497 2934 1557 tibi
2965 1498 3123 1559 etiam
3156 1500 3255 1560 ista
3278 1518 3385 1569 non

1812 1578 2082 1647 venerint.
2114 1587 2169 1645 et
2192 1578 2380 1639 horum
2408 1582 2602 1641 oblivio
2633 1590 2684 1649 te
2714 1585 3240 1655 fecerittemerariam
3254 1607 3391 1667 tier

1813 1667 2033 1742 cipitare
2061 1671 2421 1731 sententiam?
2445 1672 2525 1737 Me
2550 1688 2677 1749 ergo
2705 1675 2892 1739 saltem
2911 1692 3386 1757 commemorante,

1812 1764 1865 1849 te
1891 1760 2113 1835 corrige.
2141 1764 2219 1825 An
2249 1763 2533 1833 pertinacia
2555 1767 2820 1849 corrigere
2833 1784 2934 1837 non
2954 1772 3388 1847 permittit,quod

1812 1848 2106 1917 inconsulta
2134 1853 2321 1911 temeri
2334 1863 2410 1915 tas
2423 1854 2589 1925 dixit,
2615 1867 2667 1913 et
2692 1858 2866 1943 pudor
2890 1861 3277 1925 emendationis
3305 1865 3385 1923 la-

1816 1956 1966 2011 psum
1995 1943 2277 2013 conﬁrmat
2301 1946 2498 2009 erroris
2522 1947 2543 2005 ?
2563 1948 2723 2029 Deus,
2746 1960 2801 2017 ut
2820 1950 2994 2025 video,
3014 1969 3110 2035 pro
3124 1963 3174 2011 te
3196 1971 3388 2029 rogan-

1810 2033 1909 2093 dus
1939 2041 2022 2090 est
2054 2053 2067 2090 :
2096 2050 2252 2109 quem.
2284 2037 2505 2109 rogabat
2546 2038 2831 2113 Apostolus
2874 2058 2970 2118 pro
3002 2033 3278 2114 lst'aclitiS.
3329 2056 3387 2115 μ’.

1809 2137 2022 2183 sanaret
2041 2144 2161 2193 eos,
2193 2130 2280 2199 qui
2303 2129 2609 2200 ignorantes
2633 2133 2723 2186 Dei
2743 2134 3024 2202 justitiam,
3052 2146 3105 2191 et
3132 2153 3279 2193 suam
3299 2140 3385 2217 ju-

1809 2217 2006 2273 stitiam
2063 2219 2305 2283 volentes
2350 2221 2706 2293 constituere,
2742 2222 2962 2297 justitisn
3009 2226 3101 2283 Dei
3156 2229 3379 2300 subjecti

1808 2306 1913 2365 non
1964 2318 2116 2365 erant
2162 2309 2273 2389 (Id.
2329 2328 2384 2380 χ,
2428 2311 2480 2389 1,
2507 2311 2583 2386 5).
2617 2313 2774 2385 Tales
2798 2317 2937 2383 enim
2973 2317 3108 2398 estis
3152 2327 3208 2381 et
3252 2302 3378 2397 vos,

1808 2401 1897 2471 qui
1920 2400 2179 2475 justitiam
2203 2409 2435 2459 vestram
2469 2404 2625 2458 vultis
2654 2406 2977 2471 constituere
2996 2448 3013 2476 ,
3042 2424 3197 2487 quam
3231 2411 3381 2475 vobis

1808 2508 1902 2573 vos
1933 2492 2102 2547 facitis
2120 2508 2186 2548 ex
2214 2502 2391 2549 vestro
2420 2493 2589 2550 libero
2616 2497 2872 2571 arbitrio;
2903 2514 3010 2567 non
3040 2516 3105 2554 ex
3144 2501 3251 2556 Deo
3278 2518 3375 2575 po-

1808 2572 1956 2645 sCitis
1982 2592 2036 2639 et
2058 2584 2265 2639 sumitis
2296 2599 2512 2652 veram,
2548 2603 2669 2665 qua:
2699 2588 2837 2651 dicta
2885 2598 2968 2649 est
3006 2591 3210 2671 justitia
3253 2572 3379 2671 Dei;

1808 2692 1913 2732 non
1944 2677 2029 2733 illa
2059 2678 2353 2751 quajustus
2382 2686 2465 2733 est
2488 2679 2642 2748 Dcus,
2674 2679 2789 2749 sed,
2820 2697 2937 2757 qua:
2963 2682 3118 2745 datur
3140 2699 3204 2741 ex
3234 2685 3376 2759 Deo;

1807 2768 1943 2823 sicut
1965 2768 2172 2824 Domini
2202 2778 2283 2824 est
2313 2769 2456 2824 salus
2485 2769 2656 2842 (Psal.
2682 2786 2757 2839 ιιι,
2785 2770 2863 2846 9),
2883 2788 2986 2827 non
3009 2790 3108 2851 qua
3128 2774 3381 2841 Dominus

1807 2857 1985 2913 salvus
2007 2858 2118 2925 fit“,
2147 2858 2240 2914 sed
2265 2875 2365 2935 qua
2391 2860 2567 2921 salvos
2595 2860 2736 2916 facit.
2757 2860 2908 2918 Unde
2928 2863 3055 2919 dicit
3080 2864 3219 2923 idem
3246 2882 3380 2943 apo-

1807 2949 1975 3020 stolus
2007 2967 2019 3004 :
2052 2949 2118 3006 Ut
2138 2951 2364 3013 inveniar
2391 2952 2443 3005 in
2472 2951 2561 3005 illo
2588 2968 2687 3007 non
2714 2952 2899 3015 habens
2928 2972 3088 3009 nteant
3104 2958 3377 3037 justitiam,

1804 3058 1917 3113 qua:
1944 3059 2005 3098 ea:
2023 3043 2128 3115 lege
2167 3053 2271 3111 est;
2298 3044 2386 3098 sed
2415 3061 2524 3099 eam
2543 3086 2559 3115 ,
2589 3061 2701 3125 qua:
2729 3054 2798 3099 est
2817 3063 2879 3107 ex
2899 3049 3021 3117 ﬁde,
3043 3050 3294 3121 justitiam
3317 3068 3383 3107 ea:

1805 3132 1915 3188 Deo
1943 3132 2201 3207 (Philipp.
2232 3150 2311 3201 Ill,
2336 3131 2416 3207 9).
2462 3134 2578 3205 lpsa
2607 3144 2690 3195 est
2709 3135 2912 3209 jnstitia
2944 3137 3034 3192 Dei
3057 3180 3071 3207 ,
3097 3156 3254 3211 quam
3286 3158 3377 3205 ne-

1807 3225 2049 3281 sciebant
2070 3225 2339 3295 lsraelitte,
2367 3234 2421 3280 et
2449 3242 2597 3281 suam
2628 3227 2874 3293 volebant
2897 3231 3241 3299 constituere,
3264 3248 3381 3305 qua;

1806 3330 1873 3371 ex
1896 3315 2015 3387 lege
2035 3327 2117 3373 est
2149 3333 2163 3370 :
2196 3333 2353 3393 quam
2382 3317 2576 3379 Paulus
2604 3317 2904 3385 dcstrueus,
2934 3336 3040 3381 non
3069 3321 3237 3397 legem
3270 3325 3378 3385 uti-

1808 3422 1910 3477 que
1939 3406 2277 3475 destruebat,
2297 3407 2389 3463 sed
2417 3424 2600 3467 eorum
2630 3412 2963 3485 superbiam,
2988 3412 3078 3483 qui
3102 3414 3269 3485 legem
3283 3412 3388 3477 sibi

1808 3497 2054 3555 sufﬁcere
2080 3498 2369 3569 putabant,
2405 3509 2652 3572 tanquam
2700 3518 2794 3573 per
2837 3503 3064 3567 liberum
3107 3507 3385 3571 arbitrium

1804 3590 2062 3661 justitiam
2092 3590 2223 3664 legis
2245 3592 2526 3667 implentes
2541 3633 2556 3662 ,
2583 3603 2636 3655 et
2658 3595 2970 3665 ignorabant
2992 3599 3081 3653 Dei
3100 3600 3389 3675 justitiam,

1809 3698 1932 3753 qum
1957 3682 2112 3737 datur
2136 3698 2200 3737 ex
2222 3682 2359 3755 Deo,
2384 3692 2441 3743 ut
2471 3683 2613 3756 quod
2643 3686 2910 3757 lcttjubet,
2931 3689 3274 3753 subvenicnte
3296 3693 3383 3751 illc

1811 3775 1921 3844 ﬁat,
1953 3775 2104 3847 cujus
2123 3775 2379 3846 sapientia
2407 3776 2577 3849 legem
2605 3788 2658 3845 et
2685 3779 3102 3845 misericordiam
3132 3783 3185 3847 in
3209 3784 3382 3863 lingua

1810 3874 1984 3935 portat
2012 3866 2190 3937 (Prov.
2222 3882 2299 3934 ut,
2331 3867 2429 3935 l6,
2465 3885 2563 3935 sec.
2592 3866 2788 3945 LXX):
2819 3870 2985 3943 legem
3010 3914 3026 3941 ,
3058 3874 3178 3944 quia
3202 3873 3380 3947 jubet;

1810 3959 2250 4028 misericordiam,
2281 3960 2402 4041 quia
2423 3960 2691 4039 juvat,ut
2713 3964 2804 4018 liat
2829 3964 2968 4041 quod
3011 3965 3182 4035 jubet,
3238 3967 3387 4035 Hane

1811 4052 1906 4125 Dei
1921 4051 2180 4129 justitiam
2209 4053 2546 4122 concupisce,
2573 4068 2606 4108 o
2630 4054 2702 4119 tili
2719 4055 2946 4122 Juliane,
2964 4056 3069 4112 noli
3090 4058 3145 4117 in
3171 4066 3258 4125 tua
3280 4060 3386 4123 vir-

1814 4150 1924 4197 tute
1949 4140 2217 4197 conlidere
2245 4160 2256 4195 :
2289 4141 2447 4211 hanc,
2479 4144 2714 4221 inquam,
2747 4145 2840 4201 Dei
2886 4148 3202 4218 concupisce
3239 4150 3384 4221 justi-

1812 4234 2145 4307 tiam;quam
2166 4233 2329 4301 donet
2358 4234 2449 4292 tibi
2480 4235 2735 4295 Dominus
2779 4238 3158 4309 concupiscere
3179 4282 3195 4313 ,
3223 4240 3388 4313 donet

1811 4325 1905 4381 tibi
1922 4327 2185 4382 Dominus
2208 4336 2264 4383 et
2301 4327 2519 4383 habere.
2549 4326 2668 4383 Noli
2716 4329 2874 4384 istum
2905 4329 3125 4395 Poenum
3156 4347 3383 4388 monen-

1813 4426 1918 4472 tem
1950 4417 2029 4472 vel
2054 4416 2430 4475 admonentem
2460 4427 2670 4474 terrena
2690 4418 2901 4475 inflatus
2924 4422 3211 4501 prepagine
3233 4438 3377 4497 Sper.

1811 4523 1961 4564 nere.
1989 4508 2104 4564 Non
2133 4509 2274 4565 enim
2306 4511 2426 4581 quia
2456 4518 2507 4565 te
2532 4510 2718 4593 Apulia
2761 4514 2971 4589 genuit,
3029 4514 3147 4575 ideo
3192 4515 3384 4574 Poenos

1810 4599 2099 4655 vincendos
2124 4601 2394 4656 existimes
2421 4595 2606 4673 gente,
2653 4616 2788 4687 quos
2832 4618 2937 4658 non
2984 4615 3136 4689 potes
3187 4616 3383 4663 mente.

1810 4691 2004 4751 Pinnas
2031 4692 2203 4763 potius
2228 4692 2383 4766 fuge,
2435 4707 2541 4748 non
2594 4692 2827 4749 Poenos:
2859 4710 2979 4759 nam
3020 4695 3382 4767 disputatores

1811 4784 2007 4840 Ptenos
2028 4800 2130 4839 non
2164 4795 2312 4854 potes
2333 4783 2515 4861 fugere
2533 4828 2548 4854 ,
2577 4786 2830 4858 quamdiu
2859 4794 2909 4847 te
2936 4785 3167 4843 delectat
3208 4790 3259 4843 in
3290 4797 3381 4847 tua

1812 4877 2006 4932 virtute
2035 4876 2336 4944 conlidere;
2383 4885 2437 4931 et
2480 4876 2664 4939 beatus
2690 4880 2830 4934 enim
2856 4878 3153 4952 Cyprianus
3191 4881 3388 4940 Poenus

1811 4967 1926 5033 fuit,
1954 4968 2042 5039 qui
2073 4968 2222 5037 dixit,
2258 4968 2343 5023 «In
2365 4969 2509 5025 nullo
2534 4970 2863 5042 gloriandum
2882 5013 2896 5038 ,
2917 4971 3130 5053 quando
3147 4985 3385 5034 nostrum

1811 5061 1942 5115 nihil
1967 5061 2064 5115 sit»
2096 5060 2198 5131 (Ad
2225 5058 2513 5128 Quirinum,
2534 5062 2620 5116 lib.
2654 5063 2707 5131 5,
2735 5079 2852 5139 cap.
2874 5062 2950 5139 4).

1883 5150 2025 5206 ΧΙΧ.
2051 5150 2166 5207 JUL.
2199 5152 2294 5211 llic
2320 5152 2461 5207 dicat
2509 5153 2701 5223 aliquis
2730 5194 2747 5221 ,
2779 5152 2917 5229 Quid
2947 5156 3120 5233 ergo?
3151 5165 3204 5211 tu
3226 5172 3388 5228 negas

1812 5241 1957 5297 illam
1987 5243 2370 5309 innocentiam,
2395 5244 2446 5298 in
2469 5258 2571 5314 qua
2594 5243 2767 5299 fuerat
2792 5245 3035 5301 conditus
3054 5287 3068 5312 ,
3108 5245 3388 5325 Spontanci

1814 5335 2015 5405 peccati
2046 5334 2370 5392 admissione
2399 5346 2700 5408 corruptam
2725 5337 2748 5391 ἲ
2778 5336 2907 5392 Nam
2930 5337 3028 5391 etsi
3068 5336 3389 5417 possibilitas

1812 5427 2197 5483 revertentliad
2221 5427 2419 5483 bonum
2448 5428 2730 5484 commissa
2753 5428 3025 5505 iniquitate
3046 5443 3150 5482 non
3169 5437 3386 5500 pereat;
3420 5493 3424 5496 ,

1812 5579 2377 5694 ωὲἰὲςέὤειωιαιόὔ
2406 5579 2636 5632 multo
2670 5579 2824 5644 bona;
2859 5580 3121 5644 adjeeimu
3164 5579 3279 5643 ωσι,
3320 5592 3388 5634 el

1903 5656 1979 5697 108
2003 5655 2127 5693 ΡΟΙῚ..
3007 5683 3010 5687 .
3416 5690 3421 5695 .

1875 5704 1897 5770 ξ
1931 5710 2079 5770 Intus.
2105 5712 2235 5770 Maia,
2259 5704 2359 5770 qui.

1878 5766 1900 5835 ξ
1929 5767 2074 5835 Editi‘,
2110 5768 2243 5835 nudi.
2272 5766 2603 5835 :Emendantur
2639 5779 2704 5835 ex
2729 5773 2833 5817 Mss.

1876 5826 1901 5861 ⁸
1935 5830 2218 5891 “sitiemus,
2242 5830 2319 5881 sit.
2354 5838 2481 5891 nam,
2503 5827 2577 5893 βε.
