4070 6494
569 379 706 438 1545

565 509 745 556 tamen
785 505 990 554 certum
1039 503 1120 550 est
1170 495 1418 548 meritum
1467 491 1820 558 innocentiae,
1875 505 1997 547 cum
2052 504 2156 560 qua

565 591 855 648 humanum
881 585 1124 658 procedit
1145 585 1455 652 exordium,
1485 583 1772 638 voluntatis
1799 583 1926 638 vitio
1955 581 2153 652 deper-

565 685 664 740 ire.
705 685 776 738 At
823 697 922 753 ego
951 681 1022 736 ita
1065 679 1118 734 id
1173 693 1292 735 esse
1341 693 1446 734 non
1473 679 1648 734 abnuo
1681 695 1695 732 :
1725 675 1818 732 sed
1869 675 1997 732 illud
2033 684 2154 742 est,

565 775 706 848 quod
733 773 818 830 his
845 773 1198 828 illuminatum
1239 771 1498 841 exemplis
1547 771 1704 836 volo,
1728 770 1852 840 quia
1882 785 2000 824 cum
2035 767 2156 824 talis

561 867 632 922 sit
659 865 894 920 conditio
929 863 1066 918 facta
1106 863 1440 933 qualitatum,
1478 877 1576 932 per
1603 877 1738 933 quas
1771 861 1895 918 boni
1929 871 1982 916 et
2029 861 2156 916 mali

563 957 810 1022 dicimur,
837 965 894 1011 ut
933 957 1032 1010 sub
1051 955 1172 1026 jure
1197 956 1398 1026 agitent
1427 953 1750 1020 voluntatis;
1799 961 2012 1022 tamque
2053 951 2156 1007 hoc

559 1051 629 1104 sit
672 1049 813 1105 serio
855 1048 1224 1112 constitutum,
1281 1057 1341 1102 ut
1375 1062 1474 1102 nec
1525 1047 1849 1114 innocentia,
1897 1061 2017 1115 qum
2057 1059 2156 1116 pro

561 1141 820 1213 dignitate
844 1141 1076 1196 auctoris
1104 1141 1338 1196 ofﬁcium
1372 1140 1642 1196 antevenit
1661 1139 1950 1194 voluntatis
1973 1147 2026 1193 et
2052 1153 2151 1192 na-

559 1234 748 1288 turalis
799 1241 917 1298 est;
951 1243 1128 1287 tamen
1158 1231 1298 1286 nulla
1335 1247 1394 1288 se
1421 1241 1682 1302 potestate
1707 1232 1758 1286 in
1784 1231 1964 1285 animo
1991 1245 2154 1300 repu-

559 1333 759 1394 gnante
785 1323 1073 1388 custodiat,
1103 1323 1260 1394 longe
1279 1323 1542 1394 longeque
1570 1323 1798 1396 amplius
1825 1321 1926 1377 hoc
1957 1323 2010 1376 in
2029 1321 2153 1376 mali

564 1425 714 1486 parte
737 1417 828 1487 jus
853 1417 1050 1482 valeat,
1075 1424 1134 1470 ut
1155 1415 1354 1470 nullam
1383 1417 1434 1470 in
1459 1416 1679 1470 rationis
1705 1415 1924 1470 exitium
1967 1423 2151 1486 tyran-

563 1509 741 1564 nidem
770 1519 1016 1580 capessat
1045 1509 1200 1580 culpa
1225 1509 1498 1564 voluntate
1525 1519 1794 1580 suscepta.
1823 1507 1890 1562 Et
1928 1509 1971 1562 si
2013 1509 2149 1562 bona

561 1601 821 1672 qualitas,
855 1617 974 1656 cum
1007 1616 1108 1671 qua
1137 1602 1306 1656 factus
1331 1609 1415 1656 est
1443 1603 1606 1654 homo
1626 1642 1640 1665 ,
1667 1599 2014 1654 immutabilis
2045 1613 2150 1654 non

563 1691 660 1747 fuit
691 1692 846 1765 (falso
869 1693 1012 1746 enim
1047 1691 1317 1746 diceretur
1343 1691 1479 1746 liber
1508 1691 1692 1758 homo,
1729 1691 1774 1746 si
1819 1699 1996 1744 motus
2021 1705 2150 1760 pro-

561 1785 706 1856 prios
733 1787 942 1840 variare
967 1801 1076 1840 non
1103 1785 1306 1856 posset)
1333 1803 1346 1840 :
1375 1784 1546 1839 multo
1569 1784 1738 1855 magis
1759 1783 1989 1854 qualitas
2013 1781 2150 1837 mala

561 1877 672 1931 ﬂeri
726 1893 832 1932 non
886 1878 1086 1948 potuit,
1117 1887 1174 1931 ut
1215 1875 1560 1930 immutabilis
1597 1885 1652 1930 et
1687 1875 1959 1930 rationalis
1985 1877 2041 1930 ίε
2083 1889 2152 1930 ne

559 1968 648 2023 illa
679 1969 814 2022 ratio
837 1969 1096 2024 libertatis
1123 1967 1490 2038 praejudicium
1515 1983 1546 2022 a
1568 1967 1692 2022 mali
1721 1975 1870 2037 parte
1889 1969 2146 2034 sentiret,

558 2059 700 2130 quod
737 2067 954 2130 propter
977 2068 1172 2115 statum
1197 2073 1352 2114 suum
1382 2073 1482 2114 nec
1499 2073 1531 2113 a
1551 2058 1674 2114 boni
1691 2059 1938 2129 portione
1965 2068 2150 2129 pertu-

558 2149 712 2206 lerat.

629 2244 766 2300 Auc.
795 2241 936 2298 Ecce
965 2251 1021 2298 tu
1049 2257 1260 2315 quoque
1287 2242 1556 2310 invenisti,
1588 2251 1644 2298 et
1667 2244 1910 2314 quamvis
1939 2245 2144 2314 serius,

559 2343 737 2390 tamen
763 2335 1050 2406 aliquando
1093 2336 1190 2390 tibi
1230 2337 1375 2390 venit
1399 2336 1452 2390 in
1481 2343 1714 2391 mentem
1734 2377 1750 2404 ,
1783 2337 1922 2392 unde
1949 2348 2034 2393 tua
2063 2350 2148 2396 te-

555 2429 783 2482 meraria
806 2429 1066 2482 sententia
1091 2427 1400 2482 destruatur
1423 2445 1434 2480 :
1457 2427 1634 2483 dixisti
1659 2430 1875 2500 quippe,
1905 2433 2150 2490 naturale

553 2519 752 2574 bonum
781 2561 794 2583 ,
839 2519 980 2590 quod
1019 2527 1102 2576 est
1129 2520 1436 2574 innocentia
1457 2561 1472 2586 ,
1515 2535 1674 2590 posse
1705 2521 1993 2578 voluntatis
2019 2525 2148 2581 vitio

553 2609 800 2680 deperire
825 2629 836 2664 :
861 2626 922 2666 ac
953 2626 1048 2682 per
1087 2610 1188 2666 hoc
1217 2619 1323 2665 tam
1353 2627 1604 2682 magnum
1643 2611 1840 2668 bonum
1861 2655 1878 2681 ,
1906 2615 2046 2686 quod
2075 2617 2147 2672 ita

555 2703 788 2774 pertinet
816 2703 882 2757 ad
913 2712 1178 2766 naturam,
1212 2718 1317 2758 non
1348 2703 1608 2774 corporis,
1641 2703 1736 2758 sed
1763 2705 1928 2775 ipsius
1951 2707 2143 2776 animi,

552 2805 612 2850 ut
643 2811 764 2850 cum
789 2795 906 2864 ipso
933 2795 1074 2850 bono
1111 2795 1254 2850 Deus
1283 2793 1556 2851 hominem
1600 2794 1812 2864 fecerit,
1855 2798 2146 2856 amissibile

551 2901 674 2944 esse
701 2887 1044 2944 monstrasti:
1067 2886 1210 2958 quod
1257 2885 1304 2940 si
1352 2895 1474 2942 ante
1518 2887 1612 2943 tibi
1645 2887 1876 2944 venisset
1905 2888 1958 2944 in
1991 2905 2144 2944 men-

551 2989 660 3034 tem
683 3019 697 3042 ,
729 2994 834 3036 non
867 2987 1080 3048 putares
1105 2976 1471 3048 prodigialiter
1499 2987 1553 3034 et
1581 2979 1803 3033 nimium
1829 2979 2145 3036 deformiter

551 3071 680 3136 dici,
715 3089 734 3121 ‹
757 3071 904 3125 Bene
933 3070 1235 3124 institutum
1263 3077 1345 3123 est
1367 3071 1584 3134 animal,
1615 3071 1666 3124 in
1697 3085 1802 3140 quo
1829 3071 2143 3127 amissibilia

551 3161 767 3214 fuerunt
801 3159 940 3213 bona
977 3159 1137 3213 etiam
1181 3158 1442 3212 naturalia
1469 3177 1480 3212 :
1509 3177 1530 3210 ι
1581 3161 1888 3215 amissibilia
1915 3161 2058 3216 enim
2088 3171 2144 3218 tu

551 3250 750 3321 putasti
775 3263 896 3303 esse
917 3291 930 3314 ,
959 3248 1054 3303 sed
1087 3248 1407 3315 voluntaria,
1437 3249 1519 3304 vel
1545 3249 1705 3316 bona,
1735 3251 1818 3306 vel
1847 3252 2015 3318 mala;
2049 3267 2146 3308 na-

552 3342 739 3398 turalia
783 3355 911 3396 vero
941 3341 1084 3396 soles
1125 3339 1490 3396 inamissibilia
1537 3342 1848 3412 praedicare.
1881 3345 1962 3400 Tu
1997 3346 2144 3402 enim

551 3441 606 3488 et
649 3431 773 3486 alibi
821 3431 953 3486 dicis
976 3473 991 3496 ,
1036 3431 1158 3502 quia
1213 3449 1231 3482 ι
1257 3431 1515 3486 naturalia
1544 3432 1613 3486 ab
1642 3433 1792 3489 initio
1830 3437 2142 3492 substantia:

549 3539 720 3593 usque
747 3521 813 3576 ad
843 3522 1124 3576 terminum
1145 3521 1286 3576 illius
1319 3533 1661 3593 perseverant
1687 3545 1706 3576 ι
1724 3523 1944 3596 (Supra,
1973 3526 2060 3582 lib.
2081 3531 2136 3597 2,

551 3633 668 3685 cap.
695 3614 784 3686 76)
809 3633 820 3669 :
845 3614 912 3668 ad
951 3615 1052 3670 hoc
1093 3625 1148 3669 ut
1187 3615 1412 3672 liberum
1435 3616 1744 3682 arbitrium,
1775 3621 1913 3689 quod
1939 3619 2141 3676 homini

549 3707 692 3764 Dens
713 3750 726 3772 ,
753 3723 873 3763 cum
897 3721 1017 3762 eum
1040 3717 1270 3775 crearet,
1302 3707 1468 3776 dedit,
1498 3709 1666 3764 amitti
1699 3727 1802 3766 non
1833 3728 1987 3782 posse
2015 3729 2144 3769 eon-

549 3802 770 3866 tendas;
801 3801 1068 3872 praecipue
1091 3817 1339 3858 asserens
1369 3803 1625 3858 naturalia
1657 3803 1795 3860 bona
1823 3805 2142 3863 voluntariis

551 3893 704 3950 malis
727 3895 902 3964 perire
922 3907 1026 3948 non
1049 3909 1224 3964 posse.
1241 3893 1310 3948 Et
1329 3892 1449 3950 ideo
1469 3895 1666 3962 dicitis,
1691 3897 1830 3967 quod
1849 3899 1900 3953 in
1921 3914 2141 3969 perver-

548 4003 666 4044 sum
701 3987 880 4042 omnia
913 4003 1172 4042 conemur
1197 4003 1462 4056 asserere,
1494 3997 1742 4060 tanquam
1769 3991 2008 4048 dicamus
2035 4010 2140 4048 non

549 4095 708 4150 posse
737 4079 906 4134 amitti
933 4079 1229 4134 voluntaria
1258 4079 1394 4132 mala
1414 4119 1429 4144 ,
1476 4095 1637 4151 posse
1663 4092 1840 4138 autem
1881 4086 2142 4140 naturalia

547 4173 688 4230 bona
717 4191 730 4227 :
755 4172 896 4242 quod
933 4187 1030 4228 nos
1076 4171 1292 4241 quidem
1323 4185 1428 4225 non
1455 4171 1716 4238 dicimus;
1747 4183 1973 4246 utraque
1997 4177 2140 4231 enim

548 4265 778 4320 dicimus
791 4264 960 4319 amitti
979 4279 1165 4334 posse;
1189 4263 1280 4319 sed
1303 4265 1440 4318 mala
1457 4281 1575 4334 quze
1596 4267 1918 4322 invehuntur
1935 4285 2030 4339 per
2047 4285 2142 4324 vo-

547 4357 806 4413 luntatem
841 4357 1062 4412 liberam
1086 4398 1100 4422 ,
1149 4371 1247 4424 per
1287 4355 1518 4410 divinam
1563 4357 1941 4430 indulgentiam
1983 4377 2142 4432 posse

549 4451 742 4518 amitti,
775 4449 860 4505 vel
883 4465 980 4520 per
1000 4450 1284 4504 humanam
1311 4449 1659 4519 voluntatem,
1694 4452 1788 4508 sed
1815 4469 1842 4506 a
1871 4454 1979 4510 Deo
2009 4456 2142 4512 libe-

547 4554 748 4612 ratam,
775 4551 830 4600 et
853 4559 884 4598 a
911 4543 1138 4598 Domino
1157 4552 1533 4614 przeparatam.
1561 4543 1758 4600 Verum
1789 4553 1842 4601 tu
1875 4548 1962 4617 qui
1985 4548 2137 4614 dicis,

551 4637 724 4692 amitti
761 4651 919 4706 posse
957 4651 1052 4706 per
1080 4635 1412 4690 voluntatem
1459 4637 1648 4690 malam
1669 4679 1683 4702 ,
1715 4636 1810 4693 sed
1844 4639 2140 4696 voluntaria

549 4730 722 4794 bona,
753 4743 861 4782 non
886 4727 1168 4792 naturalia,
1192 4743 1319 4782 ecce
1339 4727 1608 4794 invenisti,
1638 4738 1798 4800 atque
1819 4731 1932 4800 ipse
1961 4731 2141 4786 dixisti

551 4821 910 4877 innocentiam
935 4860 949 4884 ,
983 4818 1125 4889 quod
1155 4828 1238 4874 est
1265 4821 1506 4875 naturale
1531 4820 1750 4888 bonum,
1783 4823 1951 4877 amitti
1985 4839 2142 4894 posse

551 4930 649 4984 per
687 4911 1044 4967 voluntarium
1091 4911 1310 4965 malum.
1342 4912 1407 4967 Et
1437 4913 1737 4968 innocentia
1760 4955 1774 4978 ,
1820 4914 1863 4968 si
1896 4914 2031 4970 bene
2055 4923 2137 4970 at-

553 5005 741 5060 tendas
759 5045 774 5070 ,
823 5003 996 5073 majus
1020 5002 1216 5058 bonum
1245 5013 1354 5070 est,
1389 5021 1544 5074 quam
1575 5006 1798 5060 liberum
1827 5007 2138 5064 arbitrium:

552 5097 676 5166 quia
702 5096 1003 5150 innocentia
1037 5109 1124 5150 res
1157 5095 1418 5150 bonorum
1447 5106 1550 5162 est,
1581 5097 1806 5152 liberum
1837 5115 1964 5154 vero
1991 5100 2139 5156 arbi-

551 5187 713 5242 trium
752 5197 806 5242 et
843 5187 1106 5242 bonorum
1149 5197 1264 5252 est,
1313 5197 1368 5242 et
1407 5189 1689 5242 malorum.
1743 5187 1928 5245 Utrum
1958 5202 2138 5250 autem

555 5280 692 5336 mala
723 5280 993 5336 voluntate
1031 5281 1109 5335 sic
1133 5290 1318 5350 pereat
1347 5280 1648 5335 innocentia
1674 5323 1688 5347 ,
1722 5293 1778 5337 ut
1805 5285 1972 5352 possit
1999 5285 2138 5341 bona

551 5373 824 5428 voluntate
867 5373 1137 5442 reparari,
1178 5387 1285 5427 non
1327 5372 1742 5442 contemptibilis
1783 5377 2008 5445 qumsdo
2034 5387 2134 5434 est.

551 5463 699 5520 Sicut
737 5465 879 5518 enim
923 5465 968 5518 si
1011 5465 1282 5519 voluntate
1321 5475 1662 5535 amputentur
1697 5471 1942 5539 corporis
1971 5487 2138 5527 mem-

551 5557 666 5622 bra,
695 5572 804 5612 non
831 5557 1181 5612 restituuntur
1205 5556 1388 5612 itidem
1417 5559 1721 5628 voluntate;
1756 5563 1826 5616 ita
1851 5563 2138 5622 videndum

551 5659 664 5716 est,
705 5665 773 5704 an
799 5649 852 5703 in
879 5663 938 5704 re
975 5647 1188 5719 quidem
1219 5648 1501 5718 dissimili,
1535 5651 1731 5722 idest,
1761 5654 1811 5710 in
1833 5657 2012 5711 animo
2035 5657 2139 5714 tale

615 5801 634 5833 ί
656 5807 820 5874 ‘vetus
837 5799 1006 5874 lctuler
1053 5808 1196 5862 Port.,
1254 5807 1302 5854 et
1360 5804 1614 5858 naturalis.
1669 5813 1808 5860 Forte
1852 5809 2136 5874 legendum,

547 5865 670 5918 σδσει
690 5867 737 5912 et
773 5861 1035 5914 rationalis.

1213 375 1457 431 OPERIS
1497 370 1907 430 IMPERFECTI
1947 369 2218 430 CONTRA
2259 367 2620 444 JULIANUM,
2661 375 2720 432 S.
2759 375 3132 436 AUGUSTINI

3725 383 3868 446 εδει

2269 489 2467 562 aliquid
2495 491 2564 546 de
2581 491 2900 549 innocentia:
2919 493 3216 564 perditione
3241 495 3542 568 contingat,
3579 507 3632 552 et
3661 501 3868 556 volun-

2267 584 2402 638 tario
2429 592 2576 639 motu
2619 585 2795 654 perire
2833 587 3034 656 possit,
3066 587 3242 644 redire
3265 603 3370 644 non
3397 589 3592 660 possit.
3631 591 3771 646 Nam
3805 603 3864 650 et

2265 689 2416 732 sacra
2439 677 2734 748 virginitas,
2765 679 2810 734 si
2836 695 2930 750 per
2948 680 3266 751 impudicam
3293 691 3472 752 pereat
3499 683 3861 752 voluntatem,

2263 765 2330 822 ad
2379 769 2684 838 pudicitiam
2733 770 2898 826 rediri
2925 773 2942 804 ι
2983 779 3194 842 potest,
3233 772 3300 828 ad
3339 773 3710 844 virginitatem
3757 759 3862 832 non

2263 867 2459 929 potest.
2490 860 2597 916 Sed
2625 861 2800 918 adhuc
2827 863 3199 932 respondetur,
3229 874 3282 918 et
3309 865 3676 936 integritatem
3699 867 3864 938 virgi-

2263 950 2480 1004 nitatis'
2509 951 2558 1005 in
2589 966 2815 1024 corpore
2833 995 2848 1018 ,
2883 969 2990 1007 non
3017 955 3200 1025 utique
3223 955 3384 1010 animi
3411 971 3533 1013 esse
3557 1001 3574 1024 ,
3607 957 3712 1013 sed
3741 975 3864 1015 cor—

2261 1041 2409 1110 poris
2433 1059 2448 1095 :
2470 1057 2592 1096 cum
2619 1059 2746 1098 vero
2775 1043 2844 1100 de
2873 1044 3175 1100 innocentia
3205 1045 3559 1117 disputatur',
3593 1057 3652 1104 et
3683 1059 3864 1107 tamen

2263 1133 2709 1190 considerandum
2757 1147 2877 1204 est,
2931 1147 3108 1192 utrum
3157 1137 3224 1192 ad
3271 1137 3534 1208 justitiam
3587 1141 3866 1198 voluntate

2259 1225 2447 1281 redeat
2467 1226 2557 1295 qui
2589 1227 2913 1296 peccaverit,
2943 1243 3049 1282 non
3079 1228 3146 1284 ad
3173 1229 3530 1284 innocentiam
3556 1247 3572 1296 ;
3605 1232 3750 1284 sicut
3779 1233 3864 1289 illa

2260 1317 2326 1372 ad
2359 1315 2666 1388 pudicitiam
2688 1363 2704 1388 ,
2737 1335 2843 1374 non
2873 1323 2940 1375 ad
2967 1321 3320 1392 virginitatem
3360 1323 3522 1378 redit.
3555 1323 3698 1378 Nam
3729 1325 3864 1380 sicut

2259 1407 2516 1480 injustitia
2553 1411 2800 1480 justitize;
2837 1413 2907 1466 ita
2943 1411 3264 1468 innocentia:
3298 1414 3444 1470 velut
3491 1415 3614 1486 ejus
3649 1427 3864 1472 contra-

2259 1503 2421 1570 rium,
2441 1519 2546 1558 non
2566 1504 2847 1574 injustitia,
2871 1505 2964 1561 sed
2985 1515 3168 1562 reatus
3187 1508 3493 1577 opponitur,
3513 1509 3606 1578 qui
3627 1507 3860 1566 hominis

2257 1593 2530 1650 voluntate
2569 1611 2676 1652 non
2707 1599 2938 1666 tollitur,
2967 1598 3068 1654 etsi
3097 1600 3212 1670 ejus
3243 1600 3516 1656 voluntate
3549 1605 3622 1657 sit
3665 1602 3856 1660 factus.

2257 1685 2375 1742 Non
2401 1689 2544 1743 enim
2574 1705 2762 1746 verum
2805 1691 2979 1758 videt,
3025 1691 3116 1762 qui
3165 1701 3312 1762 putat
3353 1704 3564 1748 reatum
3609 1697 3716 1750 sibi
3761 1698 3856 1767 ipsi

2256 1781 2446 1836 tollere
2468 1783 2847 1852 paenitentem;
2878 1801 3176 1855 quanquam
3203 1795 3258 1842 et
3283 1787 3450 1857 ipsam
3480 1791 3854 1858 penitentiam

2257 1871 2399 1929 Deus
2423 1873 2534 1940 det,
2563 1875 2706 1946 quod
2735 1877 3022 1946 Apostolus
3049 1877 3332 1932 conﬁrmat
3355 1879 3576 1944 dicens,
3610 1879 3704 1935 Ne
3734 1886 3856 1954 {om

2255 1964 2358 2020 illis
2385 1965 2524 2021 Deus
2551 1966 2634 2022 det
2663 1968 3002 2037 paenitentiam
3021 1968 3090 2042 (ll
3109 1967 3244 2023 Tim.
3271 1987 3332 2038 ιι,
3359 1971 3452 2042 25)
3479 1991 3493 2027 :
3517 1973 3615 2028 sed
3645 1985 3850 2032 reatum

2254 2058 2594 2126 apertissime
2622 2058 2766 2114 Deus
2793 2059 2952 2126 tollit,
2987 2059 3188 2114 homini
3216 2059 3392 2114 dando
3417 2060 3850 2133 indulgentiam;

2256 2162 2362 2202 non
2389 2149 2488 2203 sibi
2529 2149 2644 2219 ipse
2682 2149 2877 2216 homo,
2923 2149 3128 2220 agendo
3159 2151 3549 2222 paenitentiam.
3585 2155 3852 2212 Debemus

2253 2239 2450 2308 quippe
2479 2239 2628 2294 illum
2650 2241 2907 2306 recolere,
2951 2241 3040 2310 qui
3071 2241 3246 2296 locum
3273 2243 3605 2312 paenitentia:
3633 2261 3746 2299 non
3773 2247 3851 2300 in-

2253 2329 2432 2395 venit,
2465 2329 2707 2399 quamvis
2748 2345 2868 2385 cum
2909 2331 3160 2402 lacrymis
3196 2333 3463 2400 qumsierit
3490 2349 3614 2390 eam
3653 2335 3850 2406 (Hebr.

2253 2437 2356 2488 xu,
2391 2423 2501 2494 l7).
2533 2425 2609 2478 Ac
2637 2437 2731 2492 per
2757 2423 2860 2479 hoc
2884 2435 2937 2479 et
2965 2425 3330 2494 paenitentiam
3357 2427 3496 2496 egit,
3527 2437 3586 2484 et
3613 2445 3746 2483 reus
3771 2445 3852 2484 re-

2251 2515 2489 2582 mansit,
2534 2515 2656 2586 quia
2683 2515 2891 2570 veniam
2923 2530 3029 2570 non
3057 2517 3262 2586 accepit
3287 2535 3300 2572 :
3323 2525 3377 2572 et
3415 2518 3490 2572 illi
3537 2519 3630 2590 qui
3675 2520 3850 2575 dicent

2251 2605 2394 2662 inter
2421 2621 2499 2674 se,
2523 2607 2864 2676 penitentiam
2883 2618 3106 2678 agentes,
3137 2617 3184 2662 et
3213 2626 3303 2680 per
3323 2611 3614 2681 angustiam
3643 2613 3848 2684 spiritu

2249 2698 2666 2768 gementes,Quid
2680 2698 2820 2752 nobis
2837 2699 3030 2770 profuit
3051 2699 3284 2770 superbia
3303 2700 3454 2772 (Sap.
3471 2717 3526 2768 v,
3549 2701 3602 2768 3,
3623 2702 3710 2774 8),
3725 2705 3850 2759 etc.?

2251 2792 2334 2846 rei
2359 2792 2537 2862 utique
2567 2792 2618 2846 in
2643 2800 2940 2858 reternum,
2969 2807 3074 2846 non
3101 2803 3320 2863 accepta
3343 2793 3494 2848 venia
3513 2836 3530 2861 ,
3565 2811 3848 2866 permane-

2249 2883 2385 2940 bunt
2411 2901 2424 2938 :
2449 2883 2590 2938 sicut
2617 2883 2778 2940 etiam
2819 2883 2908 2938 ille
2941 2882 3008 2939 de
3037 2899 3144 2954 quo
3181 2883 3443 2940 Dominus
3467 2885 3574 2951 ait,
3613 2885 3739 2940 Non
3767 2905 3848 2942 re-

2248 2979 2473 3033 mittetur
2500 2979 2567 3046 ei,
2593 2979 2682 3032 sed
2709 2995 2823 3032 reus
2853 2979 2948 3031 erit
2973 2979 3147 3032 interni
3171 2980 3364 3049 peccati
3389 2977 3588 3046 (Marc.
3621 2997 3706 3048 ιιι,
3731 2981 3844 3052 29).

2247 3069 2385 3125 Ecce
2407 3069 2618 3122 inventa
2645 3077 2728 3124 est
2749 3069 3053 3124 innocentia
3084 3083 3334 3138 magnum
3357 3067 3594 3123 hominis
3625 3070 3840 3134 bonum,

2247 3169 2408 3230 atque
2447 3161 2520 3215 ita
2565 3161 2839 3226 naturale,
2883 3169 2942 3216 ut
2984 3175 3105 3214 cum
3137 3159 3228 3214 illa
3263 3161 3333 3215 sit
3366 3160 3615 3216 conditus
3645 3164 3844 3234 primus

2247 3249 2432 3319 homo,
2463 3260 2518 3306 et
2544 3253 2682 3308 sicut
2718 3269 2814 3308 vos
2857 3251 3054 3320 dicitis,
3101 3267 3222 3306 cum
3267 3253 3352 3307 illa
3393 3254 3637 3308 nascitur
3677 3255 3841 3310 omnis

2247 3341 2441 3410 homo,
2485 3359 2604 3414 quae
2663 3353 2840 3398 tamen
2883 3343 3111 3398 hominis
3149 3343 3420 3398 voluntate
3449 3343 3602 3414 perdi
3635 3355 3838 3414 potest,

2253 3449 2358 3490 non
2392 3443 2564 3506 potest
2598 3435 2746 3490 reddi
2769 3453 2781 3490 :
2803 3443 2858 3490 et
2877 3445 3058 3490 reatus
3079 3449 3328 3504 magnum
3351 3435 3552 3488 malum
3583 3435 3840 3491 innocen-

2249 3529 2440 3599 tiaeque
2483 3529 2848 3594 contrarium,
2892 3527 3034 3598 quod
3079 3537 3254 3582 tamen
3289 3535 3528 3597 potestas
3573 3527 3835 3593 hominis,

2245 3634 2368 3676 cum
2402 3620 2471 3674 sit
2509 3619 2887 3682 voluntarium,
2925 3619 3096 3688 possit
3143 3616 3358 3682 inferre,
3399 3633 3500 3672 nec
3543 3619 3723 3688 possit
3756 3635 3838 3672 au-

2245 3709 2406 3765 ferre.
2449 3707 2685 3765 Videsne
2727 3707 3178 3780 quemadmodum
3214 3707 3476 3780 generalis
3523 3719 3612 3763 tua
3661 3709 3838 3780 regula

2247 3805 2334 3860 illa
2361 3805 2664 3876 frangatur,
2699 3819 2799 3874 qua
2832 3803 3056 3874 putabas
3081 3803 3322 3858 naturale
3349 3803 3574 3870 bonum,
3615 3819 3720 3858 nos
3749 3819 3838 3858 vo-

2247 3898 2452 3953 luntate
2477 3912 2582 3950 non
2625 3895 2882 3966 perdere;
2915 3895 3128 3965 quando
3159 3895 3430 3949 inventum
3455 3903 3544 3948 est
3563 3896 3712 3964 quod
3739 3911 3840 3950 non

2247 3993 2420 4048 solum
2465 3997 2646 4060 pereat
2670 4031 2686 4058 ,
2735 3988 2828 4044 sed
2861 4003 2960 4044 nec
2997 3987 3181 4044 redeat
3217 3989 3490 4043 voluntate
3514 4029 3530 4052 ,
3581 3987 3843 4043 duntaxat

2247 4083 2518 4139 humana?
2561 4083 2702 4137 Deus
2738 4090 2915 4136 autem
2943 4087 3121 4151 potest
3158 4079 3426 4135 hominem
3467 4089 3622 4134 reatu
3667 4082 3842 4136 ablato

2245 4175 2312 4230 ad
2341 4173 2695 4229 innocentiam
2730 4187 3004 4228 revocare.
3045 4171 3156 4228 Cur
3181 4187 3309 4243 ergo
3333 4187 3440 4226 non
3473 4171 3658 4227 credis
3681 4173 3844 4228 liber-

2245 4275 2410 4321 tatem
2438 4265 2574 4320 bene
2597 4264 2786 4334 agendi
2817 4265 3088 4319 voluntate
3115 4264 3343 4318 humana
3373 4265 3548 4334 perire
3575 4267 3840 4335 potuisse,

2245 4375 2348 4415 nec
2389 4357 2567 4414 redire
2605 4373 2764 4428 posse
2785 4400 2798 4425 ,
2831 4357 2932 4412 nisi
2971 4357 3148 4412 divina
3175 4357 3476 4422 voluntate;
3506 4374 3632 4412 cum
3659 4360 3842 4414 audias

2249 4450 2516 4505 hominem
2557 4448 2846 4513 dicentem,
2873 4447 2993 4501 Non
3019 4447 3158 4518 quod
3177 4448 3310 4515 rota,
3345 4449 3476 4520 facio
3497 4448 3726 4515 bonum;
3755 4451 3840 4506 sed

2245 4540 2380 4614 quod
2417 4540 2534 4594 nolo
2567 4540 2786 4607 malum,
2834 4539 2927 4592 hoc
2955 4557 3085 4612 ago;
3127 4549 3182 4594 et
3213 4547 3336 4614 post
3373 4539 3536 4594 verba
3575 4541 3702 4596 talia
3729 4543 3838 4596 cla-

2245 4645 2503 4700 mantem,
2537 4635 2663 4702 Quis
2691 4652 2770 4688 me
2805 4633 3070 4688 liberabit?
3101 4649 3165 4690 ac
3205 4635 3579 4706 subjicientem
3604 4679 3621 4700 ,
3667 4635 3838 4690 Gratia

2245 4727 2342 4783 Dei
2372 4745 2460 4799 per
2485 4727 2661 4782 Iesum
2689 4727 2947 4783 Christum
2975 4725 3250 4782 Dominum
3281 4737 3510 4782 nostrum
3535 4727 3722 4800 (Rern.
3747 4745 3834 4792 vn,

2247 4819 2335 4884 15,
2383 4819 2475 4886 2-1,
2521 4818 2652 4890 25)?
2685 4817 2830 4873 «Sed
2863 4817 3016 4884 falso,
3051 4839 3068 4871 ι
3105 4819 3302 4890 inquis,
3360 4837 3377 4870 ι
3404 4819 3686 4874 diceretur
3711 4819 3838 4872 liber

2247 4913 2431 4978 homo,
2463 4913 2508 4967 si
2549 4921 2725 4967 motus
2761 4913 3007 4983 proprios
3045 4913 3252 4967 variare
3305 4928 3408 4968 non
3446 4921 3653 4981 posset.
3683 4932 3702 4964 ι
3735 4911 3838 4966 Nec

2247 5013 2300 5060 te
2329 5005 2478 5059 vides
2506 5003 2606 5074 ipsi
2634 5004 2744 5058 Deo
2773 5003 2961 5059 tollere
2988 5003 3310 5067 libertatem,
3337 5013 3392 5058 et
3417 5003 3592 5066 nobis,
3629 5005 3839 5074 quando

2247 5111 2366 5152 cum
2395 5095 2486 5150 illo
2516 5095 2568 5149 in
2598 5109 2767 5166 regno
2793 5095 2910 5166 ejus
2931 5096 3260 5152 immortales
3279 5097 3460 5150 vivere
3489 5097 3836 5166 eruperimus,

2245 5203 2346 5243 nec
2371 5197 2548 5243 motus
2577 5196 2822 5252 nostros,
2855 5201 2996 5242 nunc
3039 5187 3092 5242 in
3135 5187 3355 5250 bonum,
3385 5203 3528 5242 nunc
3556 5189 3610 5242 in
3643 5189 3834 5242 malum

2246 5280 2402 5335 nobis
2429 5280 2529 5334 erit
2565 5279 2823 5350 possibile
2863 5279 3105 5344 variare;
3153 5289 3207 5334 et
3251 5287 3432 5333 tamen
3475 5287 3604 5334 tunc
3635 5277 3838 5333 {eliciti

2244 5371 2399 5426 liberi
2429 5371 2651 5440 erimus,
2685 5370 2897 5440 quando
2921 5385 3026 5426 non
3050 5369 3343 5441 poterimus
3367 5371 3570 5426 servire
3595 5379 3834 5440 peccato,

2245 5463 2382 5519 sicut
2411 5478 2509 5518 nec
2541 5464 2654 5534 ipse
2683 5463 2822 5519 Deus
2843 5481 2856 5517 :
2879 5462 2974 5518 sed
3015 5477 3112 5518 nos
3143 5461 3308 5534 ipsius
3336 5463 3506 5534 gratia
3527 5505 3544 5532 ,
3593 5463 3690 5519 ille
3711 5475 3837 5517 vero

2243 5571 2339 5612 sua
2363 5563 2573 5610 natura.

2307 5754 2326 5786 ι
2360 5753 2433 5802 ste
2455 5761 2560 5803 Mss.
2577 5757 2628 5802 tn
2651 5753 2810 5816 Vign.,
2832 5751 3014 5816 redire.

2307 5818 2327 5847 ²
2361 5817 2434 5864 sic
2453 5822 2560 5864 Mss.
2592 5822 2640 5864 In
2663 5812 2819 5874 vitm,
2849 5812 3070 5878 tfirgim's.

2311 5878 2332 5910 ⁸
2367 5883 2504 5928 Forte
2537 5871 2826 5938 addendum,
2854 5871 3000 5926 dc're
3025 5887 3132 5940 qua!
3153 5871 3300 5926 uninti
3322 5879 3390 5925 est
3413 5873 3700 5938 dignantur.
