  <div class='ocr_page' id='page_1' title='image "/cluster/home/n/w/nwhite01/storage/ocr_20150623/44-45/uva.x000217727/778.png"; bbox 0 0 3958 6480; ppageno 0'>
   <div class='ocr_carea' id='block_1_1' title="bbox 175 319 324 379">
    <p class='ocr_par' dir='ltr' id='par_1_1' title="bbox 175 319 324 379">
     <span class='ocr_line' id='line_1_1' title="bbox 175 319 324 379; baseline 0.013 -2"><span class='ocrx_word' id='word_1_1' title='bbox 175 319 324 379; x_wconf 66' lang='grc'><strong>1545</strong></span> 
     </span>
    </p>
   </div>
   <div class='ocr_carea' id='block_1_2' title="bbox 256 427 1759 502">
    <p class='ocr_par' dir='ltr' id='par_1_2' title="bbox 256 427 1759 502">
     <span class='ocr_line' id='line_1_2' title="bbox 256 427 1759 502; baseline -0.005 -10"><span class='ocrx_word' id='word_1_2' title='bbox 256 432 374 492; x_wconf 75' lang='lat' dir='ltr'><strong>XX.</strong></span> <span class='ocrx_word' id='word_1_3' title='bbox 401 433 520 490; x_wconf 78' lang='grc' dir='ltr'>ιω..</span> <span class='ocrx_word' id='word_1_4' title='bbox 550 431 752 489; x_wconf 89' lang='lat' dir='ltr'><strong>Deinde</strong></span> <span class='ocrx_word' id='word_1_5' title='bbox 787 427 906 502; x_wconf 86' lang='lat' dir='ltr'><strong>quis</strong></span> <span class='ocrx_word' id='word_1_6' title='bbox 944 427 1205 500; x_wconf 81' lang='lat' dir='ltr'><strong>parasitus</strong></span> <span class='ocrx_word' id='word_1_7' title='bbox 1231 430 1300 485; x_wconf 91' lang='lat' dir='ltr'><strong>ita</strong></span> <span class='ocrx_word' id='word_1_8' title='bbox 1333 429 1516 486; x_wconf 75' lang='lat' dir='ltr'><strong>militis</strong></span> <span class='ocrx_word' id='word_1_9' title='bbox 1545 429 1759 502; x_wconf 90' lang='lat' dir='ltr'><strong>gloriosi</strong></span> 
     </span>
    </p>
   </div>
   <div class='ocr_carea' id='block_1_3' title="bbox 169 517 1761 603">
    <p class='ocr_par' dir='ltr' id='par_1_3' title="bbox 169 517 1761 603">
     <span class='ocr_line' id='line_1_3' title="bbox 169 517 1761 603; baseline -0.008 -19"><span class='ocrx_word' id='word_1_10' title='bbox 169 531 324 585; x_wconf 80' lang='lat' dir='ltr'><strong>vires</strong></span> <span class='ocrx_word' id='word_1_11' title='bbox 343 525 788 603; x_wconf 81' lang='lat' dir='ltr'><strong>assentationibus</strong></span> <span class='ocrx_word' id='word_1_12' title='bbox 810 522 1019 586; x_wconf 78' lang='lat' dir='ltr'><strong>extulit,</strong></span> <span class='ocrx_word' id='word_1_13' title='bbox 1050 531 1105 577; x_wconf 86' lang='grc' dir='ltr'><strong>ιιι</strong></span> <span class='ocrx_word' id='word_1_14' title='bbox 1127 521 1497 578; x_wconf 82' lang='lat' dir='ltr'><strong>Tradueiauus</strong></span> <span class='ocrx_word' id='word_1_15' title='bbox 1520 517 1761 576; x_wconf 84' lang='lat' dir='ltr'><strong>diaboli?</strong></span> 
     </span>
    </p>
   </div>
   <div class='ocr_carea' id='block_1_4' title="bbox 168 608 1766 691">
    <p class='ocr_par' dir='ltr' id='par_1_4' title="bbox 168 608 1766 691">
     <span class='ocr_line' id='line_1_4' title="bbox 168 608 1766 691; baseline -0.006 -15"><span class='ocrx_word' id='word_1_16' title='bbox 168 622 332 690; x_wconf 84' lang='lat' dir='ltr'><strong>Quod</strong></span> <span class='ocrx_word' id='word_1_17' title='bbox 373 621 439 676; x_wconf 91' lang='lat' dir='ltr'><strong>de</strong></span> <span class='ocrx_word' id='word_1_18' title='bbox 477 617 809 691; x_wconf 91' lang='lat' dir='ltr'><strong>ponderibus</strong></span> <span class='ocrx_word' id='word_1_19' title='bbox 846 615 1135 671; x_wconf 83' lang='lat' dir='ltr'><strong>allectuum</strong></span> <span class='ocrx_word' id='word_1_20' title='bbox 1160 617 1174 647; x_wconf 84' lang='grc'>¹</span> <span class='ocrx_word' id='word_1_21' title='bbox 1204 615 1417 686; x_wconf 82' lang='lat' dir='ltr'><strong>agnosci</strong></span> <span class='ocrx_word' id='word_1_22' title='bbox 1447 613 1588 668; x_wconf 89' lang='lat' dir='ltr'><strong>licet.</strong></span> <span class='ocrx_word' id='word_1_23' title='bbox 1618 608 1766 666; x_wconf 81' lang='lat' dir='ltr'><strong>Fecit</strong></span> 
     </span>
    </p>
   </div>
   <div class='ocr_carea' id='block_1_5' title="bbox 167 704 1762 786">
    <p class='ocr_par' dir='ltr' id='par_1_5' title="bbox 167 704 1762 786">
     <span class='ocr_line' id='line_1_5' title="bbox 167 704 1762 786; baseline -0.007 -18"><span class='ocrx_word' id='word_1_24' title='bbox 167 712 445 786; x_wconf 88' lang='lat' dir='ltr'><strong>siquidem</strong></span> <span class='ocrx_word' id='word_1_25' title='bbox 478 711 616 766; x_wconf 85' lang='lat' dir='ltr'><strong>Deus</strong></span> <span class='ocrx_word' id='word_1_26' title='bbox 645 710 936 774; x_wconf 82' lang='lat' dir='ltr'><strong>hominem,</strong></span> <span class='ocrx_word' id='word_1_27' title='bbox 965 707 1243 763; x_wconf 90' lang='lat' dir='ltr'><strong>materiam</strong></span> <span class='ocrx_word' id='word_1_28' title='bbox 1270 707 1435 777; x_wconf 88' lang='lat' dir='ltr'><strong>ipsam</strong></span> <span class='ocrx_word' id='word_1_29' title='bbox 1455 704 1573 773; x_wconf 74' lang='lat' dir='ltr'><strong>limi</strong></span> <span class='ocrx_word' id='word_1_30' title='bbox 1599 718 1762 758; x_wconf 90' lang='lat' dir='ltr'><strong>vene-</strong></span> 
     </span>
    </p>
   </div>
   <div class='ocr_carea' id='block_1_6' title="bbox 169 793 1763 874">
    <p class='ocr_par' dir='ltr' id='par_1_6' title="bbox 169 793 1763 874">
     <span class='ocr_line' id='line_1_6' title="bbox 169 793 1763 874; baseline -0.009 -13"><span class='ocrx_word' id='word_1_31' title='bbox 169 807 336 861; x_wconf 86' lang='lat' dir='ltr'><strong>rabili</strong></span> <span class='ocrx_word' id='word_1_32' title='bbox 359 803 664 874; x_wconf 74' lang='lat' dir='ltr'><strong>dignatione</strong></span> <span class='ocrx_word' id='word_1_33' title='bbox 684 809 1046 867; x_wconf 87' lang='lat' dir='ltr'><strong>contrectans,</strong></span> <span class='ocrx_word' id='word_1_34' title='bbox 1070 815 1189 870; x_wconf 68' lang='lat' dir='ltr'><strong>quae</strong></span> <span class='ocrx_word' id='word_1_35' title='bbox 1212 799 1263 852; x_wconf 87' lang='lat' dir='ltr'><strong>in</strong></span> <span class='ocrx_word' id='word_1_36' title='bbox 1286 796 1510 852; x_wconf 82' lang='lat' dir='ltr'><strong>formam</strong></span> <span class='ocrx_word' id='word_1_37' title='bbox 1534 793 1763 848; x_wconf 89' lang='lat' dir='ltr'><strong>hominis</strong></span> 
     </span>
    </p>
   </div>
   <div class='ocr_carea' id='block_1_7' title="bbox 169 883 1762 960">
    <p class='ocr_par' dir='ltr' id='par_1_7' title="bbox 169 883 1762 960">
     <span class='ocr_line' id='line_1_7' title="bbox 169 883 1762 960; baseline -0.01 -8"><span class='ocrx_word' id='word_1_38' title='bbox 169 898 414 954; x_wconf 90' lang='lat' dir='ltr'><strong>auctoris</strong></span> <span class='ocrx_word' id='word_1_39' title='bbox 442 895 526 951; x_wconf 88' lang='lat' dir='ltr'><strong>sui</strong></span> <span class='ocrx_word' id='word_1_40' title='bbox 557 910 773 949; x_wconf 90' lang='lat' dir='ltr'><strong>manum</strong></span> <span class='ocrx_word' id='word_1_41' title='bbox 804 892 1020 948; x_wconf 90' lang='lat' dir='ltr'><strong>subacta</strong></span> <span class='ocrx_word' id='word_1_42' title='bbox 1044 899 1378 960; x_wconf 72' lang='lat' dir='ltr'><strong>sequeretur.</strong></span> <span class='ocrx_word' id='word_1_43' title='bbox 1401 886 1636 943; x_wconf 86' lang='lat' dir='ltr'><strong>Steterat</strong></span> <span class='ocrx_word' id='word_1_44' title='bbox 1653 883 1762 955; x_wconf 89' lang='lat' dir='ltr'><strong>jam</strong></span> 
     </span>
    </p>
   </div>
   <div class='ocr_carea' id='block_1_8' title="bbox 171 978 1763 1054">
    <p class='ocr_par' dir='ltr' id='par_1_8' title="bbox 171 978 1763 1054">
     <span class='ocr_line' id='line_1_8' title="bbox 171 978 1763 1054; baseline -0.009 -11"><span class='ocrx_word' id='word_1_45' title='bbox 171 989 510 1050; x_wconf 81' lang='lat' dir='ltr'><strong>absolutum,</strong></span> <span class='ocrx_word' id='word_1_46' title='bbox 534 996 790 1042; x_wconf 71' lang='lat' dir='ltr'><strong>cteterum</strong></span> <span class='ocrx_word' id='word_1_47' title='bbox 817 984 1021 1054; x_wconf 88' lang='lat' dir='ltr'><strong>pallens</strong></span> <span class='ocrx_word' id='word_1_48' title='bbox 1047 981 1378 1052; x_wconf 78' lang='lat' dir='ltr'><strong>frigensque’</strong></span> <span class='ocrx_word' id='word_1_49' title='bbox 1397 978 1763 1044; x_wconf 89' lang='lat' dir='ltr'><strong>simulacrmu,</strong></span> 
     </span>
    </p>
   </div>
   <div class='ocr_carea' id='block_1_9' title="bbox 179 1066 1766 1150">
    <p class='ocr_par' dir='ltr' id='par_1_9' title="bbox 179 1066 1766 1150">
     <span class='ocr_line' id='line_1_9' title="bbox 179 1066 1766 1150; baseline -0.01 -16"><span class='ocrx_word' id='word_1_50' title='bbox 179 1081 433 1150; x_wconf 89' lang='lat' dir='ltr'><strong>spiritum</strong></span> <span class='ocrx_word' id='word_1_51' title='bbox 474 1092 580 1148; x_wconf 91' lang='lat' dir='ltr'><strong>quo</strong></span> <span class='ocrx_word' id='word_1_52' title='bbox 617 1076 812 1130; x_wconf 89' lang='lat' dir='ltr'><strong>niteret</strong></span> <span class='ocrx_word' id='word_1_53' title='bbox 854 1083 908 1129; x_wconf 91' lang='lat' dir='ltr'><strong>et</strong></span> <span class='ocrx_word' id='word_1_54' title='bbox 940 1074 1137 1144; x_wconf 80' lang='lat' dir='ltr'><strong>vigeret</strong></span> <span class='ocrx_word' id='word_1_55' title='bbox 1165 1069 1466 1140; x_wconf 88' lang='lat' dir='ltr'><strong>opperiens.</strong></span> <span class='ocrx_word' id='word_1_56' title='bbox 1497 1066 1649 1121; x_wconf 83' lang='lat' dir='ltr'><strong>Tunc</strong></span> <span class='ocrx_word' id='word_1_57' title='bbox 1672 1083 1766 1120; x_wconf 90' lang='lat' dir='ltr'><strong>au-</strong></span> 
     </span>
    </p>
   </div>
   <div class='ocr_carea' id='block_1_10' title="bbox 177 1156 1764 1240">
    <p class='ocr_par' dir='ltr' id='par_1_10' title="bbox 177 1156 1764 1240">
     <span class='ocr_line' id='line_1_10' title="bbox 177 1156 1764 1240; baseline -0.009 -17"><span class='ocrx_word' id='word_1_58' title='bbox 177 1169 493 1240; x_wconf 84' lang='lat' dir='ltr'><strong>gustissimo</strong></span> <span class='ocrx_word' id='word_1_59' title='bbox 522 1165 753 1220; x_wconf 88' lang='lat' dir='ltr'><strong>auctoris</strong></span> <span class='ocrx_word' id='word_1_60' title='bbox 791 1163 968 1217; x_wconf 84' lang='lat' dir='ltr'><strong>afﬂatu</strong></span> <span class='ocrx_word' id='word_1_61' title='bbox 1011 1171 1220 1217; x_wconf 87' lang='lat' dir='ltr'><strong>creatus</strong></span> <span class='ocrx_word' id='word_1_62' title='bbox 1253 1169 1305 1213; x_wconf 91' lang='lat' dir='ltr'><strong>et</strong></span> <span class='ocrx_word' id='word_1_63' title='bbox 1336 1157 1622 1227; x_wconf 80' lang='lat' dir='ltr'><strong>inspiratus</strong></span> <span class='ocrx_word' id='word_1_64' title='bbox 1647 1156 1764 1210; x_wconf 91' lang='lat' dir='ltr'><strong>ani-</strong></span> 
     </span>
    </p>
   </div>
   <div class='ocr_carea' id='block_1_11' title="bbox 180 1253 1766 1328">
    <p class='ocr_par' dir='ltr' id='par_1_11' title="bbox 180 1253 1766 1328">
     <span class='ocr_line' id='line_1_11' title="bbox 180 1253 1766 1328; baseline -0.008 -12"><span class='ocrx_word' id='word_1_65' title='bbox 180 1277 305 1316; x_wconf 90' lang='lat' dir='ltr'><strong>mus</strong></span> <span class='ocrx_word' id='word_1_66' title='bbox 324 1303 340 1328; x_wconf 98' lang='lat'><strong>,</strong></span> <span class='ocrx_word' id='word_1_67' title='bbox 365 1260 569 1315; x_wconf 79' lang='lat' dir='ltr'><strong>viscera</strong></span> <span class='ocrx_word' id='word_1_68' title='bbox 598 1255 811 1327; x_wconf 86' lang='lat' dir='ltr'><strong>impleta</strong></span> <span class='ocrx_word' id='word_1_69' title='bbox 840 1253 1127 1308; x_wconf 86' lang='lat' dir='ltr'><strong>conunovit</strong></span> <span class='ocrx_word' id='word_1_70' title='bbox 1149 1269 1164 1306; x_wconf 88' lang='lat'><strong>:</strong></span> <span class='ocrx_word' id='word_1_71' title='bbox 1189 1260 1314 1306; x_wconf 91' lang='lat' dir='ltr'><strong>tunc</strong></span> <span class='ocrx_word' id='word_1_72' title='bbox 1350 1264 1536 1303; x_wconf 90' lang='lat' dir='ltr'><strong>oumes</strong></span> <span class='ocrx_word' id='word_1_73' title='bbox 1575 1262 1766 1303; x_wconf 91' lang='lat' dir='ltr'><strong>sensus</strong></span> 
     </span>
    </p>
   </div>
   <div class='ocr_carea' id='block_1_12' title="bbox 182 1338 1764 1421">
    <p class='ocr_par' dir='ltr' id='par_1_12' title="bbox 182 1338 1764 1421">
     <span class='ocr_line' id='line_1_12' title="bbox 182 1338 1764 1421; baseline -0.009 -15"><span class='ocrx_word' id='word_1_74' title='bbox 182 1352 238 1406; x_wconf 90' lang='lat' dir='ltr'><strong>in</strong></span> <span class='ocrx_word' id='word_1_75' title='bbox 280 1358 589 1421; x_wconf 85' lang='lat' dir='ltr'><strong>apparatum</strong></span> <span class='ocrx_word' id='word_1_76' title='bbox 635 1345 970 1417; x_wconf 89' lang='lat' dir='ltr'><strong>propriorum</strong></span> <span class='ocrx_word' id='word_1_77' title='bbox 1019 1356 1298 1397; x_wconf 87' lang='lat' dir='ltr'><strong>munerum</strong></span> <span class='ocrx_word' id='word_1_78' title='bbox 1342 1338 1578 1394; x_wconf 65' lang='lat' dir='ltr'><strong>SllSCllilli</strong></span> <span class='ocrx_word' id='word_1_79' title='bbox 1619 1345 1764 1392; x_wconf 86' lang='lat' dir='ltr'><strong>sunt.</strong></span> 
     </span>
    </p>
   </div>
   <div class='ocr_carea' id='block_1_13' title="bbox 179 1431 1764 1508">
    <p class='ocr_par' dir='ltr' id='par_1_13' title="bbox 179 1431 1764 1508">
     <span class='ocr_line' id='line_1_13' title="bbox 179 1431 1764 1508; baseline -0.011 -9"><span class='ocrx_word' id='word_1_80' title='bbox 179 1442 345 1499; x_wconf 82' lang='lat' dir='ltr'><strong>Dedit</strong></span> <span class='ocrx_word' id='word_1_81' title='bbox 385 1439 652 1496; x_wconf 82' lang='lat' dir='ltr'><strong>habitator</strong></span> <span class='ocrx_word' id='word_1_82' title='bbox 697 1439 967 1508; x_wconf 89' lang='lat' dir='ltr'><strong>ingressus</strong></span> <span class='ocrx_word' id='word_1_83' title='bbox 995 1434 1287 1489; x_wconf 89' lang='lat' dir='ltr'><strong>visceribus</strong></span> <span class='ocrx_word' id='word_1_84' title='bbox 1328 1431 1598 1494; x_wconf 86' lang='lat' dir='ltr'><strong>colorem,</strong></span> <span class='ocrx_word' id='word_1_85' title='bbox 1636 1444 1764 1484; x_wconf 90' lang='lat' dir='ltr'><strong>san-</strong></span> 
     </span>
    </p>
   </div>
   <div class='ocr_carea' id='block_1_14' title="bbox 181 1518 1766 1606">
    <p class='ocr_par' dir='ltr' id='par_1_14' title="bbox 181 1518 1766 1606">
     <span class='ocr_line' id='line_1_14' title="bbox 181 1518 1766 1606; baseline -0.009 -16"><span class='ocrx_word' id='word_1_86' title='bbox 181 1534 330 1606; x_wconf 84' lang='lat' dir='ltr'><strong>guini</strong></span> <span class='ocrx_word' id='word_1_87' title='bbox 349 1530 636 1595; x_wconf 74' lang='lat' dir='ltr'><strong>calorem&#39;,</strong></span> <span class='ocrx_word' id='word_1_88' title='bbox 675 1528 928 1584; x_wconf 86' lang='lat' dir='ltr'><strong>membris</strong></span> <span class='ocrx_word' id='word_1_89' title='bbox 949 1526 1203 1597; x_wconf 89' lang='lat' dir='ltr'><strong>vigorem,</strong></span> <span class='ocrx_word' id='word_1_90' title='bbox 1228 1522 1336 1578; x_wconf 90' lang='lat' dir='ltr'><strong>cuti</strong></span> <span class='ocrx_word' id='word_1_91' title='bbox 1358 1522 1606 1576; x_wconf 89' lang='lat' dir='ltr'><strong>nitorem.</strong></span> <span class='ocrx_word' id='word_1_92' title='bbox 1635 1518 1766 1575; x_wconf 73' lang='lat' dir='ltr'><strong>Vide</strong></span> 
     </span>
    </p>
   </div>
   <div class='ocr_carea' id='block_1_15' title="bbox 179 1610 1766 1696">
    <p class='ocr_par' dir='ltr' id='par_1_15' title="bbox 179 1610 1766 1696">
     <span class='ocr_line' id='line_1_15' title="bbox 179 1610 1766 1696; baseline -0.011 -15"><span class='ocrx_word' id='word_1_93' title='bbox 179 1625 327 1696; x_wconf 82' lang='lat' dir='ltr'><strong>quod</strong></span> <span class='ocrx_word' id='word_1_94' title='bbox 381 1622 647 1694; x_wconf 78' lang='lat' dir='ltr'><strong>negotium</strong></span> <span class='ocrx_word' id='word_1_95' title='bbox 693 1620 745 1674; x_wconf 92' lang='lat' dir='ltr'><strong>in</strong></span> <span class='ocrx_word' id='word_1_96' title='bbox 797 1616 1076 1673; x_wconf 86' lang='lat' dir='ltr'><strong>formando</strong></span> <span class='ocrx_word' id='word_1_97' title='bbox 1119 1624 1173 1670; x_wconf 88' lang='lat' dir='ltr'><strong>et</strong></span> <span class='ocrx_word' id='word_1_98' title='bbox 1219 1611 1506 1668; x_wconf 87' lang='lat' dir='ltr'><strong>animando</strong></span> <span class='ocrx_word' id='word_1_99' title='bbox 1547 1610 1766 1664; x_wconf 87' lang='lat' dir='ltr'><strong>homine</strong></span> 
     </span>
    </p>
   </div>
   <div class='ocr_carea' id='block_1_16' title="bbox 179 1701 1764 1789">
    <p class='ocr_par' dir='ltr' id='par_1_16' title="bbox 179 1701 1764 1789">
     <span class='ocr_line' id='line_1_16' title="bbox 179 1701 1764 1789; baseline -0.011 -18"><span class='ocrx_word' id='word_1_100' title='bbox 179 1717 356 1789; x_wconf 88' lang='lat' dir='ltr'><strong>pietas</strong></span> <span class='ocrx_word' id='word_1_101' title='bbox 396 1714 573 1770; x_wconf 88' lang='lat' dir='ltr'><strong>divina</strong></span> <span class='ocrx_word' id='word_1_102' title='bbox 621 1710 872 1782; x_wconf 73' lang='lat' dir='ltr'><strong>suscepit.</strong></span> <span class='ocrx_word' id='word_1_103' title='bbox 929 1707 1123 1762; x_wconf 75' lang='lat' dir='ltr'><strong>Verum</strong></span> <span class='ocrx_word' id='word_1_104' title='bbox 1171 1720 1270 1760; x_wconf 92' lang='lat' dir='ltr'><strong>nec</strong></span> <span class='ocrx_word' id='word_1_105' title='bbox 1311 1701 1598 1775; x_wconf 86' lang='lat' dir='ltr'><strong>perfect-um</strong></span> <span class='ocrx_word' id='word_1_106' title='bbox 1644 1714 1764 1755; x_wconf 87' lang='lat' dir='ltr'><strong>eum</strong></span> 
     </span>
    </p>
   </div>
   <div class='ocr_carea' id='block_1_17' title="bbox 184 1791 1767 1877">
    <p class='ocr_par' dir='ltr' id='par_1_17' title="bbox 184 1791 1767 1877">
     <span class='ocr_line' id='line_1_17' title="bbox 184 1791 1767 1877; baseline -0.013 -14"><span class='ocrx_word' id='word_1_107' title='bbox 184 1807 402 1877; x_wconf 74' lang='lat' dir='ltr'><strong>reliquit</strong></span> <span class='ocrx_word' id='word_1_108' title='bbox 429 1802 762 1872; x_wconf 81' lang='lat' dir='ltr'><strong>familiaritas</strong></span> <span class='ocrx_word' id='word_1_109' title='bbox 791 1797 1095 1856; x_wconf 84' lang='lat' dir='ltr'><strong>Conditoris</strong></span> <span class='ocrx_word' id='word_1_110' title='bbox 1119 1814 1132 1850; x_wconf 92' lang='lat'>:</span> <span class='ocrx_word' id='word_1_111' title='bbox 1159 1794 1478 1850; x_wconf 76' lang='lat' dir='ltr'><strong>transfertur</strong></span> <span class='ocrx_word' id='word_1_112' title='bbox 1505 1791 1570 1845; x_wconf 90' lang='lat' dir='ltr'><strong>ad</strong></span> <span class='ocrx_word' id='word_1_113' title='bbox 1602 1803 1767 1844; x_wconf 74' lang='grc' dir='ltr'>ιιιιιω-</span> 
     </span>
    </p>
   </div>
   <div class='ocr_carea' id='block_1_18' title="bbox 183 1879 1768 1962">
    <p class='ocr_par' dir='ltr' id='par_1_18' title="bbox 183 1879 1768 1962">
     <span class='ocr_line' id='line_1_18' title="bbox 183 1879 1768 1962; baseline -0.012 -11"><span class='ocrx_word' id='word_1_114' title='bbox 183 1898 390 1952; x_wconf 91' lang='lat' dir='ltr'><strong>niorem</strong></span> <span class='ocrx_word' id='word_1_115' title='bbox 437 1895 610 1950; x_wconf 91' lang='lat' dir='ltr'><strong>locmn</strong></span> <span class='ocrx_word' id='word_1_116' title='bbox 638 1932 651 1957; x_wconf 93' lang='lat'><strong>,</strong></span> <span class='ocrx_word' id='word_1_117' title='bbox 685 1901 740 1948; x_wconf 89' lang='lat' dir='ltr'><strong>et.</strong></span> <span class='ocrx_word' id='word_1_118' title='bbox 761 1905 920 1962; x_wconf 90' lang='lat' dir='ltr'><strong>quem</strong></span> <span class='ocrx_word' id='word_1_119' title='bbox 951 1890 1242 1944; x_wconf 88' lang='lat' dir='ltr'><strong>clementer</strong></span> <span class='ocrx_word' id='word_1_120' title='bbox 1265 1883 1487 1948; x_wconf 77' lang='lat' dir='ltr'><strong>fecerat,</strong></span> <span class='ocrx_word' id='word_1_121' title='bbox 1521 1879 1768 1937; x_wconf 87' lang='lat' dir='ltr'><strong>munifice</strong></span> 
     </span>
    </p>
   </div>
   <div class='ocr_carea' id='block_1_19' title="bbox 181 1969 1768 2056">
    <p class='ocr_par' dir='ltr' id='par_1_19' title="bbox 181 1969 1768 2056">
     <span class='ocr_line' id='line_1_19' title="bbox 181 1969 1768 2056; baseline -0.012 -15"><span class='ocrx_word' id='word_1_122' title='bbox 181 1986 493 2056; x_wconf 80' lang='lat' dir='ltr'><strong>locupletat.</strong></span> <span class='ocrx_word' id='word_1_123' title='bbox 527 1982 634 2038; x_wconf 80' lang='lat' dir='ltr'><strong>Nec</strong></span> <span class='ocrx_word' id='word_1_124' title='bbox 665 1981 768 2037; x_wconf 89' lang='lat' dir='ltr'><strong>hoc</strong></span> <span class='ocrx_word' id='word_1_125' title='bbox 796 1990 972 2034; x_wconf 92' lang='lat' dir='ltr'><strong>tamen</strong></span> <span class='ocrx_word' id='word_1_126' title='bbox 1014 1974 1323 2047; x_wconf 69' lang='lat' dir='ltr'><strong>praestitisse</strong></span> <span class='ocrx_word' id='word_1_127' title='bbox 1361 1979 1668 2034; x_wconf 90' lang='lat' dir='ltr'><strong>contentus,</strong></span> <span class='ocrx_word' id='word_1_128' title='bbox 1704 1969 1768 2023; x_wconf 90' lang='lat' dir='ltr'><strong>il-</strong></span> 
     </span>
    </p>
   </div>
   <div class='ocr_carea' id='block_1_20' title="bbox 182 2065 1764 2145">
    <p class='ocr_par' dir='ltr' id='par_1_20' title="bbox 182 2065 1764 2145">
     <span class='ocr_line' id='line_1_20' title="bbox 182 2065 1764 2145; baseline -0.013 -11"><span class='ocrx_word' id='word_1_129' title='bbox 182 2079 380 2134; x_wconf 82' lang='lat' dir='ltr'><strong>lustrat</strong></span> <span class='ocrx_word' id='word_1_130' title='bbox 400 2091 523 2133; x_wconf 92' lang='lat' dir='ltr'><strong>eum</strong></span> <span class='ocrx_word' id='word_1_131' title='bbox 550 2073 908 2145; x_wconf 80' lang='lat' dir='ltr'><strong>impertitione</strong></span> <span class='ocrx_word' id='word_1_132' title='bbox 931 2067 1178 2140; x_wconf 81' lang='lat' dir='ltr'><strong>colloquii</strong></span> <span class='ocrx_word' id='word_1_133' title='bbox 1203 2084 1216 2120; x_wconf 90' lang='lat'>:</span> <span class='ocrx_word' id='word_1_134' title='bbox 1242 2066 1330 2121; x_wconf 83' lang='lat' dir='ltr'><strong>dat</strong></span> <span class='ocrx_word' id='word_1_135' title='bbox 1351 2065 1398 2120; x_wconf 91' lang='lat' dir='ltr'><strong>ei</strong></span> <span class='ocrx_word' id='word_1_136' title='bbox 1422 2071 1764 2134; x_wconf 79' lang='lat' dir='ltr'><strong>praeceptum,</strong></span> 
     </span>
    </p>
   </div>
   <div class='ocr_carea' id='block_1_21' title="bbox 181 2155 1766 2231">
    <p class='ocr_par' dir='ltr' id='par_1_21' title="bbox 181 2155 1766 2231">
     <span class='ocr_line' id='line_1_21' title="bbox 181 2155 1766 2231; baseline -0.011 -7"><span class='ocrx_word' id='word_1_137' title='bbox 181 2177 248 2223; x_wconf 88' lang='lat' dir='ltr'><strong>ut</strong></span> <span class='ocrx_word' id='word_1_138' title='bbox 273 2167 568 2223; x_wconf 90' lang='lat' dir='ltr'><strong>libertatem</strong></span> <span class='ocrx_word' id='word_1_139' title='bbox 595 2179 746 2219; x_wconf 88' lang='lat' dir='ltr'><strong>suam</strong></span> <span class='ocrx_word' id='word_1_140' title='bbox 776 2160 1100 2231; x_wconf 83' lang='lat' dir='ltr'><strong>intelligens,</strong></span> <span class='ocrx_word' id='word_1_141' title='bbox 1123 2157 1329 2212; x_wconf 84' lang='lat' dir='ltr'><strong>videret</strong></span> <span class='ocrx_word' id='word_1_142' title='bbox 1354 2155 1453 2210; x_wconf 84' lang='lat' dir='ltr'><strong>sibi</strong></span> <span class='ocrx_word' id='word_1_143' title='bbox 1482 2161 1766 2222; x_wconf 85' lang='lat' dir='ltr'><strong>suppetere</strong></span> 
     </span>
    </p>
   </div>
   <div class='ocr_carea' id='block_1_22' title="bbox 181 2247 1765 2330">
    <p class='ocr_par' dir='ltr' id='par_1_22' title="bbox 181 2247 1765 2330">
     <span class='ocr_line' id='line_1_22' title="bbox 181 2247 1765 2330; baseline -0.009 -14"><span class='ocrx_word' id='word_1_144' title='bbox 181 2273 287 2330; x_wconf 85' lang='lat' dir='ltr'><strong>per</strong></span> <span class='ocrx_word' id='word_1_145' title='bbox 309 2255 446 2330; x_wconf 89' lang='lat' dir='ltr'><strong>quod</strong></span> <span class='ocrx_word' id='word_1_146' title='bbox 491 2253 644 2313; x_wconf 60' lang='lat' dir='ltr'><strong>fieret</strong></span> <span class='ocrx_word' id='word_1_147' title='bbox 681 2253 904 2310; x_wconf 87' lang='lat' dir='ltr'><strong>amicior</strong></span> <span class='ocrx_word' id='word_1_148' title='bbox 931 2250 1206 2308; x_wconf 83' lang='lat' dir='ltr'><strong>Conditori</strong></span> <span class='ocrx_word' id='word_1_149' title='bbox 1233 2267 1246 2304; x_wconf 91' lang='lat'>:</span> <span class='ocrx_word' id='word_1_150' title='bbox 1273 2247 1412 2319; x_wconf 91' lang='lat' dir='ltr'><strong>quod</strong></span> <span class='ocrx_word' id='word_1_151' title='bbox 1446 2254 1765 2316; x_wconf 78' lang='lat' dir='ltr'><strong>przeccptum</strong></span> 
     </span>
    </p>
   </div>
   <div class='ocr_carea' id='block_1_23' title="bbox 184 2335 1768 2410">
    <p class='ocr_par' dir='ltr' id='par_1_23' title="bbox 184 2335 1768 2410">
     <span class='ocr_line' id='line_1_23' title="bbox 184 2335 1768 2410; baseline -0.011 -6"><span class='ocrx_word' id='word_1_152' title='bbox 184 2366 296 2404; x_wconf 90' lang='lat' dir='ltr'><strong>non</strong></span> <span class='ocrx_word' id='word_1_153' title='bbox 329 2349 382 2404; x_wconf 91' lang='lat' dir='ltr'><strong>in</strong></span> <span class='ocrx_word' id='word_1_154' title='bbox 411 2348 573 2403; x_wconf 91' lang='lat' dir='ltr'><strong>multa</strong></span> <span class='ocrx_word' id='word_1_155' title='bbox 603 2344 958 2407; x_wconf 85' lang='lat' dir='ltr'><strong>distenditur,</strong></span> <span class='ocrx_word' id='word_1_156' title='bbox 1007 2357 1074 2397; x_wconf 93' lang='lat' dir='ltr'><strong>ne</strong></span> <span class='ocrx_word' id='word_1_157' title='bbox 1118 2340 1241 2410; x_wconf 91' lang='lat' dir='ltr'><strong>quid</strong></span> <span class='ocrx_word' id='word_1_158' title='bbox 1273 2339 1454 2393; x_wconf 89' lang='lat' dir='ltr'><strong>oneris</strong></span> <span class='ocrx_word' id='word_1_159' title='bbox 1480 2335 1548 2392; x_wconf 92' lang='lat' dir='ltr'><strong>de</strong></span> <span class='ocrx_word' id='word_1_160' title='bbox 1590 2335 1768 2390; x_wconf 61' lang='lat' dir='ltr'><strong>multi.</strong></span> 
     </span>
    </p>
   </div>
   <div class='ocr_carea' id='block_1_24' title="bbox 181 2425 1763 2510">
    <p class='ocr_par' dir='ltr' id='par_1_24' title="bbox 181 2425 1763 2510">
     <span class='ocr_line' id='line_1_24' title="bbox 181 2425 1763 2510; baseline -0.009 -16"><span class='ocrx_word' id='word_1_161' title='bbox 181 2439 380 2510; x_wconf 81' lang='lat' dir='ltr'><strong>plicata</strong></span> <span class='ocrx_word' id='word_1_162' title='bbox 424 2439 537 2509; x_wconf 87' lang='lat' dir='ltr'><strong>lege</strong></span> <span class='ocrx_word' id='word_1_163' title='bbox 571 2436 820 2500; x_wconf 88' lang='lat' dir='ltr'><strong>sentiret;</strong></span> <span class='ocrx_word' id='word_1_164' title='bbox 871 2434 963 2489; x_wconf 88' lang='lat' dir='ltr'><strong>sed</strong></span> <span class='ocrx_word' id='word_1_165' title='bbox 1007 2430 1324 2489; x_wconf 66' lang='lat' dir='ltr'><strong>interdictn‘</strong></span> <span class='ocrx_word' id='word_1_166' title='bbox 1350 2430 1503 2483; x_wconf 87' lang='lat' dir='ltr'><strong>ttnius</strong></span> <span class='ocrx_word' id='word_1_167' title='bbox 1531 2425 1763 2498; x_wconf 87' lang='lat' dir='ltr'><strong>ponmli,</strong></span> 
     </span>
    </p>
   </div>
   <div class='ocr_carea' id='block_1_25' title="bbox 185 2523 1768 2599">
    <p class='ocr_par' dir='ltr' id='par_1_25' title="bbox 185 2523 1768 2599">
     <span class='ocr_line' id='line_1_25' title="bbox 185 2523 1768 2599; baseline -0.009 -11"><span class='ocrx_word' id='word_1_168' title='bbox 185 2532 550 2588; x_wconf 85' lang='lat' dir='ltr'><strong>testimonium</strong></span> <span class='ocrx_word' id='word_1_169' title='bbox 595 2530 891 2586; x_wconf 75' lang='lat' dir='ltr'><strong>devotionis</strong></span> <span class='ocrx_word' id='word_1_170' title='bbox 935 2528 1225 2599; x_wconf 75' lang='lat' dir='ltr'><strong>expetitur.</strong></span> <span class='ocrx_word' id='word_1_171' title='bbox 1257 2523 1445 2579; x_wconf 75' lang='lat' dir='ltr'><strong>l&#39;ostea</strong></span> <span class='ocrx_word' id='word_1_172' title='bbox 1476 2537 1683 2592; x_wconf 77' lang='lat' dir='ltr'><strong>([ltttqllc</strong></span> <span class='ocrx_word' id='word_1_173' title='bbox 1709 2529 1768 2574; x_wconf 93' lang='lat' dir='ltr'><strong>ut</strong></span> 
     </span>
    </p>
   </div>
   <div class='ocr_carea' id='block_1_26' title="bbox 182 2612 1766 2690">
    <p class='ocr_par' dir='ltr' id='par_1_26' title="bbox 182 2612 1766 2690">
     <span class='ocr_line' id='line_1_26' title="bbox 182 2612 1766 2690; baseline -0.007 -13"><span class='ocrx_word' id='word_1_174' title='bbox 182 2622 409 2678; x_wconf 77' lang='lat' dir='ltr'><strong>haberet</strong></span> <span class='ocrx_word' id='word_1_175' title='bbox 432 2632 752 2683; x_wconf 73' lang='lat' dir='ltr'><strong>consortem,</strong></span> <span class='ocrx_word' id='word_1_176' title='bbox 777 2636 1038 2690; x_wconf 83' lang='lat' dir='ltr'><strong>perquam</strong></span> <span class='ocrx_word' id='word_1_177' title='bbox 1062 2628 1213 2688; x_wconf 88' lang='lat' dir='ltr'><strong>pater</strong></span> <span class='ocrx_word' id='word_1_178' title='bbox 1236 2614 1405 2679; x_wconf 89' lang='lat' dir='ltr'><strong>fieret,</strong></span> <span class='ocrx_word' id='word_1_179' title='bbox 1428 2613 1602 2669; x_wconf 89' lang='lat' dir='ltr'><strong>denuo</strong></span> <span class='ocrx_word' id='word_1_180' title='bbox 1625 2612 1766 2666; x_wconf 92' lang='lat' dir='ltr'><strong>illius</strong></span> 
     </span>
    </p>
   </div>
   <div class='ocr_carea' id='block_1_27' title="bbox 186 2703 1767 2785">
    <p class='ocr_par' dir='ltr' id='par_1_27' title="bbox 186 2703 1767 2785">
     <span class='ocr_line' id='line_1_27' title="bbox 186 2703 1767 2785; baseline -0.008 -16"><span class='ocrx_word' id='word_1_181' title='bbox 186 2729 400 2781; x_wconf 87' lang='lat' dir='ltr'><strong>manus,</strong></span> <span class='ocrx_word' id='word_1_182' title='bbox 427 2729 526 2785; x_wconf 91' lang='lat' dir='ltr'><strong>qua</strong></span> <span class='ocrx_word' id='word_1_183' title='bbox 554 2711 798 2769; x_wconf 88' lang='lat' dir='ltr'><strong>conditus</strong></span> <span class='ocrx_word' id='word_1_184' title='bbox 825 2721 960 2776; x_wconf 86' lang='lat' dir='ltr'><strong>erat,</strong></span> <span class='ocrx_word' id='word_1_185' title='bbox 989 2709 1294 2764; x_wconf 89' lang='lat' dir='ltr'><strong>nobilitatur</strong></span> <span class='ocrx_word' id='word_1_186' title='bbox 1317 2714 1548 2769; x_wconf 85' lang='lat' dir='ltr'><strong>attactu;</strong></span> <span class='ocrx_word' id='word_1_187' title='bbox 1582 2703 1767 2757; x_wconf 87' lang='lat' dir='ltr'><strong>divino</strong></span> 
     </span>
    </p>
   </div>
   <div class='ocr_carea' id='block_1_28' title="bbox 185 2795 1764 2876">
    <p class='ocr_par' dir='ltr' id='par_1_28' title="bbox 185 2795 1764 2876">
     <span class='ocr_line' id='line_1_28' title="bbox 185 2795 1764 2876; baseline -0.008 -16"><span class='ocrx_word' id='word_1_188' title='bbox 185 2820 400 2876; x_wconf 86' lang='lat' dir='ltr'><strong>quoque</strong></span> <span class='ocrx_word' id='word_1_189' title='bbox 440 2802 665 2859; x_wconf 89' lang='lat' dir='ltr'><strong>subinde</strong></span> <span class='ocrx_word' id='word_1_190' title='bbox 706 2800 969 2871; x_wconf 86' lang='lat' dir='ltr'><strong>colloquio</strong></span> <span class='ocrx_word' id='word_1_191' title='bbox 1015 2798 1220 2854; x_wconf 82' lang='lat' dir='ltr'><strong>fovetur</strong></span> <span class='ocrx_word' id='word_1_192' title='bbox 1257 2805 1414 2866; x_wconf 86' lang='lat' dir='ltr'><strong>atque</strong></span> <span class='ocrx_word' id='word_1_193' title='bbox 1457 2795 1764 2848; x_wconf 77' lang='lat' dir='ltr'><strong>lumomtur.</strong></span> 
     </span>
    </p>
   </div>
   <div class='ocr_carea' id='block_1_29' title="bbox 185 2887 1766 2966">
    <p class='ocr_par' dir='ltr' id='par_1_29' title="bbox 185 2887 1766 2966">
     <span class='ocr_line' id='line_1_29' title="bbox 185 2887 1766 2966; baseline -0.008 -16"><span class='ocrx_word' id='word_1_194' title='bbox 185 2895 317 2952; x_wconf 70' lang='lat' dir='ltr'><strong>lla&#39;c</strong></span> <span class='ocrx_word' id='word_1_195' title='bbox 347 2909 473 2966; x_wconf 88' lang='lat' dir='ltr'><strong>ergo</strong></span> <span class='ocrx_word' id='word_1_196' title='bbox 499 2909 526 2947; x_wconf 88' lang='lat' dir='ltr'><strong>a</strong></span> <span class='ocrx_word' id='word_1_197' title='bbox 560 2894 670 2948; x_wconf 90' lang='lat' dir='ltr'><strong>Deo</strong></span> <span class='ocrx_word' id='word_1_198' title='bbox 699 2893 930 2964; x_wconf 84' lang='lat' dir='ltr'><strong>pr:estita</strong></span> <span class='ocrx_word' id='word_1_199' title='bbox 961 2901 1068 2946; x_wconf 89' lang='lat' dir='ltr'><strong>tam</strong></span> <span class='ocrx_word' id='word_1_200' title='bbox 1094 2890 1272 2960; x_wconf 89' lang='lat' dir='ltr'><strong>longa,</strong></span> <span class='ocrx_word' id='word_1_201' title='bbox 1306 2897 1411 2942; x_wconf 91' lang='lat' dir='ltr'><strong>tam</strong></span> <span class='ocrx_word' id='word_1_202' title='bbox 1444 2887 1630 2950; x_wconf 91' lang='lat' dir='ltr'><strong>multa,</strong></span> <span class='ocrx_word' id='word_1_203' title='bbox 1660 2895 1766 2939; x_wconf 87' lang='lat' dir='ltr'><strong>tam</strong></span> 
     </span>
    </p>
   </div>
   <div class='ocr_carea' id='block_1_30' title="bbox 181 2976 1765 3061">
    <p class='ocr_par' dir='ltr' id='par_1_30' title="bbox 181 2976 1765 3061">
     <span class='ocr_line' id='line_1_30' title="bbox 181 2976 1765 3061; baseline -0.008 -18"><span class='ocrx_word' id='word_1_204' title='bbox 181 2987 428 3061; x_wconf 79' lang='lat' dir='ltr'><strong>grandia,</strong></span> <span class='ocrx_word' id='word_1_205' title='bbox 458 2988 714 3050; x_wconf 88' lang='lat' dir='ltr'><strong>instituta,</strong></span> <span class='ocrx_word' id='word_1_206' title='bbox 745 3001 986 3048; x_wconf 86' lang='lat' dir='ltr'><strong>munera,</strong></span> <span class='ocrx_word' id='word_1_207' title='bbox 1017 2991 1302 3053; x_wconf 68' lang='lat' dir='ltr'><strong>mwcepta,</strong></span> <span class='ocrx_word' id='word_1_208' title='bbox 1329 2977 1612 3050; x_wconf 90' lang='lat' dir='ltr'><strong>colloquia,</strong></span> <span class='ocrx_word' id='word_1_209' title='bbox 1644 2976 1765 3031; x_wconf 90' lang='lat' dir='ltr'><strong>nul-</strong></span> 
     </span>
    </p>
   </div>
   <div class='ocr_carea' id='block_1_31' title="bbox 183 3066 1768 3138">
    <p class='ocr_par' dir='ltr' id='par_1_31' title="bbox 183 3066 1768 3138">
     <span class='ocr_line' id='line_1_31' title="bbox 183 3066 1768 3138; baseline -0.008 -4"><span class='ocrx_word' id='word_1_210' title='bbox 183 3080 296 3134; x_wconf 90' lang='lat' dir='ltr'><strong>lam</strong></span> <span class='ocrx_word' id='word_1_211' title='bbox 342 3080 577 3134; x_wconf 90' lang='lat' dir='ltr'><strong>fecerunt</strong></span> <span class='ocrx_word' id='word_1_212' title='bbox 607 3077 807 3132; x_wconf 90' lang='lat' dir='ltr'><strong>homini</strong></span> <span class='ocrx_word' id='word_1_213' title='bbox 841 3074 963 3129; x_wconf 93' lang='lat' dir='ltr'><strong>boni</strong></span> <span class='ocrx_word' id='word_1_214' title='bbox 990 3071 1357 3128; x_wconf 83' lang='lat' dir='ltr'><strong>necessitatem</strong></span> <span class='ocrx_word' id='word_1_215' title='bbox 1381 3087 1397 3124; x_wconf 88' lang='lat'><strong>:</strong></span> <span class='ocrx_word' id='word_1_216' title='bbox 1420 3079 1470 3124; x_wconf 90' lang='lat' dir='ltr'><strong>at</strong></span> <span class='ocrx_word' id='word_1_217' title='bbox 1498 3083 1528 3124; x_wconf 93' lang='lat' dir='ltr'><strong>e</strong></span> <span class='ocrx_word' id='word_1_218' title='bbox 1552 3066 1768 3138; x_wconf 87' lang='lat' dir='ltr'><strong>regione</strong></span> 
     </span>
    </p>
   </div>
   <div class='ocr_carea' id='block_1_32' title="bbox 184 3159 1764 3234">
    <p class='ocr_par' dir='ltr' id='par_1_32' title="bbox 184 3159 1764 3234">
     <span class='ocr_line' id='line_1_32' title="bbox 184 3159 1764 3234; baseline -0.009 -9"><span class='ocrx_word' id='word_1_219' title='bbox 184 3169 428 3225; x_wconf 88' lang='lat' dir='ltr'><strong>diabolus</strong></span> <span class='ocrx_word' id='word_1_220' title='bbox 451 3186 555 3224; x_wconf 86' lang='lat' dir='ltr'><strong>non</strong></span> <span class='ocrx_word' id='word_1_221' title='bbox 583 3168 754 3221; x_wconf 89' lang='lat' dir='ltr'><strong>minus</strong></span> <span class='ocrx_word' id='word_1_222' title='bbox 776 3165 978 3227; x_wconf 86' lang='lat' dir='ltr'><strong>timide,</strong></span> <span class='ocrx_word' id='word_1_223' title='bbox 1006 3179 1162 3234; x_wconf 89' lang='lat' dir='ltr'><strong>quam</strong></span> <span class='ocrx_word' id='word_1_224' title='bbox 1187 3160 1398 3227; x_wconf 87' lang='lat' dir='ltr'><strong>callide,</strong></span> <span class='ocrx_word' id='word_1_225' title='bbox 1429 3159 1614 3229; x_wconf 74' lang='lat' dir='ltr'><strong>exigua</strong></span> <span class='ocrx_word' id='word_1_226' title='bbox 1643 3172 1764 3212; x_wconf 91' lang='lat' dir='ltr'><strong>cum</strong></span> 
     </span>
    </p>
   </div>
   <div class='ocr_carea' id='block_1_33' title="bbox 183 3249 1767 3319">
    <p class='ocr_par' dir='ltr' id='par_1_33' title="bbox 183 3249 1767 3319">
     <span class='ocr_line' id='line_1_33' title="bbox 183 3249 1767 3319; baseline -0.007 -3"><span class='ocrx_word' id='word_1_227' title='bbox 183 3261 412 3316; x_wconf 81' lang='lat' dir='ltr'><strong>muliere</strong></span> <span class='ocrx_word' id='word_1_228' title='bbox 435 3260 594 3315; x_wconf 91' lang='lat' dir='ltr'><strong>verba</strong></span> <span class='ocrx_word' id='word_1_229' title='bbox 615 3257 976 3319; x_wconf 88' lang='lat' dir='ltr'><strong>commiscuit;</strong></span> <span class='ocrx_word' id='word_1_230' title='bbox 1009 3265 1056 3309; x_wconf 87' lang='lat' dir='ltr'><strong>et</strong></span> <span class='ocrx_word' id='word_1_231' title='bbox 1083 3265 1282 3309; x_wconf 90' lang='lat' dir='ltr'><strong>tantum</strong></span> <span class='ocrx_word' id='word_1_232' title='bbox 1304 3252 1494 3308; x_wconf 88' lang='lat' dir='ltr'><strong>virium</strong></span> <span class='ocrx_word' id='word_1_233' title='bbox 1519 3249 1767 3305; x_wconf 81' lang='lat' dir='ltr'><strong>habuisse</strong></span> 
     </span>
    </p>
   </div>
   <div class='ocr_carea' id='block_1_34' title="bbox 182 3341 1768 3416">
    <p class='ocr_par' dir='ltr' id='par_1_34' title="bbox 182 3341 1768 3416">
     <span class='ocr_line' id='line_1_34' title="bbox 182 3341 1768 3416; baseline -0.008 -10"><span class='ocrx_word' id='word_1_234' title='bbox 182 3352 454 3416; x_wconf 85' lang='lat' dir='ltr'><strong>dicuntur,</strong></span> <span class='ocrx_word' id='word_1_235' title='bbox 483 3358 540 3404; x_wconf 93' lang='grc' dir='ltr'><strong>ιιι</strong></span> <span class='ocrx_word' id='word_1_236' title='bbox 565 3345 888 3404; x_wconf 89' lang='lat' dir='ltr'><strong>coutiuuoiu</strong></span> <span class='ocrx_word' id='word_1_237' title='bbox 915 3344 1272 3400; x_wconf 80' lang='lat' dir='ltr'><strong>enuditionem</strong></span> <span class='ocrx_word' id='word_1_238' title='bbox 1303 3341 1622 3397; x_wconf 89' lang='lat' dir='ltr'><strong>naturalium</strong></span> <span class='ocrx_word' id='word_1_239' title='bbox 1652 3354 1768 3394; x_wconf 79' lang='lat' dir='ltr'><strong>ver-</strong></span> 
     </span>
    </p>
   </div>
   <div class='ocr_carea' id='block_1_35' title="bbox 185 3431 1769 3509">
    <p class='ocr_par' dir='ltr' id='par_1_35' title="bbox 185 3431 1769 3509">
     <span class='ocr_line' id='line_1_35' title="bbox 185 3431 1769 3509; baseline -0.008 -11"><span class='ocrx_word' id='word_1_240' title='bbox 185 3450 458 3505; x_wconf 88' lang='lat' dir='ltr'><strong>terentur;</strong></span> <span class='ocrx_word' id='word_1_241' title='bbox 509 3441 614 3495; x_wconf 92' lang='lat' dir='ltr'><strong>imo</strong></span> <span class='ocrx_word' id='word_1_242' title='bbox 659 3439 886 3509; x_wconf 81' lang='lat' dir='ltr'><strong>ingenita</strong></span> <span class='ocrx_word' id='word_1_243' title='bbox 927 3447 1114 3492; x_wconf 82' lang='lat' dir='ltr'><strong>cuneta</strong></span> <span class='ocrx_word' id='word_1_244' title='bbox 1145 3435 1489 3500; x_wconf 88' lang='lat' dir='ltr'><strong>subruerent,</strong></span> <span class='ocrx_word' id='word_1_245' title='bbox 1533 3431 1769 3488; x_wconf 77' lang='lat' dir='ltr'><strong>facerent</strong></span> 
     </span>
    </p>
   </div>
   <div class='ocr_carea' id='block_1_36' title="bbox 186 3524 1768 3604">
    <p class='ocr_par' dir='ltr' id='par_1_36' title="bbox 186 3524 1768 3604">
     <span class='ocr_line' id='line_1_36' title="bbox 186 3524 1768 3604; baseline -0.009 -16"><span class='ocrx_word' id='word_1_246' title='bbox 186 3541 498 3604; x_wconf 88' lang='lat' dir='ltr'><strong>perpetuam</strong></span> <span class='ocrx_word' id='word_1_247' title='bbox 527 3530 647 3584; x_wconf 88' lang='lat' dir='ltr'><strong>mali</strong></span> <span class='ocrx_word' id='word_1_248' title='bbox 676 3529 1063 3590; x_wconf 70' lang='lat' dir='ltr'><strong>neeeSsitatem,</strong></span> <span class='ocrx_word' id='word_1_249' title='bbox 1096 3535 1149 3580; x_wconf 92' lang='lat' dir='ltr'><strong>et</strong></span> <span class='ocrx_word' id='word_1_250' title='bbox 1172 3524 1444 3578; x_wconf 87' lang='lat' dir='ltr'><strong>dominum</strong></span> <span class='ocrx_word' id='word_1_251' title='bbox 1466 3538 1526 3578; x_wconf 88' lang='lat' dir='ltr'><strong>ac</strong></span> <span class='ocrx_word' id='word_1_252' title='bbox 1557 3537 1768 3592; x_wconf 70' lang='lat' dir='ltr'><strong>posses-</strong></span> 
     </span>
    </p>
   </div>
   <div class='ocr_carea' id='block_1_37' title="bbox 184 3614 1768 3690">
    <p class='ocr_par' dir='ltr' id='par_1_37' title="bbox 184 3614 1768 3690">
     <span class='ocr_line' id='line_1_37' title="bbox 184 3614 1768 3690; baseline -0.007 -12"><span class='ocrx_word' id='word_1_253' title='bbox 184 3637 366 3678; x_wconf 81' lang='lat' dir='ltr'><strong>sorem</strong></span> <span class='ocrx_word' id='word_1_254' title='bbox 414 3621 625 3690; x_wconf 72' lang='lat' dir='ltr'><strong>imagini</strong></span> <span class='ocrx_word' id='word_1_255' title='bbox 657 3621 747 3674; x_wconf 79' lang='lat' dir='ltr'><strong>Dei</strong></span> <span class='ocrx_word' id='word_1_256' title='bbox 793 3619 1061 3673; x_wconf 83' lang='lat' dir='ltr'><strong>diabolum</strong></span> <span class='ocrx_word' id='word_1_257' title='bbox 1093 3616 1446 3686; x_wconf 86' lang='lat' dir='ltr'><strong>imponerent.</strong></span> <span class='ocrx_word' id='word_1_258' title='bbox 1476 3614 1611 3682; x_wconf 79' lang='lat' dir='ltr'><strong>Quid</strong></span> <span class='ocrx_word' id='word_1_259' title='bbox 1641 3629 1768 3685; x_wconf 79' lang='lat' dir='ltr'><strong>ergo</strong></span> 
     </span>
    </p>
   </div>
   <div class='ocr_carea' id='block_1_38' title="bbox 184 3704 1765 3783">
    <p class='ocr_par' dir='ltr' id='par_1_38' title="bbox 184 3704 1765 3783">
     <span class='ocr_line' id='line_1_38' title="bbox 184 3704 1765 3783; baseline -0.007 -14"><span class='ocrx_word' id='word_1_260' title='bbox 184 3714 398 3778; x_wconf 80' lang='lat' dir='ltr'><strong>fortius,</strong></span> <span class='ocrx_word' id='word_1_261' title='bbox 421 3713 546 3783; x_wconf 88' lang='lat' dir='ltr'><strong>quid</strong></span> <span class='ocrx_word' id='word_1_262' title='bbox 571 3710 940 3775; x_wconf 77' lang='lat' dir='ltr'><strong>c\C(‘llcttlittS,</strong></span> <span class='ocrx_word' id='word_1_263' title='bbox 973 3707 1098 3778; x_wconf 88' lang='lat' dir='ltr'><strong>quid</strong></span> <span class='ocrx_word' id='word_1_264' title='bbox 1125 3705 1551 3777; x_wconf 84' lang='lat' dir='ltr'><strong>magnificentius</strong></span> <span class='ocrx_word' id='word_1_265' title='bbox 1571 3704 1765 3759; x_wconf 84' lang='lat' dir='ltr'><strong>adver-</strong></span> 
     </span>
    </p>
   </div>
   <div class='ocr_carea' id='block_1_39' title="bbox 185 3796 1766 3873">
    <p class='ocr_par' dir='ltr' id='par_1_39' title="bbox 185 3796 1766 3873">
     <span class='ocr_line' id='line_1_39' title="bbox 185 3796 1766 3873; baseline -0.006 -14"><span class='ocrx_word' id='word_1_266' title='bbox 185 3803 326 3859; x_wconf 80' lang='lat' dir='ltr'><strong>saria</strong></span> <span class='ocrx_word' id='word_1_267' title='bbox 359 3812 654 3873; x_wconf 80' lang='lat' dir='ltr'><strong>potestate,</strong></span> <span class='ocrx_word' id='word_1_268' title='bbox 702 3802 744 3855; x_wconf 88' lang='lat' dir='ltr'><strong>si</strong></span> <span class='ocrx_word' id='word_1_269' title='bbox 791 3811 994 3855; x_wconf 87' lang='lat' dir='ltr'><strong>tantum</strong></span> <span class='ocrx_word' id='word_1_270' title='bbox 1038 3799 1136 3854; x_wconf 77' lang='lat' dir='ltr'><strong>Iovi</strong></span> <span class='ocrx_word' id='word_1_271' title='bbox 1163 3797 1588 3852; x_wconf 86' lang='lat' dir='ltr'><strong>confabulatione</strong></span> <span class='ocrx_word' id='word_1_272' title='bbox 1615 3796 1766 3861; x_wconf 85' lang='lat' dir='ltr'><strong>fecit,</strong></span> 
     </span>
    </p>
   </div>
   <div class='ocr_carea' id='block_1_40' title="bbox 181 3885 1768 3966">
    <p class='ocr_par' dir='ltr' id='par_1_40' title="bbox 181 3885 1768 3966">
     <span class='ocr_line' id='line_1_40' title="bbox 181 3885 1768 3966; baseline -0.005 -18"><span class='ocrx_word' id='word_1_273' title='bbox 181 3904 444 3966; x_wconf 84' lang='lat' dir='ltr'><strong>quantum</strong></span> <span class='ocrx_word' id='word_1_274' title='bbox 477 3894 613 3948; x_wconf 83' lang='lat' dir='ltr'><strong>Deus</strong></span> <span class='ocrx_word' id='word_1_275' title='bbox 644 3907 740 3947; x_wconf 88' lang='lat' dir='ltr'><strong>nec</strong></span> <span class='ocrx_word' id='word_1_276' title='bbox 768 3891 1020 3961; x_wconf 82' lang='lat' dir='ltr'><strong>operibus</strong></span> <span class='ocrx_word' id='word_1_277' title='bbox 1047 3889 1160 3944; x_wconf 91' lang='lat' dir='ltr'><strong>suis</strong></span> <span class='ocrx_word' id='word_1_278' title='bbox 1188 3887 1380 3959; x_wconf 88' lang='lat' dir='ltr'><strong>potuit,</strong></span> <span class='ocrx_word' id='word_1_279' title='bbox 1410 3901 1506 3941; x_wconf 87' lang='lat' dir='ltr'><strong>nec</strong></span> <span class='ocrx_word' id='word_1_280' title='bbox 1535 3885 1768 3940; x_wconf 86' lang='lat' dir='ltr'><strong>numeri-</strong></span> 
     </span>
    </p>
   </div>
   <div class='ocr_carea' id='block_1_41' title="bbox 187 3978 1768 4050">
    <p class='ocr_par' dir='ltr' id='par_1_41' title="bbox 187 3978 1768 4050">
     <span class='ocr_line' id='line_1_41' title="bbox 187 3978 1768 4050; baseline -0.004 -12"><span class='ocrx_word' id='word_1_281' title='bbox 187 3985 288 4040; x_wconf 91' lang='lat' dir='ltr'><strong>bus</strong></span> <span class='ocrx_word' id='word_1_282' title='bbox 311 3984 587 4038; x_wconf 82' lang='lat' dir='ltr'><strong>obtinere?</strong></span> <span class='ocrx_word' id='word_1_283' title='bbox 610 3981 943 4038; x_wconf 77' lang='lat' dir='ltr'><strong>Manifesunu</strong></span> <span class='ocrx_word' id='word_1_284' title='bbox 965 3991 1044 4035; x_wconf 87' lang='lat' dir='ltr'><strong>est</strong></span> <span class='ocrx_word' id='word_1_285' title='bbox 1065 3979 1261 4050; x_wconf 84' lang='lat' dir='ltr'><strong>itaque,</strong></span> <span class='ocrx_word' id='word_1_286' title='bbox 1287 3978 1340 4033; x_wconf 92' lang='lat' dir='ltr'><strong>in</strong></span> <span class='ocrx_word' id='word_1_287' title='bbox 1361 3979 1477 4048; x_wconf 92' lang='lat' dir='ltr'><strong>ejus</strong></span> <span class='ocrx_word' id='word_1_288' title='bbox 1501 3991 1596 4030; x_wconf 88' lang='lat' dir='ltr'><strong>vos</strong></span> <span class='ocrx_word' id='word_1_289' title='bbox 1619 3985 1768 4046; x_wconf 88' lang='lat' dir='ltr'><strong>parte</strong></span> 
     </span>
    </p>
   </div>
   <div class='ocr_carea' id='block_1_42' title="bbox 184 4067 1766 4144">
    <p class='ocr_par' dir='ltr' id='par_1_42' title="bbox 184 4067 1766 4144">
     <span class='ocr_line' id='line_1_42' title="bbox 184 4067 1766 4144; baseline -0.006 -14"><span class='ocrx_word' id='word_1_290' title='bbox 184 4075 479 4130; x_wconf 77' lang='lat' dir='ltr'><strong>consistere</strong></span> <span class='ocrx_word' id='word_1_291' title='bbox 499 4116 513 4137; x_wconf 93' lang='lat'><strong>,</strong></span> <span class='ocrx_word' id='word_1_292' title='bbox 555 4074 704 4144; x_wconf 84' lang='lat' dir='ltr'><strong>cujus</strong></span> <span class='ocrx_word' id='word_1_293' title='bbox 734 4083 838 4127; x_wconf 82' lang='lat' dir='ltr'><strong>tam</strong></span> <span class='ocrx_word' id='word_1_294' title='bbox 871 4071 1152 4126; x_wconf 91' lang='lat' dir='ltr'><strong>inunodice</strong></span> <span class='ocrx_word' id='word_1_295' title='bbox 1179 4069 1467 4141; x_wconf 83' lang='lat' dir='ltr'><strong>potentiam</strong></span> <span class='ocrx_word' id='word_1_296' title='bbox 1509 4067 1766 4136; x_wconf 65' lang='lat' dir='ltr'><strong>prasdiea-</strong></span> 
     </span>
    </p>
   </div>
   <div class='ocr_carea' id='block_1_43' title="bbox 189 4159 1764 4231">
    <p class='ocr_par' dir='ltr' id='par_1_43' title="bbox 189 4159 1764 4231">
     <span class='ocr_line' id='line_1_43' title="bbox 189 4159 1764 4231; baseline -0.006 -10"><span class='ocrx_word' id='word_1_297' title='bbox 189 4167 289 4231; x_wconf 88' lang='lat' dir='ltr'><strong>tis;</strong></span> <span class='ocrx_word' id='word_1_298' title='bbox 335 4181 430 4221; x_wconf 89' lang='lat' dir='ltr'><strong>nec</strong></span> <span class='ocrx_word' id='word_1_299' title='bbox 469 4168 520 4219; x_wconf 89' lang='lat' dir='ltr'><strong>iu</strong></span> <span class='ocrx_word' id='word_1_300' title='bbox 561 4165 762 4220; x_wconf 83' lang='lat' dir='ltr'><strong>cultum</strong></span> <span class='ocrx_word' id='word_1_301' title='bbox 801 4163 892 4218; x_wconf 75' lang='lat' dir='ltr'><strong>llei</strong></span> <span class='ocrx_word' id='word_1_302' title='bbox 932 4161 1096 4216; x_wconf 84' lang='lat' dir='ltr'><strong>nostri</strong></span> <span class='ocrx_word' id='word_1_303' title='bbox 1127 4161 1292 4214; x_wconf 88' lang='lat' dir='ltr'><strong>ttllum</strong></span> <span class='ocrx_word' id='word_1_304' title='bbox 1326 4159 1522 4213; x_wconf 90' lang='lat' dir='ltr'><strong>habere</strong></span> <span class='ocrx_word' id='word_1_305' title='bbox 1548 4171 1764 4211; x_wconf 77' lang='lat' dir='ltr'><strong>Consor-</strong></span> 
     </span>
    </p>
   </div>
   <div class='ocr_carea' id='block_1_44' title="bbox 190 4247 1766 4327">
    <p class='ocr_par' dir='ltr' id='par_1_44' title="bbox 190 4247 1766 4327">
     <span class='ocr_line' id='line_1_44' title="bbox 190 4247 1766 4327; baseline -0.007 -16"><span class='ocrx_word' id='word_1_306' title='bbox 190 4256 356 4314; x_wconf 89' lang='lat' dir='ltr'><strong>tium.</strong></span> <span class='ocrx_word' id='word_1_307' title='bbox 381 4271 537 4327; x_wconf 86' lang='lat' dir='ltr'><strong>quem</strong></span> <span class='ocrx_word' id='word_1_308' title='bbox 565 4270 662 4310; x_wconf 89' lang='lat' dir='ltr'><strong>nos</strong></span> <span class='ocrx_word' id='word_1_309' title='bbox 687 4266 740 4308; x_wconf 93' lang='lat' dir='ltr'><strong>ut</strong></span> <span class='ocrx_word' id='word_1_310' title='bbox 771 4253 1128 4323; x_wconf 83' lang='lat' dir='ltr'><strong>a-qutssimum</strong></span> <span class='ocrx_word' id='word_1_311' title='bbox 1149 4293 1163 4313; x_wconf 92' lang='lat'><strong>,</strong></span> <span class='ocrx_word' id='word_1_312' title='bbox 1213 4252 1282 4306; x_wconf 90' lang='lat' dir='ltr'><strong>ita</strong></span> <span class='ocrx_word' id='word_1_313' title='bbox 1309 4247 1766 4317; x_wconf 88' lang='lat' dir='ltr'><strong>omnipotentissi-</strong></span> 
     </span>
    </p>
   </div>
   <div class='ocr_carea' id='block_1_45' title="bbox 188 4338 1766 4415">
    <p class='ocr_par' dir='ltr' id='par_1_45' title="bbox 188 4338 1766 4415">
     <span class='ocr_line' id='line_1_45' title="bbox 188 4338 1766 4415; baseline -0.008 -13"><span class='ocrx_word' id='word_1_314' title='bbox 188 4362 333 4402; x_wconf 87' lang='lat' dir='ltr'><strong>nuun</strong></span> <span class='ocrx_word' id='word_1_315' title='bbox 358 4349 691 4403; x_wconf 83' lang='lat' dir='ltr'><strong>couhtenmr.</strong></span> <span class='ocrx_word' id='word_1_316' title='bbox 713 4361 800 4415; x_wconf 78' lang='lat' dir='ltr'><strong>qui</strong></span> <span class='ocrx_word' id='word_1_317' title='bbox 826 4354 1014 4413; x_wconf 83' lang='lat' dir='ltr'><strong>puteus</strong></span> <span class='ocrx_word' id='word_1_318' title='bbox 1032 4350 1136 4406; x_wconf 90' lang='lat' dir='ltr'><strong>est,</strong></span> <span class='ocrx_word' id='word_1_319' title='bbox 1163 4352 1216 4396; x_wconf 88' lang='lat' dir='ltr'><strong>et</strong></span> <span class='ocrx_word' id='word_1_320' title='bbox 1239 4343 1433 4396; x_wconf 87' lang='lat' dir='ltr'><strong>veritas</strong></span> <span class='ocrx_word' id='word_1_321' title='bbox 1462 4338 1514 4394; x_wconf 86' lang='lat' dir='ltr'><strong>iu</strong></span> <span class='ocrx_word' id='word_1_322' title='bbox 1545 4338 1766 4392; x_wconf 89' lang='lat' dir='ltr'><strong>circuitu</strong></span> 
     </span>
    </p>
   </div>
   <div class='ocr_carea' id='block_1_46' title="bbox 187 4429 1762 4509">
    <p class='ocr_par' dir='ltr' id='par_1_46' title="bbox 187 4429 1762 4509">
     <span class='ocr_line' id='line_1_46' title="bbox 187 4429 1762 4509; baseline -0.006 -17"><span class='ocrx_word' id='word_1_323' title='bbox 187 4437 325 4508; x_wconf 92' lang='lat' dir='ltr'><strong>ejus,</strong></span> <span class='ocrx_word' id='word_1_324' title='bbox 351 4438 438 4509; x_wconf 93' lang='lat' dir='ltr'><strong>qui</strong></span> <span class='ocrx_word' id='word_1_325' title='bbox 467 4436 705 4490; x_wconf 87' lang='lat' dir='ltr'><strong>Innuiliat</strong></span> <span class='ocrx_word' id='word_1_326' title='bbox 727 4437 861 4489; x_wconf 73' lang='lat' dir='ltr'><strong>situt</strong></span> <span class='ocrx_word' id='word_1_327' title='bbox 887 4434 1214 4489; x_wconf 86' lang='lat' dir='ltr'><strong>vulneratum</strong></span> <span class='ocrx_word' id='word_1_328' title='bbox 1241 4432 1556 4501; x_wconf 89' lang='lat' dir='ltr'><strong>superbum,</strong></span> <span class='ocrx_word' id='word_1_329' title='bbox 1586 4429 1638 4483; x_wconf 91' lang='lat' dir='ltr'><strong>id</strong></span> <span class='ocrx_word' id='word_1_330' title='bbox 1660 4438 1762 4493; x_wconf 86' lang='lat' dir='ltr'><strong>est,</strong></span> 
     </span>
    </p>
   </div>
   <div class='ocr_carea' id='block_1_47' title="bbox 185 4521 1767 4594">
    <p class='ocr_par' dir='ltr' id='par_1_47' title="bbox 185 4521 1767 4594">
     <span class='ocr_line' id='line_1_47' title="bbox 185 4521 1767 4594; baseline -0.005 -12"><span class='ocrx_word' id='word_1_331' title='bbox 185 4527 533 4584; x_wconf 82' lang='lat' dir='ltr'><strong>diabolnmet</strong></span> <span class='ocrx_word' id='word_1_332' title='bbox 557 4526 928 4587; x_wconf 64' lang='grc' dir='ltr'>Μηιιίιοιιωιιιιι.</span> <span class='ocrx_word' id='word_1_333' title='bbox 967 4539 1168 4594; x_wconf 82' lang='lat' dir='ltr'><strong>vosque</strong></span> <span class='ocrx_word' id='word_1_334' title='bbox 1194 4523 1308 4594; x_wconf 89' lang='lat' dir='ltr'><strong>ejus</strong></span> <span class='ocrx_word' id='word_1_335' title='bbox 1349 4523 1584 4576; x_wconf 81' lang='lat' dir='ltr'><strong>asseclas</strong></span> <span class='ocrx_word' id='word_1_336' title='bbox 1618 4521 1767 4576; x_wconf 87' lang='lat' dir='ltr'><strong>calu-</strong></span> 
     </span>
    </p>
   </div>
   <div class='ocr_carea' id='block_1_48' title="bbox 189 4611 1762 4686">
    <p class='ocr_par' dir='ltr' id='par_1_48' title="bbox 189 4611 1762 4686">
     <span class='ocr_line' id='line_1_48' title="bbox 189 4611 1762 4686; baseline -0.004 -14"><span class='ocrx_word' id='word_1_337' title='bbox 189 4617 454 4674; x_wconf 86' lang='lat' dir='ltr'><strong>mniantes</strong></span> <span class='ocrx_word' id='word_1_338' title='bbox 478 4627 714 4672; x_wconf 78' lang='lat' dir='ltr'><strong>natumut</strong></span> <span class='ocrx_word' id='word_1_339' title='bbox 738 4659 754 4685; x_wconf 94' lang='lat'><strong>,</strong></span> <span class='ocrx_word' id='word_1_340' title='bbox 787 4633 854 4673; x_wconf 84' lang='lat' dir='ltr'><strong>ne</strong></span> <span class='ocrx_word' id='word_1_341' title='bbox 882 4631 977 4671; x_wconf 86' lang='lat' dir='ltr'><strong>vos</strong></span> <span class='ocrx_word' id='word_1_342' title='bbox 1002 4623 1193 4686; x_wconf 85' lang='lat' dir='ltr'><strong>sponte</strong></span> <span class='ocrx_word' id='word_1_343' title='bbox 1227 4628 1448 4684; x_wconf 78' lang='lat' dir='ltr'><strong>peccare</strong></span> <span class='ocrx_word' id='word_1_344' title='bbox 1475 4611 1762 4667; x_wconf 87' lang='lat' dir='ltr'><strong>fateamini.</strong></span> 
     </span>
    </p>
   </div>
   <div class='ocr_carea' id='block_1_49' title="bbox 187 4701 1767 4780">
    <p class='ocr_par' dir='ltr' id='par_1_49' title="bbox 187 4701 1767 4780">
     <span class='ocr_line' id='line_1_49' title="bbox 187 4701 1767 4780; baseline -0.005 -17"><span class='ocrx_word' id='word_1_345' title='bbox 187 4707 307 4778; x_wconf 84' lang='lat' dir='ltr'><strong>Ipse</strong></span> <span class='ocrx_word' id='word_1_346' title='bbox 331 4723 458 4780; x_wconf 82' lang='lat' dir='ltr'><strong>ergo</strong></span> <span class='ocrx_word' id='word_1_347' title='bbox 489 4709 628 4765; x_wconf 90' lang='lat' dir='ltr'><strong>Deus</strong></span> <span class='ocrx_word' id='word_1_348' title='bbox 655 4717 838 4763; x_wconf 87' lang='lat' dir='ltr'><strong>noster</strong></span> <span class='ocrx_word' id='word_1_349' title='bbox 865 4707 916 4761; x_wconf 89' lang='lat' dir='ltr'><strong>in</strong></span> <span class='ocrx_word' id='word_1_350' title='bbox 947 4707 1141 4760; x_wconf 85' lang='lat' dir='ltr'><strong>virtute</strong></span> <span class='ocrx_word' id='word_1_351' title='bbox 1170 4704 1371 4758; x_wconf 89' lang='lat' dir='ltr'><strong>brachii</strong></span> <span class='ocrx_word' id='word_1_352' title='bbox 1400 4704 1480 4758; x_wconf 93' lang='lat' dir='ltr'><strong>sui</strong></span> <span class='ocrx_word' id='word_1_353' title='bbox 1509 4701 1767 4773; x_wconf 88' lang='lat' dir='ltr'><strong>disperdit</strong></span> 
     </span>
    </p>
   </div>
   <div class='ocr_carea' id='block_1_50' title="bbox 186 4792 1765 4869">
    <p class='ocr_par' dir='ltr' id='par_1_50' title="bbox 186 4792 1765 4869">
     <span class='ocr_line' id='line_1_50' title="bbox 186 4792 1765 4869; baseline -0.003 -17"><span class='ocrx_word' id='word_1_354' title='bbox 186 4797 429 4854; x_wconf 87' lang='lat' dir='ltr'><strong>inimicos</strong></span> <span class='ocrx_word' id='word_1_355' title='bbox 458 4812 584 4854; x_wconf 90' lang='lat' dir='ltr'><strong>suos</strong></span> <span class='ocrx_word' id='word_1_356' title='bbox 610 4797 780 4869; x_wconf 83' lang='lat' dir='ltr'><strong>(Psal.</strong></span> <span class='ocrx_word' id='word_1_357' title='bbox 804 4812 1077 4860; x_wconf 72' lang='lat' dir='ltr'><strong>cxxxvnt,</strong></span> <span class='ocrx_word' id='word_1_358' title='bbox 1109 4795 1164 4860; x_wconf 87' lang='lat'><strong>9,</strong></span> <span class='ocrx_word' id='word_1_359' title='bbox 1199 4793 1308 4865; x_wconf 87' lang='grc'><strong>11),</strong></span> <span class='ocrx_word' id='word_1_360' title='bbox 1341 4810 1436 4864; x_wconf 89' lang='lat' dir='ltr'><strong>per</strong></span> <span class='ocrx_word' id='word_1_361' title='bbox 1461 4794 1602 4865; x_wconf 90' lang='lat' dir='ltr'><strong>quod</strong></span> <span class='ocrx_word' id='word_1_362' title='bbox 1633 4792 1765 4848; x_wconf 82' lang='lat' dir='ltr'><strong>nihil</strong></span> 
     </span>
    </p>
   </div>
   <div class='ocr_carea' id='block_1_51' title="bbox 181 4883 1764 4955">
    <p class='ocr_par' dir='ltr' id='par_1_51' title="bbox 181 4883 1764 4955">
     <span class='ocr_line' id='line_1_51' title="bbox 181 4883 1764 4955; baseline -0.001 -15"><span class='ocrx_word' id='word_1_363' title='bbox 181 4897 276 4942; x_wconf 86' lang='lat' dir='ltr'><strong>aut</strong></span> <span class='ocrx_word' id='word_1_364' title='bbox 301 4903 333 4942; x_wconf 93' lang='lat' dir='ltr'><strong>a</strong></span> <span class='ocrx_word' id='word_1_365' title='bbox 363 4887 532 4953; x_wconf 92' lang='lat' dir='ltr'><strong>vobis,</strong></span> <span class='ocrx_word' id='word_1_366' title='bbox 565 4897 656 4942; x_wconf 87' lang='lat' dir='ltr'><strong>aut</strong></span> <span class='ocrx_word' id='word_1_367' title='bbox 683 4903 714 4942; x_wconf 90' lang='lat' dir='ltr'><strong>a</strong></span> <span class='ocrx_word' id='word_1_368' title='bbox 742 4886 1041 4942; x_wconf 76' lang='lat' dir='ltr'><strong>Maniclueis</strong></span> <span class='ocrx_word' id='word_1_369' title='bbox 1063 4884 1240 4940; x_wconf 71' lang='lat' dir='ltr'><strong>afferri</strong></span> <span class='ocrx_word' id='word_1_370' title='bbox 1269 4885 1458 4954; x_wconf 85' lang='lat' dir='ltr'><strong>potuit,</strong></span> <span class='ocrx_word' id='word_1_371' title='bbox 1489 4883 1631 4955; x_wconf 91' lang='lat' dir='ltr'><strong>quod</strong></span> <span class='ocrx_word' id='word_1_372' title='bbox 1657 4897 1764 4939; x_wconf 88' lang='lat' dir='ltr'><strong>non</strong></span> 
     </span>
    </p>
   </div>
   <div class='ocr_carea' id='block_1_52' title="bbox 181 4977 1097 5048">
    <p class='ocr_par' dir='ltr' id='par_1_52' title="bbox 181 4977 1097 5048">
     <span class='ocr_line' id='line_1_52' title="bbox 181 4977 1097 5048; baseline 0 -18"><span class='ocrx_word' id='word_1_373' title='bbox 181 4978 423 5034; x_wconf 82' lang='lat' dir='ltr'><strong>veritatis</strong></span> <span class='ocrx_word' id='word_1_374' title='bbox 448 4979 563 5048; x_wconf 86' lang='lat' dir='ltr'><strong>ejus</strong></span> <span class='ocrx_word' id='word_1_375' title='bbox 583 4978 803 5033; x_wconf 87' lang='lat' dir='ltr'><strong>fulmine</strong></span> <span class='ocrx_word' id='word_1_376' title='bbox 825 4977 1097 5032; x_wconf 88' lang='lat' dir='ltr'><strong>dissiliret.</strong></span> 
     </span>
    </p>
   </div>
   <div class='ocr_carea' id='block_1_53' title="bbox 251 5063 1766 5136">
    <p class='ocr_par' dir='ltr' id='par_1_53' title="bbox 251 5063 1766 5136">
     <span class='ocr_line' id='line_1_53' title="bbox 251 5063 1766 5136; baseline -0.003 -12"><span class='ocrx_word' id='word_1_377' title='bbox 251 5069 388 5125; x_wconf 69' lang='lat' dir='ltr'><strong>Anc.</strong></span> <span class='ocrx_word' id='word_1_378' title='bbox 430 5071 804 5125; x_wconf 79' lang='lat' dir='ltr'><strong>Assentateres</strong></span> <span class='ocrx_word' id='word_1_379' title='bbox 847 5068 1046 5123; x_wconf 89' lang='lat' dir='ltr'><strong>diaboli</strong></span> <span class='ocrx_word' id='word_1_380' title='bbox 1096 5082 1202 5122; x_wconf 90' lang='lat' dir='ltr'><strong>non</strong></span> <span class='ocrx_word' id='word_1_381' title='bbox 1248 5081 1454 5136; x_wconf 85' lang='lat' dir='ltr'><strong>sumus,</strong></span> <span class='ocrx_word' id='word_1_382' title='bbox 1502 5082 1603 5122; x_wconf 89' lang='lat' dir='ltr'><strong>nec</strong></span> <span class='ocrx_word' id='word_1_383' title='bbox 1646 5063 1766 5136; x_wconf 85' lang='lat' dir='ltr'><strong>ejus</strong></span> 
     </span>
    </p>
   </div>
   <div class='ocr_carea' id='block_1_54' title="bbox 180 5157 1762 5230">
    <p class='ocr_par' dir='ltr' id='par_1_54' title="bbox 180 5157 1762 5230">
     <span class='ocr_line' id='line_1_54' title="bbox 180 5157 1762 5230; baseline 0.001 -18"><span class='ocrx_word' id='word_1_384' title='bbox 180 5166 520 5226; x_wconf 86' lang='lat' dir='ltr'><strong>potestatem,</strong></span> <span class='ocrx_word' id='word_1_385' title='bbox 542 5175 659 5230; x_wconf 75' lang='lat' dir='ltr'><strong>qua:</strong></span> <span class='ocrx_word' id='word_1_386' title='bbox 679 5159 774 5214; x_wconf 89' lang='lat' dir='ltr'><strong>Dei</strong></span> <span class='ocrx_word' id='word_1_387' title='bbox 792 5158 1028 5228; x_wconf 84' lang='lat' dir='ltr'><strong>subjecta</strong></span> <span class='ocrx_word' id='word_1_388' title='bbox 1048 5167 1131 5214; x_wconf 88' lang='lat' dir='ltr'><strong>est</strong></span> <span class='ocrx_word' id='word_1_389' title='bbox 1149 5158 1420 5229; x_wconf 86' lang='lat' dir='ltr'><strong>potestati,</strong></span> <span class='ocrx_word' id='word_1_390' title='bbox 1443 5157 1762 5223; x_wconf 83' lang='lat' dir='ltr'><strong>adulatorie,</strong></span> 
     </span>
    </p>
   </div>
   <div class='ocr_carea' id='block_1_55' title="bbox 177 5247 1762 5319">
    <p class='ocr_par' dir='ltr' id='par_1_55' title="bbox 177 5247 1762 5319">
     <span class='ocr_line' id='line_1_55' title="bbox 177 5247 1762 5319; baseline 0.001 -18"><span class='ocrx_word' id='word_1_391' title='bbox 177 5247 321 5303; x_wconf 83' lang='lat' dir='ltr'><strong>sicut</strong></span> <span class='ocrx_word' id='word_1_392' title='bbox 339 5247 491 5302; x_wconf 86' lang='lat' dir='ltr'><strong>nobis</strong></span> <span class='ocrx_word' id='word_1_393' title='bbox 513 5249 904 5315; x_wconf 81' lang='lat' dir='ltr'><strong>conviciatnini,</strong></span> <span class='ocrx_word' id='word_1_394' title='bbox 949 5248 1214 5319; x_wconf 78' lang='lat' dir='ltr'><strong>przeconio</strong></span> <span class='ocrx_word' id='word_1_395' title='bbox 1242 5247 1412 5304; x_wconf 87' lang='lat' dir='ltr'><strong>laudis</strong></span> <span class='ocrx_word' id='word_1_396' title='bbox 1437 5247 1762 5303; x_wconf 74' lang='lat' dir='ltr'><strong>extollimus.</strong></span> 
     </span>
    </p>
   </div>
   <div class='ocr_carea' id='block_1_56' title="bbox 175 5337 1766 5409">
    <p class='ocr_par' dir='ltr' id='par_1_56' title="bbox 175 5337 1766 5409">
     <span class='ocr_line' id='line_1_56' title="bbox 175 5337 1766 5409; baseline 0.002 -19"><span class='ocrx_word' id='word_1_397' title='bbox 175 5337 290 5394; x_wconf 82' lang='lat' dir='ltr'><strong>Sed</strong></span> <span class='ocrx_word' id='word_1_398' title='bbox 316 5339 515 5394; x_wconf 87' lang='lat' dir='ltr'><strong>utinam</strong></span> <span class='ocrx_word' id='word_1_399' title='bbox 544 5354 640 5394; x_wconf 84' lang='lat' dir='ltr'><strong>vos</strong></span> <span class='ocrx_word' id='word_1_400' title='bbox 667 5354 774 5394; x_wconf 88' lang='lat' dir='ltr'><strong>non</strong></span> <span class='ocrx_word' id='word_1_401' title='bbox 799 5340 916 5409; x_wconf 87' lang='lat' dir='ltr'><strong>ejus</strong></span> <span class='ocrx_word' id='word_1_402' title='bbox 943 5339 1138 5395; x_wconf 84' lang='lat' dir='ltr'><strong>milites</strong></span> <span class='ocrx_word' id='word_1_403' title='bbox 1160 5339 1349 5396; x_wconf 85' lang='lat' dir='ltr'><strong>essetis</strong></span> <span class='ocrx_word' id='word_1_404' title='bbox 1369 5378 1385 5405; x_wconf 97' lang='lat'><strong>,</strong></span> <span class='ocrx_word' id='word_1_405' title='bbox 1415 5341 1552 5393; x_wconf 85' lang='lat' dir='ltr'><strong>sicut</strong></span> <span class='ocrx_word' id='word_1_406' title='bbox 1577 5352 1766 5393; x_wconf 82' lang='lat' dir='ltr'><strong>omnes</strong></span> 
     </span>
    </p>
   </div>
   <div class='ocr_carea' id='block_1_57' title="bbox 180 5430 1766 5502">
    <p class='ocr_par' dir='ltr' id='par_1_57' title="bbox 180 5430 1766 5502">
     <span class='ocr_line' id='line_1_57' title="bbox 180 5430 1766 5502; baseline -0.001 -16"><span class='ocrx_word' id='word_1_407' title='bbox 180 5430 416 5488; x_wconf 62' lang='lat' dir='ltr'><strong>haeretici</strong></span> <span class='ocrx_word' id='word_1_408' title='bbox 445 5449 458 5486; x_wconf 91' lang='lat'><strong>:</strong></span> <span class='ocrx_word' id='word_1_409' title='bbox 484 5445 712 5502; x_wconf 88' lang='lat' dir='ltr'><strong>quorum</strong></span> <span class='ocrx_word' id='word_1_410' title='bbox 740 5431 830 5487; x_wconf 90' lang='lat' dir='ltr'><strong>ille</strong></span> <span class='ocrx_word' id='word_1_411' title='bbox 857 5430 1108 5502; x_wconf 79' lang='lat' dir='ltr'><strong>dogmata</strong></span> <span class='ocrx_word' id='word_1_412' title='bbox 1139 5431 1192 5486; x_wconf 93' lang='lat' dir='ltr'><strong>in</strong></span> <span class='ocrx_word' id='word_1_413' title='bbox 1217 5445 1352 5502; x_wconf 83' lang='lat' dir='ltr'><strong>quos</strong></span> <span class='ocrx_word' id='word_1_414' title='bbox 1382 5431 1643 5502; x_wconf 87' lang='lat' dir='ltr'><strong>potuerit,</strong></span> <span class='ocrx_word' id='word_1_415' title='bbox 1668 5444 1766 5501; x_wconf 87' lang='lat' dir='ltr'><strong>per</strong></span> 
     </span>
    </p>
   </div>
   <div class='ocr_carea' id='block_1_58' title="bbox 243 5564 1092 5636">
    <p class='ocr_par' dir='ltr' id='par_1_58' title="bbox 243 5564 1092 5636">
     <span class='ocr_line' id='line_1_58' title="bbox 243 5564 1092 5636; baseline -0.004 -21"><span class='ocrx_word' id='word_1_416' title='bbox 243 5566 262 5636; x_wconf 72' lang='grc' dir='ltr'><strong>ξ</strong></span> <span class='ocrx_word' id='word_1_417' title='bbox 296 5571 444 5636; x_wconf 53' lang='lat' dir='ltr'><strong>vetus</strong></span> <span class='ocrx_word' id='word_1_418' title='bbox 463 5564 1065 5636; x_wconf 42' lang='lat' dir='ltr'><strong>eodeguarq‘efrectuum.</strong></span> <span class='ocrx_word' id='word_1_419' title='bbox 1089 5591 1092 5594; x_wconf 95' lang='lat'><strong>-</strong></span> 
     </span>
    </p>
   </div>
   <div class='ocr_carea' id='block_1_59' title="bbox 240 5625 1092 5697">
    <p class='ocr_par' dir='ltr' id='par_1_59' title="bbox 240 5625 1092 5697">
     <span class='ocr_line' id='line_1_59' title="bbox 240 5625 1092 5697; baseline -0.004 -20"><span class='ocrx_word' id='word_1_420' title='bbox 240 5629 263 5697; x_wconf 67' lang='grc' dir='ltr'><strong>ξ</strong></span> <span class='ocrx_word' id='word_1_421' title='bbox 294 5629 366 5697; x_wconf 73' lang='lat' dir='ltr'><strong>§ic</strong></span> <span class='ocrx_word' id='word_1_422' title='bbox 387 5636 492 5697; x_wconf 70' lang='lat' dir='ltr'><strong>ttss.</strong></span> <span class='ocrx_word' id='word_1_423' title='bbox 513 5635 566 5697; x_wconf 67' lang='lat' dir='ltr'><strong>in</strong></span> <span class='ocrx_word' id='word_1_424' title='bbox 587 5626 744 5697; x_wconf 63' lang='lat' dir='ltr'><strong>vigin,</strong></span> <span class='ocrx_word' id='word_1_425' title='bbox 767 5625 1092 5697; x_wconf 72' lang='lat' dir='ltr'><strong>fringensque.</strong></span> 
     </span>
    </p>
   </div>
   <div class='ocr_carea' id='block_1_60' title="bbox 239 5685 1452 5749">
    <p class='ocr_par' dir='ltr' id='par_1_60' title="bbox 239 5685 1452 5749">
     <span class='ocr_line' id='line_1_60' title="bbox 239 5685 1452 5749; baseline 0.001 -13"><span class='ocrx_word' id='word_1_426' title='bbox 239 5689 265 5721; x_wconf 83' lang='grc'>³</span> <span class='ocrx_word' id='word_1_427' title='bbox 295 5694 451 5744; x_wconf 76' lang='lat' dir='ltr'><strong>Forte,</strong></span> <span class='ocrx_word' id='word_1_428' title='bbox 477 5685 738 5740; x_wconf 77' lang='lat' dir='ltr'><strong>uisceribus</strong></span> <span class='ocrx_word' id='word_1_429' title='bbox 761 5685 973 5749; x_wconf 54' lang='lat' dir='ltr'><strong>ealoiem</strong></span> <span class='ocrx_word' id='word_1_430' title='bbox 993 5685 1213 5749; x_wconf 72' lang='lat' dir='ltr'><strong>sanguini</strong></span> <span class='ocrx_word' id='word_1_431' title='bbox 1233 5687 1452 5740; x_wconf 82' lang='lat' dir='ltr'><strong>colorem.</strong></span> 
     </span>
    </p>
   </div>
   <div class='ocr_carea' id='block_1_61' title="bbox 231 5746 1139 5812">
    <p class='ocr_par' dir='ltr' id='par_1_61' title="bbox 231 5746 1139 5812">
     <span class='ocr_line' id='line_1_61' title="bbox 231 5746 1139 5812; baseline -0.002 -12"><span class='ocrx_word' id='word_1_432' title='bbox 231 5750 262 5784; x_wconf 74' lang='grc' dir='ltr'>δ</span> <span class='ocrx_word' id='word_1_433' title='bbox 284 5751 357 5800; x_wconf 87' lang='lat' dir='ltr'><strong>Sic</strong></span> <span class='ocrx_word' id='word_1_434' title='bbox 374 5756 480 5800; x_wconf 77' lang='lat' dir='ltr'><strong>uss.</strong></span> <span class='ocrx_word' id='word_1_435' title='bbox 501 5755 553 5798; x_wconf 84' lang='lat' dir='ltr'><strong>in</strong></span> <span class='ocrx_word' id='word_1_436' title='bbox 575 5750 732 5812; x_wconf 83' lang='lat' dir='ltr'><strong>\&#39;ign.,</strong></span> <span class='ocrx_word' id='word_1_437' title='bbox 756 5747 842 5800; x_wconf 83' lang='lat' dir='ltr'><strong>sed</strong></span> <span class='ocrx_word' id='word_1_438' title='bbox 866 5746 1139 5799; x_wconf 73' lang='lat' dir='ltr'><strong>irtterdicia.</strong></span> 
     </span>
    </p>
   </div>
   <div class='ocr_carea' id='block_1_62' title="bbox 454 5833 1135 5898">
    <p class='ocr_par' dir='ltr' id='par_1_62' title="bbox 454 5833 1135 5898">
     <span class='ocr_line' id='line_1_62' title="bbox 454 5833 1135 5898; baseline -0.007 0"><span class='ocrx_word' id='word_1_439' title='bbox 454 5834 664 5898; x_wconf 62' lang='lat' dir='ltr'><strong>Sacr</strong></span> <span class='ocrx_word' id='word_1_440' title='bbox 731 5837 1008 5895; x_wconf 75' lang='lat' dir='ltr'><strong>Auocs&#39;r.</strong></span> <span class='ocrx_word' id='word_1_441' title='bbox 1051 5833 1135 5894; x_wconf 82' lang='lat' dir='ltr'><strong>X.</strong></span> 
     </span>
    </p>
   </div>
   <div class='ocr_carea' id='block_1_63' title="bbox 1536 309 2063 367">
    <p class='ocr_par' dir='ltr' id='par_1_63' title="bbox 1536 309 2063 367">
     <span class='ocr_line' id='line_1_63' title="bbox 1536 309 2063 367; baseline -0.004 0"><span class='ocrx_word' id='word_1_442' title='bbox 1536 309 1731 367; x_wconf 64' lang='lat' dir='ltr'><strong>Ulli-“</strong></span> <span class='ocrx_word' id='word_1_443' title='bbox 1773 309 2063 366; x_wconf 69' lang='lat' dir='ltr'><strong>SEXTUS.</strong></span> 
     </span>
    </p>
   </div>
   <div class='ocr_carea' id='block_1_64' title="bbox 3310 323 3449 380">
    <p class='ocr_par' dir='ltr' id='par_1_64' title="bbox 3310 323 3449 380">
     <span class='ocr_line' id='line_1_64' title="bbox 3310 323 3449 380; baseline 0 0"><span class='ocrx_word' id='word_1_444' title='bbox 3310 323 3449 380; x_wconf 63' lang='grc'><strong>1546</strong></span> 
     </span>
    </p>
   </div>
   <div class='ocr_carea' id='block_1_65' title="bbox 1871 429 3453 507">
    <p class='ocr_par' dir='ltr' id='par_1_65' title="bbox 1871 429 3453 507">
     <span class='ocr_line' id='line_1_65' title="bbox 1871 429 3453 507; baseline 0.009 -25"><span class='ocrx_word' id='word_1_445' title='bbox 1871 439 2076 484; x_wconf 86' lang='lat' dir='ltr'><strong>vestras</strong></span> <span class='ocrx_word' id='word_1_446' title='bbox 2126 429 2328 501; x_wconf 87' lang='lat' dir='ltr'><strong>linguas</strong></span> <span class='ocrx_word' id='word_1_447' title='bbox 2372 431 2516 488; x_wconf 91' lang='lat' dir='ltr'><strong>velut</strong></span> <span class='ocrx_word' id='word_1_448' title='bbox 2545 433 2648 488; x_wconf 89' lang='lat' dir='ltr'><strong>tela</strong></span> <span class='ocrx_word' id='word_1_449' title='bbox 2691 432 2960 490; x_wconf 88' lang='lat' dir='ltr'><strong>mortifera</strong></span> <span class='ocrx_word' id='word_1_450' title='bbox 3004 436 3282 507; x_wconf 75' lang='lat' dir='ltr'><strong>iaculatur.</strong></span> <span class='ocrx_word' id='word_1_451' title='bbox 3317 438 3453 496; x_wconf 78' lang='lat' dir='ltr'><strong>Dicit</strong></span> 
     </span>
    </p>
   </div>
   <div class='ocr_carea' id='block_1_66' title="bbox 1871 521 3453 598">
    <p class='ocr_par' dir='ltr' id='par_1_66' title="bbox 1871 521 3453 598">
     <span class='ocr_line' id='line_1_66' title="bbox 1871 521 3453 598; baseline 0.006 -23"><span class='ocrx_word' id='word_1_452' title='bbox 1871 522 2183 591; x_wconf 81' lang='lat' dir='ltr'><strong>Apostolus,</strong></span> <span class='ocrx_word' id='word_1_453' title='bbox 2216 521 2418 578; x_wconf 78' lang='lat' dir='ltr'><strong>Gratias</strong></span> <span class='ocrx_word' id='word_1_454' title='bbox 2444 535 2644 596; x_wconf 84' lang='lat' dir='ltr'><strong>agentes</strong></span> <span class='ocrx_word' id='word_1_455' title='bbox 2678 524 2850 594; x_wconf 90' lang='lat' dir='ltr'><strong>Patri,</strong></span> <span class='ocrx_word' id='word_1_456' title='bbox 2887 527 3091 583; x_wconf 85' lang='lat' dir='ltr'><strong>idoneas</strong></span> <span class='ocrx_word' id='word_1_457' title='bbox 3120 528 3324 598; x_wconf 81' lang='lat' dir='ltr'><strong>facientl</strong></span> <span class='ocrx_word' id='word_1_458' title='bbox 3359 545 3453 585; x_wconf 77' lang='lat' dir='ltr'><strong>nos</strong></span> 
     </span>
    </p>
   </div>
   <div class='ocr_carea' id='block_1_67' title="bbox 1869 611 3456 689">
    <p class='ocr_par' dir='ltr' id='par_1_67' title="bbox 1869 611 3456 689">
     <span class='ocr_line' id='line_1_67' title="bbox 1869 611 3456 689; baseline 0.006 -25"><span class='ocrx_word' id='word_1_459' title='bbox 1869 611 1920 664; x_wconf 88' lang='lat' dir='ltr'><strong>in</strong></span> <span class='ocrx_word' id='word_1_460' title='bbox 1947 621 2138 681; x_wconf 80' lang='lat' dir='ltr'><strong>portent</strong></span> <span class='ocrx_word' id='word_1_461' title='bbox 2177 615 2324 680; x_wconf 80' lang='lat' dir='ltr'><strong>sortis</strong></span> <span class='ocrx_word' id='word_1_462' title='bbox 2349 626 2635 670; x_wconf 84' lang='lat' dir='ltr'><strong>sanctorum</strong></span> <span class='ocrx_word' id='word_1_463' title='bbox 2677 617 2729 670; x_wconf 88' lang='lat' dir='ltr'><strong>in</strong></span> <span class='ocrx_word' id='word_1_464' title='bbox 2762 618 2978 684; x_wconf 84' lang='lat' dir='ltr'><strong>lumine;</strong></span> <span class='ocrx_word' id='word_1_465' title='bbox 3007 619 3092 689; x_wconf 85' lang='lat' dir='ltr'><strong>qui</strong></span> <span class='ocrx_word' id='word_1_466' title='bbox 3119 620 3244 674; x_wconf 88' lang='lat' dir='ltr'><strong>eruit</strong></span> <span class='ocrx_word' id='word_1_467' title='bbox 3273 636 3364 674; x_wconf 85' lang='lat' dir='ltr'><strong>nos</strong></span> <span class='ocrx_word' id='word_1_468' title='bbox 3391 619 3456 674; x_wconf 78' lang='lat' dir='ltr'><strong>de</strong></span> 
     </span>
    </p>
   </div>
   <div class='ocr_carea' id='block_1_68' title="bbox 1872 703 3454 780">
    <p class='ocr_par' dir='ltr' id='par_1_68' title="bbox 1872 703 3454 780">
     <span class='ocr_line' id='line_1_68' title="bbox 1872 703 3454 780; baseline 0.007 -28"><span class='ocrx_word' id='word_1_469' title='bbox 1872 709 2113 770; x_wconf 78' lang='lat' dir='ltr'><strong>potestate</strong></span> <span class='ocrx_word' id='word_1_470' title='bbox 2141 703 2475 768; x_wconf 80' lang='lat' dir='ltr'><strong>tenebrarum,</strong></span> <span class='ocrx_word' id='word_1_471' title='bbox 2504 715 2548 760; x_wconf 91' lang='lat' dir='ltr'><strong>et</strong></span> <span class='ocrx_word' id='word_1_472' title='bbox 2579 708 2835 762; x_wconf 86' lang='lat' dir='ltr'><strong>transtulit</strong></span> <span class='ocrx_word' id='word_1_473' title='bbox 2873 709 2923 762; x_wconf 89' lang='lat' dir='ltr'><strong>in</strong></span> <span class='ocrx_word' id='word_1_474' title='bbox 2951 726 3155 780; x_wconf 82' lang='lat' dir='ltr'><strong>regnum</strong></span> <span class='ocrx_word' id='word_1_475' title='bbox 3183 707 3306 764; x_wconf 79' lang='lat' dir='ltr'><strong>Filii</strong></span> <span class='ocrx_word' id='word_1_476' title='bbox 3326 711 3454 764; x_wconf 83' lang='lat' dir='ltr'><strong>clm-</strong></span> 
     </span>
    </p>
   </div>
   <div class='ocr_carea' id='block_1_69' title="bbox 1870 789 3449 873">
    <p class='ocr_par' dir='ltr' id='par_1_69' title="bbox 1870 789 3449 873">
     <span class='ocr_line' id='line_1_69' title="bbox 1870 789 3449 873; baseline 0.006 -27"><span class='ocrx_word' id='word_1_477' title='bbox 1870 789 2034 846; x_wconf 86' lang='lat' dir='ltr'><strong>ritutis</strong></span> <span class='ocrx_word' id='word_1_478' title='bbox 2059 810 2163 846; x_wconf 79' lang='lat' dir='ltr'><strong>sua:</strong></span> <span class='ocrx_word' id='word_1_479' title='bbox 2187 794 2399 866; x_wconf 73' lang='lat' dir='ltr'><strong>(Colass.</strong></span> <span class='ocrx_word' id='word_1_480' title='bbox 2428 813 2442 850; x_wconf 96' lang='grc' dir='ltr'><strong>ι</strong></span> <span class='ocrx_word' id='word_1_481' title='bbox 2467 837 2483 864; x_wconf 86' lang='grc'><strong><em>,</em></strong></span> <span class='ocrx_word' id='word_1_482' title='bbox 2515 797 2602 864; x_wconf 77' lang='lat' dir='ltr'><strong>l2,</strong></span> <span class='ocrx_word' id='word_1_483' title='bbox 2632 799 2720 868; x_wconf 80' lang='grc'><strong>15)</strong></span> <span class='ocrx_word' id='word_1_484' title='bbox 2748 818 2759 853; x_wconf 94' lang='lat'>:</span> <span class='ocrx_word' id='word_1_485' title='bbox 2784 808 2838 854; x_wconf 88' lang='lat' dir='ltr'><strong>et</strong></span> <span class='ocrx_word' id='word_1_486' title='bbox 2867 815 2961 855; x_wconf 87' lang='lat' dir='ltr'><strong>vos</strong></span> <span class='ocrx_word' id='word_1_487' title='bbox 2986 801 3113 856; x_wconf 90' lang='lat' dir='ltr'><strong>istas</strong></span> <span class='ocrx_word' id='word_1_488' title='bbox 3135 801 3330 873; x_wconf 86' lang='lat' dir='ltr'><strong>gratias</strong></span> <span class='ocrx_word' id='word_1_489' title='bbox 3351 817 3449 872; x_wconf 89' lang='lat' dir='ltr'><strong>pro</strong></span> 
     </span>
    </p>
   </div>
   <div class='ocr_carea' id='block_1_70' title="bbox 1872 883 3453 957">
    <p class='ocr_par' dir='ltr' id='par_1_70' title="bbox 1872 883 3453 957">
     <span class='ocr_line' id='line_1_70' title="bbox 1872 883 3453 957; baseline 0.007 -22"><span class='ocrx_word' id='word_1_490' title='bbox 1872 883 2102 952; x_wconf 88' lang='lat' dir='ltr'><strong>parvulis</strong></span> <span class='ocrx_word' id='word_1_491' title='bbox 2130 899 2227 939; x_wconf 91' lang='lat' dir='ltr'><strong>nos</strong></span> <span class='ocrx_word' id='word_1_492' title='bbox 2251 900 2408 955; x_wconf 85' lang='lat' dir='ltr'><strong>agere</strong></span> <span class='ocrx_word' id='word_1_493' title='bbox 2435 885 2746 957; x_wconf 88' lang='lat' dir='ltr'><strong>prohibetis,</strong></span> <span class='ocrx_word' id='word_1_494' title='bbox 2767 899 3070 946; x_wconf 87' lang='lat' dir='ltr'><strong>asserentes</strong></span> <span class='ocrx_word' id='word_1_495' title='bbox 3087 903 3182 945; x_wconf 86' lang='lat' dir='ltr'><strong>eos</strong></span> <span class='ocrx_word' id='word_1_496' title='bbox 3204 906 3308 945; x_wconf 90' lang='lat' dir='ltr'><strong>non</strong></span> <span class='ocrx_word' id='word_1_497' title='bbox 3331 905 3453 946; x_wconf 88' lang='lat' dir='ltr'><strong>esse</strong></span> 
     </span>
    </p>
   </div>
   <div class='ocr_carea' id='block_1_71' title="bbox 1873 973 3451 1048">
    <p class='ocr_par' dir='ltr' id='par_1_71' title="bbox 1873 973 3451 1048">
     <span class='ocr_line' id='line_1_71' title="bbox 1873 973 3451 1048; baseline 0.004 -20"><span class='ocrx_word' id='word_1_498' title='bbox 1873 973 1970 1029; x_wconf 89' lang='lat' dir='ltr'><strong>sub</strong></span> <span class='ocrx_word' id='word_1_499' title='bbox 1994 984 2254 1044; x_wconf 88' lang='lat' dir='ltr'><strong>potestate</strong></span> <span class='ocrx_word' id='word_1_500' title='bbox 2274 975 2498 1042; x_wconf 91' lang='lat' dir='ltr'><strong>diaboli;</strong></span> <span class='ocrx_word' id='word_1_501' title='bbox 2529 979 2734 1048; x_wconf 86' lang='lat' dir='ltr'><strong>utquid,</strong></span> <span class='ocrx_word' id='word_1_502' title='bbox 2770 981 2866 1034; x_wconf 80' lang='lat' dir='ltr'><strong>nisi</strong></span> <span class='ocrx_word' id='word_1_503' title='bbox 2897 990 2949 1034; x_wconf 92' lang='lat' dir='ltr'><strong>nt</strong></span> <span class='ocrx_word' id='word_1_504' title='bbox 2981 980 3102 1036; x_wconf 89' lang='lat' dir='ltr'><strong>inde</strong></span> <span class='ocrx_word' id='word_1_505' title='bbox 3127 997 3231 1036; x_wconf 93' lang='lat' dir='ltr'><strong>non</strong></span> <span class='ocrx_word' id='word_1_506' title='bbox 3253 996 3451 1036; x_wconf 85' lang='lat' dir='ltr'><strong>eruan-</strong></span> 
     </span>
    </p>
   </div>
   <div class='ocr_carea' id='block_1_72' title="bbox 1875 1065 3453 1143">
    <p class='ocr_par' dir='ltr' id='par_1_72' title="bbox 1875 1065 3453 1143">
     <span class='ocr_line' id='line_1_72' title="bbox 1875 1065 3453 1143; baseline 0.004 -23"><span class='ocrx_word' id='word_1_507' title='bbox 1875 1073 1978 1132; x_wconf 89' lang='lat' dir='ltr'><strong>tur,</strong></span> <span class='ocrx_word' id='word_1_508' title='bbox 2012 1066 2083 1120; x_wconf 56' lang='lat' dir='ltr'><strong>ne&#39;</strong></span> <span class='ocrx_word' id='word_1_509' title='bbox 2105 1065 2248 1120; x_wconf 85' lang='lat' dir='ltr'><strong>lucra</strong></span> <span class='ocrx_word' id='word_1_510' title='bbox 2277 1065 2470 1121; x_wconf 90' lang='lat' dir='ltr'><strong>diaboli</strong></span> <span class='ocrx_word' id='word_1_511' title='bbox 2501 1068 2841 1123; x_wconf 88' lang='lat' dir='ltr'><strong>minuantur?</strong></span> <span class='ocrx_word' id='word_1_512' title='bbox 2872 1069 3005 1124; x_wconf 90' lang='lat' dir='ltr'><strong>Dicit</strong></span> <span class='ocrx_word' id='word_1_513' title='bbox 3030 1070 3217 1138; x_wconf 81' lang='lat' dir='ltr'><strong>Jesus,</strong></span> <span class='ocrx_word' id='word_1_514' title='bbox 3247 1073 3336 1143; x_wconf 93' lang='lat' dir='ltr'><strong>qui</strong></span> <span class='ocrx_word' id='word_1_515' title='bbox 3367 1087 3453 1127; x_wconf 86' lang='lat' dir='ltr'><strong>se-</strong></span> 
     </span>
    </p>
   </div>
   <div class='ocr_carea' id='block_1_73' title="bbox 1873 1156 3453 1232">
    <p class='ocr_par' dir='ltr' id='par_1_73' title="bbox 1873 1156 3453 1232">
     <span class='ocr_line' id='line_1_73' title="bbox 1873 1156 3453 1232; baseline 0.004 -22"><span class='ocrx_word' id='word_1_516' title='bbox 1873 1156 2100 1210; x_wconf 84' lang='lat' dir='ltr'><strong>cundum</strong></span> <span class='ocrx_word' id='word_1_517' title='bbox 2125 1157 2224 1210; x_wconf 87' lang='lat' dir='ltr'><strong>hoc</strong></span> <span class='ocrx_word' id='word_1_518' title='bbox 2247 1171 2437 1209; x_wconf 90' lang='lat' dir='ltr'><strong>nomen</strong></span> <span class='ocrx_word' id='word_1_519' title='bbox 2459 1171 2635 1223; x_wconf 91' lang='lat' dir='ltr'><strong>suum,</strong></span> <span class='ocrx_word' id='word_1_520' title='bbox 2655 1159 2858 1212; x_wconf 86' lang='lat' dir='ltr'><strong>salvum</strong></span> <span class='ocrx_word' id='word_1_521' title='bbox 2884 1159 3005 1214; x_wconf 86' lang='lat' dir='ltr'><strong>facit</strong></span> <span class='ocrx_word' id='word_1_522' title='bbox 3026 1162 3274 1232; x_wconf 84' lang='lat' dir='ltr'><strong>pepnlum</strong></span> <span class='ocrx_word' id='word_1_523' title='bbox 3297 1177 3453 1216; x_wconf 89' lang='lat' dir='ltr'><strong>suum</strong></span> 
     </span>
    </p>
   </div>
   <div class='ocr_carea' id='block_1_74' title="bbox 1872 1245 3455 1319">
    <p class='ocr_par' dir='ltr' id='par_1_74' title="bbox 1872 1245 3455 1319">
     <span class='ocr_line' id='line_1_74' title="bbox 1872 1245 3455 1319; baseline 0.004 -19"><span class='ocrx_word' id='word_1_524' title='bbox 1872 1261 1902 1300; x_wconf 94' lang='lat' dir='ltr'><strong>a</strong></span> <span class='ocrx_word' id='word_1_525' title='bbox 1929 1247 2155 1317; x_wconf 71' lang='lat' dir='ltr'><strong>peccatis</strong></span> <span class='ocrx_word' id='word_1_526' title='bbox 2193 1261 2377 1300; x_wconf 93' lang='lat' dir='ltr'><strong>eorum</strong></span> <span class='ocrx_word' id='word_1_527' title='bbox 2406 1245 2616 1315; x_wconf 77' lang='lat' dir='ltr'><strong>(Matth.</strong></span> <span class='ocrx_word' id='word_1_528' title='bbox 2649 1263 2666 1302; x_wconf 92' lang='grc' dir='ltr'><strong>ι</strong></span> <span class='ocrx_word' id='word_1_529' title='bbox 2693 1291 2709 1313; x_wconf 84' lang='grc'>,</span> <span class='ocrx_word' id='word_1_530' title='bbox 2738 1249 2856 1319; x_wconf 76' lang='lat'><strong>2|),</strong></span> <span class='ocrx_word' id='word_1_531' title='bbox 2894 1250 3056 1306; x_wconf 80' lang='lat' dir='ltr'><strong>Nemo</strong></span> <span class='ocrx_word' id='word_1_532' title='bbox 3083 1253 3238 1306; x_wconf 82' lang='lat' dir='ltr'><strong>intrat</strong></span> <span class='ocrx_word' id='word_1_533' title='bbox 3272 1254 3322 1307; x_wconf 91' lang='lat' dir='ltr'><strong>in</strong></span> <span class='ocrx_word' id='word_1_534' title='bbox 3356 1253 3455 1306; x_wconf 81' lang='lat' dir='ltr'><strong>do-</strong></span> 
     </span>
    </p>
   </div>
   <div class='ocr_carea' id='block_1_75' title="bbox 1873 1337 3457 1413">
    <p class='ocr_par' dir='ltr' id='par_1_75' title="bbox 1873 1337 3457 1413">
     <span class='ocr_line' id='line_1_75' title="bbox 1873 1337 3457 1413; baseline 0.004 -23"><span class='ocrx_word' id='word_1_535' title='bbox 1873 1354 2008 1390; x_wconf 84' lang='lat' dir='ltr'><strong>mum</strong></span> <span class='ocrx_word' id='word_1_536' title='bbox 2038 1337 2210 1406; x_wconf 75' lang='lat' dir='ltr'><strong>fortis,</strong></span> <span class='ocrx_word' id='word_1_537' title='bbox 2252 1347 2303 1390; x_wconf 85' lang='lat' dir='ltr'><strong>ut</strong></span> <span class='ocrx_word' id='word_1_538' title='bbox 2333 1352 2451 1391; x_wconf 82' lang='lat' dir='ltr'><strong>vasa</strong></span> <span class='ocrx_word' id='word_1_539' title='bbox 2481 1338 2589 1407; x_wconf 81' lang='lat' dir='ltr'><strong>eius</strong></span> <span class='ocrx_word' id='word_1_540' title='bbox 2617 1339 2833 1410; x_wconf 77' lang='lat' dir='ltr'><strong>eripiat,</strong></span> <span class='ocrx_word' id='word_1_541' title='bbox 2864 1342 2962 1395; x_wconf 86' lang='lat' dir='ltr'><strong>nisi</strong></span> <span class='ocrx_word' id='word_1_542' title='bbox 2995 1343 3136 1412; x_wconf 85' lang='lat' dir='ltr'><strong>prius</strong></span> <span class='ocrx_word' id='word_1_543' title='bbox 3172 1341 3457 1413; x_wconf 81' lang='lat' dir='ltr'><strong>alligaverit</strong></span> 
     </span>
    </p>
   </div>
   <div class='ocr_carea' id='block_1_76' title="bbox 1873 1426 3454 1503">
    <p class='ocr_par' dir='ltr' id='par_1_76' title="bbox 1873 1426 3454 1503">
     <span class='ocr_line' id='line_1_76' title="bbox 1873 1426 3454 1503; baseline 0.006 -23"><span class='ocrx_word' id='word_1_544' title='bbox 1873 1431 2050 1500; x_wconf 76' lang='lat' dir='ltr'><strong>fortem</strong></span> <span class='ocrx_word' id='word_1_545' title='bbox 2096 1426 2205 1500; x_wconf 69' lang='lat' dir='ltr'><strong>(Iit.</strong></span> <span class='ocrx_word' id='word_1_546' title='bbox 2241 1444 2334 1494; x_wconf 66' lang='grc' dir='ltr'>χιι,</span> <span class='ocrx_word' id='word_1_547' title='bbox 2366 1428 2458 1501; x_wconf 77' lang='lat'><strong>29)</strong></span> <span class='ocrx_word' id='word_1_548' title='bbox 2486 1447 2502 1483; x_wconf 71' lang='grc' dir='ltr'><strong>τ</strong></span> <span class='ocrx_word' id='word_1_549' title='bbox 2533 1439 2587 1484; x_wconf 92' lang='lat' dir='ltr'><strong>et</strong></span> <span class='ocrx_word' id='word_1_550' title='bbox 2627 1445 2724 1485; x_wconf 90' lang='lat' dir='ltr'><strong>vos</strong></span> <span class='ocrx_word' id='word_1_551' title='bbox 2769 1431 2819 1485; x_wconf 93' lang='lat' dir='ltr'><strong>in</strong></span> <span class='ocrx_word' id='word_1_552' title='bbox 2861 1430 2964 1488; x_wconf 91' lang='lat' dir='ltr'><strong>hoc</strong></span> <span class='ocrx_word' id='word_1_553' title='bbox 2991 1433 3188 1503; x_wconf 88' lang='lat' dir='ltr'><strong>popqu</strong></span> <span class='ocrx_word' id='word_1_554' title='bbox 3216 1431 3454 1498; x_wconf 89' lang='lat' dir='ltr'><strong>Christi,</strong></span> 
     </span>
    </p>
   </div>
   <div class='ocr_carea' id='block_1_77' title="bbox 1872 1518 3459 1590">
    <p class='ocr_par' dir='ltr' id='par_1_77' title="bbox 1872 1518 3459 1590">
     <span class='ocr_line' id='line_1_77' title="bbox 1872 1518 3459 1590; baseline 0.004 -19"><span class='ocrx_word' id='word_1_555' title='bbox 1872 1533 2027 1589; x_wconf 89' lang='lat' dir='ltr'><strong>quem</strong></span> <span class='ocrx_word' id='word_1_556' title='bbox 2056 1519 2259 1572; x_wconf 85' lang='lat' dir='ltr'><strong>salvum</strong></span> <span class='ocrx_word' id='word_1_557' title='bbox 2308 1518 2435 1574; x_wconf 81' lang='lat' dir='ltr'><strong>facit</strong></span> <span class='ocrx_word' id='word_1_558' title='bbox 2471 1532 2502 1573; x_wconf 89' lang='lat' dir='ltr'><strong>a</strong></span> <span class='ocrx_word' id='word_1_559' title='bbox 2550 1520 2779 1588; x_wconf 89' lang='lat' dir='ltr'><strong>peccatis</strong></span> <span class='ocrx_word' id='word_1_560' title='bbox 2809 1534 2994 1574; x_wconf 91' lang='lat' dir='ltr'><strong>eorum</strong></span> <span class='ocrx_word' id='word_1_561' title='bbox 3017 1563 3032 1587; x_wconf 97' lang='lat'><strong>,</strong></span> <span class='ocrx_word' id='word_1_562' title='bbox 3077 1522 3324 1590; x_wconf 85' lang='lat' dir='ltr'><strong>parvulos</strong></span> <span class='ocrx_word' id='word_1_563' title='bbox 3352 1537 3459 1577; x_wconf 87' lang='lat' dir='ltr'><strong>non</strong></span> 
     </span>
    </p>
   </div>
   <div class='ocr_carea' id='block_1_78' title="bbox 1873 1607 3459 1682">
    <p class='ocr_par' dir='ltr' id='par_1_78' title="bbox 1873 1607 3459 1682">
     <span class='ocr_line' id='line_1_78' title="bbox 1873 1607 3459 1682; baseline 0.003 -20"><span class='ocrx_word' id='word_1_564' title='bbox 1873 1622 1993 1663; x_wconf 92' lang='lat' dir='ltr'><strong>esse</strong></span> <span class='ocrx_word' id='word_1_565' title='bbox 2020 1607 2365 1676; x_wconf 83' lang='lat' dir='ltr'><strong>contenditis,</strong></span> <span class='ocrx_word' id='word_1_566' title='bbox 2399 1623 2533 1679; x_wconf 84' lang='lat' dir='ltr'><strong>quos</strong></span> <span class='ocrx_word' id='word_1_567' title='bbox 2564 1619 2620 1664; x_wconf 91' lang='lat' dir='ltr'><strong>ut</strong></span> <span class='ocrx_word' id='word_1_568' title='bbox 2647 1609 2874 1679; x_wconf 90' lang='lat' dir='ltr'><strong>propriis</strong></span> <span class='ocrx_word' id='word_1_569' title='bbox 2895 1652 2910 1678; x_wconf 97' lang='lat'><strong>,</strong></span> <span class='ocrx_word' id='word_1_570' title='bbox 2956 1610 3026 1665; x_wconf 92' lang='lat' dir='ltr'><strong>ita</strong></span> <span class='ocrx_word' id='word_1_571' title='bbox 3055 1625 3154 1664; x_wconf 90' lang='lat' dir='ltr'><strong>nec</strong></span> <span class='ocrx_word' id='word_1_572' title='bbox 3187 1611 3459 1682; x_wconf 81' lang='lat' dir='ltr'><strong>originali-</strong></span> 
     </span>
    </p>
   </div>
   <div class='ocr_carea' id='block_1_79' title="bbox 1871 1700 3464 1772">
    <p class='ocr_par' dir='ltr' id='par_1_79' title="bbox 1871 1700 3464 1772">
     <span class='ocr_line' id='line_1_79' title="bbox 1871 1700 3464 1772; baseline 0.004 -18"><span class='ocrx_word' id='word_1_573' title='bbox 1871 1700 1972 1755; x_wconf 89' lang='lat' dir='ltr'><strong>bus</strong></span> <span class='ocrx_word' id='word_1_574' title='bbox 2015 1701 2172 1755; x_wconf 90' lang='lat' dir='ltr'><strong>vultis</strong></span> <span class='ocrx_word' id='word_1_575' title='bbox 2216 1701 2500 1756; x_wconf 86' lang='lat' dir='ltr'><strong>obstrictos</strong></span> <span class='ocrx_word' id='word_1_576' title='bbox 2543 1715 2663 1756; x_wconf 92' lang='lat' dir='ltr'><strong>esse</strong></span> <span class='ocrx_word' id='word_1_577' title='bbox 2715 1701 2975 1772; x_wconf 86' lang='lat' dir='ltr'><strong>peccatis;</strong></span> <span class='ocrx_word' id='word_1_578' title='bbox 3023 1711 3076 1756; x_wconf 90' lang='lat' dir='ltr'><strong>et</strong></span> <span class='ocrx_word' id='word_1_579' title='bbox 3120 1717 3242 1758; x_wconf 93' lang='lat' dir='ltr'><strong>cum</strong></span> <span class='ocrx_word' id='word_1_580' title='bbox 3288 1702 3464 1760; x_wconf 76' lang='lat' dir='ltr'><strong>fallaci</strong></span> 
     </span>
    </p>
   </div>
   <div class='ocr_carea' id='block_1_80' title="bbox 1874 1790 3462 1864">
    <p class='ocr_par' dir='ltr' id='par_1_80' title="bbox 1874 1790 3462 1864">
     <span class='ocr_line' id='line_1_80' title="bbox 1874 1790 3462 1864; baseline 0.001 -18"><span class='ocrx_word' id='word_1_581' title='bbox 1874 1801 2052 1846; x_wconf 88' lang='lat' dir='ltr'><strong>vestro</strong></span> <span class='ocrx_word' id='word_1_582' title='bbox 2075 1806 2322 1846; x_wconf 88' lang='lat' dir='ltr'><strong>sermone</strong></span> <span class='ocrx_word' id='word_1_583' title='bbox 2344 1791 2579 1846; x_wconf 85' lang='lat' dir='ltr'><strong>mimtitis</strong></span> <span class='ocrx_word' id='word_1_584' title='bbox 2601 1790 2740 1847; x_wconf 87' lang='lat' dir='ltr'><strong>vires</strong></span> <span class='ocrx_word' id='word_1_585' title='bbox 2760 1791 2897 1862; x_wconf 86' lang='lat' dir='ltr'><strong>ejus,</strong></span> <span class='ocrx_word' id='word_1_586' title='bbox 2921 1807 3078 1864; x_wconf 86' lang='lat' dir='ltr'><strong>quem</strong></span> <span class='ocrx_word' id='word_1_587' title='bbox 3099 1793 3234 1849; x_wconf 77' lang='lat' dir='ltr'><strong>dixit</strong></span> <span class='ocrx_word' id='word_1_588' title='bbox 3256 1793 3462 1849; x_wconf 69' lang='lat' dir='ltr'><strong>Veritas</strong></span> 
     </span>
    </p>
   </div>
   <div class='ocr_carea' id='block_1_81' title="bbox 1875 1883 3458 1956">
    <p class='ocr_par' dir='ltr' id='par_1_81' title="bbox 1875 1883 3458 1956">
     <span class='ocr_line' id='line_1_81' title="bbox 1875 1883 3458 1956; baseline 0.001 -18"><span class='ocrx_word' id='word_1_589' title='bbox 1875 1883 2087 1948; x_wconf 88' lang='lat' dir='ltr'><strong>fortem,</strong></span> <span class='ocrx_word' id='word_1_590' title='bbox 2118 1900 2300 1939; x_wconf 90' lang='lat' dir='ltr'><strong>errore</strong></span> <span class='ocrx_word' id='word_1_591' title='bbox 2325 1893 2504 1940; x_wconf 91' lang='lat' dir='ltr'><strong>vestro</strong></span> <span class='ocrx_word' id='word_1_592' title='bbox 2533 1899 2655 1940; x_wconf 92' lang='lat' dir='ltr'><strong>eum</strong></span> <span class='ocrx_word' id='word_1_593' title='bbox 2685 1883 2860 1940; x_wconf 83' lang='lat' dir='ltr'><strong>facitis</strong></span> <span class='ocrx_word' id='word_1_594' title='bbox 2888 1884 2956 1940; x_wconf 92' lang='lat' dir='ltr'><strong>ad</strong></span> <span class='ocrx_word' id='word_1_595' title='bbox 2984 1884 3304 1942; x_wconf 90' lang='lat' dir='ltr'><strong>obtinendos</strong></span> <span class='ocrx_word' id='word_1_596' title='bbox 3335 1901 3458 1956; x_wconf 87' lang='lat' dir='ltr'><strong>par—</strong></span> 
     </span>
    </p>
   </div>
   <div class='ocr_carea' id='block_1_82' title="bbox 1873 1975 3462 2043">
    <p class='ocr_par' dir='ltr' id='par_1_82' title="bbox 1873 1975 3462 2043">
     <span class='ocr_line' id='line_1_82' title="bbox 1873 1975 3462 2043; baseline -0.001 -12"><span class='ocrx_word' id='word_1_597' title='bbox 1873 1977 2022 2032; x_wconf 89' lang='lat' dir='ltr'><strong>vulos</strong></span> <span class='ocrx_word' id='word_1_598' title='bbox 2052 1977 2346 2032; x_wconf 89' lang='lat' dir='ltr'><strong>fortiorem.</strong></span> <span class='ocrx_word' id='word_1_599' title='bbox 2379 1977 2511 2032; x_wconf 90' lang='lat' dir='ltr'><strong>Dicit</strong></span> <span class='ocrx_word' id='word_1_600' title='bbox 2535 1976 2711 2043; x_wconf 81' lang='lat' dir='ltr'><strong>Jesus,</strong></span> <span class='ocrx_word' id='word_1_601' title='bbox 2743 1975 2885 2031; x_wconf 82' lang='lat' dir='ltr'><strong>Venit</strong></span> <span class='ocrx_word' id='word_1_602' title='bbox 2904 1977 3037 2031; x_wconf 86' lang='lat' dir='ltr'><strong>enim</strong></span> <span class='ocrx_word' id='word_1_603' title='bbox 3056 1975 3227 2032; x_wconf 79' lang='lat' dir='ltr'><strong>Filius</strong></span> <span class='ocrx_word' id='word_1_604' title='bbox 3244 1977 3462 2031; x_wconf 78' lang='lat' dir='ltr'><strong>Irominis</strong></span> 
     </span>
    </p>
   </div>
   <div class='ocr_carea' id='block_1_83' title="bbox 1872 2065 3458 2139">
    <p class='ocr_par' dir='ltr' id='par_1_83' title="bbox 1872 2065 3458 2139">
     <span class='ocr_line' id='line_1_83' title="bbox 1872 2065 3458 2139; baseline 0.002 -20"><span class='ocrx_word' id='word_1_605' title='bbox 1872 2082 2094 2139; x_wconf 75' lang='lat' dir='ltr'><strong>quwrcre</strong></span> <span class='ocrx_word' id='word_1_606' title='bbox 2121 2076 2167 2121; x_wconf 81' lang='lat' dir='ltr'><strong>et</strong></span> <span class='ocrx_word' id='word_1_607' title='bbox 2189 2067 2383 2122; x_wconf 85' lang='lat' dir='ltr'><strong>salvum</strong></span> <span class='ocrx_word' id='word_1_608' title='bbox 2410 2071 2576 2139; x_wconf 75' lang='lat' dir='ltr'><strong>facere</strong></span> <span class='ocrx_word' id='word_1_609' title='bbox 2601 2066 2735 2139; x_wconf 79' lang='lat' dir='ltr'><strong>quod</strong></span> <span class='ocrx_word' id='word_1_610' title='bbox 2759 2067 2976 2138; x_wconf 79' lang='lat' dir='ltr'><strong>perierat</strong></span> <span class='ocrx_word' id='word_1_611' title='bbox 3005 2065 3154 2138; x_wconf 86' lang='lat' dir='ltr'><strong>(Luc.</strong></span> <span class='ocrx_word' id='word_1_612' title='bbox 3182 2083 3299 2133; x_wconf 63' lang='grc' dir='ltr'><strong>δικ,</strong></span> <span class='ocrx_word' id='word_1_613' title='bbox 3327 2067 3418 2138; x_wconf 81' lang='grc'><strong>10)</strong></span> <span class='ocrx_word' id='word_1_614' title='bbox 3441 2085 3458 2122; x_wconf 86' lang='lat'><strong>:</strong></span> 
     </span>
    </p>
   </div>
   <div class='ocr_carea' id='block_1_84' title="bbox 1873 2157 3463 2229">
    <p class='ocr_par' dir='ltr' id='par_1_84' title="bbox 1873 2157 3463 2229">
     <span class='ocr_line' id='line_1_84' title="bbox 1873 2157 3463 2229; baseline -0.001 -15"><span class='ocrx_word' id='word_1_615' title='bbox 1873 2167 1926 2214; x_wconf 86' lang='lat' dir='ltr'><strong>et</strong></span> <span class='ocrx_word' id='word_1_616' title='bbox 1953 2174 2047 2213; x_wconf 86' lang='lat' dir='ltr'><strong>vos</strong></span> <span class='ocrx_word' id='word_1_617' title='bbox 2075 2159 2122 2213; x_wconf 90' lang='lat' dir='ltr'><strong>ei</strong></span> <span class='ocrx_word' id='word_1_618' title='bbox 2153 2158 2509 2229; x_wconf 82' lang='lat' dir='ltr'><strong>respondetis,</strong></span> <span class='ocrx_word' id='word_1_619' title='bbox 2535 2157 2648 2213; x_wconf 82' lang='lat' dir='ltr'><strong>Non</strong></span> <span class='ocrx_word' id='word_1_620' title='bbox 2679 2173 2814 2229; x_wconf 85' lang='lat' dir='ltr'><strong>Opus</strong></span> <span class='ocrx_word' id='word_1_621' title='bbox 2841 2168 2923 2214; x_wconf 88' lang='lat' dir='ltr'><strong>est</strong></span> <span class='ocrx_word' id='word_1_622' title='bbox 2949 2168 3005 2213; x_wconf 91' lang='lat' dir='ltr'><strong>ut</strong></span> <span class='ocrx_word' id='word_1_623' title='bbox 3030 2159 3280 2229; x_wconf 86' lang='lat' dir='ltr'><strong>parvulos</strong></span> <span class='ocrx_word' id='word_1_624' title='bbox 3310 2173 3463 2229; x_wconf 71' lang='lat' dir='ltr'><strong>qum-</strong></span> 
     </span>
    </p>
   </div>
   <div class='ocr_carea' id='block_1_85' title="bbox 1875 2248 3463 2319">
    <p class='ocr_par' dir='ltr' id='par_1_85' title="bbox 1875 2248 3463 2319">
     <span class='ocr_line' id='line_1_85' title="bbox 1875 2248 3463 2319; baseline 0 -17"><span class='ocrx_word' id='word_1_625' title='bbox 1875 2263 1983 2313; x_wconf 91' lang='lat' dir='ltr'><strong>ras,</strong></span> <span class='ocrx_word' id='word_1_626' title='bbox 2012 2248 2134 2318; x_wconf 90' lang='lat' dir='ltr'><strong>quia</strong></span> <span class='ocrx_word' id='word_1_627' title='bbox 2167 2263 2272 2303; x_wconf 90' lang='lat' dir='ltr'><strong>non</strong></span> <span class='ocrx_word' id='word_1_628' title='bbox 2304 2249 2602 2318; x_wconf 88' lang='lat' dir='ltr'><strong>perierant;</strong></span> <span class='ocrx_word' id='word_1_629' title='bbox 2637 2255 2796 2319; x_wconf 87' lang='lat' dir='ltr'><strong>atque</strong></span> <span class='ocrx_word' id='word_1_630' title='bbox 2826 2249 2896 2302; x_wconf 86' lang='lat' dir='ltr'><strong>ita</strong></span> <span class='ocrx_word' id='word_1_631' title='bbox 2924 2265 3047 2304; x_wconf 84' lang='lat' dir='ltr'><strong>cum</strong></span> <span class='ocrx_word' id='word_1_632' title='bbox 3077 2249 3145 2303; x_wconf 92' lang='lat' dir='ltr'><strong>ab</strong></span> <span class='ocrx_word' id='word_1_633' title='bbox 3171 2249 3249 2304; x_wconf 85' lang='lat' dir='ltr'><strong>eis</strong></span> <span class='ocrx_word' id='word_1_634' title='bbox 3274 2248 3463 2303; x_wconf 85' lang='lat' dir='ltr'><strong>Salva-</strong></span> 
     </span>
    </p>
   </div>
   <div class='ocr_carea' id='block_1_86' title="bbox 1875 2341 3464 2412">
    <p class='ocr_par' dir='ltr' id='par_1_86' title="bbox 1875 2341 3464 2412">
     <span class='ocr_line' id='line_1_86' title="bbox 1875 2341 3464 2412; baseline 0.001 -16"><span class='ocrx_word' id='word_1_635' title='bbox 1875 2341 2005 2396; x_wconf 88' lang='lat' dir='ltr'><strong>toris</strong></span> <span class='ocrx_word' id='word_1_636' title='bbox 2047 2341 2443 2412; x_wconf 91' lang='lat' dir='ltr'><strong>inquisitionem</strong></span> <span class='ocrx_word' id='word_1_637' title='bbox 2470 2341 2729 2410; x_wconf 90' lang='lat' dir='ltr'><strong>repellitis</strong></span> <span class='ocrx_word' id='word_1_638' title='bbox 2749 2382 2764 2408; x_wconf 98' lang='lat'><strong>,</strong></span> <span class='ocrx_word' id='word_1_639' title='bbox 2809 2349 3125 2412; x_wconf 87' lang='lat' dir='ltr'><strong>potestatem</strong></span> <span class='ocrx_word' id='word_1_640' title='bbox 3154 2351 3338 2397; x_wconf 90' lang='lat' dir='ltr'><strong>contra</strong></span> <span class='ocrx_word' id='word_1_641' title='bbox 3367 2355 3464 2397; x_wconf 89' lang='lat' dir='ltr'><strong>eos</strong></span> 
     </span>
    </p>
   </div>
   <div class='ocr_carea' id='block_1_87' title="bbox 1873 2432 3456 2505">
    <p class='ocr_par' dir='ltr' id='par_1_87' title="bbox 1873 2432 3456 2505">
     <span class='ocr_line' id='line_1_87' title="bbox 1873 2432 3456 2505; baseline 0.001 -18"><span class='ocrx_word' id='word_1_642' title='bbox 1873 2433 2226 2489; x_wconf 86' lang='lat' dir='ltr'><strong>vulneratoris</strong></span> <span class='ocrx_word' id='word_1_643' title='bbox 2260 2433 2483 2505; x_wconf 84' lang='lat' dir='ltr'><strong>augetis.</strong></span> <span class='ocrx_word' id='word_1_644' title='bbox 2518 2433 2654 2488; x_wconf 89' lang='lat' dir='ltr'><strong>Dicit</strong></span> <span class='ocrx_word' id='word_1_645' title='bbox 2683 2433 2860 2498; x_wconf 80' lang='lat' dir='ltr'><strong>Jesus,</strong></span> <span class='ocrx_word' id='word_1_646' title='bbox 2896 2432 3018 2488; x_wconf 77' lang='lat' dir='ltr'><strong>Non</strong></span> <span class='ocrx_word' id='word_1_647' title='bbox 3047 2445 3117 2488; x_wconf 80' lang='lat' dir='ltr'><strong>est</strong></span> <span class='ocrx_word' id='word_1_648' title='bbox 3145 2435 3456 2489; x_wconf 79' lang='lat' dir='ltr'><strong>necessarius</strong></span> 
     </span>
    </p>
   </div>
   <div class='ocr_carea' id='block_1_88' title="bbox 1873 2523 3465 2592">
    <p class='ocr_par' dir='ltr' id='par_1_88' title="bbox 1873 2523 3465 2592">
     <span class='ocr_line' id='line_1_88' title="bbox 1873 2523 3465 2592; baseline 0 -12"><span class='ocrx_word' id='word_1_649' title='bbox 1873 2527 2010 2580; x_wconf 72' lang='lat' dir='ltr'><strong>sanis</strong></span> <span class='ocrx_word' id='word_1_650' title='bbox 2037 2526 2286 2592; x_wconf 77' lang='lat' dir='ltr'><strong>medicus,</strong></span> <span class='ocrx_word' id='word_1_651' title='bbox 2333 2525 2424 2580; x_wconf 80' lang='lat' dir='ltr'><strong>sed</strong></span> <span class='ocrx_word' id='word_1_652' title='bbox 2464 2526 2596 2580; x_wconf 83' lang='lat' dir='ltr'><strong>male</strong></span> <span class='ocrx_word' id='word_1_653' title='bbox 2637 2523 2964 2591; x_wconf 78' lang='lat' dir='ltr'><strong>habentibus;</strong></span> <span class='ocrx_word' id='word_1_654' title='bbox 2999 2543 3099 2580; x_wconf 88' lang='lat' dir='ltr'><strong>non</strong></span> <span class='ocrx_word' id='word_1_655' title='bbox 3145 2528 3256 2581; x_wconf 80' lang='lat' dir='ltr'><strong>veni</strong></span> <span class='ocrx_word' id='word_1_656' title='bbox 3287 2543 3465 2581; x_wconf 79' lang='lat' dir='ltr'><strong>vocare</strong></span> 
     </span>
    </p>
   </div>
   <div class='ocr_carea' id='block_1_89' title="bbox 1869 2617 3463 2692">
    <p class='ocr_par' dir='ltr' id='par_1_89' title="bbox 1869 2617 3463 2692">
     <span class='ocr_line' id='line_1_89' title="bbox 1869 2617 3463 2692; baseline 0.003 -21"><span class='ocrx_word' id='word_1_657' title='bbox 1869 2619 2057 2688; x_wconf 83' lang='lat' dir='ltr'><strong>justas,</strong></span> <span class='ocrx_word' id='word_1_658' title='bbox 2087 2618 2176 2673; x_wconf 80' lang='lat' dir='ltr'><strong>sed</strong></span> <span class='ocrx_word' id='word_1_659' title='bbox 2204 2628 2486 2690; x_wconf 80' lang='lat' dir='ltr'><strong>peccatores</strong></span> <span class='ocrx_word' id='word_1_660' title='bbox 2514 2617 2728 2689; x_wconf 78' lang='lat' dir='ltr'><strong>(Matth.</strong></span> <span class='ocrx_word' id='word_1_661' title='bbox 2769 2635 2824 2674; x_wconf 79' lang='lat' dir='ltr'><strong>Ix</strong></span> <span class='ocrx_word' id='word_1_662' title='bbox 2847 2661 2863 2686; x_wconf 95' lang='lat'><strong>,</strong></span> <span class='ocrx_word' id='word_1_663' title='bbox 2908 2619 2974 2674; x_wconf 73' lang='lat' dir='ltr'><strong>l2</strong></span> <span class='ocrx_word' id='word_1_664' title='bbox 2997 2660 3013 2685; x_wconf 95' lang='lat'><strong>,</strong></span> <span class='ocrx_word' id='word_1_665' title='bbox 3058 2620 3145 2692; x_wconf 78' lang='grc'><strong>15)</strong></span> <span class='ocrx_word' id='word_1_666' title='bbox 3173 2636 3186 2672; x_wconf 88' lang='lat'><strong>:</strong></span> <span class='ocrx_word' id='word_1_667' title='bbox 3211 2629 3263 2675; x_wconf 92' lang='lat' dir='ltr'><strong>et</strong></span> <span class='ocrx_word' id='word_1_668' title='bbox 3291 2635 3387 2675; x_wconf 84' lang='lat' dir='ltr'><strong>vos</strong></span> <span class='ocrx_word' id='word_1_669' title='bbox 3410 2622 3463 2676; x_wconf 92' lang='lat' dir='ltr'><strong>ei</strong></span> 
     </span>
    </p>
   </div>
   <div class='ocr_carea' id='block_1_90' title="bbox 1874 2709 3464 2782">
    <p class='ocr_par' dir='ltr' id='par_1_90' title="bbox 1874 2709 3464 2782">
     <span class='ocr_line' id='line_1_90' title="bbox 1874 2709 3464 2782; baseline 0.002 -18"><span class='ocrx_word' id='word_1_670' title='bbox 1874 2709 2048 2765; x_wconf 87' lang='lat' dir='ltr'><strong>dicitis</strong></span> <span class='ocrx_word' id='word_1_671' title='bbox 2075 2752 2088 2772; x_wconf 92' lang='lat'><strong>,</strong></span> <span class='ocrx_word' id='word_1_672' title='bbox 2117 2709 2232 2764; x_wconf 81' lang='lat' dir='ltr'><strong>Non</strong></span> <span class='ocrx_word' id='word_1_673' title='bbox 2277 2725 2334 2765; x_wconf 93' lang='lat' dir='ltr'><strong>es</strong></span> <span class='ocrx_word' id='word_1_674' title='bbox 2363 2725 2490 2782; x_wconf 87' lang='lat' dir='ltr'><strong>ergo</strong></span> <span class='ocrx_word' id='word_1_675' title='bbox 2522 2709 2758 2780; x_wconf 86' lang='lat' dir='ltr'><strong>parvulis</strong></span> <span class='ocrx_word' id='word_1_676' title='bbox 2785 2710 3117 2766; x_wconf 82' lang='lat' dir='ltr'><strong>necessarius</strong></span> <span class='ocrx_word' id='word_1_677' title='bbox 3142 2752 3157 2776; x_wconf 96' lang='lat'><strong>,</strong></span> <span class='ocrx_word' id='word_1_678' title='bbox 3203 2711 3324 2781; x_wconf 86' lang='lat' dir='ltr'><strong>quia</strong></span> <span class='ocrx_word' id='word_1_679' title='bbox 3364 2725 3464 2767; x_wconf 89' lang='lat' dir='ltr'><strong>nec</strong></span> 
     </span>
    </p>
   </div>
   <div class='ocr_carea' id='block_1_91' title="bbox 1875 2801 3465 2872">
    <p class='ocr_par' dir='ltr' id='par_1_91' title="bbox 1875 2801 3465 2872">
     <span class='ocr_line' id='line_1_91' title="bbox 1875 2801 3465 2872; baseline 0.003 -18"><span class='ocrx_word' id='word_1_680' title='bbox 1875 2801 2148 2855; x_wconf 82' lang='lat' dir='ltr'><strong>voluntate</strong></span> <span class='ocrx_word' id='word_1_681' title='bbox 2185 2808 2308 2855; x_wconf 91' lang='lat' dir='ltr'><strong>sunt</strong></span> <span class='ocrx_word' id='word_1_682' title='bbox 2349 2801 2558 2871; x_wconf 85' lang='lat' dir='ltr'><strong>propria</strong></span> <span class='ocrx_word' id='word_1_683' title='bbox 2580 2843 2594 2866; x_wconf 96' lang='lat'><strong>,</strong></span> <span class='ocrx_word' id='word_1_684' title='bbox 2642 2816 2740 2856; x_wconf 91' lang='lat' dir='ltr'><strong>nec</strong></span> <span class='ocrx_word' id='word_1_685' title='bbox 2784 2801 3014 2856; x_wconf 88' lang='lat' dir='ltr'><strong>lunuana</strong></span> <span class='ocrx_word' id='word_1_686' title='bbox 3045 2801 3252 2872; x_wconf 87' lang='lat' dir='ltr'><strong>origine</strong></span> <span class='ocrx_word' id='word_1_687' title='bbox 3273 2816 3465 2872; x_wconf 81' lang='lat' dir='ltr'><strong>pecca-</strong></span> 
     </span>
    </p>
   </div>
   <div class='ocr_carea' id='block_1_92' title="bbox 1874 2891 3461 2960">
    <p class='ocr_par' dir='ltr' id='par_1_92' title="bbox 1874 2891 3461 2960">
     <span class='ocr_line' id='line_1_92' title="bbox 1874 2891 3461 2960; baseline 0.002 -15"><span class='ocrx_word' id='word_1_688' title='bbox 1874 2898 2042 2946; x_wconf 86' lang='lat' dir='ltr'><strong>tores.</strong></span> <span class='ocrx_word' id='word_1_689' title='bbox 2072 2891 2202 2944; x_wconf 84' lang='lat' dir='ltr'><strong>Cum</strong></span> <span class='ocrx_word' id='word_1_690' title='bbox 2231 2905 2358 2960; x_wconf 91' lang='lat' dir='ltr'><strong>ergo</strong></span> <span class='ocrx_word' id='word_1_691' title='bbox 2387 2907 2492 2946; x_wconf 82' lang='lat' dir='ltr'><strong>non</strong></span> <span class='ocrx_word' id='word_1_692' title='bbox 2527 2894 2705 2947; x_wconf 88' lang='lat' dir='ltr'><strong>salvos</strong></span> <span class='ocrx_word' id='word_1_693' title='bbox 2736 2893 2918 2947; x_wconf 87' lang='lat' dir='ltr'><strong>venire</strong></span> <span class='ocrx_word' id='word_1_694' title='bbox 2956 2891 3242 2948; x_wconf 89' lang='lat' dir='ltr'><strong>salvaudos</strong></span> <span class='ocrx_word' id='word_1_695' title='bbox 3269 2893 3461 2948; x_wconf 87' lang='lat' dir='ltr'><strong>vetatis</strong></span> 
     </span>
    </p>
   </div>
   <div class='ocr_carea' id='block_1_93' title="bbox 1876 2981 3464 3054">
    <p class='ocr_par' dir='ltr' id='par_1_93' title="bbox 1876 2981 3464 3054">
     <span class='ocr_line' id='line_1_93' title="bbox 1876 2981 3464 3054; baseline 0.004 -19"><span class='ocrx_word' id='word_1_696' title='bbox 1876 2981 1941 3035; x_wconf 84' lang='lat' dir='ltr'><strong>ad</strong></span> <span class='ocrx_word' id='word_1_697' title='bbox 1974 2981 2255 3047; x_wconf 89' lang='lat' dir='ltr'><strong>medicmn,</strong></span> <span class='ocrx_word' id='word_1_698' title='bbox 2287 2981 2550 3036; x_wconf 88' lang='lat' dir='ltr'><strong>diabolica</strong></span> <span class='ocrx_word' id='word_1_699' title='bbox 2574 2982 2628 3036; x_wconf 92' lang='lat' dir='ltr'><strong>in</strong></span> <span class='ocrx_word' id='word_1_700' title='bbox 2658 2983 2737 3038; x_wconf 91' lang='lat' dir='ltr'><strong>eis</strong></span> <span class='ocrx_word' id='word_1_701' title='bbox 2765 2992 2980 3038; x_wconf 75' lang='lat' dir='ltr'><strong>exercet</strong></span> <span class='ocrx_word' id='word_1_702' title='bbox 3004 2983 3169 3053; x_wconf 81' lang='lat' dir='ltr'><strong>pestis</strong></span> <span class='ocrx_word' id='word_1_703' title='bbox 3196 2984 3464 3054; x_wconf 79' lang='lat' dir='ltr'><strong>potentius</strong></span> 
     </span>
    </p>
   </div>
   <div class='ocr_carea' id='block_1_94' title="bbox 1877 3071 3465 3146">
    <p class='ocr_par' dir='ltr' id='par_1_94' title="bbox 1877 3071 3465 3146">
     <span class='ocr_line' id='line_1_94' title="bbox 1877 3071 3465 3146; baseline 0.003 -20"><span class='ocrx_word' id='word_1_704' title='bbox 1877 3073 2246 3143; x_wconf 90' lang='lat' dir='ltr'><strong>principatum.</strong></span> <span class='ocrx_word' id='word_1_705' title='bbox 2268 3072 2481 3139; x_wconf 85' lang='lat' dir='ltr'><strong>Quanto</strong></span> <span class='ocrx_word' id='word_1_706' title='bbox 2500 3087 2628 3143; x_wconf 87' lang='lat' dir='ltr'><strong>ergo</strong></span> <span class='ocrx_word' id='word_1_707' title='bbox 2655 3083 2737 3128; x_wconf 91' lang='lat' dir='ltr'><strong>est</strong></span> <span class='ocrx_word' id='word_1_708' title='bbox 2768 3071 3114 3138; x_wconf 83' lang='lat' dir='ltr'><strong>tolerabilius,</strong></span> <span class='ocrx_word' id='word_1_709' title='bbox 3137 3085 3195 3129; x_wconf 90' lang='lat' dir='ltr'><strong>ut</strong></span> <span class='ocrx_word' id='word_1_710' title='bbox 3212 3081 3465 3146; x_wconf 87' lang='lat' dir='ltr'><strong>tanquam</strong></span> 
     </span>
    </p>
   </div>
   <div class='ocr_carea' id='block_1_95' title="bbox 1876 3163 3466 3232">
    <p class='ocr_par' dir='ltr' id='par_1_95' title="bbox 1876 3163 3466 3232">
     <span class='ocr_line' id='line_1_95' title="bbox 1876 3163 3466 3232; baseline 0.004 -19"><span class='ocrx_word' id='word_1_711' title='bbox 1876 3163 2091 3232; x_wconf 88' lang='lat' dir='ltr'><strong>parasiti</strong></span> <span class='ocrx_word' id='word_1_712' title='bbox 2122 3171 2172 3216; x_wconf 88' lang='lat' dir='ltr'><strong>et</strong></span> <span class='ocrx_word' id='word_1_713' title='bbox 2200 3171 2564 3217; x_wconf 87' lang='lat' dir='ltr'><strong>assentatores</strong></span> <span class='ocrx_word' id='word_1_714' title='bbox 2584 3163 2854 3217; x_wconf 87' lang='lat' dir='ltr'><strong>diabolqu</strong></span> <span class='ocrx_word' id='word_1_715' title='bbox 2881 3163 3027 3216; x_wconf 86' lang='lat' dir='ltr'><strong>falsis</strong></span> <span class='ocrx_word' id='word_1_716' title='bbox 3061 3163 3305 3220; x_wconf 86' lang='lat' dir='ltr'><strong>laudibus</strong></span> <span class='ocrx_word' id='word_1_717' title='bbox 3326 3165 3466 3220; x_wconf 56' lang='lat' dir='ltr'><strong>ntulc</strong></span> 
     </span>
    </p>
   </div>
   <div class='ocr_carea' id='block_1_96' title="bbox 1875 3252 3466 3324">
    <p class='ocr_par' dir='ltr' id='par_1_96' title="bbox 1875 3252 3466 3324">
     <span class='ocr_line' id='line_1_96' title="bbox 1875 3252 3466 3324; baseline 0.001 -16"><span class='ocrx_word' id='word_1_718' title='bbox 1875 3254 2058 3317; x_wconf 90' lang='lat' dir='ltr'><strong>ceatis,</strong></span> <span class='ocrx_word' id='word_1_719' title='bbox 2089 3269 2246 3324; x_wconf 77' lang='lat' dir='ltr'><strong>tpiam</strong></span> <span class='ocrx_word' id='word_1_720' title='bbox 2295 3253 2430 3307; x_wconf 87' lang='lat' dir='ltr'><strong>sicut</strong></span> <span class='ocrx_word' id='word_1_721' title='bbox 2476 3253 2671 3306; x_wconf 91' lang='lat' dir='ltr'><strong>milites</strong></span> <span class='ocrx_word' id='word_1_722' title='bbox 2700 3252 2782 3306; x_wconf 87' lang='lat' dir='ltr'><strong>vel</strong></span> <span class='ocrx_word' id='word_1_723' title='bbox 2814 3252 3070 3307; x_wconf 80' lang='lat' dir='ltr'><strong>satellites</strong></span> <span class='ocrx_word' id='word_1_724' title='bbox 3096 3267 3217 3307; x_wconf 90' lang='lat' dir='ltr'><strong>eum</strong></span> <span class='ocrx_word' id='word_1_725' title='bbox 3241 3253 3466 3323; x_wconf 85' lang='lat' dir='ltr'><strong>dogma-</strong></span> 
     </span>
    </p>
   </div>
   <div class='ocr_carea' id='block_1_97' title="bbox 1878 3343 3467 3415">
    <p class='ocr_par' dir='ltr' id='par_1_97' title="bbox 1878 3343 3467 3415">
     <span class='ocr_line' id='line_1_97' title="bbox 1878 3343 3467 3415; baseline 0 -13"><span class='ocrx_word' id='word_1_726' title='bbox 1878 3357 1988 3403; x_wconf 89' lang='lat' dir='ltr'><strong>tmu</strong></span> <span class='ocrx_word' id='word_1_727' title='bbox 2017 3347 2331 3401; x_wconf 83' lang='lat' dir='ltr'><strong>falsimtibus</strong></span> <span class='ocrx_word' id='word_1_728' title='bbox 2354 3343 2650 3415; x_wconf 85' lang='lat' dir='ltr'><strong>adjuvetis?</strong></span> <span class='ocrx_word' id='word_1_729' title='bbox 2673 3344 2904 3414; x_wconf 84' lang='lat' dir='ltr'><strong>Copioso</strong></span> <span class='ocrx_word' id='word_1_730' title='bbox 2923 3353 2974 3399; x_wconf 91' lang='lat' dir='ltr'><strong>et</strong></span> <span class='ocrx_word' id='word_1_731' title='bbox 2995 3352 3186 3398; x_wconf 88' lang='lat' dir='ltr'><strong>ornato</strong></span> <span class='ocrx_word' id='word_1_732' title='bbox 3204 3343 3467 3402; x_wconf 82' lang='lat' dir='ltr'><strong>describis</strong></span> 
     </span>
    </p>
   </div>
   <div class='ocr_carea' id='block_1_98' title="bbox 1876 3434 3462 3507">
    <p class='ocr_par' dir='ltr' id='par_1_98' title="bbox 1876 3434 3462 3507">
     <span class='ocr_line' id='line_1_98' title="bbox 1876 3434 3462 3507; baseline -0.001 -15"><span class='ocrx_word' id='word_1_733' title='bbox 1876 3439 2105 3507; x_wconf 88' lang='lat' dir='ltr'><strong>eloquio,</strong></span> <span class='ocrx_word' id='word_1_734' title='bbox 2133 3435 2401 3507; x_wconf 72' lang='lat' dir='ltr'><strong>«ptomodo</strong></span> <span class='ocrx_word' id='word_1_735' title='bbox 2425 3437 2563 3490; x_wconf 90' lang='lat' dir='ltr'><strong>Deus</strong></span> <span class='ocrx_word' id='word_1_736' title='bbox 2584 3450 2647 3487; x_wconf 79' lang='lat' dir='ltr'><strong>ex</strong></span> <span class='ocrx_word' id='word_1_737' title='bbox 2679 3435 2804 3488; x_wconf 91' lang='lat' dir='ltr'><strong>limo</strong></span> <span class='ocrx_word' id='word_1_738' title='bbox 2837 3434 3141 3489; x_wconf 83' lang='lat' dir='ltr'><strong>fortuaverit</strong></span> <span class='ocrx_word' id='word_1_739' title='bbox 3168 3434 3462 3501; x_wconf 88' lang='lat' dir='ltr'><strong>hominem,</strong></span> 
     </span>
    </p>
   </div>
   <div class='ocr_carea' id='block_1_99' title="bbox 1877 3525 3466 3601">
    <p class='ocr_par' dir='ltr' id='par_1_99' title="bbox 1877 3525 3466 3601">
     <span class='ocr_line' id='line_1_99' title="bbox 1877 3525 3466 3601; baseline 0.001 -18"><span class='ocrx_word' id='word_1_740' title='bbox 1877 3529 2052 3584; x_wconf 76' lang='lat' dir='ltr'><strong>llartdo</strong></span> <span class='ocrx_word' id='word_1_741' title='bbox 2100 3527 2437 3594; x_wconf 81' lang='lat' dir='ltr'><strong>auiumverit,</strong></span> <span class='ocrx_word' id='word_1_742' title='bbox 2471 3525 2716 3597; x_wconf 83' lang='lat' dir='ltr'><strong>paradiso</strong></span> <span class='ocrx_word' id='word_1_743' title='bbox 2744 3527 3162 3595; x_wconf 82' lang='lat' dir='ltr'><strong>locupletavcrit,</strong></span> <span class='ocrx_word' id='word_1_744' title='bbox 3194 3538 3466 3601; x_wconf 69' lang='lat' dir='ltr'><strong>plu-cepto</strong></span> 
     </span>
    </p>
   </div>
   <div class='ocr_carea' id='block_1_100' title="bbox 1877 3619 3464 3691">
    <p class='ocr_par' dir='ltr' id='par_1_100' title="bbox 1877 3619 3464 3691">
     <span class='ocr_line' id='line_1_100' title="bbox 1877 3619 3464 3691; baseline 0.002 -18"><span class='ocrx_word' id='word_1_745' title='bbox 1877 3619 2350 3684; x_wconf 71' lang='lat' dir='ltr'><strong>adminiculzwerit,</strong></span> <span class='ocrx_word' id='word_1_746' title='bbox 2384 3625 2693 3688; x_wconf 88' lang='lat' dir='ltr'><strong>tantamque</strong></span> <span class='ocrx_word' id='word_1_747' title='bbox 2722 3631 2928 3685; x_wconf 90' lang='lat' dir='ltr'><strong>curam,</strong></span> <span class='ocrx_word' id='word_1_748' title='bbox 2957 3634 3024 3674; x_wconf 88' lang='lat' dir='ltr'><strong>ne</strong></span> <span class='ocrx_word' id='word_1_749' title='bbox 3055 3620 3106 3673; x_wconf 92' lang='lat' dir='ltr'><strong>in</strong></span> <span class='ocrx_word' id='word_1_750' title='bbox 3133 3619 3312 3691; x_wconf 89' lang='lat' dir='ltr'><strong>aliquo</strong></span> <span class='ocrx_word' id='word_1_751' title='bbox 3340 3636 3464 3676; x_wconf 89' lang='lat' dir='ltr'><strong>eum</strong></span> 
     </span>
    </p>
   </div>
   <div class='ocr_carea' id='block_1_101' title="bbox 1875 3706 3463 3780">
    <p class='ocr_par' dir='ltr' id='par_1_101' title="bbox 1875 3706 3463 3780">
     <span class='ocr_line' id='line_1_101' title="bbox 1875 3706 3463 3780; baseline 0.003 -17"><span class='ocrx_word' id='word_1_752' title='bbox 1875 3719 2141 3780; x_wconf 86' lang='lat' dir='ltr'><strong>gravaret,</strong></span> <span class='ocrx_word' id='word_1_753' title='bbox 2175 3707 2440 3772; x_wconf 90' lang='lat' dir='ltr'><strong>habuerit,</strong></span> <span class='ocrx_word' id='word_1_754' title='bbox 2467 3715 2528 3762; x_wconf 88' lang='lat' dir='ltr'><strong>ut</strong></span> <span class='ocrx_word' id='word_1_755' title='bbox 2556 3706 2694 3762; x_wconf 91' lang='lat' dir='ltr'><strong>idem</strong></span> <span class='ocrx_word' id='word_1_756' title='bbox 2723 3717 3048 3779; x_wconf 72' lang='lat' dir='ltr'><strong>prteceptum</strong></span> <span class='ocrx_word' id='word_1_757' title='bbox 3078 3724 3184 3765; x_wconf 90' lang='lat' dir='ltr'><strong>non</strong></span> <span class='ocrx_word' id='word_1_758' title='bbox 3215 3711 3266 3765; x_wconf 93' lang='lat' dir='ltr'><strong>iu</strong></span> <span class='ocrx_word' id='word_1_759' title='bbox 3293 3711 3463 3767; x_wconf 86' lang='lat' dir='ltr'><strong>multa</strong></span> 
     </span>
    </p>
   </div>
   <div class='ocr_carea' id='block_1_102' title="bbox 1876 3797 3464 3870">
    <p class='ocr_par' dir='ltr' id='par_1_102' title="bbox 1876 3797 3464 3870">
     <span class='ocr_line' id='line_1_102' title="bbox 1876 3797 3464 3870; baseline 0.003 -17"><span class='ocrx_word' id='word_1_760' title='bbox 1876 3799 2203 3855; x_wconf 87' lang='lat' dir='ltr'><strong>distenderet</strong></span> <span class='ocrx_word' id='word_1_761' title='bbox 2245 3814 2315 3854; x_wconf 91' lang='lat' dir='ltr'><strong>ne</strong></span> <span class='ocrx_word' id='word_1_762' title='bbox 2344 3797 2470 3868; x_wconf 88' lang='lat' dir='ltr'><strong>quid</strong></span> <span class='ocrx_word' id='word_1_763' title='bbox 2497 3797 2677 3852; x_wconf 90' lang='lat' dir='ltr'><strong>oneris</strong></span> <span class='ocrx_word' id='word_1_764' title='bbox 2706 3797 2868 3854; x_wconf 90' lang='lat' dir='ltr'><strong>homo</strong></span> <span class='ocrx_word' id='word_1_765' title='bbox 2887 3838 2904 3865; x_wconf 93' lang='lat'><strong>,</strong></span> <span class='ocrx_word' id='word_1_766' title='bbox 2948 3814 3106 3870; x_wconf 88' lang='lat' dir='ltr'><strong>quem</strong></span> <span class='ocrx_word' id='word_1_767' title='bbox 3139 3809 3283 3856; x_wconf 89' lang='lat' dir='ltr'><strong>tanta</strong></span> <span class='ocrx_word' id='word_1_768' title='bbox 3312 3801 3464 3858; x_wconf 85' lang='lat' dir='ltr'><strong>beni-</strong></span> 
     </span>
    </p>
   </div>
   <div class='ocr_carea' id='block_1_103' title="bbox 1875 3887 3461 3961">
    <p class='ocr_par' dir='ltr' id='par_1_103' title="bbox 1875 3887 3461 3961">
     <span class='ocr_line' id='line_1_103' title="bbox 1875 3887 3461 3961; baseline 0.002 -17"><span class='ocrx_word' id='word_1_769' title='bbox 1875 3891 2078 3961; x_wconf 87' lang='lat' dir='ltr'><strong>gnitate</strong></span> <span class='ocrx_word' id='word_1_770' title='bbox 2103 3887 2452 3954; x_wconf 86' lang='lat' dir='ltr'><strong>condiderat,</strong></span> <span class='ocrx_word' id='word_1_771' title='bbox 2481 3888 2548 3943; x_wconf 90' lang='lat' dir='ltr'><strong>de</strong></span> <span class='ocrx_word' id='word_1_772' title='bbox 2575 3887 2924 3958; x_wconf 90' lang='lat' dir='ltr'><strong>multiplicata</strong></span> <span class='ocrx_word' id='word_1_773' title='bbox 2947 3889 3063 3959; x_wconf 88' lang='lat' dir='ltr'><strong>lege</strong></span> <span class='ocrx_word' id='word_1_774' title='bbox 3083 3890 3326 3946; x_wconf 90' lang='lat' dir='ltr'><strong>sentiret.</strong></span> <span class='ocrx_word' id='word_1_775' title='bbox 3351 3889 3461 3947; x_wconf 86' lang='lat' dir='ltr'><strong>Cur</strong></span> 
     </span>
    </p>
   </div>
   <div class='ocr_carea' id='block_1_104' title="bbox 1878 3979 3457 4054">
    <p class='ocr_par' dir='ltr' id='par_1_104' title="bbox 1878 3979 3457 4054">
     <span class='ocr_line' id='line_1_104' title="bbox 1878 3979 3457 4054; baseline 0.001 -18"><span class='ocrx_word' id='word_1_776' title='bbox 1878 3997 2004 4052; x_wconf 86' lang='lat' dir='ltr'><strong>ergo</strong></span> <span class='ocrx_word' id='word_1_777' title='bbox 2025 3996 2165 4034; x_wconf 88' lang='lat' dir='ltr'><strong>nunc</strong></span> <span class='ocrx_word' id='word_1_778' title='bbox 2181 3994 2376 4050; x_wconf 88' lang='lat' dir='ltr'><strong>corpus</strong></span> <span class='ocrx_word' id='word_1_779' title='bbox 2401 3979 2750 4049; x_wconf 82' lang='lat' dir='ltr'><strong>corruptibile</strong></span> <span class='ocrx_word' id='word_1_780' title='bbox 2771 3989 3021 4050; x_wconf 87' lang='lat' dir='ltr'><strong>sggravat</strong></span> <span class='ocrx_word' id='word_1_781' title='bbox 3048 3981 3277 4036; x_wconf 89' lang='lat' dir='ltr'><strong>animam</strong></span> <span class='ocrx_word' id='word_1_782' title='bbox 3299 3980 3457 4054; x_wconf 81' lang='lat' dir='ltr'><strong>(Sap.</strong></span> 
     </span>
    </p>
   </div>
   <div class='ocr_carea' id='block_1_105' title="bbox 1877 4071 3457 4143">
    <p class='ocr_par' dir='ltr' id='par_1_105' title="bbox 1877 4071 3457 4143">
     <span class='ocr_line' id='line_1_105' title="bbox 1877 4071 3457 4143; baseline 0.003 -17"><span class='ocrx_word' id='word_1_783' title='bbox 1877 4089 1955 4136; x_wconf 79' lang='lat' dir='ltr'><strong>ix,</strong></span> <span class='ocrx_word' id='word_1_784' title='bbox 1991 4073 2120 4143; x_wconf 73' lang='lat' dir='ltr'><strong>lii)?</strong></span> <span class='ocrx_word' id='word_1_785' title='bbox 2149 4087 2246 4126; x_wconf 93' lang='lat' dir='ltr'><strong>cur</strong></span> <span class='ocrx_word' id='word_1_786' title='bbox 2276 4085 2404 4142; x_wconf 88' lang='lat' dir='ltr'><strong>ergo</strong></span> <span class='ocrx_word' id='word_1_787' title='bbox 2430 4086 2588 4142; x_wconf 89' lang='lat' dir='ltr'><strong>grave</strong></span> <span class='ocrx_word' id='word_1_788' title='bbox 2613 4071 2800 4142; x_wconf 85' lang='lat' dir='ltr'><strong>jugum</strong></span> <span class='ocrx_word' id='word_1_789' title='bbox 2829 4081 2910 4128; x_wconf 89' lang='lat' dir='ltr'><strong>est</strong></span> <span class='ocrx_word' id='word_1_790' title='bbox 2938 4085 3100 4137; x_wconf 80' lang='lat' dir='ltr'><strong>super</strong></span> <span class='ocrx_word' id='word_1_791' title='bbox 3127 4072 3261 4129; x_wconf 82' lang='lat' dir='ltr'><strong>ﬁlios</strong></span> <span class='ocrx_word' id='word_1_792' title='bbox 3286 4074 3457 4130; x_wconf 83' lang='lat' dir='ltr'><strong>Adam</strong></span> 
     </span>
    </p>
   </div>
   <div class='ocr_carea' id='block_1_106' title="bbox 1873 4159 3462 4236">
    <p class='ocr_par' dir='ltr' id='par_1_106' title="bbox 1873 4159 3462 4236">
     <span class='ocr_line' id='line_1_106' title="bbox 1873 4159 3462 4236; baseline 0.004 -22"><span class='ocrx_word' id='word_1_793' title='bbox 1873 4179 1902 4215; x_wconf 88' lang='lat' dir='ltr'><strong>a</strong></span> <span class='ocrx_word' id='word_1_794' title='bbox 1923 4162 2011 4217; x_wconf 90' lang='lat' dir='ltr'><strong>die</strong></span> <span class='ocrx_word' id='word_1_795' title='bbox 2039 4163 2212 4216; x_wconf 85' lang='lat' dir='ltr'><strong>exitus</strong></span> <span class='ocrx_word' id='word_1_796' title='bbox 2239 4159 2306 4216; x_wconf 91' lang='lat' dir='ltr'><strong>de</strong></span> <span class='ocrx_word' id='word_1_797' title='bbox 2339 4169 2525 4217; x_wconf 81' lang='lat' dir='ltr'><strong>ventre</strong></span> <span class='ocrx_word' id='word_1_798' title='bbox 2561 4162 2747 4216; x_wconf 90' lang='lat' dir='ltr'><strong>matris</strong></span> <span class='ocrx_word' id='word_1_799' title='bbox 2775 4178 2960 4217; x_wconf 91' lang='lat' dir='ltr'><strong>eorum</strong></span> <span class='ocrx_word' id='word_1_800' title='bbox 3007 4161 3195 4235; x_wconf 78' lang='lat' dir='ltr'><strong>(Eccli.</strong></span> <span class='ocrx_word' id='word_1_801' title='bbox 3225 4179 3328 4232; x_wconf 68' lang='lat' dir='ltr'><strong>xu,</strong></span> <span class='ocrx_word' id='word_1_802' title='bbox 3360 4164 3462 4236; x_wconf 79' lang='grc' dir='ltr'>ι)ι</span> 
     </span>
    </p>
   </div>
   <div class='ocr_carea' id='block_1_107' title="bbox 1875 4253 3459 4326">
    <p class='ocr_par' dir='ltr' id='par_1_107' title="bbox 1875 4253 3459 4326">
     <span class='ocr_line' id='line_1_107' title="bbox 1875 4253 3459 4326; baseline 0.006 -22"><span class='ocrx_word' id='word_1_803' title='bbox 1875 4253 2301 4324; x_wconf 84' lang='lat' dir='ltr'><strong>quandoquidem</strong></span> <span class='ocrx_word' id='word_1_804' title='bbox 2352 4254 2524 4324; x_wconf 88' lang='lat' dir='ltr'><strong>ipsum</strong></span> <span class='ocrx_word' id='word_1_805' title='bbox 2567 4254 2737 4308; x_wconf 82' lang='lat' dir='ltr'><strong>Adam</strong></span> <span class='ocrx_word' id='word_1_806' title='bbox 2791 4269 2888 4309; x_wconf 90' lang='lat' dir='ltr'><strong>nec</strong></span> <span class='ocrx_word' id='word_1_807' title='bbox 2941 4254 3057 4325; x_wconf 89' lang='lat' dir='ltr'><strong>lege</strong></span> <span class='ocrx_word' id='word_1_808' title='bbox 3111 4255 3459 4326; x_wconf 87' lang='lat' dir='ltr'><strong>multiplicata</strong></span> 
     </span>
    </p>
   </div>
   <div class='ocr_carea' id='block_1_108' title="bbox 1875 4344 3457 4417">
    <p class='ocr_par' dir='ltr' id='par_1_108' title="bbox 1875 4344 3457 4417">
     <span class='ocr_line' id='line_1_108' title="bbox 1875 4344 3457 4417; baseline 0.003 -19"><span class='ocrx_word' id='word_1_809' title='bbox 1875 4346 2040 4401; x_wconf 88' lang='lat' dir='ltr'><strong>voluit</strong></span> <span class='ocrx_word' id='word_1_810' title='bbox 2064 4360 2371 4417; x_wconf 85' lang='lat' dir='ltr'><strong>aggravare.</strong></span> <span class='ocrx_word' id='word_1_811' title='bbox 2401 4344 2606 4414; x_wconf 86' lang='lat' dir='ltr'><strong>Nempe</strong></span> <span class='ocrx_word' id='word_1_812' title='bbox 2625 4345 2861 4410; x_wconf 84' lang='lat' dir='ltr'><strong>cernitis,</strong></span> <span class='ocrx_word' id='word_1_813' title='bbox 2890 4344 3032 4415; x_wconf 89' lang='lat' dir='ltr'><strong>quod</strong></span> <span class='ocrx_word' id='word_1_814' title='bbox 3057 4345 3100 4400; x_wconf 87' lang='lat' dir='ltr'><strong>si</strong></span> <span class='ocrx_word' id='word_1_815' title='bbox 3130 4345 3184 4401; x_wconf 90' lang='lat' dir='ltr'><strong>in</strong></span> <span class='ocrx_word' id='word_1_816' title='bbox 3210 4345 3457 4417; x_wconf 86' lang='lat' dir='ltr'><strong>paradiso</strong></span> 
     </span>
    </p>
   </div>
   <div class='ocr_carea' id='block_1_109' title="bbox 1875 4436 3456 4508">
    <p class='ocr_par' dir='ltr' id='par_1_109' title="bbox 1875 4436 3456 4508">
     <span class='ocr_line' id='line_1_109' title="bbox 1875 4436 3456 4508; baseline 0.001 -16"><span class='ocrx_word' id='word_1_817' title='bbox 1875 4453 2033 4494; x_wconf 87' lang='lat' dir='ltr'><strong>nemo</strong></span> <span class='ocrx_word' id='word_1_818' title='bbox 2062 4446 2355 4508; x_wconf 73' lang='lat' dir='ltr'><strong>peccasset,</strong></span> <span class='ocrx_word' id='word_1_819' title='bbox 2390 4439 2459 4492; x_wconf 91' lang='lat' dir='ltr'><strong>ita</strong></span> <span class='ocrx_word' id='word_1_820' title='bbox 2501 4436 2794 4492; x_wconf 90' lang='lat' dir='ltr'><strong>fecunditas</strong></span> <span class='ocrx_word' id='word_1_821' title='bbox 2821 4437 3104 4507; x_wconf 87' lang='lat' dir='ltr'><strong>conjugum</strong></span> <span class='ocrx_word' id='word_1_822' title='bbox 3128 4453 3323 4508; x_wconf 88' lang='lat' dir='ltr'><strong>genere</strong></span> <span class='ocrx_word' id='word_1_823' title='bbox 3350 4438 3456 4494; x_wconf 89' lang='lat' dir='ltr'><strong>hu-</strong></span> 
     </span>
    </p>
   </div>
   <div class='ocr_carea' id='block_1_110' title="bbox 1877 4533 3457 4602">
    <p class='ocr_par' dir='ltr' id='par_1_110' title="bbox 1877 4533 3457 4602">
     <span class='ocr_line' id='line_1_110' title="bbox 1877 4533 3457 4602; baseline 0.001 -12"><span class='ocrx_word' id='word_1_824' title='bbox 1877 4549 2035 4591; x_wconf 89' lang='lat' dir='ltr'><strong>mano</strong></span> <span class='ocrx_word' id='word_1_825' title='bbox 2074 4535 2249 4590; x_wconf 92' lang='lat' dir='ltr'><strong>locum</strong></span> <span class='ocrx_word' id='word_1_826' title='bbox 2291 4533 2438 4588; x_wconf 91' lang='lat' dir='ltr'><strong>illum</strong></span> <span class='ocrx_word' id='word_1_827' title='bbox 2485 4542 2644 4587; x_wconf 80' lang='lat' dir='ltr'><strong>tanta:</strong></span> <span class='ocrx_word' id='word_1_828' title='bbox 2675 4533 2940 4586; x_wconf 82' lang='lat' dir='ltr'><strong>felicitatis</strong></span> <span class='ocrx_word' id='word_1_829' title='bbox 2972 4533 3244 4602; x_wconf 86' lang='lat' dir='ltr'><strong>impleret,</strong></span> <span class='ocrx_word' id='word_1_830' title='bbox 3273 4541 3457 4591; x_wconf 87' lang='lat' dir='ltr'><strong>utnec</strong></span> 
     </span>
    </p>
   </div>
   <div class='ocr_carea' id='block_1_111' title="bbox 1875 4626 3454 4697">
    <p class='ocr_par' dir='ltr' id='par_1_111' title="bbox 1875 4626 3454 4697">
     <span class='ocr_line' id='line_1_111' title="bbox 1875 4626 3454 4697; baseline -0.003 -13"><span class='ocrx_word' id='word_1_831' title='bbox 1875 4631 2105 4684; x_wconf 90' lang='lat' dir='ltr'><strong>animam</strong></span> <span class='ocrx_word' id='word_1_832' title='bbox 2153 4626 2502 4697; x_wconf 89' lang='lat' dir='ltr'><strong>corruptibile</strong></span> <span class='ocrx_word' id='word_1_833' title='bbox 2554 4640 2749 4696; x_wconf 89' lang='lat' dir='ltr'><strong>corpus</strong></span> <span class='ocrx_word' id='word_1_834' title='bbox 2793 4633 3075 4696; x_wconf 87' lang='lat' dir='ltr'><strong>gravaret,</strong></span> <span class='ocrx_word' id='word_1_835' title='bbox 3130 4640 3228 4680; x_wconf 92' lang='lat' dir='ltr'><strong>nec</strong></span> <span class='ocrx_word' id='word_1_836' title='bbox 3270 4627 3454 4696; x_wconf 83' lang='lat' dir='ltr'><strong>jugum</strong></span> 
     </span>
    </p>
   </div>
   <div class='ocr_carea' id='block_1_112' title="bbox 1875 4718 3458 4793">
    <p class='ocr_par' dir='ltr' id='par_1_112' title="bbox 1875 4718 3458 4793">
     <span class='ocr_line' id='line_1_112' title="bbox 1875 4718 3458 4793; baseline -0.001 -17"><span class='ocrx_word' id='word_1_837' title='bbox 1875 4738 2034 4793; x_wconf 86' lang='lat' dir='ltr'><strong>grave</strong></span> <span class='ocrx_word' id='word_1_838' title='bbox 2079 4729 2233 4776; x_wconf 90' lang='lat' dir='ltr'><strong>natos</strong></span> <span class='ocrx_word' id='word_1_839' title='bbox 2274 4719 2519 4774; x_wconf 88' lang='lat' dir='ltr'><strong>homines</strong></span> <span class='ocrx_word' id='word_1_840' title='bbox 2563 4727 2868 4790; x_wconf 88' lang='lat' dir='ltr'><strong>premeret,</strong></span> <span class='ocrx_word' id='word_1_841' title='bbox 2916 4734 3013 4773; x_wconf 90' lang='lat' dir='ltr'><strong>nec</strong></span> <span class='ocrx_word' id='word_1_842' title='bbox 3053 4718 3202 4773; x_wconf 89' lang='lat' dir='ltr'><strong>labor</strong></span> <span class='ocrx_word' id='word_1_843' title='bbox 3223 4726 3276 4774; x_wconf 93' lang='lat' dir='ltr'><strong>et</strong></span> <span class='ocrx_word' id='word_1_844' title='bbox 3303 4718 3458 4780; x_wconf 82' lang='lat' dir='ltr'><strong>dolor</strong></span> 
     </span>
    </p>
   </div>
   <div class='ocr_carea' id='block_1_113' title="bbox 1875 4807 3456 4881">
    <p class='ocr_par' dir='ltr' id='par_1_113' title="bbox 1875 4807 3456 4881">
     <span class='ocr_line' id='line_1_113' title="bbox 1875 4807 3456 4881; baseline -0.002 -14"><span class='ocrx_word' id='word_1_845' title='bbox 1875 4811 2209 4868; x_wconf 87' lang='lat' dir='ltr'><strong>miserandos</strong></span> <span class='ocrx_word' id='word_1_846' title='bbox 2245 4809 2490 4881; x_wconf 86' lang='lat' dir='ltr'><strong>parvulos</strong></span> <span class='ocrx_word' id='word_1_847' title='bbox 2529 4807 2786 4864; x_wconf 90' lang='lat' dir='ltr'><strong>erudiret.</strong></span> <span class='ocrx_word' id='word_1_848' title='bbox 2813 4807 2966 4864; x_wconf 89' lang='lat' dir='ltr'><strong>Unde</strong></span> <span class='ocrx_word' id='word_1_849' title='bbox 3004 4822 3133 4879; x_wconf 81' lang='lat' dir='ltr'><strong>ergo</strong></span> <span class='ocrx_word' id='word_1_850' title='bbox 3158 4807 3258 4863; x_wconf 89' lang='lat' dir='ltr'><strong>ista</strong></span> <span class='ocrx_word' id='word_1_851' title='bbox 3297 4817 3456 4876; x_wconf 92' lang='lat' dir='ltr'><strong>sunt,</strong></span> 
     </span>
    </p>
   </div>
   <div class='ocr_carea' id='block_1_114' title="bbox 1874 4899 3457 4974">
    <p class='ocr_par' dir='ltr' id='par_1_114' title="bbox 1874 4899 3457 4974">
     <span class='ocr_line' id='line_1_114' title="bbox 1874 4899 3457 4974; baseline -0.001 -17"><span class='ocrx_word' id='word_1_852' title='bbox 1874 4919 1992 4974; x_wconf 73' lang='lat' dir='ltr'><strong>qua:</strong></span> <span class='ocrx_word' id='word_1_853' title='bbox 2023 4904 2206 4973; x_wconf 91' lang='lat' dir='ltr'><strong>utique</strong></span> <span class='ocrx_word' id='word_1_854' title='bbox 2235 4917 2341 4956; x_wconf 90' lang='lat' dir='ltr'><strong>non</strong></span> <span class='ocrx_word' id='word_1_855' title='bbox 2371 4909 2498 4957; x_wconf 92' lang='lat' dir='ltr'><strong>sunt</strong></span> <span class='ocrx_word' id='word_1_856' title='bbox 2527 4900 2594 4956; x_wconf 90' lang='lat' dir='ltr'><strong>de</strong></span> <span class='ocrx_word' id='word_1_857' title='bbox 2624 4900 2806 4955; x_wconf 90' lang='lat' dir='ltr'><strong>nescio</strong></span> <span class='ocrx_word' id='word_1_858' title='bbox 2835 4915 2934 4970; x_wconf 94' lang='lat' dir='ltr'><strong>qua</strong></span> <span class='ocrx_word' id='word_1_859' title='bbox 2967 4899 3126 4967; x_wconf 87' lang='lat' dir='ltr'><strong>mala,</strong></span> <span class='ocrx_word' id='word_1_860' title='bbox 3156 4915 3314 4970; x_wconf 87' lang='lat' dir='ltr'><strong>quam</strong></span> <span class='ocrx_word' id='word_1_861' title='bbox 3344 4901 3457 4956; x_wconf 80' lang='lat' dir='ltr'><strong>Ma-</strong></span> 
     </span>
    </p>
   </div>
   <div class='ocr_carea' id='block_1_115' title="bbox 1877 4982 3458 5066">
    <p class='ocr_par' dir='ltr' id='par_1_115' title="bbox 1877 4982 3458 5066">
     <span class='ocr_line' id='line_1_115' title="bbox 1877 4982 3458 5066; baseline -0.002 -14"><span class='ocrx_word' id='word_1_862' title='bbox 1877 4982 2115 5053; x_wconf 80' lang='lat' dir='ltr'><strong>nichacus</strong></span> <span class='ocrx_word' id='word_1_863' title='bbox 2144 4993 2314 5066; x_wconf 87' lang='lat' dir='ltr'><strong>lingit,</strong></span> <span class='ocrx_word' id='word_1_864' title='bbox 2343 5004 2434 5050; x_wconf 90' lang='lat' dir='ltr'><strong>aut</strong></span> <span class='ocrx_word' id='word_1_865' title='bbox 2471 4992 2675 5059; x_wconf 92' lang='lat' dir='ltr'><strong>credit,</strong></span> <span class='ocrx_word' id='word_1_866' title='bbox 2719 5007 2748 5046; x_wconf 87' lang='lat' dir='ltr'><strong>a</strong></span> <span class='ocrx_word' id='word_1_867' title='bbox 2780 4992 2932 5047; x_wconf 87' lang='lat' dir='ltr'><strong>nobis</strong></span> <span class='ocrx_word' id='word_1_868' title='bbox 2961 4992 3131 5048; x_wconf 91' lang='lat' dir='ltr'><strong>aliena</strong></span> <span class='ocrx_word' id='word_1_869' title='bbox 3153 5033 3166 5056; x_wconf 95' lang='lat'><strong>,</strong></span> <span class='ocrx_word' id='word_1_870' title='bbox 3195 4991 3458 5063; x_wconf 82' lang='lat' dir='ltr'><strong>nobisque</strong></span> 
     </span>
    </p>
   </div>
   <div class='ocr_carea' id='block_1_116' title="bbox 1875 5085 3456 5162">
    <p class='ocr_par' dir='ltr' id='par_1_116' title="bbox 1875 5085 3456 5162">
     <span class='ocr_line' id='line_1_116' title="bbox 1875 5085 3456 5162; baseline -0.006 -15"><span class='ocrx_word' id='word_1_871' title='bbox 1875 5090 2156 5162; x_wconf 79' lang='lat' dir='ltr'><strong>permixta,</strong></span> <span class='ocrx_word' id='word_1_872' title='bbox 2193 5089 2295 5144; x_wconf 90' lang='lat' dir='ltr'><strong>nisi</strong></span> <span class='ocrx_word' id='word_1_873' title='bbox 2322 5087 2389 5142; x_wconf 90' lang='lat' dir='ltr'><strong>de</strong></span> <span class='ocrx_word' id='word_1_874' title='bbox 2411 5095 2591 5141; x_wconf 90' lang='lat' dir='ltr'><strong>nostra</strong></span> <span class='ocrx_word' id='word_1_875' title='bbox 2624 5086 2806 5140; x_wconf 86' lang='lat' dir='ltr'><strong>vitiata</strong></span> <span class='ocrx_word' id='word_1_876' title='bbox 2836 5085 2988 5156; x_wconf 87' lang='lat' dir='ltr'><strong>primi</strong></span> <span class='ocrx_word' id='word_1_877' title='bbox 3017 5085 3247 5139; x_wconf 89' lang='lat' dir='ltr'><strong>hominis</strong></span> <span class='ocrx_word' id='word_1_878' title='bbox 3275 5095 3456 5139; x_wconf 86' lang='lat' dir='ltr'><strong>trans-</strong></span> 
     </span>
    </p>
   </div>
   <div class='ocr_carea' id='block_1_117' title="bbox 1875 5177 3458 5255">
    <p class='ocr_par' dir='ltr' id='par_1_117' title="bbox 1875 5177 3458 5255">
     <span class='ocr_line' id='line_1_117' title="bbox 1875 5177 3458 5255; baseline -0.005 -17"><span class='ocrx_word' id='word_1_879' title='bbox 1875 5186 2148 5255; x_wconf 88' lang='lat' dir='ltr'><strong>gressione</strong></span> <span class='ocrx_word' id='word_1_880' title='bbox 2203 5180 2432 5236; x_wconf 87' lang='lat' dir='ltr'><strong>natura?</strong></span> <span class='ocrx_word' id='word_1_881' title='bbox 2480 5177 2588 5234; x_wconf 88' lang='lat' dir='ltr'><strong>Sed</strong></span> <span class='ocrx_word' id='word_1_882' title='bbox 2645 5178 2856 5233; x_wconf 90' lang='lat' dir='ltr'><strong>miraris</strong></span> <span class='ocrx_word' id='word_1_883' title='bbox 2913 5177 3077 5231; x_wconf 92' lang='lat' dir='ltr'><strong>homo</strong></span> <span class='ocrx_word' id='word_1_884' title='bbox 3142 5185 3327 5231; x_wconf 91' lang='lat' dir='ltr'><strong>acutus</strong></span> <span class='ocrx_word' id='word_1_885' title='bbox 3392 5190 3458 5230; x_wconf 89' lang='lat' dir='ltr'><strong>ac</strong></span> 
     </span>
    </p>
   </div>
   <div class='ocr_carea' id='block_1_118' title="bbox 1876 5264 3457 5344">
    <p class='ocr_par' dir='ltr' id='par_1_118' title="bbox 1876 5264 3457 5344">
     <span class='ocr_line' id='line_1_118' title="bbox 1876 5264 3457 5344; baseline -0.004 -18"><span class='ocrx_word' id='word_1_886' title='bbox 1876 5274 2140 5344; x_wconf 89' lang='lat' dir='ltr'><strong>prudens,</strong></span> <span class='ocrx_word' id='word_1_887' title='bbox 2188 5280 2243 5327; x_wconf 90' lang='lat' dir='ltr'><strong>et</strong></span> <span class='ocrx_word' id='word_1_888' title='bbox 2285 5285 2389 5326; x_wconf 86' lang='lat' dir='ltr'><strong>non</strong></span> <span class='ocrx_word' id='word_1_889' title='bbox 2430 5268 2704 5326; x_wconf 79' lang='lat' dir='ltr'><strong>existimas</strong></span> <span class='ocrx_word' id='word_1_890' title='bbox 2752 5281 2870 5322; x_wconf 77' lang='lat' dir='ltr'><strong>esse</strong></span> <span class='ocrx_word' id='word_1_891' title='bbox 2912 5265 3274 5331; x_wconf 87' lang='lat' dir='ltr'><strong>credendum,</strong></span> <span class='ocrx_word' id='word_1_892' title='bbox 3313 5264 3457 5334; x_wconf 88' lang='lat' dir='ltr'><strong>quod</strong></span> 
     </span>
    </p>
   </div>
   <div class='ocr_carea' id='block_1_119' title="bbox 1875 5354 3453 5434">
    <p class='ocr_par' dir='ltr' id='par_1_119' title="bbox 1875 5354 3453 5434">
     <span class='ocr_line' id='line_1_119' title="bbox 1875 5354 3453 5434; baseline -0.009 -14"><span class='ocrx_word' id='word_1_893' title='bbox 1875 5365 2066 5421; x_wconf 85' lang='lat' dir='ltr'><strong>diaboli</strong></span> <span class='ocrx_word' id='word_1_894' title='bbox 2111 5363 2299 5433; x_wconf 83' lang='lat' dir='ltr'><strong>exigua</strong></span> <span class='ocrx_word' id='word_1_895' title='bbox 2325 5361 2483 5417; x_wconf 87' lang='lat' dir='ltr'><strong>verba</strong></span> <span class='ocrx_word' id='word_1_896' title='bbox 2512 5375 2633 5415; x_wconf 91' lang='lat' dir='ltr'><strong>cum</strong></span> <span class='ocrx_word' id='word_1_897' title='bbox 2681 5359 2902 5413; x_wconf 90' lang='lat' dir='ltr'><strong>muliere</strong></span> <span class='ocrx_word' id='word_1_898' title='bbox 2929 5354 3220 5434; x_wconf 75' lang='lat' dir='ltr'><strong>commixta</strong></span> <span class='ocrx_word' id='word_1_899' title='bbox 3245 5362 3453 5408; x_wconf 85' lang='lat' dir='ltr'><strong>tantum</strong></span> 
     </span>
    </p>
   </div>
   <div class='ocr_carea' id='block_1_120' title="bbox 1877 5433 3453 5517">
    <p class='ocr_par' dir='ltr' id='par_1_120' title="bbox 1877 5433 3453 5517">
     <span class='ocr_line' id='line_1_120' title="bbox 1877 5433 3453 5517; baseline -0.008 -5"><span class='ocrx_word' id='word_1_900' title='bbox 1877 5459 2065 5513; x_wconf 92' lang='lat' dir='ltr'><strong>virium</strong></span> <span class='ocrx_word' id='word_1_901' title='bbox 2110 5454 2361 5510; x_wconf 83' lang='lat' dir='ltr'><strong>habuisse</strong></span> <span class='ocrx_word' id='word_1_902' title='bbox 2385 5453 2667 5517; x_wconf 92' lang='lat' dir='ltr'><strong>dicuntur,</strong></span> <span class='ocrx_word' id='word_1_903' title='bbox 2710 5460 2769 5504; x_wconf 95' lang='grc' dir='ltr'><strong>ιιι</strong></span> <span class='ocrx_word' id='word_1_904' title='bbox 2808 5447 3066 5503; x_wconf 90' lang='lat' dir='ltr'><strong>naturalia</strong></span> <span class='ocrx_word' id='word_1_905' title='bbox 3094 5433 3284 5500; x_wconf 84' lang='lat' dir='ltr'><strong>cuneta</strong></span> <span class='ocrx_word' id='word_1_906' title='bbox 3312 5446 3453 5501; x_wconf 87' lang='lat' dir='ltr'><strong>bona</strong></span> 
     </span>
    </p>
   </div>
   <div class='ocr_carea' id='block_1_121' title="bbox 1877 5538 3454 5623">
    <p class='ocr_par' dir='ltr' id='par_1_121' title="bbox 1877 5538 3454 5623">
     <span class='ocr_line' id='line_1_121' title="bbox 1877 5538 3454 5623; baseline -0.008 -17"><span class='ocrx_word' id='word_1_907' title='bbox 1877 5555 2246 5623; x_wconf 81' lang='lat' dir='ltr'><strong>perverterent</strong></span> <span class='ocrx_word' id='word_1_908' title='bbox 2278 5564 2291 5600; x_wconf 88' lang='lat'><strong>:</strong></span> <span class='ocrx_word' id='word_1_909' title='bbox 2319 5544 2469 5615; x_wconf 92' lang='lat' dir='ltr'><strong>quasi</strong></span> <span class='ocrx_word' id='word_1_910' title='bbox 2517 5543 2619 5598; x_wconf 90' lang='lat' dir='ltr'><strong>hoc</strong></span> <span class='ocrx_word' id='word_1_911' title='bbox 2673 5540 2940 5612; x_wconf 90' lang='lat' dir='ltr'><strong>loquentis</strong></span> <span class='ocrx_word' id='word_1_912' title='bbox 2984 5538 3148 5594; x_wconf 89' lang='lat' dir='ltr'><strong>verba</strong></span> <span class='ocrx_word' id='word_1_913' title='bbox 3197 5538 3454 5606; x_wconf 86' lang='lat' dir='ltr'><strong>fecerint,</strong></span> 
     </span>
    </p>
   </div>
   <div class='ocr_carea' id='block_1_122' title="bbox 1874 5629 3459 5700">
    <p class='ocr_par' dir='ltr' id='par_1_122' title="bbox 1874 5629 3459 5700">
     <span class='ocr_line' id='line_1_122' title="bbox 1874 5629 3459 5700; baseline -0.008 -3"><span class='ocrx_word' id='word_1_914' title='bbox 1874 5657 1980 5699; x_wconf 91' lang='lat' dir='ltr'><strong>non</strong></span> <span class='ocrx_word' id='word_1_915' title='bbox 2004 5652 2298 5695; x_wconf 90' lang='lat' dir='ltr'><strong>consensus</strong></span> <span class='ocrx_word' id='word_1_916' title='bbox 2323 5635 2606 5692; x_wconf 89' lang='lat' dir='ltr'><strong>audientis.</strong></span> <span class='ocrx_word' id='word_1_917' title='bbox 2639 5633 2753 5690; x_wconf 78' lang='lat' dir='ltr'><strong>Non</strong></span> <span class='ocrx_word' id='word_1_918' title='bbox 2785 5631 2945 5695; x_wconf 93' lang='lat' dir='ltr'><strong>enim,</strong></span> <span class='ocrx_word' id='word_1_919' title='bbox 2989 5639 3047 5686; x_wconf 90' lang='lat' dir='ltr'><strong>ut</strong></span> <span class='ocrx_word' id='word_1_920' title='bbox 3088 5629 3243 5697; x_wconf 89' lang='lat' dir='ltr'><strong>dicis,</strong></span> <span class='ocrx_word' id='word_1_921' title='bbox 3291 5644 3459 5700; x_wconf 76' lang='lat' dir='ltr'><strong>pauca</strong></span> 
     </span>
    </p>
   </div>
   <div class='ocr_carea' id='block_1_123' title="bbox 1875 5731 3459 5806">
    <p class='ocr_par' dir='ltr' id='par_1_123' title="bbox 1875 5731 3459 5806">
     <span class='ocr_line' id='line_1_123' title="bbox 1875 5731 3459 5806; baseline -0.009 -16"><span class='ocrx_word' id='word_1_922' title='bbox 1875 5732 2035 5790; x_wconf 85' lang='lat' dir='ltr'><strong>verba</strong></span> <span class='ocrx_word' id='word_1_923' title='bbox 2077 5733 2341 5806; x_wconf 87' lang='lat' dir='ltr'><strong>serpentis</strong></span> <span class='ocrx_word' id='word_1_924' title='bbox 2379 5733 2432 5790; x_wconf 93' lang='lat' dir='ltr'><strong>in</strong></span> <span class='ocrx_word' id='word_1_925' title='bbox 2474 5731 2830 5790; x_wconf 89' lang='lat' dir='ltr'><strong>conditionem</strong></span> <span class='ocrx_word' id='word_1_926' title='bbox 2874 5740 3027 5781; x_wconf 83' lang='lat' dir='ltr'><strong>versa</strong></span> <span class='ocrx_word' id='word_1_927' title='bbox 3073 5733 3193 5780; x_wconf 88' lang='lat' dir='ltr'><strong>sunt</strong></span> <span class='ocrx_word' id='word_1_928' title='bbox 3243 5733 3459 5780; x_wconf 80' lang='lat' dir='ltr'><strong>natura-</strong></span> 
     </span>
    </p>
   </div>
   <div class='ocr_carea' id='block_1_124' title="bbox 2587 5819 3220 5904">
    <p class='ocr_par' dir='ltr' id='par_1_124' title="bbox 2587 5819 3220 5904">
     <span class='ocr_line' id='line_1_124' title="bbox 2587 5819 3220 5904; baseline -0.005 -18"><span class='ocrx_word' id='word_1_929' title='bbox 2587 5825 2627 5904; x_wconf 85' lang='lat'><strong><em>(</em></strong></span> <span class='ocrx_word' id='word_1_930' title='bbox 2647 5825 3051 5902; x_wconf 80' lang='lat' dir='ltr'><strong>Quarante—n</strong></span> <span class='ocrx_word' id='word_1_931' title='bbox 3060 5819 3220 5897; x_wconf 70' lang='lat' dir='ltr'><strong>cui.)</strong></span> 
     </span>
    </p>
   </div>
  </div>
