4070 6528
539 422 673 480 ⁸547

538 530 824 602 liumtseti
866 532 1098 588 hominis
1141 530 1390 586 voluntas
1430 524 1660 598 perdidit
1703 523 1934 585 bonum,
1977 518 2120 590 quod

539 629 688 690 reddi
717 643 825 684 non
853 634 1032 698 posset
1062 623 1292 679 hominis
1316 622 1607 681 voluntate,
1639 617 1732 671 sed
1766 615 1878 678 Dei,
1909 612 2124 685 quando

537 718 866 777 reddendum
892 728 946 773 et
973 717 1163 787 quibus
1206 711 1567 776 reddendum,
1611 707 1976 778 jus:issimus,
2025 720 2125 775 po-

540 811 898 870 tentissimus,
932 817 987 862 ct
1013 804 1542 861 misericordiSsimus
1563 798 1819 871 judicabit
1841 798 1856 829 ¹
1893 815 1908 854 :
1939 813 2129 868 quem-

538 901 824 957 admodum
871 899 922 953 in
967 912 1215 968 corpore,
1255 897 1392 950 sicut
1433 895 1543 966 jam
1573 893 1825 954 diximus,
1854 891 2128 946 voluntate

540 992 772 1048 hominis
800 999 971 1061 potest
1001 990 1116 1058 ejus
1149 989 1292 1042 visus
1319 987 1546 1050 auferri;
1579 983 1720 1054 quod
1751 984 1794 1037 si
1827 984 1914 1048 fit,
1946 982 2126 1051 sequi-

541 1096 628 1138 tur
648 1083 862 1139 caecitas
881 1122 898 1147 ,
943 1095 1100 1149 quant
1131 1079 1420 1134 necessitas
1447 1076 1597 1138 ferat,
1627 1077 1874 1130 voluntas
1899 1089 2004 1129 non
2035 1088 2132 1127 au-

540 1175 708 1240 ferat;
737 1183 793 1229 et
827 1173 880 1227 in
922 1172 1102 1226 animo
1134 1180 1306 1240 potest
1345 1169 1576 1223 hominis
1600 1169 1845 1222 voluntas
1875 1167 2134 1221 innocen-

539 1267 668 1320 tiam
691 1263 806 1334 ejus
834 1263 1077 1333 perdere,
1109 1270 1163 1316 et
1192 1278 1292 1315 non
1324 1271 1496 1330 potest
1523 1260 1765 1314 reddere.
1799 1256 1929 1312 Illud
1957 1257 2132 1327 potius

543 1357 782 1422 intuere,
814 1353 958 1426 quod
987 1353 1124 1408 mala
1165 1367 1284 1407 cum
1314 1352 1508 1422 quibus
1535 1359 1824 1404 nascuntur
1852 1348 2096 1403 homines
2115 1388 2130 1412 ,

542 1463 661 1518 qua:
685 1446 1035 1518 congenerari
1068 1445 1371 1500 hominibus
1399 1444 1448 1498 in
1483 1443 1712 1513 paradisi
1745 1440 1997 1496 felicitate
2024 1457 2131 1495 non

546 1548 808 1610 possent,
856 1539 1090 1608 profecto
1117 1539 1214 1591 nisi
1245 1535 1314 1590 de
1342 1537 1588 1605 paradiso
1613 1534 1812 1589 exisset
1842 1541 2026 1587 natura
2058 1532 2134 1585 vi-

545 1631 698 1692 tiata,
746 1645 888 1684 nunc
929 1629 1008 1683 eis
1051 1635 1403 1697 congenerata
1447 1640 1553 1679 non
1594 1632 1793 1679 essent.
1831 1623 1966 1689 Ista,
2015 1639 2134 1691 «μιευ

547 1719 828 1776 manifesta
857 1729 982 1774 sunt
1005 1761 1019 1785 ,
1047 1719 1246 1788 aspice.
1276 1717 1391 1774 Non
1424 1716 1566 1770 enim
1613 1715 1912 1769 mortalium
1939 1716 2073 1768 mala
2105 1730 2134 1767 a

545 1816 633 1870 die
656 1815 832 1870 exitus
856 1812 924 1868 de
949 1819 1133 1867 ventre
1153 1809 1338 1865 matris
1364 1808 1594 1864 filiorum
1618 1805 1806 1868 Adam,
1833 1805 1885 1860 in
1909 1805 2136 1860 obscuro

546 1905 894 1976 conjicimtts;
941 1902 1034 1960 sed
1080 1902 1133 1956 in
1186 1900 1306 1956 luce
1352 1898 1647 1954 clarissima
1691 1898 1977 1951 cernimus.
2012 1895 2137 1951 ιιι-ε

545 1998 670 2068 quia
703 2012 804 2051 non
836 2005 960 2050 sunt
985 2009 1051 2049 ex
1095 1992 1248 2046 malze
1277 1991 1466 2045 aliena:
1496 1989 1876 2044 commixtione
1901 1997 2133 2051 natur-.e;

545 2088 732 2159 procul
759 2087 922 2143 dubio
950 2101 1019 2140 ex
1057 2083 1441 2154 depravatione
1483 2091 1678 2138 uestrae
1715 2089 1860 2134 sunt.
1899 2077 2010 2134 Nec
2045 2078 2137 2133 tibi

548 2181 787 2237 videatur
811 2179 1083 2250 indignum
1107 2217 1124 2244 ,
1159 2175 1301 2247 quod
1339 2173 1576 2245 subjecta
1607 2181 1690 2228 est
1728 2171 1938 2226 diabolo
1965 2170 2138 2240 imago

549 2273 684 2328 Dei:
711 2274 810 2328 hoc
839 2271 982 2328 enim
1015 2286 1121 2326 non
1167 2267 1322 2326 fieret
1345 2309 1360 2336 ,
1409 2267 1510 2323 nisi
1544 2265 1742 2338 judicio
1773 2265 2027 2330 Dei;'nec
2055 2277 2139 2318 re-

547 2375 792 2420 movetur
819 2364 914 2418 ista
938 2361 1232 2427 damnatio,
1265 2358 1367 2414 nisi
1393 2358 1564 2430 gratia
1598 2356 1711 2412 Dei.
1741 2356 1842 2424 Qui
1871 2355 2013 2410 enim
2043 2369 2135 2410 na-

549 2467 683 2511 mra:
702 2455 1040 2520 excellentia,
1063 2461 1120 2508 ut
1143 2453 1318 2522 imago
1341 2451 1433 2506 Dei
1455 2459 1619 2517 esset,
1642 2447 1708 2502 ad
1735 2446 2139 2502 similitudinem

549 2547 645 2603 Dei
676 2546 841 2602 factus
869 2554 984 2608 est.
1027 2559 1132 2600 non
1171 2552 1256 2601 est
1284 2542 1618 2607 mirandum,
1660 2540 1783 2610 quia
1815 2547 2021 2594 natura;
2047 2537 2143 2593 de-

548 2639 877 2708 pravatione,
907 2638 1127 2693 vanitati
1154 2636 1345 2693 similis
1374 2635 1542 2692 factus
1569 2642 1686 2700 est,
1714 2633 1856 2689 unde
1883 2632 1998 2689 dies
2024 2631 2140 2703 ejus

549 2730 691 2786 velut
717 2730 904 2786 umbra
937 2735 1261 2800 pra:tereunt
1286 2727 1456 2800 (Paul.
1487 2742 1675 2794 cum,
1706 2726 1783 2797 4).
1807 2725 1888 2780 Tu
1912 2723 2018 2788 dic,
2046 2739 2144 2780 cur

549 2820 964 2875 innumerabiles
1005 2819 1264 2891 imagines
1309 2818 1407 2874 Dei
1449 2818 1505 2872 in
1548 2816 1766 2886 parvula
1813 2824 1970 2871 relate
1999 2813 2141 2870 nulla

547 2919 764 2982 peccata
793 2911 1074 2979 facientes,
1107 2927 1216 2967 non
1241 2911 1592 2965 admittuntur
1616 2909 1684 2963 ad
1705 2924 1927 2980 regnum
1953 2908 2069 2974 Dei,
2095 2909 2141 2963 si

549 3017 654 3056 non
683 3011 1051 3058 renascantur.
1083 3002 1293 3057 Habent
1328 3000 1469 3056 enim
1498 2999 1699 3072 aliquid
1725 2999 1868 3054 unde
1899 3013 2144 3054 merean-

549 3104 634 3147 tur
666 3093 848 3163 jacere
887 3093 988 3148 sub
1027 3093 1266 3158 diabolo,
1313 3102 1532 3164 propter
1556 3091 1700 3163 quod
1733 3107 1838 3146 non
1869 3100 2144 3147 merentur

549 3198 773 3253 regnare
814 3182 915 3238 sub
957 3183 1096 3248 Deo;
1143 3183 1298 3252 cujus
1340 3184 1386 3238 si
1435 3183 1623 3236 lumini
1665 3183 1987 3248 coluereres,
2033 3195 2143 3236 non

552 3282 696 3328 tanta
727 3272 1029 3342 arrogantia
1059 3274 1220 3328 verba
1249 3282 1334 3328 tua
1369 3272 1574 3327 fulmini
1599 3287 1962 3342 comparares.

622 3364 763 3420 XXI.
791 3362 912 3420 1η..
934 3363 1126 3436 Liquet
1156 3364 1314 3434 igitur
1332 3364 1756 3433 absolutissime,
1786 3365 1930 3420 nullo
1959 3367 2142 3437 Augu-

547 3459 745 3513 stinutn
775 3472 806 3512 a
833 3467 1163 3528 praeceptore
1189 3472 1286 3512 suo
1310 3455 1549 3523 differre,
1576 3456 1671 3512 sed
1696 3455 2145 3527 disputationibus

546 3550 664 3620 ejus
691 3565 794 3604 non
822 3548 997 3604 minus
1024 3548 1178 3613 Adae,
1205 3564 1364 3620 quam
1390 3556 1709 3604 caeterorum
1738 3557 1983 3604 naturam
2016 3563 2142 3619 pes-

547 3642 736 3696 simam
771 3639 1006 3696 deliniri.
1035 3638 1277 3710 Denique
1301 3649 1358 3693 ut
1378 3638 1554 3694 adhuc
1578 3639 1777 3710 aliquid
1803 3654 1926 3696 cum
1953 3638 2142 3694 eodem

547 3734 615 3788 de
665 3732 769 3800 his,
797 3747 915 3804 quae
953 3731 1183 3800 egimus,
1224 3731 1840 3802 disseramuszapparet
1886 3739 1938 3786 te
1983 3731 2142 3786 etiam

549 3825 704 3896 primi
739 3825 947 3895 peccati
978 3839 1090 3899 non.
1121 3823 1269 3882 idem
1298 3837 1489 3894 genus,
1517 3821 1661 3894 quod
1707 3822 1930 3878 aliarum
1957 3832 2146 3893 putare

536 3918 846 3986 culparum.
872 3915 1008 3972 Nam
1036 3931 1158 3970 cum
1184 3915 1318 3970 dicis
1356 3915 1551 3984 flagitia
1593 3923 1891 3984 temporum
1933 3921 2147 3969 secuto-

537 4025 669 4065 rum
699 4011 752 4064 in
781 4018 1023 4065 naturam
1068 4009 1296 4063 transire
1329 4023 1437 4063 non
1472 4023 1658 4079 posse,
1679 4008 1826 4064 verbi
1861 4007 2056 4078 gratia,
2088 4016 2146 4063 ut

547 4101 616 4157 de
645 4101 972 4172 peculatore,
1004 4100 1072 4156 de
1100 4099 1384 4170 parricida,
1408 4098 1477 4154 de
1502 4101 1709 4156 incesto
1735 4100 1836 4155 orti
1869 4100 1960 4154 lilii
1981 4115 2146 4171 gene-

548 4206 758 4250 ramum
783 4194 1014 4262 peccatis
1046 4201 1332 4248 nascantur
1357 4191 1598 4256 obnoxii;
1628 4207 1726 4246 nec
1752 4192 1916 4247 ullmn
1937 4192 2140 4246 crimen

546 4300 668 4340 esse
707 4286 846 4354 quod
895 4282 1189 4338 seminibus
1217 4283 1527 4347 misceatur,
1551 4291 1746 4352 praeter
1788 4281 1919 4337 illud
1954 4298 2140 4349 unum;

546 4374 885 4442 apertissime
909 4373 1169 4435 ostendis,
1190 4373 1334 4427 illam
1359 4372 1774 4428 innbedientiam
1806 4387 1912 4427 non
1941 4382 1990 4427 te
2009 4373 2145 4442 ejus-

555 4467 676 4520 dt-m
705 4464 920 4536 generis
941 4463 1213 4532 arbitrari,
1232 4463 1385 4534 cujus
1411 4464 1579 4520 etium
1605 4472 1816 4519 exterat
1843 4472 1988 4520 sunt.
2012 4463 2143 4520 \‘ide

547 4573 694 4628 ergo,
757 4555 1099 4626 interrogatio
1150 4563 1333 4610 nostra
1393 4563 1610 4626 quanta:
1645 4554 1715 4609 sit
1757 4553 2031 4610 brevitatis
2089 4563 2145 4610 et

546 4645 700 4704 lucis.
733 4645 790 4704 Si
831 4656 1128 4718 peccatum,
1154 4645 1299 4718 quod
1349 4645 1518 4702 Adam
1556 4647 1848 4713 commisit,
1870 4647 2142 4704 vnltmtate

547 4745 854 4808 susceptum
891 4746 996 4801 est,
1021 4745 1079 4793 et
1119 4737 1288 4807 potuit
1312 4734 1424 4792 fieri
1463 4736 1724 4802 naturale;
1753 4751 1848 4791 cur
1899 4753 2004 4792 non
2027 4737 2142 4794 lucc

548 4844 669 4898 quae
709 4827 840 4882 fiunt
879 4826 1113 4898 quotidie
1162 4836 1400 4897 peccata,
1430 4842 1550 4898 qua:
1584 4828 1830 4884 voluntas
1853 4828 2140 4884 criminosa

550 4917 853 4983 romanittit,
884 4917 934 4970 in
990 4916 1383 4972 deformitatem
1430 4926 1486 4973 et
1525 4918 1828 4989 prtejudieia
1875 4921 2139 4976 seminum

551 5006 945 5078 congeruntur?
972 5005 1121 5073 Quod
1150 5008 1193 5061 si
1231 5008 1330 5062 ista
1373 5023 1479 5062 non
1510 5011 1688 5064 minus
1734 5012 1955 5077 atrocia,
1978 5027 2139 5082 quam

553 5102 730 5168 plura,
787 5096 1088 5167 ingenerari
1143 5108 1433 5167 nequeunt;
1483 5115 1588 5170 qua
1640 5100 1778 5169 lege,
1801 5116 1903 5170 qua
1948 5102 2138 5158 condi-

547 5191 715 5256 tione,
737 5204 845 5261 quo
883 5188 1163 5260 privilegio
1205 5189 1335 5244 illud
1370 5190 1542 5247 solum
1592 5192 1892 5247 vindicatur
1934 5192 2140 5265 ingeni-

549 5282 702 5339 tum?
726 5282 782 5338 Si
814 5281 974 5340 tutius
1016 5282 1228 5353 generis
1273 5293 1485 5353 peccata
1523 5291 1669 5349 sunt,
1721 5299 1839 5352 qua:
1875 5283 2138 5352 novimus,

547 5393 666 5446 qua-
697 5374 782 5430 lex
810 5374 1005 5444 arguit,
1036 5389 1153 5444 qua:
1175 5375 1397 5444 :rquitas
1429 5375 1597 5444 punit,
1622 5383 1677 5430 et
1703 5373 1830 5428 illud
1857 5374 2010 5444 primi
2040 5374 2140 5430 bo~

549 5468 728 5534 minis,
743 5465 884 5536 quod
905 5463 1178 5521 voluntate
1197 5465 1542 5520 commissum
1562 5473 1616 5520 et
1631 5462 1877 5535 aequitate
1900 5466 2139 5536 punitum

471 5563 474 5568 ’
547 5575 649 5626 eSt;
673 5577 767 5616 cur
794 5576 900 5614 non
927 5569 1018 5613 aut
1051 5560 1150 5614 ista
1181 5575 1246 5615 cx
1277 5560 1366 5614 illo
1408 5557 1768 5629 intelligimus,
1788 5569 1876 5614 aut
1906 5559 2034 5615 illud
2072 5573 2140 5616 ex

548 5649 699 5708 istis?
721 5652 830 5706 Aut
854 5649 901 5706 si
926 5656 1110 5707 mutuo
1149 5649 1251 5705 sibi
1291 5649 1596 5706 testimonio
1623 5662 1743 5707 esse
1769 5665 1874 5706 non
1895 5658 2136 5723 possunt,

547 5758 650 5812 qua
691 5739 1017 5812 impudentia
1054 5739 1349 5810 denegatur
1393 5739 1481 5797 illa
1519 5739 1884 5814 praevaricatio
1923 5741 2141 5802 alterius

615 5877 629 5916 .'
668 5883 816 5927 vetes
836 5875 990 5925 codex
1017 5882 1161 5935 I’Ol'l.,
1178 5873 1448 5936 judicabat.

1199 416 1444 473 OPERIS
1484 408 1893 468 lilPERFECTl
1931 406 2206 460 LON'l‘ilA
2247 403 2610 472 JULIANUM,
2651 408 2708 462 S.
2754 406 3114 465 AUGUSTI.“

3691 409 3834 466 ms

2237 519 2562 576 conditionis
2606 520 2788 585 fuisse,
2823 521 2872 576 id
2903 531 3004 588 est,
3035 537 3137 576 non
3167 519 3234 576 de
3276 521 3576 588 voluntate,
3607 524 3706 576 Sed
3735 539 3839 579 aa-

2238 611 2393 667 turali
2431 613 2550 667 tabe
2575 614 2818 684 prolata?
2847 615 3144 678 Postremo,
3175 613 3311 668 aude
3359 629 3483 668 cum
3531 617 3844 671 assertione

2239 703 2472 759 traducis
2517 704 2741 759 delinire
2789 706 3159 776 quodcumque
3212 714 3510 773 peceatum,
3553 720 3667 759 non
3713 705 3842 759 dico

2237 793 2366 849 illud
2399 796 2646 865 primum,
2677 796 2768 851 sed
2802 797 3010 851 interim
3041 797 3123 851 vel
3143 795 3211 851 de
3245 796 3327 851 his
3357 812 3476 867 qua:
3505 812 3652 852 nunc
3680 796 3840 864 fiunt,

2239 888 2384 942 verbi
2411 889 2599 958 gratia,
2632 889 2989 960 sacrilegium,
3021 888 3294 960 flagitium,
3326 889 3408 944 vel
3435 889 3640 944 malum
3663 890 3844 958 quod-

2243 977 2379 1047 piam
2409 979 2630 1042 facinus;
2665 979 2714 1034 id
2745 990 2846 1045 est,
2873 981 2987 1036 hare
3012 991 3223 1051 peccata
3262 997 3421 1052 quam
3455 981 3843 1037 definitionem

2241 1069 2490 1137 habeant,
2509 1073 2795 1142 explicato.
2815 1074 2966 1128 Dices
3001 1074 3117 1128 sine
3142 1073 3325 1139 dubio,
3343 1072 3610 1128 Voluntas
3637 1085 3722 1128 est
3753 1091 3843 1143 ap-

2242 1177 2427 1234 petens
2457 1166 2596 1234 quod
2636 1165 2841 1236 justitia
2889 1166 3050 1233 vetat,
3073 1173 3127 1220 et
3162 1165 3300 1221 unde
3322 1167 3550 1222 liberum
3598 1178 3689 1222 est
3717 1167 3846 1219 abs-

2243 1255 2433 1310 tinerc.
2469 1257 2604 1322 Quia
2655 1257 2698 1311 si
2735 1258 2978 1314 voluntas
3028 1258 3164 1311 mala
3193 1273 3298 1312 non
3353 1268 3520 1323 essm,
3556 1270 3846 1329 peccatum

2242 1362 2361 1403 esse
2389 1363 2494 1402 non
2538 1351 2770 1417 posset‘.
2803 1349 2882 1403 Ad
2907 1350 3007 1403 hoc
3037 1365 3192 1418 quam
3236 1351 3635 1405 rationabiliter
3660 1366 3843 1404 assur-

2241 1453 2429 1507 gamus
2477 1438 2713 1494 intende.
2736 1437 2781 1494 Ο
2814 1439 3209 1506 bebctudinem,
3234 1455 3268 1495 ο
3295 1440 3693 1511 impudentiam
3741 1459 3846 1495 mn

2244 1530 2532 1585 ferendam!
2561 1531 2755 1586 Definis
2783 1547 2889 1586 non
2929 1547 3052 1587 esse
3083 1541 3354 1602 peceatum
3383 1533 3486 1588 nisi
3509 1533 3846 1590 voluntatem

2243 1621 2487 1686 liberam,
2517 1622 2836 1692 etajustitia
2880 1623 3221 1693 prohibitam;
3249 1616 3370 1678 eum
3415 1626 3540 1679 mali
3587 1629 3849 1682 naturalis

2241 1715 2423 1785 opinio
2468 1716 2776 1785 pra-scribat
2812 1732 2933 1772 esse
2972 1726 3267 1788 peccatum,
3296 1734 3418 1773 cum
3463 1735 3578 1790 quo
3611 1721 3853 1777 nascitur

2244 1807 2422 1874 homo,
2448 1823 2552 1864 non
2577 1809 2952 1864 voluntarium.
2986 1810 3101 1865 Non
3127 1821 3210 1867 est
3235 1826 3363 1881 ergo
3398 1827 3618 1878 verum,
3639 1815 3850 1884 culpam

2244 1914 2348 1952 non
2377 1913 2520 1964 esse,
2550 1899 2650 1954 nisi
2675 1917 2792 1968 qua:
2839 1912 3031 1970 sponte
3079 1903 3450 1967 committitur;
3479 1905 3610 1973 quia
3633 1915 3720 1960 est
3750 1908 3851 1961 cri-

2243 2005 2390 2057 men,
2417 1999 2474 2045 et
2515 1992 2826 2053 maximum,
2855 1994 2996 2063 quod
3045 2011 3153 2049 non
3185 2004 3397 2065 sponte,
3429 1997 3528 2051 sed
3574 2000 3850 2054 nascendo

2243 2081 2552 2152 suscipitur.
2585 2083 2818 2139 Remitte
2845 2085 3002 2154 igitur
3048 2086 3413 2142 definitionem
3460 2089 3700 2156 peccati,
3732 2107 3849 2160 qua

2242 2173 2530 2229 Catholicis
2577 2177 2747 2231 amica
2791 2176 2859 2232 ad
2904 2193 2996 2232 vos
3028 2192 3126 2231 nec
3163 2178 3376 2248 hospitii
3420 2179 3548 2249 jure
3585 2180 3849 2248 deflectit,

2243 2272 2402 2333 atque
2427 2279 2490 2319 ea
2536 2265 2971 2338 remissa,proba
3015 2276 3066 2321 te
3125 2284 3228 2322 non
3277 2283 3398 2324 esse
3437 2269 3665 2326 illorum
3709 2288 3850 2327 com-

2245 2357 2670 2428 militonem,qui
2705 2358 2872 2428 ipsam
2918 2361 3271 2416 substantiam
3316 2361 3512 2416 invidia
3562 2366 3847 2433 pravitatis

2245 2457 2570 2518 oppugnant.
2595 2449 2661 2503 Et
2686 2458 2742 2502 ut
2768 2450 2910 2520 quod
2946 2451 3151 2521 egimus
3175 2453 3457 2524 colligatur
3487 2473 3501 2509 :
3524 2464 3625 2508 aut
3642 2457 3844 2511 nullum

2243 2537 2525 2594 docebitur
2565 2540 2943 2606 voluntarium,
2975 2542 3019 2596 si
3045 2551 3129 2597 est
3156 2542 3369 2613 aliquod
3422 2545 3679 2600 naturale
3730 2561 3848 2615 pec-

2244 2638 2442 2695 catum;
2473 2640 2565 2686 aut
2608 2631 2814 2686 nullum
2853 2633 2957 2688 erit
2986 2635 3246 2699 naturale,
3277 2636 3322 2690 si
3358 2651 3523 2691 ornue
3561 2649 3848 2708 peceatum

2245 2721 2607 2777 voluntarium
2653 2722 2910 2779 definitur
2940 2741 2952 2777 :
2981 2725 3368 2794 conficiturque
3406 2741 3473 2781 ex
3515 2727 3628 2794 his,
3679 2740 3739 2782 ut
3766 2737 3850 2782 aut

2246 2829 2412 2885 neges
2451 2815 2600 2870 nasci
2639 2830 2798 2886 posse
2843 2827 3219 2887 peceatum,et
3245 2829 3487 2873 transeas
3518 2820 3572 2874 in
3610 2821 3851 2876 Catholi-

2248 2919 2433 2959 corum
2481 2905 2660 2972 fidem;
2692 2916 2782 2962 aut
2806 2908 2850 2960 si
2879 2909 3180 2978 perstiteris
3220 2926 3324 2963 tmn
3345 2912 3588 2981 aliquod,
3618 2915 3716 2968 sed
3745 2930 3851 2968 ma-

2249 2997 2446 3051 ximum
2493 2998 2696 3053 crimen
2735 2999 2852 3054 sine
2883 3000 3155 3058 voluntate
3195 3002 3395 3072 suscipi
3437 3019 3535 3073 per
3575 3017 3846 3072 naturam,

2249 3087 2446 3142 reddas
2489 3104 2682 3144 nomen
2739 3100 2887 3146 tuum
2931 3093 3091 3148 etiam
3152 3093 3484 3160 Manichaee,
3533 3099 3632 3153 cui
3687 3109 3849 3156 totum

2251 3187 2471 3249 prtestas
2490 3180 2830 3252 obsequium.

2319 3271 2453 3326 Atto.
2479 3270 2720 3341 Magnam
2749 3284 2800 3329 te
2847 3273 2974 3329 mihi
3016 3283 3166 3345 putas
3215 3277 3468 3332 invidiam
3498 3294 3846 3352 comparare,

2248 3374 2370 3416 cum
2421 3361 2572 3426 dicis,
2612 3363 2743 3418 nihil
2788 3381 2873 3419 me
2901 3382 2932 3420 a
2961 3379 3084 3421 meo
3124 3377 3458 3438 prmeeptore
3498 3370 3727 3427 differre
3761 3384 3848 3428 :at

2248 3468 2348 3524 ego
2378 3453 2429 3507 in
2477 3454 2686 3511 laudem
2727 3472 2902 3511 meam
2929 3467 3018 3513 tua
3056 3473 3212 3512 sumo
3252 3461 3530 3523 c0nvicia;
3564 3479 3673 3520 nec
3713 3467 3849 3536 quod

2248 3545 2470 3616 cogitas,
2498 3545 2595 3601 sed
2645 3548 2787 3616 quod
2830 3549 3007 3604 verbis
3057 3565 3238 3616 sonas,
3273 3567 3532 3607 revocans
3572 3555 3650 3610 ad
3694 3556 3846 3612 fidem

2250 3655 2445 3705 meam,
2474 3641 2611 3695 sicut
2645 3657 2730 3696 me
2767 3641 3063 3712 intelligere
3084 3654 3318 3712 oportet,
3349 3645 3618 3716 intelligo.
3655 3648 3846 3704 Verum

2249 3734 2391 3788 enim
2417 3733 2570 3795 dit-is.
2595 3742 2650 3789 et
2689 3734 2895 3800 nescis;
2927 3734 3063 3804 sicut
3098 3734 3332 3804 Caiphas
3370 3738 3619 3806 pontifex
3670 3757 3846 3810 perse-

2248 3834 2404 3878 cutor
2427 3824 2646 3892 Christi,
2678 3825 2883 3880 scelera
2910 3826 3200 3895 cogitabat,
3234 3836 3289 3880 et
3331 3828 3565 3884 Saluht‘ia
3605 3833 3845 3886 tne-ciem

2248 3915 2409 3969 verba
2461 3913 2670 3969 dicebat
2714 3915 2895 3987 (Joan.
2920 3933 2994 3983 ιι,
3022 3917 3237 3988 49-52).
3262 3918 3484 3974 Gaudeo
3525 3937 3776 3990 prorsus,
3799 3925 3846 3978 in

2249 4005 2348 4060 hac
2368 4022 2487 4076 qua:
2517 4006 2656 4060 inter
2680 4021 2777 4061 nos
2803 4007 3025 4062 vertitur
3057 4011 3374 4088 quaest-ioue,
3395 4027 3483 4066 me
3511 4013 3648 4068 nihil
3675 4032 3704 4069 a
3733 4033 3847 4069 meo

2250 4108 2578 4167 praeceptore
2601 4097 2848 4164 differre;
2873 4101 3067 4168 primo,
3093 4102 3214 4172 quia
3243 4103 3354 4170 ipse
3379 4105 3644 4161 Dominus
3673 4109 3848 4164 docuit

2250 4204 2357 4255 me,
2388 4199 2628 4244 mortuos
2651 4204 2771 4244 esse
2817 4191 3088 4260 parvulos,
3124 4193 3225 4248 nisi
3283 4195 3399 4264 ipse
3453 4209 3554 4251 eos
3597 4198 3845 4265 vivifich

2247 4281 2335 4350 qui
2369 4295 2466 4350 pro
2507 4281 2754 4336 munibus
2781 4291 3024 4338 mortuus
3053 4293 3137 4340 est
3169 4302 3183 4341 :
3213 4285 3356 4355 quod
3389 4303 3681 4358 exponens
3719 4294 3848 4361 Apo-

2246 4374 2414 4429 stolus
2435 4372 2584 4437 dicit,
2615 4373 2755 4446 Ergo
2781 4391 2956 4430 omnes
2993 4376 3181 4432 mortui
3221 4387 3360 4444 sunt,
3383 4390 3431 4434 et
3481 4399 3576 4450 pro
3620 4387 3850 4441 οηυιὶὸιε

2245 4472 2474 4518 mortuus
2510 4473 2584 4518 est
2610 4464 2678 4536 (ll
2700 4463 2820 4521 Cor.
2847 4480 2898 4533 v,
2926 4466 3016 4534 l4,
3051 4468 3172 4534 i5).
3204 4469 3269 4522 Et
3299 4478 3352 4522 tu
3379 4473 3736 4539 contradicis,
3757 4492 3845 4529 ue-

2245 4571 2380 4627 gans
2423 4557 2670 4627 parvulos
2721 4566 2985 4625 mortuos,
3008 4573 3077 4614 ne
3120 4559 3460 4616 vivificentnr
3506 4563 3560 4617 in
3607 4564 3841 4630 ChriSto,

2245 4664 2370 4704 cum
2413 4648 2630 4706 fatearis
2655 4659 2923 4705 mortuum
2963 4652 3124 4706 etiam
3157 4668 3252 4723 pro
3283 4655 3526 4724 parvulis
3547 4654 3841 4713 Christum.

2247 4743 2359 4799 lloc
2404 4760 2490 4799 me
2529 4744 2867 4801 doectetiam
2913 4745 3150 4803 Joannes
3197 4751 3436 4803 omnium
3490 4750 3842 4823 Prmct‘ptor's

2245 4836 2541 4904 apostolus,
2567 4838 2656 4907 qui
2683 4837 2830 4904 dicit,
2859 4839 2983 4893 ideo
3021 4840 3235 4896 venisse
3276 4841 3467 4896 Filium
3499 4843 3620 4909 Dei,
3655 4855 3714 4898 ut
3743 4845 3816 4899 sl

2245 4935 2332 4980 vat
2359 4942 2517 4995 opera
2545 4927 2739 4982 diaboli
2771 4928 2827 5003 (l
2851 4927 3008 4984 Joan.
3033 4946 3111 4995 ιιι,
3141 4931 3205 5001 8)
3235 4949 3249 4986 :
3281 4947 3402 5002 qua:
3427 4949 3526 4987 vos
3555 4937 3774 5006 negatis
3799 4937 3841 4989 in

2245 5019 2482 5088 parvulis
2522 5021 2700 5086 solvi,
2732 5022 2883 5090 quasi
2929 5027 3147 5094 propter
3184 5025 3302 5080 illos
3329 5041 3437 5080 non
3471 5030 3725 5094 venerit,
3763 5030 3841 5099 qui

2245 5110 2366 5166 ideo
2395 5115 2534 5167 venit
2563 5123 2620 5168 ttt
2646 5115 2817 5170 solvat
2849 5131 3010 5186 opera
3035 5117 3253 5173 diaboli.
3287 5119 3662 5188 Prteceptores
3688 5124 3839 5176 etiam

2244 5219 2394 5260 meos
2411 5221 2604 5276 negare
2628 5223 2736 5262 non
2762 5206 2952 5275 debeo,
2973 5211 3063 5280 qui
3093 5225 3181 5266 me
3207 5211 3274 5265 ad
3307 5213 3409 5266 hoc
3436 5211 3838 5284 intelligendum

2243 5308 2342 5350 suo
2366 5296 2626 5353 litterario
2652 5297 2834 5355 labore
2850 5299 3122 5370 juverunt.
3149 5300 3298 5357 Meus
3327 5315 3636 5372 praeceptor
3659 5314 3742 5359 est
3755 5303 3835 5374 Cy-

2245 5387 2480 5455 prianus,
2522 5389 2614 5458 qui
2657 5387 2807 5458 dicit,
2863 5389 3122 5446 Infantem
3173 5391 3468 5448 secundum
3519 5395 3696 5449 Adam
3723 5410 3835 5448 caro

2243 5479 2434 5534 naiiter
2461 5488 2662 5544 natum,
2691 5481 2993 5552 contagium
3032 5483 3220 5539 mortis
3255 5485 3489 5554 antiqua:
3516 5487 3689 5556 prima
3710 5487 3839 5541 nati-

2243 5569 2404 5624 vitate
2432 5572 2990 5646 traxisse,ethocipso
3006 5575 3072 5630 ad
3100 5577 3470 5634 remissionem
3496 5590 3832 5649 peccatorum

2242 5662 2603 5732 accipiendam
2656 5664 2860 5740 facilius
2907 5666 3184 5733 accedere,
3226 5667 3368 5740 quod
3396 5670 3446 5724 ei
3489 5671 3826 5726 remittuntur

2250 5823 2358 5946 p018
2366 5822 2652 5931 \‘(lgnierius
2681 5830 2926 5887 peccatum
2952 5836 3042 5875 non
3063 5829 3197 5876 esset.
3221 5831 3344 5886 uss,
3360 5834 3613 5888 pem:th
3630 5839 3827 5878 metm

2327 5897 2332 5906 ι
2359 5897 2384 5932 c
2411 5919 2422 5931 .

2327 5897 2402 5932 ἱδιῖι
2411 5919 2422 5931 .
