3958 6486
92 379 119 435 1
134 376 253 435 5Ᾱ9

95 507 215 546 ron
241 488 476 561 propria,
499 486 591 541 sed
621 484 787 538 aliena
809 491 1017 551 peceata
1042 480 1233 551 (Epist.
1254 481 1343 552 66,
1360 503 1426 541 aa
1454 482 1687 543 Fidum.

92 584 263 639 Heus
282 592 363 635 est
381 587 674 650 pneceptor
693 573 1023 639 Ambrosius,
1036 572 1186 643 cujus
1209 588 1313 627 non
1335 570 1506 625 solum
1526 568 1694 623 libros

93 675 237 745 legi,
253 672 348 727 sed
370 671 529 726 verba
558 669 716 729 etiam
738 664 1003 737 loquentis
1017 662 1214 725 audivi,
1236 670 1290 716 et
1312 674 1404 729 per
1421 672 1545 728 eum
1561 657 1677 711 lava

92 782 267 823 crum
299 760 718 833 regenerationis
753 759 955 829 accepi.
984 757 1165 827 Longe
1190 769 1308 809 sum
1334 750 1546 822 quidem
1591 749 1697 801 im-

97 874 210 929 par
236 856 449 913 meritis
481 854 595 925 ejus
624 871 637 908 :
666 852 759 909 sed
786 850 1045 907 conﬁteor
1061 858 1115 903 et
1133 847 1387 919 proﬁteor
1411 857 1497 897 me
1521 842 1573 895 in
1598 840 1699 895 hac

96 964 277 1007 causa
304 948 434 1003 nihil
458 947 525 1001 ab
552 945 655 1000 hoc
689 958 809 999 meo
837 949 1162 1013 prmeeptore
1184 936 1420 992 dill'crre.
1442 932 1540 989 Cui
1561 931 1699 985 ahsit

100 1051 167 1097 ut
193 1039 397 1095 audeas
443 1036 698 1107 prmferre
742 1034 1010 1105 Pelagium
1057 1036 1438 1101 przeceptorem
1501 1032 1695 1079 tuum:

99 1147 275 1202 quem
308 1139 482 1184 tamen
510 1143 611 1198 ego
636 1135 824 1184 contra
857 1135 907 1179 te
931 1123 998 1179 de
1023 1119 1309 1177 Ambrosio
1339 1128 1494 1172 teneo
1509 1123 1698 1169 testem

102 1241 320 1281 meum.
345 1222 591 1293 Pelagius
637 1220 778 1275 enim
807 1218 959 1281 dixit,
986 1214 1127 1286 quod
1160 1213 1274 1283 ejus
1316 1210 1473 1265 ﬁdem
1514 1216 1568 1263 et
1596 1222 1697 1275 pu-

105 1316 388 1370 rissimum
435 1314 487 1367 in
535 1308 822 1381 Scripturis
858 1321 1073 1362 sensum
1116 1321 1185 1359 ne
1210 1301 1456 1357 inimicus
1484 1298 1698 1368 quidem

106 1421 284 1462 ausus
307 1414 389 1461 est
414 1401 806 1474 reprehendere
837 1397 1125 1468 (Pelagius,
1154 1395 1216 1449 de
1243 1392 1423 1446 Libero
1458 1389 1697 1453 Arbitrio,

112 1498 212 1553 lib.
242 1497 321 1571 3).
348 1497 516 1566 Quem
544 1496 621 1550 sic
660 1505 715 1549 tu
743 1492 907 1547 audes
944 1488 1356 1561 reprehendere,
1389 1494 1445 1540 ut
1467 1483 1607 1554 quod
1630 1483 1704 1537 ait

111 1589 445 1644 discordiam
466 1586 641 1641 carnis
660 1600 756 1654 per
783 1582 1267 1654 prmvaricationem
1296 1578 1449 1647 primi
1474 1575 1702 1631 hominis

110 1682 175 1736 in
206 1690 446 1736 nostram
467 1678 689 1732 vertisse
726 1684 970 1731 naturam
1003 1671 1138 1741 (Lib.
1166 1671 1197 1724 7
1219 1671 1270 1724 in
1297 1667 1421 1723 Luc.
1447 1683 1544 1733 xu,
1571 1666 1641 1721 55
1661 1667 1701 1735 ),

112 1782 175 1829 et
201 1769 459 1843 quidquid
488 1768 631 1823 aliud
657 1767 724 1823 de
744 1766 923 1822 vitiata
952 1780 1047 1835 per
1071 1763 1241 1821 Adam
1264 1770 1448 1815 natura
1475 1758 1704 1813 humana

112 1865 294 1921 sensit
327 1872 381 1917 et
411 1862 563 1925 dixit,
582 1858 855 1915 Maniehmi
902 1857 1131 1912 afﬁrmes
1172 1870 1290 1911 esse
1325 1860 1703 1909 commentum.

110 1957 269 2014 Sane
298 1954 655 2011 testimonium
706 1949 1049 2021 pneccptoris
1094 1948 1167 2002 tui
1194 1947 1246 2001 in
1278 1946 1380 2001 hoc
1413 1953 1558 2000 tanto
1592 1942 1707 1997 viro

112 2065 191 2106 ex
254 2055 405 2119 parte
456 2043 726 2109 custodis,
780 2040 922 2112 quod
978 2055 1101 2095 eum
1162 2052 1267 2093 non
1324 2035 1491 2091 audes
1527 2040 1709 2103 aperte

114 2137 524 2212 reprehendere
561 2153 574 2188 :
608 2133 702 2190 sed
744 2148 865 2189 eum
906 2130 1034 2186 mihi
1083 2128 1394 2184 nominatim
1441 2123 1708 2180 convicia-

117 2234 203 2289 ris
248 2232 422 2303 lingua
460 2227 720 2283 maledica
756 2234 812 2282 et
858 2225 1030 2280 fronte
1064 2231 1339 2292 proterva,
1383 2217 1620 2289 profecto
1657 2223 1711 2271 et

121 2325 279 2379 illum
309 2332 364 2378 et
399 2320 551 2384 alios,
581 2318 671 2388 qui
715 2316 902 2372 eadem
943 2322 1226 2369 senserunt
1253 2320 1412 2381 atque
1440 2307 1707 2372 dixerunt,

123 2414 387 2471 Ecclesia:
413 2411 689 2467 catholica:
723 2422 944 2478 magnos
986 2406 1265 2474 clarosque
1295 2402 1543 2457 doctores
1565 2406 1713 2453 tanto

125 2506 374 2575 nequius,
389 2512 587 2575 quanto
600 2501 865 2571 obliquius
880 2496 1200 2554 criminaris.
1216 2495 1327 2565 Ego
1344 2493 1519 2564 itaque
1534 2492 1714 2546 adver-

124 2614 228 2655 sus
254 2609 304 2653 te
330 2608 381 2653 et
402 2612 575 2651 meant
599 2592 825 2650 defendo
851 2601 907 2646 et
932 2591 1139 2645 illorum
1170 2586 1348 2652 ﬁdem,
1376 2599 1512 2655 quos
1542 2583 1713 2654 palam

132 2690 297 2744 times
342 2688 542 2743 habere
585 2684 851 2751 inimicos,
896 2691 950 2737 et
982 2680 1211 2735 invitus‘
1254 2676 1451 2748 pateris
1486 2675 1711 2746 judices.

127 2781 289 2836 Absit
315 2788 490 2836 autem
521 2787 577 2833 ut
600 2776 739 2848 apud
770 2775 905 2831 tales
937 2773 1148 2844 judices
1172 2771 1382 2826 valeant
1405 2768 1603 2839 aliquid
1622 2782 1713 2822 ar-

129 2871 564 2943 gumentationes
610 2877 737 2934 tuae,
783 2868 837 2922 in
877 2866 1071 2936 quibus
1110 2871 1329 2934 peccato
1371 2859 1444 2916 illi
1485 2874 1713 2929 magno,

131 2964 243 3019 hoc
269 2971 371 3028 est,
414 2958 831 3031 praevaricatioui
871 2955 1029 3028 primi
1059 2952 1311 3018 hominis,
1342 2958 1556 3021 peccata
1589 2964 1718 3004 eon-

128 3057 469 3127 sequentium
498 3065 794 3125 temporum
819 3063 1118 3119 comparas,
1150 3055 1203 3101 et
1232 3055 1387 3116 putas
1428 3044 1473 3098 si
1513 3043 1718 3098 scelere

130 3148 295 3218 primi
325 3145 557 3201 hominis
593 3153 781 3198 natura
810 3142 1021 3213 generis
1068 3138 1284 3193 humani
1326 3144 1528 3191 mutata
1573 3144 1655 3189 est
1671 3135 1715 3199 ',

131 3239 297 3294 etiam
323 3252 465 3292 nunc
495 3242 777 3307 parentum
813 3231 1017 3288 scelera
1048 3238 1288 3284 naturam
1328 3225 1575 3282 debuisse
1605 3240 1718 3279 mu-

134 3338 255 3384 tare
276 3328 525 3382 ﬁliorum.
558 3327 683 3382 llaec
710 3324 851 3380 enim
882 3323 1067 3378 dicens
1094 3334 1199 3374 non
1222 3317 1449 3388 respicis
1477 3323 1717 3387 peccato-

134 3435 227 3475 res
252 3419 391 3486 illos,
422 3425 765 3488 posteaquam
795 3424 1067 3485 peccatum
1096 3409 1224 3465 illud
1248 3408 1446 3480 grande
1463 3408 1719 3470 fecerunt,

134 3519 197 3567 et
238 3510 305 3565 de
356 3506 599 3579 paradiso
638 3522 759 3561 esse
809 3504 1077 3567 dimissos,
1107 3513 1162 3557 et
1202 3516 1231 3554 a
1261 3501 1403 3570 ligno
1426 3499 1548 3553 vita:
1580 3506 1721 3552 tanta

132 3598 427 3657 severitate
463 3595 780 3667 prohibitos.
830 3592 1092 3663 Numquid
1131 3590 1377 3646 scelerati
1420 3598 1722 3657 temporum

137 3692 364 3747 istorum
389 3691 441 3743 in
470 3687 672 3759 aliquas
695 3685 974 3741 inferiores
990 3694 1159 3739 terras
1180 3679 1528 3751 projiciuntur
1540 3677 1608 3733 de
1624 3677 1725 3731 hoc

137 3783 275 3839 orbe
298 3792 584 3846 terrarum,
610 3793 731 3833 cum
754 3776 841 3832 hic
864 3776 975 3846 ipsa
994 3775 1194 3830 scelera
1225 3770 1517 3843 quamlibet
1536 3782 1725 3838 magna

138 3873 552 3931 commiserint?
575 3868 845 3941 Numquid
870 3883 898 3921 a
930 3868 1073 3937 ligno
1097 3866 1239 3928 vitm,
1269 3861 1412 3933 quod
1436 3862 1486 3915 in
1509 3859 1608 3914 hac
1628 3859 1729 3914 mi-

140 3967 283 4021 seria
322 3965 527 4019 nullum
557 3972 657 4027 est,
695 3958 1087 4029 prohibentur?
1122 3955 1227 4012 Sed
1255 3952 1490 4024 persistit
1516 3950 1727 4021 generis

142 4054 366 4110 humani
392 4055 539 4109 locus
558 4064 612 4108 et
636 4052 767 4118 vita,
796 4050 850 4105 in
880 4047 1071 4119 quibus
1093 4054 1145 4101 et
1167 4043 1409 4099 homines
1430 4038 1728 4110 impiissimi

146 4148 373 4202 vivunt:
404 4160 527 4202 cum
570 4143 845 4198 videamus
890 4140 1101 4195 illorum
1149 4136 1432 4207 impiorum
1462 4133 1637 4189 locum
1673 4139 1730 4187 et

147 4242 337 4304 vitam,
381 4240 516 4294 sicut
545 4245 661 4293 erat
691 4244 814 4290 ante
843 4241 1135 4305 peccatum,
1165 4237 1284 4300 post
1309 4236 1580 4298 peccatum
1622 4239 1728 4281 non

151 4331 385 4401 potuisse
399 4330 711 4385 consistere.
743 4325 1051 4381 Debuerunt
1076 4330 1277 4387 autem,
1302 4319 1593 4376 secundum
1608 4317 1728 4387 opi-

151 4423 364 4477 nionem
386 4431 633 4484 vestram,
665 4417 869 4489 parvuli
898 4415 1044 4470 nullo
1064 4422 1211 4469 reatu
1240 4410 1474 4482 obligati,
1521 4426 1644 4464 mox
1675 4418 1730 4463 ut
1790 4424 1793 4427 ·

152 4522 461 4579 nascuntur,
483 4519 734 4582 tanquam
757 4505 1100 4563 innocentes'
1122 4503 1379 4574 imagines
1399 4502 1491 4557 Dei
1510 4501 1730 4571 perferri

152 4606 222 4661 ab
243 4605 459 4675 Angelis
490 4606 542 4659 in
587 4602 892 4675 paradisum
922 4600 1039 4664 Dei,
1062 4606 1117 4654 et
1143 4598 1248 4652 illic
1271 4596 1387 4651 sine
1410 4594 1523 4650 ullo
1549 4594 1732 4647 labore

154 4705 208 4751 et
228 4696 409 4750 dolore
430 4695 634 4758 nutriri.
659 4703 716 4749 ut
742 4694 786 4748 si
813 4692 931 4763 quis
949 4705 1135 4747 eormn
1161 4694 1454 4759 peccasset,
1480 4687 1591 4755 ipse
1612 4685 1734 4739 inde

157 4788 345 4841 merito
365 4787 731 4856 projiceretur,
762 4800 829 4840 ne
854 4790 1159 4839 crescerent
1179 4778 1471 4834 imitatione
1497 4787 1728 4845 peccata.

156 4878 305 4934 Nunc
325 4893 450 4932 vero
478 4892 598 4931 eum
617 4876 763 4932 solus
791 4875 1017 4929 audierit
1035 4873 1123 4943 qui
1156 4872 1207 4926 in
1235 4869 1463 4941 paradisi
1488 4868 1733 4923 felicitate

158 4970 414 5040 peccavit,
448 4970 641 5041 Spinas
666 4978 712 5024 et
742 4968 950 5023 tribulos
974 4976 1108 5021 terra
1132 4963 1293 5035 pariet
1319 4961 1423 5027 tibi,
1467 4960 1734 5015 maledicta

157 5063 211 5115 in
235 5060 463 5115 omnibus
504 5059 737 5132 operibus
782 5059 917 5123 tuis;
943 5066 990 5112 et
1032 5057 1084 5109 in
1115 5055 1297 5109 sudore
1317 5053 1483 5107 vultus
1507 5052 1581 5105 tui
1622 5052 1736 5105 edes

161 5168 336 5223 panem
361 5160 504 5205 tuum
534 5167 553 5206 :
574 5151 775 5205 nullum
799 5149 1069 5204 hominum
1097 5145 1336 5201 videmus
1356 5159 1383 5197 a
1408 5159 1564 5214 poena
1585 5143 1734 5197 labo-

161 5245 235 5300 ris
254 5244 522 5311 aliennm;
552 5244 643 5314 qui
682 5242 864 5313 utique
892 5242 1041 5296 labor
1066 5240 1250 5295 beatos
1278 5237 1602 5292 habitatores
1646 5250 1736 5304 pa-

156 5337 322 5393 radisi
346 5352 451 5393 non
480 5346 596 5393 erat
621 5346 956 5408 gravaturus.
1000 5333 1215 5387 Etcum
1243 5330 1357 5385 Sola
1396 5328 1589 5385 mulier
1623 5328 1739 5397 ejus

162 5428 419 5494 audierit,
474 5427 542 5483 In
566 5428 772 5483 tristitia
801 5425 967 5496 paries
1007 5424 1136 5479 ﬁlios
1182 5420 1333 5493 (Gen.
1378 5436 1454 5486 nt,
1510 5417 1736 5484 lli-19);

163 5522 355 5577 nullam
381 5521 698 5592 parientinm
719 5519 787 5574 ah
808 5518 909 5573 hoc
935 5516 1191 5588 supplicio
1211 5516 1410 5569 scimus
1427 5516 1736 5567 immunem.

163 5610 426 5682 Numquid
465 5626 594 5682 ergo
639 5612 709 5665 ita
745 5609 876 5664 estis
921 5606 1160 5668 absurdi,
1197 5614 1255 5659 ut
1276 5613 1368 5660 aut
1413 5605 1465 5659 in
1492 5601 1739 5675 paradiso

232 5725 247 5757 ί
281 5725 414 5785 Fditi,
438 5724 655 5775 invictus.
683 5724 980 5785 Castigantur
1001 5732 1064 5767 ex
1091 5726 1195 5767 Mss.

229 5788 251 5820 υ
284 5780 430 5837 Vetus
450 5788 606 5837 codex
637 5795 768 5841 stam,
800 5780 963 5833 {titiam
978 5786 1065 5830 est.

232 5848 253 5882 ³
283 5850 361 5900 uie
381 5851 667 5901 auctor-inte
821 5843 1054 5902 adde
1073 5839 1358 5892 imtocentes.

1500 363 1703 427 uasa
1745 348 2013 411 ssxrus

3251 366 3389 424 1550

1800 491 2116 550 existimetis
2146 490 2386 549 homines
2412 492 2540 551 istas
2562 510 2831 553 azrumnas
2857 494 3022 555 fuisse
3054 513 3302 569 passuros
3327 504 3373 556 si

1801 596 1963 637 nemo
2015 593 2309 651 peccasset,
2356 600 2487 654 quas
2526 585 3016 642 manifestissimum
3066 598 3167 654 est,
3214 589 3381 645 Deum

1802 669 2011 724 nonnisi
2039 674 2532 739 prmvaricatoribus
2558 675 2660 729 illis
2689 684 2813 731 tunc
2842 676 3145 733 hominibus
3171 680 3385 734 intulis-

1800 772 1888 826 se;
1910 769 2002 815 aut
2021 775 2161 815 nunc
2182 777 2275 817 eas
2295 764 2499 833 negetis
2523 779 2710 820 eorum
2728 775 2971 836 posteros
2996 770 3197 839 perpeti
3226 785 3386 841 para-

1799 850 1901 906 disi
1932 851 2167 918 exsules,
2197 862 2249 906 et
2277 852 2472 922 ubique
2499 863 2759 911 terrarum
2787 864 2863 912 tot
2884 867 2937 911 et
2955 866 3129 913 tantas
3145 861 3388 917 miserias

1802 943 2171 1015 perferentes;
2214 954 2307 1000 aut
2333 945 2526 1002 dicturi
2554 949 2703 1013 estis,
2732 958 2931 1019 quanto
2960 950 3128 1021 magis
3162 952 3388 1022 quisque

1801 1044 1884 1091 est
1910 1043 2162 1108 peceator
2185 1044 2241 1091 et
2265 1035 2483 1106 impius,
2513 1046 2661 1093 tanto
2684 1040 2853 1108 magis
2872 1040 2989 1108 ejus
3016 1055 3175 1111 agros
3197 1056 3387 1111 parere

1802 1128 1984 1197 spinas
2010 1136 2064 1182 et
2093 1126 2336 1193 tribulos,
2365 1134 2421 1182 et
2447 1136 2596 1183 tanto
2622 1131 2789 1199 magis
2815 1145 2938 1184 eum
2967 1130 3160 1187 sudare
3190 1133 3386 1187 labori-

1806 1220 1936 1282 bus;
1962 1226 2019 1275 et
2038 1227 2237 1290 quanto
2253 1229 2336 1275 est
2360 1234 2584 1289 quaeque
2606 1220 2795 1277 mulier
2823 1222 3071 1293 iniquior,
3100 1233 3247 1279 tanto
3267 1240 3387 1280 eam

1805 1310 2101 1381 parientem
2132 1309 2348 1366 dolores
2376 1313 2577 1379 perpeti
2602 1312 2911 1379 graviores?
2949 1314 3098 1369 Sicut
3118 1330 3244 1384 ergo
3272 1331 3389 1385 pa:-

1805 1416 1888 1455 na:
1920 1400 2273 1455 humanarum
2297 1398 2656 1468 miseriarum,
2682 1418 2816 1472 quas
2840 1404 3198 1460 communiter
3218 1405 3394 1475 perfe-

1805 1500 1933 1546 runt
1958 1490 2051 1545 ﬁlii
2074 1490 2242 1546 Adam
2271 1506 2302 1545 a
2325 1490 2415 1546 die
2442 1492 2617 1547 exitus
2643 1491 2714 1546 de
2759 1503 2947 1548 ventre
2972 1494 3158 1548 matris
3180 1508 3391 1559 eorum,

1806 1581 1927 1638 ideo
1948 1589 2072 1638 sunt
2090 1582 2347 1649 omnium,
2379 1582 2502 1652 quia
2525 1592 2771 1653 parentes
2797 1597 3113 1639 communes
3134 1592 3258 1640 sunt
3278 1598 3393 1640 om-

1807 1678 1975 1743 nium,
2006 1679 2074 1735 de
2097 1694 2325 1750 quorum
2374 1679 2807 1748 prmvaricatione
2845 1679 2948 1735 ista
2985 1687 3290 1736 venerunt:
3323 1681 3392 1734 ita

1808 1770 2043 1842 ipsorum
2074 1771 2301 1828 duorum
2325 1772 2690 1842 prevaricatio
2717 1782 2821 1826 tam
2848 1787 3097 1844 magnum
3118 1780 3393 1844 peccatum

1808 1862 1970 1919 debet
2009 1864 2251 1933 intelligi.
2280 1873 2338 1918 ut
2362 1872 2546 1935 posset
2572 1862 2812 1917 omnium
2854 1878 2920 1918 ex
2950 1865 3063 1918 viro
3091 1872 3146 1919 et
3170 1862 3395 1918 muliere

1810 1953 2145 2010 nascentium
2175 1955 2225 2007 in
2255 1952 2490 2008 deterius
2516 1960 2722 2008 mutare
2749 1963 3011 2016 naturam,
3042 1964 3098 2009 et
3120 1955 3394 2009 communi

1810 2053 1961 2101 reatu
1989 2054 2241 2116 tanquam
2282 2043 2611 2099 haereditarii
2653 2043 2816 2099 debiti
2855 2043 3092 2114 obligare
3118 2043 3397 2115 chirogra-

1811 2135 1998 2206 phum.
2028 2135 2279 2205 Quisquis
2319 2148 2448 2205 ergo
2498 2134 2627 2189 dicit
2673 2135 2830 2189 talem
2871 2134 3231 2191 conditionem
3257 2150 3398 2207 quo-

1812 2229 2063 2285 rumlibet
2101 2227 2452 2293 delictorum,
2480 2242 2601 2297 qua:
2632 2242 2773 2282 nunc
2812 2227 3241 2293 committuntur,
3276 2241 3398 2285 esse

1812 2320 2084 2383 debuisse,
2135 2318 2306 2389 qualis
2350 2316 2448 2372 fuit
2488 2316 2724 2372 conditio
2759 2316 2941 2371 delicti
2984 2316 3145 2383 illius,
3172 2317 3314 2387 quod
3342 2317 3396 2371 in

1815 2412 1956 2468 illius
1982 2412 2104 2466 vita:
2133 2418 2278 2465 tanta
2303 2409 2574 2477 felicitate,
2597 2417 2652 2465 et
2675 2416 2820 2465 tanta
2851 2423 2956 2463 non
2988 2408 3242 2478 peccandi
3266 2408 3400 2464 faci-

1815 2504 1963 2561 litate
1990 2504 2337 2559 eommissum
2375 2510 2494 2567 est;
2534 2502 2695 2557 etiam
2737 2502 2879 2571 ipsas
2908 2499 3041 2555 duas
3073 2501 3209 2555 vitas
3243 2498 3404 2555 debet

1815 2610 2050 2667 mquare,
2082 2610 2199 2650 eam
2227 2594 2432 2650 scilicet
2459 2608 2578 2663 quae
2602 2606 2744 2647 nunc
2766 2592 2962 2663 agitur,
2984 2601 3038 2647 et
3062 2607 3179 2646 eam
3200 2606 3319 2663 qua:
3348 2592 3403 2647 in

1818 2687 1925 2743 illis
1948 2687 2147 2742 sanctis
2189 2694 2244 2740 et
2282 2684 2453 2739 beatis
2476 2682 2685 2739 deliciis
2710 2682 2983 2754 agebatur.
3011 2680 3165 2751 Quod
3193 2682 3239 2737 si
3282 2696 3407 2737 esse

1816 2779 2219 2836 stolidissimum
2262 2778 2468 2842 cernis;
2494 2776 2705 2834 'desine
2731 2776 2800 2832 de
2845 2776 3080 2848 peccatis
3122 2776 3405 2848 prmsentis

1818 2871 2000 2928 smculi
2025 2872 2161 2926 velle
2187 2870 2552 2941 prrcscribere,
2584 2884 2655 2925 ne
2677 2868 2811 2925 illud
2838 2884 3088 2940 magnum
3121 2878 3400 2939 peccatum

1822 2962 2016 3018 habeat
2042 2976 2192 3017 suam
2217 2963 2325 3016 vim
2352 2970 2409 3015 et
2428 2975 2583 3015 suum
2615 2959 2865 3016 meritum
2887 2960 3175 3030 singulare.
3215 2957 3405 3027 Quan-

1820 3069 1978 3125 quam
2005 3055 2137 3109 etin
2163 3054 2263 3109 hac
2283 3054 2387 3108 vita
2402 3053 2742 3122 omnipotens
2767 3059 2823 3107 et
2835 3051 3012 3123 justus
3033 3052 3117 3106 ille
3140 3051 3229 3121 qui
3252 3050 3406 3117 dicit,

1823 3146 2054 3202 Reddam
2084 3156 2287 3217 peccata
2310 3154 2511 3215 patrum
2536 3144 2590 3197 in
2611 3144 2745 3213 [itios
2765 3142 2960 3215 (Exod.
2992 3158 3079 3202 xx.
3109 3143 3190 3212 5),
3215 3156 3411 3213 paren-

1824 3250 1938 3297 tum
1991 3248 2141 3296 reatu
2194 3239 2355 3295 etiam
2412 3245 2658 3307 posteros
2712 3235 2907 3290 irretiri
2957 3235 3086 3288 satis
3134 3232 3413 3290 evidenter

1823 3332 2080 3397 ostendit,
2110 3339 2165 3386 et
2192 3330 2438 3400 quamvis
2477 3328 2687 3383 mitiore
2709 3341 2871 3394 nexu,
2916 3334 3092 3381 tatncn
3131 3323 3414 3380 haeredita-

1825 3424 1937 3481 rios
1962 3422 2235 3479 debitorcs
2264 3419 2400 3486 ﬁeri,
2429 3419 2531 3473 nisi
2554 3433 2669 3483 eos,
2691 3416 2828 3471 sicut
2842 3415 2952 3486 jam
2971 3414 3021 3469 in
3048 3415 3413 3486 superioribus

1827 3514 1985 3583 hujus
2012 3512 2192 3583 operis
2222 3509 2465 3582 partibus
2493 3506 2903 3577 disputavimus,
2946 3520 2977 3558 a
3007 3504 3222 3559 vinculo
3268 3505 3411 3558 illius

1828 3603 2116 3676 proverbii,
2136 3600 2279 3671 quod
2296 3598 2403 3654 dici
2432 3598 2590 3662 solet,
2625 3596 2803 3650 Patres
2822 3594 3246 3647 nianducaoermu
3262 3608 3413 3647 uuam

1828 3694 2081 3757 acerbam,
2112 3700 2158 3746 et
2177 3690 2351 3745 dentes
2376 3687 2601 3759 ﬁliorum
2626 3686 2991 3755 obstupuerant
3020 3683 3235 3757 (lerant.
3259 3699 3411 3749 xxxx,

1830 3785 1947 3858 29),
1978 3799 2084 3840 non
2106 3791 2345 3838 vestrum
2366 3786 2761 3850 argumentum,
2778 3774 2873 3831 sed
2894 3790 3089 3830 novum
3111 3774 3418 3831 Testamen-

1831 3889 1965 3946 tum,
1992 3892 2093 3934 nee
2116 3875 2474 3949 generationis
2500 3882 2707 3937 natura,
2738 3869 2835 3926 sed
2858 3869 3028 3940 gratia
3058 3867 3417 3938 regeneratio-

1833 3972 1919 4028 nis
1944 3970 2210 4027 absolvat.
2244 3966 2492 4023 Deﬁnitio
2521 3980 2647 4019 vero
2673 3963 2761 4017 illa
2794 3961 3022 4033 peccati,
3053 3959 3144 4015 ubi
3172 3958 3419 4030 intelligi-

1832 4072 1921 4120 tur
1963 4061 2214 4119 voluntas
2265 4067 2523 4131 appetens
2558 4056 2703 4128 quod
2743 4054 2947 4127 justitia
2988 4061 3152 4121 vetat,
3186 4061 3241 4107 et
3274 4052 3418 4107 unde

1833 4154 2065 4210 liberum
2103 4160 2190 4208 est
2228 4149 2520 4214 abstinere,
2573 4147 2714 4201 illius
2767 4144 2972 4215 peccati
3016 4142 3256 4198 deﬁnitio
3307 4152 3413 4209 est,

1833 4244 1977 4317 quod
1998 4240 2366 4299 tantummodo
2394 4247 2670 4309 peccatum
2690 4243 2793 4301 est,
2818 4250 2924 4289 non
2948 4234 3090 4304 quod
3112 4233 3273 4288 etiam
3303 4246 3420 4302 pa:-

1837 4354 1901 4393 na
1941 4336 2145 4407 peccati
2182 4352 2197 4390 :
2238 4332 2382 4405 quod
2439 4330 2623 4386 nescio
2670 4328 2880 4399 quoties
2914 4327 3009 4381 tibi
3050 4326 3161 4397 jam
3209 4324 3277 4379 ad
3318 4326 3419 4378 ista

1836 4443 2157 4500 responsum
2197 4436 2301 4482 est.
2331 4424 2433 4493 Qui
2462 4423 2605 4477 enim
2647 4420 2798 4485 dicit,
2826 4417 2947 4473 Non
2968 4417 3103 4486 quod
3141 4417 3274 4482 voto,
3324 4415 3418 4469 bo-

1838 4537 1962 4575 num
1989 4519 2160 4593 facio;
2188 4516 2277 4572 sed
2304 4514 2440 4587 quod
2479 4511 2599 4569 nolo
2624 4512 2836 4578 malum,
2867 4510 2961 4565 hoc
2993 4525 3091 4580 ago
3116 4506 3296 4580 (Rom.
3323 4523 3419 4572 vn,

1840 4611 1930 4682 l5)
1958 4627 1973 4674 ;
2006 4624 2112 4664 non
2142 4607 2219 4662 illi
2246 4606 2315 4661 ab
2356 4606 2457 4659 hoc
2483 4602 2625 4658 malo
2660 4602 2884 4657 liberum
2924 4607 3009 4655 est
3051 4599 3341 4664 abstinere,
3370 4607 3423 4653 et

1839 4700 1961 4755 ideo
1987 4700 2197 4753 invocat
2221 4696 2581 4760 liberatorem,
2607 4692 2729 4762 quia
2757 4689 2986 4761 perdidit
3008 4688 3329 4745 libertatem.

1912 4792 2078 4849 XXII.
2103 4792 2223 4848 Jun.
2246 4790 2481 4860 Tempus
2492 4789 2742 4843 admonet
2758 4798 2815 4842 ut
2839 4786 2904 4841 ad
2921 4786 3026 4842 alia
3045 4795 3381 4841 transeamus
3405 4804 3421 4840 :

1840 4885 1937 4941 sed
1967 4886 2021 4940 in
2051 4882 2239 4938 eodem
2262 4881 2380 4935 loco
2406 4888 2610 4936 restare
2651 4876 2851 4949 aliquid
2878 4876 3242 4947 indignatione
3267 4891 3423 4931 eom-

1842 4977 2031 5049 pellor.
2056 4974 2208 5030 Tune
2234 4972 2431 5027 audeas
2454 4972 2632 5027 dicere
2655 4969 2824 5025 Adam
2847 4970 3118 5024 voluntate
3135 4969 3430 5041 peccasse!

1842 5070 1996 5127 Unde
2025 5067 2121 5123 tibi
2146 5065 2295 5122 venit
2317 5063 2420 5120 hoc
2445 5062 2750 5120 somnium?
2777 5062 2910 5129 Quia
2938 5062 3193 5132 iniquum,
3225 5061 3427 5132 inquis,

1841 5170 1979 5228 erat,
2009 5166 2069 5214 ut
2114 5158 2400 5228 imputaret
2443 5155 2496 5210 in
2555 5163 2829 5224 peccatum
2889 5153 3049 5219 Deus,
3098 5152 3199 5207 nisi
3243 5166 3274 5205 a
3320 5167 3430 5220 quo

1843 5253 2114 5309 abstinere
2148 5250 2375 5305 liberum
2406 5255 2607 5302 nosset.
2635 5243 2771 5312 Quid
2791 5245 2962 5315 ergo?
3004 5242 3142 5297 hanc
3163 5240 3427 5315 justitiam

1844 5345 1933 5401 ille
1960 5344 2205 5413 princeps
2234 5340 2569 5396 tenebrarum
2595 5352 2755 5409 quem
2775 5334 2971 5403 colitis,
2998 5332 3067 5389 ad
3093 5340 3429 5387 momentum

1844 5438 1895 5493 ei
1945 5434 2272 5497 crediderat,
2316 5441 2374 5488 et
2423 5445 2540 5487 eam
2595 5427 2905 5500 propediem
2955 5437 3248 5494 reposcens
3290 5422 3432 5478 hunc

1848 5531 2016 5586 Deum
2042 5527 2189 5583 omni
2231 5524 2481 5596 equitate
2522 5520 2788 5586 destituit,
2819 5526 2877 5573 ut
2898 5515 2989 5589 qui
3016 5513 3356 5571 intellexerat
3394 5528 3429 5569 a

1848 5619 2145 5694 primordio
2172 5631 2278 5671 non
2320 5628 2447 5672 esse
2491 5610 2863 5682 imputandum
2911 5606 2964 5662 in
2997 5615 3295 5676 peccatum,
3327 5603 3428 5658 nisi

1849 5712 1991 5769 unde
2031 5712 2254 5765 liberum
2304 5704 2473 5762 fuerat
2516 5704 2804 5767 abstinere,
2830 5714 2927 5770 per
2968 5711 3129 5753 omne
3168 5697 3433 5766 reliquum

1853 5814 2061 5875 tempus
2077 5816 2106 5855 a
2122 5798 2326 5856 cunctis
2346 5794 2683 5853 nascentibus
2700 5792 2906 5849 noverit
2920 5790 3187 5851 abstinere
3207 5787 3434 5846 liberum
