3958 6484
108 373 292 432 1853

110 498 216 546 est
233 504 250 555 ;
267 487 400 543 nihil
411 484 663 550 occurrit,
677 482 780 538 nisi
794 483 809 514 ¹
827 479 970 552 quod
979 479 1144 544 Maria
1165 475 1380 547 quidem
1398 483 1569 531 mater
1583 473 1720 544 ejus,

109 582 198 637 de
213 594 324 651 qua
339 592 553 634 carnem
565 575 810 644 sumpsit,
820 572 886 628 de
896 569 1095 626 carnali
1105 565 1534 637 concupiscentia
1545 579 1726 633 parcn-

111 685 247 728 tnm
275 680 406 728 nata
434 679 548 734 est;
573 683 675 723 non
703 676 880 722 autem
909 662 1174 720 Clu-istum
1209 661 1288 716 sic
1315 659 1429 728 ipsa
1456 654 1720 724 concepit,

112 779 300 836 quem
346 777 452 818 non
496 760 562 827 de
610 757 748 814 virili
791 757 1016 819 semine,
1061 751 1156 808 sed
1195 751 1263 805 de
1301 747 1502 819 Spiritu
1542 745 1725 798 saneto

111 834 461 930 procreavit.
519 852 635 908 Non
678 865 806 919 ergo
854 847 1110 918 pertinuit.
1155 843 1220 898 ad
1266 841 1525 897 rationem
1554 834 1724 890 virilis

115 929 384 1015 Seminis,
431 961 531 1017 per
565 960 724 1015 quam
764 943 976 998 fuerunt
1004 940 1058 994 in
1088 936 1283 992 lumbis
1311 929 1558 994 Abrahae,
1587 942 1722 999 quos

119 1040 188 1094 in
221 1040 322 1094 illo
344 1037 638 1093 decimatos
666 1047 788 1090 esse
812 1045 962 1088 sacra
998 1027 1273 1097 Scriptura
1303 1029 1548 1078 testatur.
1577 1017 1724 1073 Con-

122 1128 467 1200 cupisceutia
496 1141 657 1197 porro
696 1122 891 1186 carnis,
924 1134 1020 1190 per
1047 1131 1205 1187 quam
1230 1115 1405 1183 jactus
1429 1108 1734 1174 carnalium,

123 1198 409 1276 seminum
450 1223 786 1287 provocatur,
833 1219 924 1266 aut
969 1208 1108 1262 nulla
1149 1206 1202 1260 in
1246 1201 1416 1259 Adam
1464 1198 1562 1254 fuit
1601 1207 1728 1253 ante

125 1320 443 1384 peccatum,
486 1316 582 1364 aut
627 1307 681 1360 in
707 1305 796 1359 illo
843 1302 1022 1356 vitiata
1060 1305 1144 1353 est
1171 1310 1265 1367 per
1301 1300 1596 1370 peceatum.
1621 1288 1735 1364 Aut.

124 1403 288 1458 enim
313 1402 430 1456 sine
463 1398 550 1454 illa
577 1401 823 1466 poterant
858 1399 912 1447 et
935 1387 1185 1460 genitalia
1218 1390 1721 1455 eongruentcrmo-

126 1494 282 1559 veri,
303 1501 358 1548 et
380 1488 621 1558 conjugis
648 1484 850 1556 gremio
881 1494 1064 1536 semen
1096 1475 1323 1540 infundi,
1350 1473 1395 1528 si
1422 1470 1577 1527 nulla.
1596 1478 1725 1525 tunc

124 1585 265 1653 fuit,
309 1591 402 1638 aut
434 1580 504 1635 ad
546 1586 732 1632 nutum
773 1572 1059 1629 voluntatis
1099 1570 1257 1634 etiam
1290 1567 1402 1636 ipsa
1429 1562 1649 1628 servire,
1680 1560 1728 1616 si

125 1677 264 1732 fuit.
292 1675 445 1731 Nunc
469 1681 647 1727 autem
676 1669 720 1725 si
753 1667 873 1723 talis
902 1672 1066 1728 esset,
1095 1674 1364 1730 nunquam
1389 1669 1514 1710 cano
1542 1662 1724 1709 contra

128 1768 390 1839 spiritum
417 1761 842 1832 concupisceret.
888 1757 995 1811 Aut
1013 1767 1143 1824 ergo
1174 1751 1289 1820 ipsa
1313 1747 1494 1802 vitium
1524 1751 1627 1810 est,
1681 1743 1726 1798 si

131 1834 292 1916 u—ulla
319 1858 417 1914 fuit
443 1865 567 1911 ante
597 1859 909 1926 peccatum;
941 1854 1034 1902 aut
1074 1845 1188 1913 ipsa
1210 1842 1327 1897 sine
1353 1837 1516 1894 dubio
1539 1843 1621 1900 est
1644 1834 1726 1889 vi-

133 1952 277 2007 tiata
306 1953 554 2018 peccato;
585 1952 637 1997 et
667 1940 786 1996 ideo
806 1953 874 1994 ex
902 1937 994 1990 illa
1016 1933 1246 1989 trahitur
1271 1926 1528 1999 originale
1551 1939 1728 1995 pecca-

136 2053 284 2096 tum.
301 2014 417 2094 Fuit
431 2051 557 2106 ergo
576 2035 626 2088 iu
646 2031 819 2086 Maria:
836 2040 1060 2098 corpore
1078 2021 1314 2104 carnalis
1330 2019 1571 2082 materia,
1591 2014 1730 2070 unde

132 2145 362 2188 carnem
417 2102 644 2196 sumpsit
683 2122 926 2178 Christus
951 2135 965 2173 :
989 2102 1084 2184 sed
1123 2129 1228 2170 non
1272 2113 1322 2166 iu
1365 2124 1426 2166 ea
1459 2106 1728 2164 Christum

135 2223 376 2279 carnalis
390 2213 817 2287 concupiscentia
841 2206 1140 2266 seminavit.
1169 2202 1321 2260 Unde
1356 2199 1444 2254 ille
1473 2206 1626 2252 natus
1650 2203 1732 2250 est

141 2333 221 2372 ex
265 2328 429 2372 carne
461 2326 585 2368 cum
631 2321 814 2372 carne,
864 2303 918 2358 in
963 2295 1306 2357 similitudine
1330 2302 1504 2348 tamen
1558 2289 1732 2344 carnis

141 2406 390 2480 peccati,
437 2419 544 2460 non
600 2400 738 2456 sicut
782 2396 873 2452 alii
911 2392 1154 2449 homines
1198 2390 1251 2444 in
1298 2398 1458 2442 carne
1487 2380 1727 2454 peccati:

141 2477 433 2571 propterea
499 2490 757 2564 originale
815 2493 1096 2558 peccatum
1154 2480 1214 2536 in
1270 2477 1390 2532 aliis
1448 2487 1730 2544 regenera-

145 2562 304 2647 tionc
324 2562 603 2651 dissolvit,
625 2596 728 2638 non
773 2580 887 2650 ipse
912 2572 1254 2649 generatione
1297 2565 1579 2624 contraxit.
1609 2562 1733 2618 Ideo

145 2681 328 2736 Adam
354 2679 554 2749 primus
599 2674 710 2740 ille,
754 2667 1020 2726 secundus
1047 2665 1184 2728 iste;
1237 2661 1359 2732 quia
1403 2658 1520 2714 sine
1557 2655 1734 2712 carnis

145 2747 580 2840 concupiscentia
605 2763 774 2820 factus
791 2761 901 2826 ille,
927 2767 1083 2813 natus
1104 2761 1189 2810 est
1207 2754 1308 2808 iste
1332 2769 1345 2806 :
1374 2747 1469 2806 sed
1490 2747 1581 2804 ille
1613 2756 1731 2802 tan-

147 2875 270 2920 tum
290 2837 470 2928 homo,
499 2859 603 2914 iste
628 2861 846 2912 veroet.
880 2852 1033 2906 Deus
1059 2856 1114 2902 et
1138 2845 1300 2900 homo
1337 2861 1366 2901 :_
1394 2850 1451 2896 et
1497 2839 1617 2895 ideo
1646 2837 1735 2894 ille

149 2955 330 3026 potuit
351 2967 456 3007 non
480 2961 721 3020 peccare,
750 2958 857 3000 non
882 2942 1020 2998 sicut
1039 2939 1140 2993 iste
1164 2949 1385 3008 peccare
1415 2946 1518 2986 non
1541 2930 1734 3001 potuit.

148 3018 375 3101 it‘rustra
432 3018 562 3110 ergo
613 3042 835 3109 peccato
883 3031 1026 3087 illius
1071 3033 1285 3098 peccata
1342 3022 1569 3077 liliorum
1618 3018 1736 3089 ejus

149 3134 449 3208 quamlibet
475 3144 664 3202 magna
689 3136 744 3184 et
775 3121 1059 3186 horrenda,
1092 3119 1173 3174 vel
1200 3130 1433 3186 xequarc,
1464 3112 1547 3167 vel
1573 3111 1732 3166 etiam

151 3226 412 3299 praeferre
433 3222 664 3280 conaris.
691 3218 836 3274 Illius
859 3223 1044 3271 natura
1071 3217 1270 3283 quanto
1297 3205 1468 3277 magis
1494 3202 1734 3258 sublimi-

152 3292 245 3376 ter
271 3316 462 3382 stabat,
489 3322 640 3369 tanto
662 3309 828 3380 magis
863 3304 1095 3378 graviter
1122 3299 1372 3360 concidit.
1407 3295 1606 3352 Natura
1649 3292 1736 3347 illa

152 3407 280 3464 talis
301 3405 413 3472 luit,
449 3411 632 3459 utnec
671 3398 806 3454 mori
845 3402 1064 3468 posset,
1090 3391 1135 3446 si
1165 3401 1387 3460 peccare
1430 3383 1689 3439 noluisset
1719 3398 1734 3435 :

154 3506 346 3554 natura
388 3495 491 3550 illa.
517 3493 637 3548 talis
665 3489 782 3555 fuit,
819 3495 878 3542 ut
911 3488 964 3540 in
993 3497 1052 3539 se
1092 3478 1415 3537 discordiam
1459 3475 1654 3540 carnis,
1684 3482 1740 3530 et

149 3590 374 3660 spiritus
401 3602 508 3642 non
531 3584 755 3640 haberet
786 3598 799 3636 :
831 3588 1018 3634 natura
1050 3575 1140 3629 illa
1177 3571 1296 3628 talis
1321 3568 1442 3635 fuit,
1471 3574 1748 3626 utcontra

157 3654 292 3736 vitia
343 3693 438 3734 sua
481 3675 622 3732 nulla
659 3681 923 3736 certaret;
969 3682 1074 3722 non
1101 3661 1242 3735 quod
1283 3661 1333 3716 ei
1368 3657 1609 3722 cedebat,
1642 3654 1747 3714 sed.

154 3770 301 3842 quod
343 3769 398 3824 in
443 3781 509 3822 eo
549 3764 693 3820 nulla
734 3770 904 3818 erant.
955 3758 1104 3811 Tune
1145 3767 1271 3822 ergo
1313 3749 1478 3807 debes
1526 3755 1740 3818 peccata

167 3871 504 3936 posterorum
538 3857 652 3927 ejus
681 3863 899 3926 peccato
923 3850 1037 3920 ejus
1057 3861 1290 3918 aaquare,
1322 3843 1364 3898 si
1391 3842 1583 3907 talem;
1616 3848 1742 3896 tunc

163 3968 295 4008 vero
322 3960 380 4006 et.
403 3949 605 4018 majora
646 3961 712 4002 ea
734 3943 935 4008 dicere,
975 3940 1019 3995 si
1049 3937 1327 3992 meliorem
1377 3941 1618 3988 naturam
1648 3943 1743 3998 po-

161 4047 329 4102 tueris
352 4043 610 4100 inveuire.
638 4038 835 4094 Natura
877 4034 1074 4105 quippe
1117 4026 1396 4086 rationalis
1435 4031 1636 4096 quanto
1661 4030 1746 4076 est

169 4139 288 4207 ipsa
325 4133 586 4205 superior,
632 4137 779 4186 tanto
829 4126 978 4182 ruina
1034 4123 1148 4194 ejus
1174 4119 1344 4192 pejor,
1373 4126 1428 4172 et
1470 4122 1744 4186 peccatum

165 4204 287 4298 ejus
307 4204 500 4296 quanto
524 4219 903 4285 incredibilius,
937 4223 1084 4270 tanto
1111 4221 1194 4268 est
1216 4208 1588 4266 damnabilius.
1621 4204 1744 4260 Ideo

167 4294 390 4388 angelus
430 4310 846 4384 irreparabilitcr
879 4305 1087 4370 cecidit,
1117 4301 1367 4374 quoniam
1393 4298 1476 4352 cui
1505 4297 1625 4368 plus
1646 4294 1744 4350 da-

171 4420 279 4475 tur,
325 4409 444 4479 plus
482 4405 712 4476 exigitur
739 4402 805 4456 ab
827 4415 891 4454 co
921 4397 1073 4470 (Luc.
1101 4410 1194 4461 xu,
1227 4389 1366 4464 48):
1394 4399 1540 4444 tanto
1569 4389 1748 4458 itaque

165 4504 288 4576 plus
306 4477 876 4570 debebatobedientiac
902 4488 1231 4566 voluntariae,
1259 4491 1456 4556 quanto
1490 4481 1607 4552 plus
1649 4477 1747 4561 ha-

171 4553 336 4648 bebat
375 4590 428 4648 in
455 4563 692 4645 bonitate
723 4593 928 4640 natura:
960 4599 973 4634 :
1021 4563 1159 4633 unde
1186 4576 1264 4631 sic
1279 4553 1506 4645 punitus
1533 4581 1614 4627 est
1644 4553 1748 4625 non

167 4681 416 4738 faciendo
442 4677 580 4752 quod
609 4676 812 4742 debuit,
842 4682 900 4728 ut
936 4686 1037 4726 nec
1064 4668 1202 4724 velle
1225 4666 1336 4737 jam
1376 4662 1566 4738 possit,
1597 4669 1752 4715 teter-

169 4773 257 4828 nis
297 4771 457 4827 etiam
485 4766 808 4826 cruciatibus
855 4762 1166 4819 destinatus.
1198 4757 1368 4811 Adam
1403 4767 1532 4809 vero
1557 4751 1610 4806 in
1643 4761 1750 4804 tam

171 4863 356 4920 multis
379 4861 608 4932 posteris
631 4858 744 4915 suis
764 4899 784 4924 ,
809 4864 868 4911 ut
895 4868 990 4910 eos
1018 4851 1159 4906 ullus
1184 4861 1466 4904 numerare
1493 4860 1597 4900 non
1625 4857 1751 4914 pos-

172 4956 264 5022 sit,
285 4954 454 5025 gratia
480 4953 572 5008 Dei
597 4967 692 5024 per
712 4950 894 5025 Jesum
914 4944 1185 5002 Christum
1211 4939 1493 4994 Dominum
1515 4942 1753 4991 nostrum

174 5063 206 5102 a
229 5046 559 5118 sempiterno
583 5042 842 5114 supplicio
871 5040 1149 5099 liberatur,
1181 5041 1236 5090 et
1261 5031 1315 5086 in
1344 5045 1404 5086 se
1433 5029 1546 5101 ipso
1571 5041 1756 5099 quam—

174 5139 259 5194 vis
280 5153 311 5192 a
339 5115 436 5194 sua
462 5143 634 5191 morte
671 5142 791 5204 post
814 5142 1077 5188 annorum
1101 5124 1305 5200 aliquot
1329 5119 1513 5188 millia,
1544 5115 1755 5189 quando

177 5228 426 5285 Christus
450 5239 550 5296 pro
591 5223 742 5278 nobis
765 5227 1006 5276 mortuus
1033 5215 1100 5272 ad
1130 5215 1246 5270 loca
1275 5221 1626 5275 mortuorum,
1651 5222 1756 5262 non

184 5318 528 5382 necessitate,
556 5313 942 5384 sedpotestate
959 5306 1256 5371 descendit,
1284 5313 1339 5360 et
1367 5302 1576 5358 dolores
1603 5297 1759 5355 solvit

181 5407 378 5466 inferni
401 5405 536 5479 (Act.
567 5421 623 5470 ιι,
651 5403 766 5474 24).
795 5401 883 5459 Sic
913 5401 1053 5456 enim
1074 5413 1195 5454 eum
1227 5389 1562 5463 intelligenda
1604 5397 1686 5444 est
1729 5403 1759 5443 a

181 5497 378 5554 delicto
409 5473 521 5551 suo
549 5473 798 5550 eduxisse
824 5490 1091 5560 Sapientia
1135 5485 1290 5559 (Sap.
1320 5500 1375 5550 χ,
1406 5482 1483 5554 2),
1515 5480 1638 5552 quia
1669 5473 1777 5550 per

185 5606 406 5650 carnem
429 5597 667 5647 sanctam
693 5584 836 5642 unici
865 5583 958 5638 tilii
997 5581 1094 5636 Dei
1121 5582 1142 5612 ’
1188 5593 1344 5651 quam
1374 5572 1762 5647 progeneravit,

221 5685 265 5756 ,ι
302 5690 397 5733 Hoc
420 5682 564 5756 etiam
586 5675 1046 5756 loconetttide‘ttg.
1076 5672 1263 5724 additur
1285 5709 1299 5734 ,
1341 5667 1435 5722 nisi
1447 5681 1466 5732 ;
1501 5680 1558 5717 ac
1579 5667 1626 5716 in
1652 5678 1766 5730 pro-

184 5747 315 5796 xime
336 5743 562 5806 sequenti
587 5754 749 5797 versu.
773 5743 1037 5806 percutiam.

248 5807 269 5839 ⁸
303 5798 452 5855 Vetus
475 5804 626 5855 codex
655 5798 782 5855 Man.
813 5798 897 5850 ﬁlii
916 5799 990 5852 sui.
1017 5798 1105 5849 Dei

1489 358 1686 412 LlDl-Lil
1729 355 2013 412 SEXTUS.

3262 356 3405 414 “‘5‘

1834 481 2036 541 patrem
2067 473 2282 540 gener-is
2303 474 2538 537 humani,
2583 491 2644 528 ac
2669 475 2742 528 sic
2777 475 2932 528 etiam
2962 480 3163 542 patrem
3190 470 3426 537 Christi,-

1831 563 1920 632 qui
1948 577 2042 631 pro
2067 564 2236 618 salute
2257 564 2530 621 hominum
2557 567 2727 621 factus
2748 576 2830 620 est
2861 566 3043 630 homo,
3071 565 3138 618 ab
3164 564 3267 618 illis
3291 563 3411 616 vin-

1831 652 1967 707 culis
2008 662 2134 708 tunc
2180 656 2428 722 solutum,
2464 673 2570 710 non
2615 657 2804 712 merito
2842 671 2960 719 suo,
3000 654 3094 710 δοιά
3123 655 3288 725 gratia
3319 653 3412 708 Dei

1832 759 1928 814 per
1949 742 2131 799 Jesum
2153 745 2421 802 Christum
2454 748 2733 802 Dominum
2762 756 3021 811 nostrum,
3055 761 3158 799 non
3189 745 3414 798 inaniter
3459 736 3479 749 ”

1831 834 2001 888 credit
2019 833 2279 890 Ecclesia.
2315 836 2426 891 lloc
2453 852 2580 905 ergo
2598 837 2874 908 imputavit
2897 838 2946 890 in
2973 845 3249 906 peccatum
3273 836 3414 889 Deus

1834 924 2010 995 primo
2037 925 2203 987 Adze,
2252 925 2394 980 unde
2439 926 2709 983 abstinere
2753 927 2828 982 illi
2881 928 3102 982 liberum
3148 926 3243 980 fuit
3275 943 3288 979 :
3319 927 3410 980 scd

1834 1014 1948 1086 ipse
1975 1014 2181 1084 primus
2203 1015 2370 1070 Adam
2402 1028 2606 1072 natura:
2635 1028 2741 1072 tam
2771 1018 3082 1072 excellentis
3111 1015 3228 1082 fuit,
3282 1030 3406 1086 quo-

1836 1108 1978 1162 niam
2025 1107 2207 1162 vitiata
2239 1124 2344 1161 non
2390 1108 2507 1170 fuit,
2549 1117 2608 1162 ut
2638 1116 2905 1176 peccatum
2950 1107 3067 1176 ejus
3109 1117 3212 1161 tam
3261 1107 3416 1171 longe

1832 1199 2004 1266 majus
2052 1206 2366 1254 cancrorum
2401 1200 2632 1267 peccatis
2657 1208 2823 1264 esset,
2848 1213 3004 1269 quam
3043 1198 3198 1268 longe
3226 1198 3415 1252 melior

1833 1288 1950 1358 ipse
1974 1288 2185 1344 ca‘teris
2209 1287 2308 1342 fuit
2334 1305 2348 1342 :
2383 1287 2525 1342 unde
2553 1298 2608 1342 et
2647 1303 2800 1358 paena
2827 1289 2962 1358 ejus,
2991 1303 3109 1358 qua:
3141 1295 3412 1358 peccatum
3449 1283 3454 1292 '

1831 1377 1948 1448 ejus
1975 1378 2226 1432 continuo
2269 1377 2550 1432 subsecuta
2571 1387 2673 1443 est,
2698 1387 2805 1432 tam
2827 1377 3044 1448 grandis
3062 1378 3328 1447 apparuit,
3357 1384 3415 1428 ut

1832 1469 2088 1524 continuo
2111 1469 2275 1523 etiam
2313 1477 2586 1525 teneretur
2615 1471 2933 1525 necessitate
2958 1469 3238 1532 moriendi.
3263 1467 3416 1537 cujus

1833 1562 2022 1617 eratin
2055 1571 2318 1632 potestate
2352 1577 2459 1618 non
2486 1563 2656 1629 mori;
2686 1563 2832 1618 etde
2857 1563 2974 1618 loco
2997 1571 3160 1618 tanta:
3189 1561 3416 1618 felicita-

1835 1656 1905 1712 tis
1927 1656 2070 1712 foras
2098 1659 2352 1713 continuo
2395 1657 2716 1719 mitteretur,
2747 1667 2804 1711 et
2829 1671 2861 1711 a
2903 1657 3046 1726 ligno
3071 1657 3194 1711 vita:
3241 1653 3416 1710 conti-

1833 1761 1940 1803 nuo
1983 1756 2272 1804 vetaretur.
2316 1747 2431 1803 Hoc
2467 1758 2643 1802 autem
2687 1747 2898 1818 quando
2947 1749 3143 1802 factum
3191 1755 3305 1810 est,
3360 1744 3416 1800 in

1834 1840 2027 1896 lumbis
2057 1838 2176 1910 ejus
2220 1848 2335 1896 erat
2373 1855 2544 1910 genus
2593 1841 2902 1894 humanum.
2949 1837 3099 1894 Unde
3126 1835 3418 1893 secundum

1833 1932 1943 2000 illa,
1994 1946 2115 2002 qua:
2143 1931 2416 2002 pratlocutl
2457 1945 2676 1995 sumus,
2701 1930 2860 1985 nimis
2878 1930 3084 1984 occulta
3113 1937 3170 1985 et
3191 1927 3430 1986 multum.

1834 2023 2062 2078 valentia
2089 2023 2349 2078 naturalia
2371 2022 2492 2093 jura
2524 2021 2845 2092 propaginis,
2873 2035 3209 2090 consequens
3229 2028 3421 2075 eratut

1834 2113 1923 2183 qui
1951 2123 2104 2169 erant
2128 2113 2180 2167 iu
2215 2112 2408 2168 lumbis
2433 2112 2548 2181 ejus
2590 2127 2686 2182 per
2725 2112 3211 2181 conicupiscentiam
3241 2111 3424 2166 carnis

1839 2204 2050 2261 venturi
2072 2205 2124 2259 in
2172 2205 2276 2264 hoc
2307 2205 2585 2271 saeculum,
2613 2203 2770 2259 simul
2812 2202 3224 2268 damnarentur;
3281 2201 3424 2256 sicut

1836 2311 2170 2369 consequens
2193 2305 2311 2353 erat
2347 2297 2522 2367 utqui
2552 2311 2618 2351 eo
2641 2295 2763 2366 jure
2801 2295 3105 2366 propaginis
3128 2301 3184 2349 et
3209 2294 3426 2348 ratione

1837 2387 2058 2446 seminis
2073 2389 2302 2444 erant-iu
2325 2388 2521 2443 lumbis
2548 2385 2802 2454 Abralw,
2825 2386 2984 2442 simul
3000 2385 3416 2441 decimareutur.

1837 2473 2036 2536 Omnes
2061 2481 2239 2549 itaque
2268 2478 2359 2534 ﬁlii
2388 2479 2516 2534 Ada:
2538 2479 2592 2533 in
2611 2479 2701 2534 illo
2726 2477 2929 2548 aspersi
2955 2485 3080 2532 sunt
3102 2475 3422 2546 contagione

1837 2571 2039 2641 peccati
2086 2579 2140 2626 et
2185 2571 2372 2625 mortis
2408 2569 2717 2625 conditione
2769 2567 3020 2624 devincti.
3073 2569 3150 2622 Ac
3197 2581 3292 2636 per
3321 2564 3422 2620 hoc

1837 2661 2081 2732 quamvis
2109 2661 2215 2716 sint
2242 2660 2463 2731 parvuli,-
2495 2669 2550 2716 et
2574 2660 2768 2716 bonum
2795 2659 3082 2730 quidquam
3108 2658 3192 2712 vel
3222 2657 3420 2711 malum

1841 2767 1948 2808 non
1976 2762 2134 2823 agant
2159 2751 2464 2814 voluntate;
2499 2761 2676 2806 tamen
2693 2751 2826 2821 quia
2853 2749 3024 2804 induti
3051 2758 3175 2804 sunt
3200 2748 3312 2814 illo,
3331 2747 3434 2818 qui

1842 2847 2116 2901 voluntate
2160 2845 2417 2917 peccavit,
2461 2845 2686 2900 trahunt
2718 2843 2787 2899 ab
2832 2842 2924 2897 illo
2962 2841 3162 2912 peccati
3193 2850 3431 2905 reatum,

1841 2938 2135 3008 mortisque
2161 2936 2479 3007 supplicium
2514 2952 2526 2988 :
2559 2934 2700 2988 sicut
2726 2931 2932 3004 parvuli
2973 2932 3063 3001 qni
3101 2929 3314 2987 Christo
3339 2929 3426 2982 in-

1841 3029 2092 3094 duuntur,
2123 3029 2367 3099 quamvis
2412 3026 2544 3081 nihil
2571 3024 2694 3080 boni
2733 3023 2955 3079 fecerint
2989 3035 3085 3076 sua
3129 3020 3425 3084 voluntate,

1841 3127 2056 3175 sumunt
2079 3118 2147 3174 ab
2176 3117 2270 3172 illo
2300 3117 2759 3186 participationem
2783 3113 3023 3182 justitizc,
3053 3119 3109 3165 et
3137 3111 3262 3165 vita:
3293 3125 3430 3179 pra:-

1844 3208 2008 3266 miutn
2039 3207 2396 3278 sempiternae.
2423 3205 2495 3258 Ita
2523 3206 2687 3258 forma
2722 3202 2880 3258 futuri
2902 3216 2934 3255 a
2960 3199 3228 3255 contrario
3268 3197 3428 3254 Chri-

1843 3308 1958 3356 stus
1974 3298 2294 3365 ostenditur,
2315 3307 2532 3367 propter
2549 3293 2690 3365 quod
2717 3294 2792 3348 ait
2813 3293 2950 3347 idem
2973 3291 3248 3361 apostolus
3271 3307 3283 3342 :
3314 3289 3436 3345 δίει

1844 3400 1900 3446 tu
1933 3390 2187 3444 induimus
2239 3388 2510 3459 imaginem
2539 3387 2739 3451 terreni,
2772 3385 3042 3440 iuduamus
3071 3393 3116 3437 et
3159 3381 3437 3451 imaginem

1845 3483 1952 3552 ejus
1975 3481 2061 3551 qui
2080 3481 2141 3534 de
2162 3479 2287 3534 cazlo
2326 3488 2399 3532 est
2429 3475 2471 3549 (Ι
2497 3474 2616 3536 Cor.
2642 3492 2730 3542 xv,
2757 3474 2870 3546 49).
2901 3475 3032 3542 Qua)
3051 3487 3172 3527 cum
3203 3472 3272 3526 ita
3303 3470 3432 3534 sint,

1847 3575 1936 3636 ille
1964 3575 2125 3640 dicat,
2159 3580 2378 3643 peccato
2417 3578 2473 3626 et
2519 3578 2692 3625 morte
2721 3567 2877 3638 primi
2925 3566 3093 3620 Adam
3138 3579 3244 3618 non
3285 3561 3433 3616 indui

1848 3667 1938 3738 qui
1966 3673 2277 3729 nascuntur,
2313 3661 2560 3734 quisquis
2581 3659 2762 3715 dicere
2789 3657 2982 3723 audet,
3013 3655 3216 3727 justitia
3245 3663 3301 3708 et
3327 3652 3437 3707 vita

1849 3760 2020 3817 Adam
2055 3756 2276 3816 secundi
2309 3771 2414 3810 non
2459 3753 2602 3809 indui
2626 3753 2716 3823 qui
2764 3759 3118 3806 renascuntur
3147 3765 3160 3800 :
3192 3744 3437 3816 quamvis

1851 3868 1950 3908 nec
1979 3852 2053 3906 illi
2077 3858 2352 3921 peccatum
2378 3845 2600 3902 fecerint
2628 3842 2769 3898 unde
2789 3841 3012 3896 liberum
3034 3847 3116 3894 est
3141 3837 3442 3901 abstinere,

1852 3960 1952 4001 nec
1976 3943 2062 3999 isti
2086 3941 2349 4008 justitiam
2379 3953 2536 4008 quam
2563 3935 2787 3990 liberum
2812 3940 2895 3986 est
2917 3929 3116 3986 facere.

1923 4034 2112 4092 XXIII.
2143 4033 2266 4090 Jun.
2323 4048 2341 4082 ι
2381 4028 2512 4083 Illud
2553 4042 2680 4097 ergo
2721 4031 3030 4095 peccaturo,
3079 4017 3239 4091 quod.
3265 4018 3440 4088 ipsum

1856 4129 2124 4186 hominem
2171 4125 2226 4180 in
2266 4121 2515 4194 paradiso
2542 4121 2594 4174 in
2638 4117 2787 4188 pejus
2813 4115 3068 4178 mutavit,
3106 4111 3227 4180 quia
3275 4108 3443 4164 multo

1855 4231 1937 4277 est
1963 4218 2219 4290 grandius
2261 4229 2418 4285 quam
2449 4212 2690 4283 judicare
2731 4221 2832 4266 nos
2853 4215 3166 4276 possumus,
3195 4199 3261 4252 ah
3298 4197 3444 4277 omni

1856 4285 2107 4368 nascente
2153 4305 2380 4362 trahitur
2420 4323 2438 4356 ι
2489 4301 2590 4372 (De
2645 4298 2857 4370 Nuptiis
2893 4305 2940 4349 et
2986 4285 3397 4362 Coucﬁpiscentia
3426 4327 3443 4354 ,

1857 4400 1943 4455 lib.
1972 4399 2047 4465 2,
2117 4415 2169 4450 n.
2211 4395 2322 4466 58).
2372 4393 2500 4462 Quis
2556 4390 2660 4445 tihi.
2697 4389 2831 4443 dixit
2874 4385 3125 4456 quoniam
3167 4388 3444 4451 peccatum

1858 4490 1989 4564 Adae
2013 4488 2181 4545 multo
2210 4486 2368 4542 fuerit
2409 4481 2659 4554 grandius
2688 4494 2844 4550 quam
2872 4473 3045 4530 Cain?
3087 4472 3252 4528 multo
3280 4470 3446 4524 etiam

1858 4597 2018 4653 quam
2037 4578 2430 4644 Sodomitarum
2453 4576 2475 4628 ’ἰ
2495 4573 2662 4628 multo
2686 4579 2954 4642 postremo
2977 4565 3260 4622 immanius
3289 4575 3446 4633 quam

1859 4681 2008 4730 tuum
2035 4680 2195 4742 atque
2239 4665 2556 4724 Manichzei?
2597 4664 2756 4719 Certe
2800 4662 2850 4715 iu
2881 4659 3098 4714 historia
3123 4656 3266 4714 nulla
3297 4655 3444 4718 istius

1860 4763 2108 4819 vanitatis
2155 4763 2420 4818 invenitur
2444 4756 2676 4814 occasio.
2707 4753 2920 4810 Iussum
2963 4750 3134 4808 fuerat
3173 4757 3231 4808 ut
3273 4747 3448 4806 edulio

1863 4857 2020 4922 unius
2049 4853 2259 4910 arboris
2280 4852 2572 4925 abstineret
2601 4867 2613 4902 :
2646 4846 2821 4913 rudis,
2848 4841 3154 4914 imperitus,
3182 4841 3447 4906 incautus,

1863 4949 1982 5004 sine
2029 4945 2396 5016 experimento
2448 4939 2688 5005 timoris,
2740 4937 2855 4992 sine
2903 4931 3151 5004 exemplo
3197 4929 3449 5001 justitiae,

1865 5044 2113 5110 suggestu
2145 5033 2383 5090 mulieris
2407 5028 2680 5100 usurpavit
2707 5040 2884 5081 escam
2907 5063 2922 5089 ,
2953 5023 3105 5093 cujus
3133 5022 3378 5077 illexerat
3399 5032 3454 5076 et

1863 5127 2142 5194 suavitas,
2181 5134 2234 5178 et
2276 5130 2546 5179 venustas.
2591 5117 2725 5173 Vide
2777 5116 2794 5147 ⁸
2842 5114 2929 5171 hic
2981 5111 3454 5183 transgressionem

1866 5220 2028 5278 fuisse
2058 5216 2312 5288 mandati.
2346 5213 2592 5268 Admissa
2619 5218 2703 5266 est
2731 5205 3098 5279 pratvaricatio
3127 5217 3228 5258 uua
3255 5201 3322 5255 de
3350 5215 3454 5253 ca:-

1870 5311 2018 5375 teris,
2066 5322 2198 5378 quas
2252 5303 2474 5359 diversis
2520 5299 2845 5371 temporibus
2898 5293 3228 5365 peccantium
3280 5292 3454 5342 studia

1871 5405 2242 5472 perpelrarunt
2269 5413 2281 5448 :
2312 5410 2418 5449 non
2459 5395 2556 5448 fuit
2579 5389 2834 5462 amplius,
2861 5398 3020 5454 quam
3067 5397 3187 5436 cum
3230 5375 3455 5448 populus

1875 5470 2088 5549 lsraelis
2135 5486 2434 5544 interdictis
2479 5483 2723 5540 utebatur
2747 5476 3084 5534 animalibus.
3115 5473 3284 5528 Causa
3311 5470 3466 5526 enim

1872 5579 2071 5659 peccati
2100 5577 2238 5632 haud
2264 5578 2314 5630 in
2346 5575 2600 5644 qualitate
2622 5568 2765 5642 pomi
2793 5573 2932 5629 erat,
2957 5561 3052 5618 sed
3082 5563 3134 5616 in
3166 5570 3462 5630 transgresg

1874 5655 2024 5729 sione
2053 5667 2306 5724 mandati.
2332 5663 2468 5734 Quid
2500 5678 2625 5735 ergo
2665 5659 2768 5718 tale
2795 5655 2922 5713 fecit
2945 5656 3132 5720 Adam,
3171 5662 3230 5710 ut
3269 5665 3459 5709 Decen-

1940 5783 1957 5818 ι
1987 5782 2147 5833 {index
2171 5786 2318 5838 Fort,
2341 5776 2489 5830 rideo.
