3958 6494
598 359 738 415 1555

597 482 708 528 ιιιιιι
734 470 849 540 ejus
866 467 1132 524 exstitisse
1158 479 1314 534 supra
1339 460 1740 515 aestimationem
1769 455 2042 509 lnnninum
2071 451 2176 506 cri-

604 557 868 616 mineris?
906 556 1016 612 Nisi
1044 555 1180 609 forte
1206 553 1381 608 ethoc
1405 547 1699 605 secundum
1726 544 1978 617 mysteria
2009 541 2178 596 Mani-

557 637 572 710 ί.
604 653 739 708 chaei
759 692 775 716 ,
792 649 933 721 quia
955 645 1296 716 decerptione
1318 657 1593 714 pomorum
1621 649 1675 694 et
1697 638 1935 694 omnium
1961 649 2183 690 nascen-

561 731 574 746 ”
603 743 734 798 tium
760 753 951 795 manus
975 736 1208 800 cohibet,
1235 749 1302 790 ne
1325 741 1524 804 partem
1554 732 1646 786 Dei
1676 731 1758 786 sui
1787 729 2001 792 laceret,
2024 740 2180 797 quam

563 821 568 824 ”
604 831 894 890 corticibus
911 839 963 884 et
987 827 1313 901 graminibus
1329 825 1576 896 opinatur
1599 824 1876 888 inclusam,
1902 829 1957 876 tu
1975 833 2184 890 quoque

567 985 573 997 λ
609 922 776 978 Adam
799 919 1034 992 graviter
1057 917 1361 988 deliquisse,
1385 916 1510 987 quia
1530 931 1650 970 cum
1671 929 1766 969 esu
1793 913 1956 984 pomi,
1987 912 2079 966 Dei
2110 909 2184 963 tui

561 1001 567 1011 ’
612 1011 957 1069 substantiam
979 1009 1310 1072 laceraverit,
1329 1007 1624 1063 arbitraris.
1648 1004 1970 1061 Ofurorem!
2005 1019 2023 1052 ι
2053 1001 2186 1069 Quia

608 1103 778 1158 multo
801 1111 884 1157 est
902 1100 1155 1172 grandius
1180 1099 1306 1154 illud
1331 1105 1625 1169 peccatum,
1648 1110 1806 1165 quam
1827 1093 2065 1164 judicare
2090 1105 2190 1146 nos

607 1204 925 1260 possumus,
948 1189 1017 1243 ab
1045 1189 1211 1254 omni,
1248 1207 1267 1241 ι
1296 1187 1494 1259 inquit,
1531 1205 1550 1239 ι
1580 1193 1832 1241 nascente
1881 1183 2126 1238 trahitur.
2164 1199 2184 1233 ι

607 1280 778 1351 Majns
809 1295 941 1351 ergo
969 1281 1066 1335 fuit
1093 1279 1293 1334 crimen
1326 1294 1541 1349 pomum
1563 1278 1754 1342 edere,
1780 1290 1900 1330 cum
1931 1290 2035 1328 non
2063 1273 2192 1328 liee-

607 1383 718 1440 ret,
749 1387 909 1444 quam
927 1381 1170 1428 sanctum
1198 1371 1330 1425 Abel
1357 1368 1654 1440 parricidali
1693 1367 1863 1422 livore
1883 1362 2191 1428 confodere,

607 1480 768 1534 quam
795 1465 1062 1536 hospitum
1106 1465 1158 1518 in
1184 1461 1435 1519 Sodomis
1462 1468 1516 1516 et
1557 1473 1779 1514 sexuum
1818 1455 1936 1526 jura
1963 1454 2190 1519 violare,

607 1571 769 1626 quam
798 1555 936 1614 filios
974 1571 1103 1612 suos
1137 1555 1247 1625 jam
1277 1553 1375 1608 sub
1403 1553 1518 1623 lege
1564 1549 1840 1606 daemoniis
1884 1547 2190 1613 immolare,

604 1663 771 1716 quam
801 1648 1113 1704 innocentes
1140 1658 1410 1718 postremo
1437 1644 1634 1700 nullius
1669 1642 1912 1698 conscios
1940 1641 2194 1695 volunta-

609 1745 681 1798 tis
697 1783 715 1810 ,
738 1757 926 1799 recens
950 1756 1087 1813 opus
1108 1740 1202 1798 Dei
1221 1781 1238 1808 ,
1263 1737 1460 1794 diaboli
1483 1751 1648 1808 regno
1665 1735 1897 1791 subdere
1915 1773 1934 1802 ,
1964 1732 2199 1789 meritis-

611 1847 718 1904 que
758 1833 1115 1904 conjungere,
1163 1845 1322 1902 quam
1386 1829 1552 1883 Deum
1599 1825 1892 1896 iniquitatis
1935 1836 2191 1894 arguere,

609 1939 771 1995 quam
798 1923 1138 1979 honorabiles
1168 1922 1378 1993 nuptias
1406 1919 1745 1976 tenebrarum
1775 1916 2000 1990 principi
2029 1915 2197 1986 depu-

611 2027 760 2085 tare,
789 2025 1062 2089 postrcmo
1105 2017 1390 2089 parvulos,
1435 2015 1556 2086 quia
1600 2021 1888 2069 nascantur
1912 2027 2008 2082 per
2029 2025 2198 2081 gened

609 2109 846 2164 nntium
873 2109 1203 2180 voluptatem
1225 2149 1241 2175 ,
1273 2107 1521 2163 omnibus
1541 2105 1807 2176 profanis,
1838 2103 2088 2159 omnibus
2111 2102 2195 2172 pi-

610 2199 742 2255 ratis
768 2200 980 2271 pejores
1011 2198 1238 2268 putare?
1274 2197 1427 2267 Quod
1455 2212 1560 2252 non
1604 2196 1778 2267 fingo,
1823 2194 1919 2250 sed
1957 2194 2195 2265 colligo:

610 2298 671 2344 tu
690 2291 888 2362 quippe
911 2290 1042 2352 illud
1069 2299 1342 2361 peccatum
1365 2290 1434 2344 ita
1463 2288 1723 2345 universis
1745 2286 2059 2347 criminibus
2078 2301 2195 2342 ma-

605 2382 697 2451 jus
741 2381 1102 2452 grandiusque
1125 2380 1335 2448 dixisti,
1375 2389 1434 2435 ut
1480 2379 1626 2434 nullo
1672 2378 1840 2449 possit
1878 2376 2192 2448 zequiparari

609 2481 782 2527 reatu.
813 2471 983 2543 Hujus
1006 2483 1183 2527 autem
1227 2481 1334 2526 tam
1370 2470 1495 2526 mali
1542 2470 1740 2541 magni,
1764 2469 1905 2540 quod
1949 2469 2196 2524 omnibus

609 2562 754 2617 vitiis
780 2564 1184 2633 praeponderat,
1214 2563 1400 2633 plenos
1424 2561 1676 2618 advenire
1708 2561 1954 2632 parvulos
1979 2575 2196 2615 asseve-

609 2668 719 2710 ras.
752 2654 898 2711 Bene
925 2656 1102 2726 itaque
1127 2654 1518 2723 intelleximus,
1562 2654 1704 2726 quod
1748 2662 1950 2724 quanto
1978 2653 2196 2724 majoris

609 2748 816 2815 peccati
845 2749 1130 2819 participes
1156 2757 1307 2815 sunt,
1341 2757 1488 2804 tanto
1520 2748 1575 2804 in
1598 2747 2046 2804 condemnatione
2074 2761 2196 2803 sce-

607 2839 759 2896 lestis
784 2841 1034 2896 omnibus
1063 2839 1433 2912 praeferantur.

684 2931 820 2987 Anc.
840 2931 1064 3000 Propter
1083 2930 1240 2986 verba
1263 2945 1403 2997 mea,
1425 2946 1544 3001 qum
1569 2930 1791 3000 posuisti
1809 2930 1878 2986 de
1898 2929 2033 2985 libro
2051 2943 2194 2995 meo,

608 3023 755 3075 velut
778 3021 1089 3086 refellenda,
1135 3021 1180 3075 si
1212 3037 1395 3090 posses
1415 3063 1430 3088 ,
1461 3022 1550 3075 ubi
1575 3021 1684 3075 dixi
1711 3062 1726 3088 ,
1762 3020 1902 3074 Illud
1930 3037 2047 3091 ergo
2076 3036 2196 3089 pec-

610 3125 780 3168 catum
799 3115 936 3184 quod
965 3115 1017 3168 in
1056 3115 1294 3184 paradiso
1317 3115 1484 3183 ipsum
1508 3114 1759 3167 hominem
1785 3113 1991 3167 mutavit
2021 3113 2073 3166 in
2105 3129 2196 3177 pe-

599 3207 692 3278 jus
709 3247 724 3270 ,
768 3205 887 3274 quia
911 3205 1070 3258 multo
1094 3214 1164 3258 est
1190 3205 1433 3274 grandius
1460 3220 1612 3275 quam
1635 3204 1872 3276 judicare
1894 3220 1985 3258 nos
2015 3218 2165 3272 possit
2181 3231 2198 3245 ο

608 3311 744 3360 mus,
773 3294 838 3349 ab
860 3295 997 3349 omni
1021 3304 1254 3349 nascente
1283 3295 1500 3348 trahitur
1518 3295 1744 3366 :qnzeris
1762 3309 1791 3348 a
1817 3309 1904 3350 me
1922 3294 2042 3365 quis
2066 3293 2196 3348 mihi

613 3385 843 3451 dixerit,
875 3386 1016 3457 quod
1059 3397 1328 3456 peccatum
1363 3385 1494 3441 Adae
1537 3387 1704 3441 multo
1738 3385 1898 3442 fuerit
1946 3386 2198 3458 grandius

610 3495 770 3547 quam
807 3477 974 3546 Cain,
1003 3479 1173 3534 multo
1203 3479 1361 3534 etiam
1402 3493 1561 3549 quam
1590 3477 2004 3534 Sodomitarum.
2044 3478 2196 3546 Quod

606 3583 708 3640 ego
729 3569 941 3640 quidem
960 3585 1064 3625 non
1081 3571 1318 3639 expressi
1340 3569 1516 3624 verbis
1546 3571 1696 3636 meis,
1720 3569 1816 3625 sed
1841 3584 1904 3624 ea
1932 3577 1986 3623 tu
2011 3569 2090 3625 sic
2119 3572 2199 3624 in-

610 3663 858 3719 tellexisti
883 3678 1016 3732 :cgo
1043 3663 1184 3718 enim
1205 3662 1314 3718 dixi
1348 3662 1600 3733 grandius
1626 3678 1783 3733 quam
1819 3662 2060 3732 judicare
2100 3677 2200 3718 nos

611 3768 895 3822 possumus
914 3753 1043 3808 illud
1059 3768 1178 3808 esse
1201 3761 1472 3823 peccatum
1493 3769 1506 3819 ;
1527 3767 1630 3806 non
1647 3752 1754 3806 dixi
1772 3751 2024 3823 grandius
2039 3767 2198 3824 quam

609 3846 744 3901 Cain
773 3847 854 3901 vel
884 3845 1301 3902 Sodomitarum.
1339 3845 1600 3900 Prohibiti
1631 3846 1773 3900 enim
1804 3845 1946 3915 pomi
1975 3858 2198 3914 usurpa-

611 3942 708 4005 tio,
738 3941 988 4011 quoniam
1020 3942 1099 3997 sic
1124 3940 1387 3995 vindicata
1409 3949 1513 4007 est,
1538 3947 1594 3994 ut
1621 3948 1806 3994 natura
1827 3954 1946 4010 qua:
1966 3946 2201 4010 potesta-

617 4039 725 4085 tem
753 4046 857 4088 non
885 4031 1148 4086 moriendi
1175 4032 1437 4097 habebat,
1471 4031 1688 4085 haberet
1717 4029 1978 4085 moriendi
2009 4044 2198 4085 neces-

610 4125 844 4191 sitatem,
874 4124 1058 4194 procul
1082 4122 1245 4178 dubio
1269 4122 1466 4192 judicia
1491 4131 1677 4178 cuncta
1704 4122 1915 4177 excedit
1943 4122 2194 4176 humana.

610 4214 836 4274 Pomum
864 4218 1059 4288 quippe
1076 4217 1195 4288 lege
1217 4217 1311 4272 Dei
1331 4217 1547 4272 vetitum
1573 4216 1923 4284 manducare,
1964 4217 2081 4271 leve
2117 4217 2199 4272 vi-

611 4308 830 4364 deretur
855 4321 975 4364 esse
991 4317 1265 4376 peccatum
1287 4324 1300 4360 :
1319 4306 1412 4362 sed
1432 4307 1610 4376 quanti
1629 4307 1726 4361 hoc
1749 4307 2090 4361 mstimaverit
2106 4307 2198 4378 qui

611 4416 717 4456 non
737 4410 917 4472 potest.
931 4399 1066 4468 falli,
1083 4401 1211 4455 satis
1225 4409 1444 4470 apparet
1462 4401 1760 4470 granditate
1778 4399 2044 4469 supplicii.
2065 4398 2198 4455 Cain

611 4507 742 4548 vero
780 4491 1067 4549 fratricida:
1091 4503 1311 4563 apparet
1337 4491 1583 4546 omnibus
1616 4491 1848 4545 immane
1876 4498 2148 4560 peccatum
2178 4531 2196 4557 ,

611 4584 867 4640 etscelus
893 4598 1014 4640 esse
1041 4591 1249 4639 constat
1279 4581 1604 4638 horrendum
1653 4597 1668 4636 :
1721 4581 1863 4653 quod
1909 4582 1992 4649 si,
2037 4589 2098 4636 ut
2141 4590 2200 4637 tu

612 4675 746 4732 facis
765 4717 780 4742 ,
825 4691 984 4746 pomo
1013 4675 1197 4731 illicito
1221 4674 1507 4744 decerpto,
1542 4689 1637 4744 per
1664 4672 1950 4728 humanum
1982 4687 2199 4742 compa-

614 4777 765 4822 retur
788 4781 1046 4834 examen,
1094 4765 1315 4823 ridicula
1359 4766 1686 4836 comparatio
1711 4764 2063 4836 judicabitur;
2105 4765 2200 4836 qui

616 4870 794 4914 tamen
864 4857 1164 4922 fratricida,
1215 4859 1457 4929 quamvis
1514 4858 1832 4930 quandoque
1877 4859 2196 4924 moriturus,

616 4963 718 5004 nec
746 4958 918 5004 morte
958 4948 1172 5018 punitus
1215 4957 1328 5013 est.
1373 4965 1474 5020 qua
1503 4951 1678 5006 solent
1707 4949 1951 5005 humanis
1983 4948 2199 5020 iudiciis

616 5039 741 5094 talia
772 5038 1000 5095 erimina
1026 5039 1308 5095 vindicari.
1340 5040 1424 5095 Ait
1452 5041 1648 5111 quippe
1677 5040 1751 5095 illi
1782 5041 1922 5095 Deus
1953 5057 1968 5095 :
2003 5039 2199 5112 Opera-

612 5130 743 5185 bcris
781 5138 989 5198 terram,
1014 5139 1062 5186 et
1085 5148 1185 5186 non
1212 5129 1416 5200 adjiciat
1455 5132 1684 5184 virtutem
1722 5147 1868 5184 suam
1915 5130 2040 5186 dare
2075 5132 2200 5198 tibi;

613 5239 816 5292 gemens
843 5231 890 5278 et
917 5231 1132 5278 tremens
1155 5223 1254 5278 eris
1272 5237 1425 5294 super
1449 5232 1652 5275 terram.
1703 5222 1915 5278 Etcum
1965 5223 2053 5278 ille
2100 5239 2200 5279 au-

615 5316 771 5370 diens
799 5321 995 5369 terram
1034 5328 1140 5369 non
1189 5312 1287 5368 sibi
1337 5312 1580 5366 daturam
1629 5309 1856 5368 fructum
1903 5311 2198 5370 secundum

616 5405 855 5461 iuberem
881 5418 1037 5460 suum
1055 5445 1070 5470 ,
1099 5415 1155 5459 et
1181 5418 1342 5473 super
1371 5417 1487 5458 eam
1511 5418 1630 5458 cum
1659 5404 1857 5474 gemitu
1886 5413 1941 5460 et
1968 5414 2200 5461 tremore

603 5491 870 5552 'rniserum
897 5490 957 5552 se
987 5495 1258 5560 futurum,
1287 5494 1454 5566 magis
1483 5495 1670 5549 mortis
1701 5493 1982 5552 formidine
2009 5504 2198 5568 quate-

611 5598 782 5656 retur,
813 5603 882 5644 ne
926 5588 1045 5659 quis
1091 5587 1140 5643 ei
1173 5585 1402 5651 faceret,
1451 5585 1592 5658 quod
1642 5587 1757 5657 ipse
1786 5587 1984 5644 fecerat
2011 5587 2195 5654 fratri;

616 5681 788 5749 posuit
815 5679 873 5736 ei
915 5681 1052 5735 Deus
1077 5679 1317 5750 signum,
1351 5695 1418 5734 ne
1448 5679 1724 5748 quisquam
1754 5696 1875 5735 cum
1895 5723 1910 5745 ,
1957 5696 2077 5737 cum
2111 5680 2194 5736 in-

614 5775 878 5839 venisset,
909 5771 1175 5828 occideret
1219 5769 1368 5842 (Gen.
1401 5789 1473 5840 ιν,
1523 5771 1588 5826 12
1623 5802 1643 5811 -
1680 5773 1798 5844 l5).
1859 5773 1954 5828 llic
2007 5787 2192 5829 rursus

1274 350 1516 408 OPERIS
1557 326 1963 424 [MPERFEC'H
2002 337 2274 396 CONTRA
2311 335 2676 402 JULIANUM,
2716 335 2775 393 S.
2816 335 3188 394 AUGUSTINI
3661 351 3747 413 κω

2296 448 2480 520 ingens
2524 449 2680 519 culpa
2704 490 2720 515 ,
2752 459 2806 504 et
2857 449 2996 504 levis
3038 465 3199 519 pinna
3236 468 3248 502 :
3281 448 3373 504 sed
3417 451 3643 512 hominum
3673 464 3758 532 jtui.

2291 541 2387 595 ciis
2428 540 2530 596 hoc
2567 541 2794 608 videtur,
2815 542 2905 612 qui
2945 559 3044 598 nec
3081 542 3344 614 mysteria
3379 544 3471 598 ista
3504 561 3761 625 agnam“

2291 643 2346 687 et
2372 632 2645 687 hominum
2674 633 2859 703 culpas
2890 644 2995 690 tam
3040 635 3249 706 liquido
3295 643 3448 705 atque
3493 637 3658 708 integro
3687 661 3763 703 ω.

2294 726 2467 788 mine,
2495 741 2652 796 quam
2705 726 2846 781 Deus
2893 742 3115 795 pensare
3158 742 3275 783 non
3323 739 3546 798 possunt.
3571 733 3768 797 Sodoma

2293 835 2420 874 Sane
2446 821 2566 890 igne
2617 834 2779 890 super
2831 819 2973 874 illam
3022 829 3227 876 terram
3281 821 3516 876 veniente
3576 823 3631 880 de
3661 832 3770 900 cdo,

2296 925 2452 980 paena
2507 912 2621 966 suis
2670 910 2821 965 factis
2849 922 3176 981 congruente
3197 953 3215 978 ,
3251 920 3377 966 sunt
3399 919 3656 986 consumpti
3679 921 3769 989 (Cea.

2298 1018 2411 1067 xix,
2467 1000 2624 1071 1-9.5)
2655 1019 2668 1054 :
2699 1002 2793 1056 sed
2841 1001 2911 1056 ibi
2955 1011 3107 1056 erant
3151 1012 3209 1058 et
3267 1003 3487 1071 parvuli,
3525 1013 3570 1058 te
3613 1018 3770 1079 patrono,

2297 1095 2414 1164 puri
2477 1104 2532 1149 et
2579 1095 2730 1150 liberi
2784 1095 2852 1149 ab
2902 1094 3048 1149 omni
3098 1095 3426 1164 contagione
3479 1101 3683 1167 peccati,
3723 1122 3776 1165 nu

2297 1194 2474 1241 tamen
2495 1185 2674 1256 justus
2704 1196 2760 1241 et
2783 1186 3090 1242 misericors
3115 1185 3268 1241 Deus
3297 1195 3377 1240 tot
3398 1187 3669 1244 innocentes
3699 1193 3775 1249 im-

2296 1282 2448 1352 gincs
2471 1295 2597 1336 suas
2625 1296 2722 1352 per
2747 1279 3073 1352 Angelornm
3123 1280 3506 1347 ministerium,
3529 1283 3648 1352 quod
3681 1288 3714 1340 ei
3731 1289 3775 1342 ιιι

2297 1373 2552 1429 cillimum
2580 1371 2699 1442 fuit,
2729 1383 2854 1429 ante
2897 1375 3074 1444 rapuit
3097 1372 3164 1429 de
3214 1372 3468 1428 incendio
3508 1373 3775 1446 Sodomorum,

2297 1471 2388 1518 aut
2412 1463 2550 1520 sicut
2571 1464 2741 1518 tribus
2760 1462 2868 1518 illis
2893 1464 2944 1518 in
2971 1463 3181 1519 camino
3202 1462 3340 1518 viris
3365 1462 3521 1534 (Dan.
3545 1479 3609 1530 Ill,
3631 1467 3695 1528 ω.
3715 1471 3776 1539 50),

2299 1555 2541 1610 innoxias
2568 1555 2646 1610 eis
2673 1555 2912 1610 flammas
2935 1597 2951 1622 ,
2975 1556 3170 1626 quibus
3194 1566 3450 1626 parentes
3473 1571 3634 1611 eorum
3652 1573 3779 1615 creua

2300 1651 2514 1718 bantur,
2539 1649 2879 1721 omnipotens
2907 1651 3155 1722 praebuit.
3186 1650 3302 1706 Ista
3330 1649 3593 1705 considera
3613 1693 3626 1716 ,
3647 1653 3777 1711 isudi-

2300 1742 2526 1813 ligenter
2551 1751 2606 1799 et
2634 1744 2719 1813 pie
2742 1745 2952 1814 cogita;
2981 1753 3038 1801 et
3063 1744 3257 1799 videns
3281 1743 3338 1798 in
3368 1743 3470 1798 hoc
3495 1746 3664 1800 s:eculo
3681 1750 3780 1816 pusil-

2299 1833 2380 1888 los
2403 1849 2522 1888 cum
2550 1834 2788 1906 magnis,
2837 1835 3034 1905 pariter
3056 1834 3257 1898 talibus
3301 1834 3530 1890 miseriis
3568 1835 3777 1906 subjicere,

2299 1927 2482 1996 quales
2501 1926 2647 1981 nullo
2674 1926 2832 1981 modo
2855 1935 3076 1998 possent
3104 1927 3159 1982 in
3189 1926 3288 1981 Dei
3319 1925 3590 1996 paradiso,
3624 1929 3659 1982 si
3690 1945 3780 1985 nemo

2299 2023 2607 2085 peccasset,
2640 2017 2901 2081 existere;
2932 2031 3164 2088 agnosce
3187 2015 3457 2086 originale
3494 2026 3734 2086 peccatum,
3753 2031 3779 2076 tt

2293 2105 2494 2176 justum
2535 2122 2696 2178 grave
2732 2106 2915 2178 jugum
2961 2122 3122 2177 super
3150 2107 3295 2162 filios
3324 2106 3492 2161 Adam
3519 2121 3548 2161 a
3581 2105 3653 2162 die
3679 2110 3782 2163 exitia

2298 2195 2365 2253 de
2392 2206 2577 2254 ventre
2605 2199 2790 2253 matris
2833 2212 3019 2253 eorum
3049 2197 3238 2269 (Ecctt'.
3287 2212 3380 2265 ιι,
3427 2195 3484 2268 ι)
3508 2213 3522 2251 :
3549 2205 3596 2252 et
3630 2197 3708 2251 noli
3731 2214 3780 2254 ent

2301 2300 2388 2344 tua
2413 2289 2724 2346 defensione
2764 2292 2993 2360 amplius
3021 2301 3349 2361 aggravare,
3395 2289 3594 2358 aegrotis
3615 2289 3678 2343 vel
3696 2304 3779 2344 mu-

2301 2383 2403 2436 tuis
2447 2384 2766 2438 salvatorem
2794 2394 2848 2438 ct
2877 2383 3261 2438 vivificatorem
3303 2381 3566 2452 denegans
3585 2380 3776 2435 Christus.

2297 2473 2431 2528 Nam
2457 2473 2502 2528 si
2529 2473 2725 2545 quaeris
2747 2515 2761 2540 ,
2789 2474 2909 2545 quis
2934 2473 3061 2528 mihi
3091 2473 3294 2529 dixerit
3313 2488 3472 2543 quam
3496 2487 3777 2542 magnumne-

2298 2576 2472 2622 catum
2504 2565 2670 2621 Adam
2702 2567 3052 2637 perpetrarit,
3086 2567 3202 2637 ipse
3229 2573 3317 2622 est
3337 2565 3428 2635 qui
3471 2564 3591 2620 dixit
3622 2575 3664 2621 et
3700 2565 3776 2617 tibi:

2297 2656 2394 2711 sed
2431 2655 2476 2711 si
2509 2655 2676 2712 babes
2721 2672 2878 2712 aures
2917 2657 3197 2722 audiendi,
3245 2657 3434 2712 audies
3475 2672 3608 2721 eum;
3643 2656 3777 2710 habebis

2298 2757 2475 2803 autem
2498 2763 2624 2816 eas,
2651 2749 2696 2803 si
2727 2764 2833 2804 non
2863 2747 2982 2806 illas
3024 2758 3142 2805 tuas
3179 2749 3410 2805 arbitrio
3439 2749 3643 2812 tribuas,
3665 2748 3779 2802 salii

2299 2839 2393 2895 illo
2419 2840 2649 2910 accipias
2677 2841 2764 2912 qui
2789 2840 2951 2908 dixit,
2980 2839 3127 2896 Dabo
3163 2842 3238 2896 eis
3278 2857 3368 2895 cor
3393 2840 3679 2911 cognoscendi
3708 2856 3774 2903 ιιι,

2297 2937 2345 2982 et
2369 2945 2516 3007 aures
2557 2930 2817 2987 audientes
2844 2929 3094 3004 (Baruch.
3134 2947 3206 2998 ιι,
3259 2931 3376 3004 51).
3421 2930 3542 2998 Quis
3572 2930 3776 2991 enim,uisi

2299 3021 2388 3090 qui
2413 3021 2606 3077 talibus
2632 3023 2848 3078 auribus
2871 3033 3047 3089 caret,
3092 3037 3199 3078 non
3244 3021 3397 3077 audit
3421 3021 3694 3090 Scriptorum
3710 3020 3774 3072 sine

2302 3113 2408 3169 ulla
2434 3114 2758 3171 obscuritate
2783 3115 2868 3171 vel
2885 3115 3230 3186 ambiguitate
3250 3113 3512 3170 dicentem
3539 3111 3695 3166 homini
3714 3110 3776 3176 pi-

2300 3219 2390 3258 mo
2415 3206 2679 3274 peccatori
2698 3246 2714 3272 ,
2739 3204 2894 3260 Terra
2915 3221 2995 3273 es,
3021 3214 3067 3260 et
3087 3205 3140 3259 in
3162 3214 3354 3260 terram
3374 3203 3467 3259 ibis
3487 3201 3617 3274 (Gen.
3638 3215 3695 3264 ιιι,
3711 3198 3773 3265 l9]!

2301 3293 2402 3350 Ubi
2426 3295 2702 3352 evidenter
2729 3295 3049 3362 ostenditur,
3078 3310 3182 3351 non
3234 3311 3361 3352 eum
3403 3294 3558 3350 fuisse
3581 3292 3648 3346 vel
3679 3304 3774 3344 cule

2301 3386 2638 3454 moriturum,
2668 3386 2721 3443 id
2741 3395 2844 3454 est,
2875 3387 2928 3443 in
2957 3396 3153 3444 terram
3169 3430 3183 3453 ,
3215 3387 3360 3442 unde
3383 3399 3503 3441 caro
3526 3383 3624 3453 ejus
3644 3386 3772 3448 sumpta

2301 3475 2501 3544 fuerat,
2535 3489 2708 3534 morte
2735 3479 2899 3549 ipsius
2922 3481 3100 3535 carnis
3127 3481 3359 3544 iturum,
3390 3477 3486 3532 nisi
3513 3483 3774 3546 propterpr-

2301 3577 2476 3623 catum
2504 3568 2606 3624 hoc
2628 3569 2813 3626 audire
2838 3572 3148 3642 pcrpetique
3177 3571 3494 3634 meruisset,
3519 3565 3636 3620 unde
3663 3571 3770 3633 postea

2301 3659 2434 3716 dixit
2461 3663 2778 3732 Apostolus,
2806 3662 3000 3734 Corpus
3027 3663 3229 3734 quidem
3273 3671 3519 3718 utentium
3558 3667 3617 3712 est
3649 3662 3772 3724 propin

2302 3761 2561 3820 peccatum
2611 3750 2782 3823 (Rom.
2821 3769 2928 3820 vn,
2961 3753 3073 3825 10).
3105 3754 3235 3821 Quis
3286 3769 3391 3808 non
3418 3750 3604 3815 audiat,
3630 3745 3702 3800 nisi
3723 3742 3772 3810 qui

2303 3843 2437 3899 tales
2457 3859 2613 3899 aures
2643 3860 2747 3900 non
2774 3845 2954 3912 habet,
2976 3845 3239 3902 dicentem
3273 3848 3434 3902 Deum
3455 3843 3519 3900 de
3541 3843 3637 3912 ipso
3655 3836 3770 3894 Adam.

2304 3932 2389 3988 Ne
2413 3933 2688 4006 aliquando
2715 3938 2949 3991 extendat
2975 3954 3181 3991 manum
3205 3954 3372 3999 suam,
3400 3947 3443 3990 et
3473 3941 3616 3988 sumat
3630 3929 3678 3984 de
3693 3929 3771 3996 liglt

2303 4026 2436 4092 uitta,
2465 4035 2510 4080 et
2535 4027 2669 4092 edat,
2697 4036 2742 4081 et
2760 4027 2892 4081 vivat
2921 4029 2973 4082 in
2997 4039 3279 4093 auct-num,-
3309 4038 3354 4083 et
3381 4025 3554 4080 dimisit
3588 4022 3696 4075 illum
3713 4015 3770 4068 θοι

2303 4120 2469 4174 minus
2497 4119 2560 4174 de
2594 4119 2831 4192 paradiso
2857 4122 3131 4192 voluptatis
3163 4121 3316 4192 (Gen.
3362 4137 3436 4187 ιιι,
3478 4117 3559 4182 22,
3584 4112 3686 4182 25)?
3715 4107 3770 4162 [δέ

2305 4212 2485 4281 utique
2513 4212 2628 4266 sine
2654 4212 2837 4268 labore
2863 4222 2917 4268 et
2943 4214 3128 4268 dolore
3153 4214 3264 4268 ullo
3295 4215 3485 4268 viveret
3513 4211 3556 4262 in
3578 4214 3764 4260 arternnm.

2307 4306 2559 4376 Voluptas
2583 4306 2780 4377 quippe
2829 4307 2917 4361 illa
2943 4307 3170 4376 paradisi
3200 4347 3214 4371 ,
3261 4305 3400 4377 quod
3446 4313 3632 4357 necesse
3655 4302 3710 4350 cst
3728 4290 3770 4343 it-

2304 4396 2542 4463 tcamini,
2570 4397 2614 4452 si
2643 4397 2660 4428 ¹
2686 4396 3037 4452 christianum
3071 4413 3263 4453 nomen
3297 4394 3516 4452 nondum
3535 4388 3640 4446 estis
3660 4379 3765 4439 obliti.

2305 4505 2410 4546 non
2438 4489 2780 4560 turpitudinis
2797 4532 2812 4556 ,
2843 4489 2936 4546 sed
2967 4490 3306 4546 beatitudinis
3330 4483 3584 4559 cogitanda
3604 4473 3768 4540 estin

2303 4597 2434 4653 ενεο
2469 4597 2620 4653 Pinna
2645 4623 2663 4650 ,
2692 4597 2850 4652 quam
2895 4584 3088 4639 meruit
3115 4583 3305 4651 Adam,
3339 4597 3402 4639 ne
3423 4582 3597 4636 viveret
3616 4574 3654 4629 in
3671 4578 3763 4624 ettr-

2305 4690 2452 4738 num,
2483 4682 2539 4729 et
2567 4673 2686 4729 ideo
2712 4671 2961 4730 dimissus
2986 4674 3159 4730 estde
3184 4674 3301 4729 loco
3327 4681 3475 4729 tanta:
3512 4656 3764 4723 beatitudinis.

2307 4766 2392 4821 ubi
2420 4765 2463 4820 si
2489 4773 2667 4832 esset,
2701 4780 2874 4836 neque
2919 4774 3224 4835 peccasset,
3255 4763 3431 4835 procul
3471 4757 3607 4815 dubio
3636 4751 3761 4804 viveret

2306 4862 2358 4917 in
2394 4873 2654 4916 aeternum
2676 4900 2691 4923 ,
2723 4875 2879 4926 «(nam
2924 4874 3114 4928 magna
3146 4873 3300 4927 paena
3329 4868 3438 4921 est,
3477 4863 3566 4907 tam
3603 4848 3762 4911 ωιεηιιιπ

2304 4953 2562 5008 debemus
2591 4951 2885 5022 intelligere
2913 4960 3191 5019 peccatum
3210 4992 3225 5018 ,
3248 4949 3386 5022 quod
3405 4962 3460 5004 ea
3484 4953 3609 5015 poena
3624 4934 3758 5002 dim“

2307 5045 2476 5100 fuerat
2505 5042 2780 5099 vindicari.
2829 5043 2964 5112 Quid
3011 5044 3168 5114 igitur
3193 5044 3307 5114 agis
3328 5085 3344 5111 ,
3387 5042 3580 5097 obsecro
3601 5039 3662 5090 te,
3689 5033 3760 5122 Cll!“

2307 5144 2580 5206 peccatum
2622 5135 2751 5190 Adze
2799 5143 2941 5188 tanta
2987 5144 3275 5190 extenuare
3334 5129 3522 5190 conaris
3566 5123 3752 5214 instantia,

2306 5229 2410 5283 nisi
2441 5229 2604 5283 Deum
2631 5228 2810 5299 arguis
2833 5228 3078 5282 immanis
3109 5215 3477 5296 horrendasque
3499 5213 3756 5275 εωνῖίὶωναω

2307 5322 2410 5378 hoc
2439 5330 2580 5376 tanta
2606 5365 2622 5388 ,
2662 5337 2766 5376 non
2798 5322 2921 5376 dico
2946 5321 3260 5386 severitate,
3304 5319 3396 5375 sed
3435 5307 3752 5372 crudelitach

2306 5413 2438 5468 nivit
2457 5413 2486 5466 τ
2505 5412 2658 5479 Quod
2684 5412 2751 5467 de
2779 5412 2918 5477 Deo,
2950 5411 2996 5466 si
3045 5412 3194 5466 nefas
3220 5422 3304 5465 est
3349 5407 3527 5466 sentire
3545 5441 3558 5463 ,
3596 5405 3664 5450 cur
3690 5394 3750 5439 ιιαι

2303 5506 2648 5576 quantitatem
2690 5505 2878 5574 eulpae,
2925 5503 2992 5559 de
3039 5519 3141 5574 qua
3203 5503 3438 5558 homines
3468 5491 3653 5568 judicare
3689 5486 3750 5576 ηίςη

2307 5565 2550 5669 possunt,
2583 5596 2855 5668 judicante
2893 5596 3074 5668 judice
3104 5591 3552 5667 incomparabiliter
3569 5581 3689 5675 justo:
3709 5565 3746 5675 di

2305 5707 2478 5763 ptume
2505 5691 2800 5762 granditate
2826 5691 3050 5751 metiris.
3075 5699 3129 5745 et
3157 5695 3300 5745 luant
3323 5690 3523 5760 linguam
3541 5694 3563 5734 ει
3581 5663 3744 5730 saeuitia

2373 5807 2386 5836 ³
2427 5806 2574 5867 \‘ign.,
2606 5803 2714 5856 nisi.
2741 5803 2908 5854 melius
2926 5803 3082 5855 codex
3104 5811 3252 5864 Νη,
3281 5803 3339 5854 si.
