3958 6494
184 375 342 432 1557.

185 484 511 560 loquacitate
566 479 908 554 compcscis?
953 479 1063 550 Ego
1105 485 1282 532 autem
1330 475 1619 547 iniquitatis
1665 491 1770 530 non

183 595 358 652 arguo
387 578 594 643 Deum,
620 574 772 644 cujus
811 571 932 627 dico
957 571 1158 642 justum
1198 568 1384 639 jugnm
1431 581 1592 635 super
1638 566 1775 619 ﬁlios

184 673 364 728 Adam
401 684 432 724 a
458 667 547 724 die
576 666 748 722 exitus
777 663 845 719 de
893 670 1078 717 ventre
1117 661 1302 714 matris
1330 673 1515 714 eorum
1550 674 1562 708 :
1597 655 1688 710 sed
1723 665 1777 708 tu

186 765 370 834 potius
393 761 631 830 iniquum
655 756 786 812 facis
814 755 979 810 Deum
1005 794 1020 816 ,
1043 753 1130 824 qui
1160 761 1311 822 putas
1331 765 1423 806 eos
1449 748 1548 802 hoc
1575 745 1777 816 perpeti

186 859 310 912 sine
341 854 447 911 ullo
490 851 679 906 merito
726 847 1129 920 qualiscumque
1161 842 1378 913 peccati.
1425 839 1535 895 Nec
1562 845 1779 910 propter

187 963 334 1018 opus
362 943 501 1018 quod
524 942 648 999 iecit
672 941 812 997 Deus
831 980 847 1007 ,
877 937 972 994 sed
1004 945 1221 1008 propter
1250 933 1434 987 vitium
1465 927 1604 1000 quod
1637 928 1780 981 iuse-

188 1044 270 1096 vit
318 1037 583 1102 inimicus,
629 1049 724 1090 eos
769 1033 868 1089 sub
912 1030 1098 1087 eodem
1132 1027 1345 1083 inimico
1373 1039 1492 1080 esse
1518 1022 1659 1088 dico,
1692 1021 1780 1090 qui

190 1148 264 1188 ex
295 1129 465 1200 primo
491 1126 705 1181 homine
733 1131 1044 1187 nascuntur,
1072 1121 1116 1174 si
1156 1120 1208 1173 in
1229 1115 1463 1173 secundo
1490 1129 1594 1169 non
1622 1127 1781 1168 rena-

190 1229 418 1276 scuntur
445 1217 485 1270 ί.
521 1217 576 1270 In
610 1215 800 1286 quibus
828 1224 880 1267 tu
914 1211 1206 1267 Ecclesiam
1227 1204 1540 1262 catholicam
1564 1202 1784 1258 crimine

191 1311 493 1383 majestatis
521 1322 741 1362 accusas
761 1347 776 1371 ,
806 1304 886 1370 si,
916 1313 973 1358 ut
999 1301 1162 1366 dicis,
1188 1314 1292 1354 non
1314 1304 1570 1352 eruuntur
1591 1295 1659 1349 de
1686 1308 1784 1364 po-

199 1412 398 1461 testate
425 1400 762 1457 tencbrarum
783 1438 797 1463 ,
825 1412 945 1452 cum
971 1395 1307 1464 baptizantur
1336 1387 1537 1459 parvuli
1555 1428 1570 1454 ,
1595 1395 1650 1440 et
1675 1385 1784 1452 illa,

193 1497 504 1568 priusquam
535 1490 886 1561 baptizcntur,
912 1485 1180 1542 exorcizat
1207 1494 1260 1538 et
1285 1478 1532 1536 exsufﬂat
1553 1486 1629 1532 tot
1650 1477 1784 1531 ima-

193 1565 508 1660 gincsiDei.
539 1583 648 1637 Dice
686 1578 1025 1635 honorabiles
1069 1575 1279 1644 nuptias
1321 1572 1517 1641 deputo
1562 1565 1788 1638 principi

200 1679 580 1741 tenebrarum,
611 1689 743 1744 quas
768 1685 936 1744 purgo
965 1671 1033 1725 ab
1073 1667 1218 1722 omni
1267 1679 1403 1720 noxa
1449 1661 1710 1726 libidinis,
1743 1660 1788 1714 si

195 1792 261 1830 ca
284 1777 419 1830 bene
439 1779 656 1827 utuntur
676 1768 970 1823 intentione
993 1761 1316 1835 propaginis.
1338 1759 1418 1814 Tu
1443 1773 1572 1812 vero
1592 1756 1787 1810 malum

195 1883 310 1938 quo
337 1881 465 1923 caro
489 1863 821 1933 concupiscit
859 1859 1116 1914 adversus
1145 1855 1388 1925 spiritum
1406 1893 1421 1917 ,
1465 1850 1790 1905 constituere

198 1960 254 2014 in
288 1957 532 2029 paradiso
562 1971 668 2008 non
697 1949 1088 2022 perhorrescis,
1116 1947 1216 2001 hoc
1241 1955 1352 2010 cst,
1383 1943 1434 1998 in
1465 1942 1586 1996 loco
1634 1947 1792 1993 tanta:

199 2053 388 2123 pacis,
417 2058 576 2104 tanta:
606 2045 798 2118 quietis
822 2086 837 2113 ,
870 2051 1030 2099 tantae
1061 2038 1390 2102 honestatis,
1422 2044 1582 2090 tantae
1620 2031 1789 2086 fclici-

199 2145 348 2201 tatis.
379 2141 490 2198 Nec
521 2139 770 2210 parvulos
797 2150 906 2191 non
955 2133 1212 2188 habentes
1242 2129 1340 2184 nisi
1382 2124 1636 2197 originale
1661 2137 1791 2193 pec-

197 2246 382 2290 catum
402 2273 418 2298 ,
447 2231 698 2287 omnibus
728 2225 1003 2299 ﬂagitiosis
1033 2235 1088 2280 et
1112 2219 1413 2285 sceleratis,
1439 2228 1496 2270 ut
1515 2214 1795 2270 calumnia-

199 2329 312 2394 ris,
341 2313 522 2398 judico
549 2339 672 2381 esse
704 2322 936 2392 pejores.
965 2315 1123 2374 Aliud
1149 2325 1231 2370 est
1255 2313 1396 2368 enim
1427 2316 1644 2380 peccato
1674 2323 1702 2361 a
1733 2317 1794 2361 se

206 2421 502 2476 commisso
529 2416 770 2488 gravari,
796 2411 937 2468 aliud
965 2409 1123 2467 alieni
1149 2405 1439 2479 quamlibet
1467 2401 1640 2472 magni
1668 2415 1798 2456 eon-

203 2513 420 2580 tagione
467 2508 724 2578 respergi.
757 2507 984 2574 Propter
1009 2500 1149 2573 quod
1178 2496 1385 2570 parvuli
1425 2494 1490 2550 ad
1521 2493 1795 2548 remissio-

208 2619 337 2658 nem
380 2609 754 2672 peccatorum,
807 2596 946 2652 sicut
991 2592 1067 2648 ait
1109 2592 1336 2654 Paauus,
1385 2601 1543 2658 pcena
1588 2593 1794 2650 vestra,

204 2694 503 2765 Cyprianus
525 2733 540 2759 ,
566 2690 671 2746 hoc
700 2689 816 2758 ipso
856 2686 1062 2740 facilius
1088 2681 1380 2746 accedunt.
1416 2677 1558 2749 quod
1586 2677 1664 2730 eis
1707 2690 1797 2730 re-

205 2789 495 2840 mittuntur
519 2799 621 2836 non
646 2781 857 2852 propria
881 2819 896 2845 ,
918 2777 1014 2833 sed
1035 2776 1206 2830 aliena
1238 2782 1452 2844 peccata
1481 2769 1674 2842 (Epist.
1704 2767 1794 2832 δι,

204 2878 279 2931 ad
310 2873 539 2949 Fidum).
572 2875 650 2930 Tu
701 2882 912 2937 autem,
957 2884 1076 2924 cum
1115 2868 1400 2939 parvulos,
1446 2881 1549 2918 non
1591 2862 1794 2927 solum,

205 2969 354 3038 quod
383 2977 439 3024 et
466 2983 564 3023 nos
604 2967 862 3033 dicimus,
907 2963 1111 3016 nullum
1161 2976 1228 3015 ex
1277 2959 1485 3028 propria
1530 2957 1800 3010 voluntate

206 3060 436 3127 fecisse,
466 3073 648 3114 verum
675 3056 834 3111 etiam
863 3054 1067 3109 nullum
1099 3051 1233 3106 dicis
1251 3066 1314 3105 ex
1347 3048 1551 3118 origine
1574 3047 1800 3101 traxisse

207 3159 508 3221 peceatum,
541 3149 789 3219 injustum
821 3144 1003 3216 procul
1045 3144 1207 3198 dubio
1249 3141 1376 3197 lacis
1418 3140 1618 3206 Deum,
1659 3136 1800 3208 quod

212 3227 311 3296 tibi
353 3241 464 3310 jam
511 3255 657 3312 sape
709 3238 950 3302 dictum,
1002 3233 1300 3304 smpiusquc
1351 3229 1632 3286 dicendum
1682 3236 1798 3295 est,

208 3335 305 3404 qui
332 3334 410 3390 eis
453 3332 704 3403 imposuit
730 3345 889 3401 grave
925 3329 1110 3399 jugum
1139 3342 1168 3380 a
1195 3325 1282 3380 die
1308 3324 1482 3379 exitus
1524 3321 1590 3376 de
1616 3328 1802 3375 ventre

209 3427 400 3483 matris
428 3427 659 3481 illorum.
705 3424 846 3479 Sane
874 3430 931 3477 ut
983 3420 1248 3489 intelligas
1283 3415 1553 3488 quomodo
1598 3411 1799 3484 parvuli

213 3535 282 3572 es
316 3516 481 3571 Adam
505 3517 611 3570 nati
634 3556 647 3577 ,
680 3523 734 3569 et
759 3511 1164 3585 participatione
1189 3507 1388 3577 peccati
1411 3506 1551 3560 illius
1573 3501 1803 3558 hominis

213 3609 546 3679 obligentur,
578 3617 633 3661 et
666 3614 840 3660 tamen
869 3603 1035 3673 ipsius
1061 3600 1230 3656 reatui
1258 3614 1362 3653 non
1391 3603 1688 3668 aequentur,
1719 3601 1804 3648 at-

214 3699 378 3754 tende
418 3698 726 3764 Christum,
772 3710 928 3766 quem
975 3691 1149 3762 legisti
1196 3704 1319 3745 esse
1369 3686 1594 3742 formam
1642 3682 1804 3738 futuri

218 3791 398 3870 (Rgm.
431 3807 481 3856 v,
511 3791 638 3861 M);
669 3799 721 3845 et
747 3788 867 3843 vide
893 3783 1342 3858 quemadmodum
1372 3779 1572 3851 parvuli
1615 3778 1668 3833 in
1715 3777 1805 3870 illo

217 3867 414 3950 renati,
443 3892 498 3937 et
524 3882 639 3952 ejus
662 3879 952 3954 participes
973 3876 1194 3947 justitia:
1221 3873 1348 3928 liaut
1367 3915 1380 3937 ,
1408 3879 1463 3928 et
1489 3871 1608 3940 ejus
1639 3867 1804 3924 meri-

219 3977 292 4030 tis
308 3991 410 4031 non
430 3973 629 4030 audeas
649 3988 742 4029 eos
757 3985 1086 4038 comparare.
1107 3968 1188 4023 Tu
1209 3980 1420 4037 quoque
1444 3965 1494 4018 iu
1520 3963 1674 4032 hujus
1687 3976 1808 4031 ope-

219 4068 296 4122 ris
325 4067 400 4122 tui
455 4066 590 4121 libro
634 4064 869 4119 secundo
915 4061 1134 4132 (Supra,
1183 4075 1334 4127 capp.
1393 4055 1514 4119 189,
1565 4051 1808 4125 i90),in

224 4159 395 4214 Adam
420 4157 625 4230 peccati
656 4156 916 4220 formam,
949 4153 1069 4222 quia
1095 4151 1238 4220 prior
1264 4147 1501 4218 peccavit
1519 4145 1628 4199 Eva
1651 4186 1665 4208 ,
1703 4159 1808 4199 non

226 4253 453 4322 primam
481 4251 659 4306 dixisti
687 4263 840 4314 esse,
875 4245 969 4301 scd
999 4243 1316 4307 maximam;
1357 4239 1495 4295 sicut
1521 4239 1572 4292 iu
1599 4235 1810 4293 Christo

222 4345 443 4417 justitia:
479 4342 705 4400 formam
738 4355 840 4396 non
895 4338 1119 4408 primam
1149 4349 1296 4398 esse,
1349 4331 1445 4387 sed
1493 4329 1809 4394 maximam,

226 4438 351 4507 quia
381 4435 594 4492 fuerunt
616 4433 743 4505 justi
774 4441 827 4487 et
868 4439 992 4485 ante
1031 4429 1202 4499 ipsum
1233 4445 1246 4480 :
1272 4424 1418 4496 quod
1443 4439 1474 4478 a
1521 4431 1573 4480 te
1615 4422 1812 4478 dictum

228 4528 274 4582 si
305 4528 498 4582 oblitus
541 4542 647 4582 non
681 4524 872 4579 fuisses
893 4564 908 4589 ,
940 4536 1044 4575 non
1075 4520 1159 4574 hic
1198 4518 1326 4572 Adae
1355 4525 1632 4586 peccatum
1661 4523 1813 4568 exte-

231 4631 464 4684 uuares,
489 4617 542 4671 in
583 4631 688 4687 quo
719 4614 1004 4670 maximam
1045 4610 1269 4665 fortnam
1310 4605 1518 4679 peccati
1545 4603 1816 4660 exstitisse

231 4708 510 4764 confessus
535 4723 595 4764 es
618 4711 663 4762 ’.

303 4797 497 4858 XXI”.
524 4801 643 4858 ιω..
674 4800 779 4857 Sed
808 4814 902 4856 cur
930 4797 1022 4853 tibi
1051 4796 1120 4852 de
1158 4793 1446 4850 inimicitiis
1495 4792 1816 4847 innocentia:

232 4903 633 4952 commoveatur
674 4893 889 4960 invidia,
934 4906 1055 4946 cum
1085 4888 1378 4959 petulantia
1415 4894 1469 4941 et
1497 4886 1672 4940 rabies
1707 4885 1818 4939 oris

233 4990 453 5045 obsceni
503 5003 606 5045 nec
657 4986 949 5043 divinitatis
1005 4983 1209 5038 honore
1273 4978 1558 5034 frenetur?
1586 4979 1819 5032 Accusas

231 5081 376 5137 enim
404 5080 673 5151 parvulos,
704 5077 797 5133 sed
825 5092 945 5132 cum
996 5075 1144 5139 Deo;
1179 5071 1399 5126 incessis
1440 5068 1818 5134 innocentiam,

231 5172 328 5227 sed
354 5187 476 5227 cum
497 5170 760 5242 aequitatis
781 5167 969 5238 injuria
994 5183 1010 5232 ;
1047 5163 1300 5220 inliciaris
1321 5160 1550 5228 veritati,
1583 5159 1677 5215 sed
1702 5173 1820 5214 cum

235 5264 355 5331 ejus
382 5262 754 5318 criminatione
795 5274 952 5331 quem
1003 5258 1168 5312 Deum
1202 5263 1351 5309 tuum
1399 5253 1599 5308 lateris.
1631 5252 1709 5305 Ac
1732 5266 1825 5321 per

239 5354 367 5420 hoc,
391 5354 492 5409 etsi
518 5367 616 5407 nos
633 5351 982 5406 deﬁceremus
1011 5346 1231 5401 rationis
1248 5343 1467 5407 auxilio,
1499 5341 1708 5396 abunde
1741 5349 1822 5396 ta-

241 5462 366 5502 men
408 5445 597 5502 tradux
639 5443 841 5516 peccati
867 5449 1192 5496 assertorum
1241 5451 1457 5493 suorum
1488 5432 1826 5490 deformitate

242 5555 434 5595 corruc
441 5548 540 5594 Γῦῐ.

309 5635 328 5665 ι
362 5639 427 5682 tax
451 5639 558 5683 Mss.
593 5628 690 5680 lide
721 5627 1010 5692 adjecimus,
1043 5622 1086 5682 si
1111 5623 1158 5675 in
1186 5623 1394 5676 secundo
1429 5635 1524 5673 non
1568 5633 1828 5672 renascun-
1868 5633 1888 5646 -υ

244 5700 346 5744 tur.

314 5760 330 5786 ³
363 5755 522 5808 Codex
546 5760 694 5816 rort.,
719 5753 920 5816 {orntum
940 5747 1124 5817 peccati
1146 5747 1384 5814 confessus
1407 5758 1492 5810 es;
1516 5746 1708 5807 omisso,
1748 5758 1831 5795 rx-

248 5820 436 5872 tulisse.

1575 363 1776 418 LIBER
1815 361 2103 418 SEXTUS.

3323 370 3460 426 i553

1955 476 2086 530 Asc.
2116 472 2226 528 Tua
2243 475 2542 532 conviciosa
2570 473 2861 548 loquacitas
2885 476 3086 533 rabiem
3110 477 3239 533 mihi
3270 480 3466 548 objccit

1881 567 1991 620 oris
2012 566 2250 622 obsceni.
2278 566 2542 639 Numquid
2570 583 2671 640 ego
2700 585 2816 626 sum
2837 568 3089 627 defensor
3116 570 3468 641 laudatorque

1884 655 2438 729 lihidinis?Numquid
2480 673 2581 729 ego
2623 675 2783 716 ausus
2817 676 2936 715 sum
2986 661 3470 731 concupiscentiam

1883 749 2079 813 Carnis,
2109 763 2210 818 qua
2238 764 2364 804 caro
2391 751 2720 820 concupiscit
2739 751 2996 806 adversus
3010 751 3276 822 spiritum,
3311 766 3470 821 para-

1884 840 1985 895 disi
2014 841 2171 894 etiam
2215 842 2557 911 possessione
2594 843 2808 898 ditare?
2833 843 2891 899 In
2931 859 3093 917 quem
3131 844 3308 900 locum
3338 844 3471 898 tanti

1885 931 2094 987 decoris
2131 940 2184 986 ct
2210 930 2375 1000 pacis,
2403 932 2560 987 simul
2607 933 2944 991 introduxisti
2986 943 3079 990 aut
3103 933 3324 998 bellum,
3368 948 3476 1002 quo

1886 1024 1951 1078 ad
1997 1022 2322 1093 peccandum
2375 1023 2671 1096 impellenti
2735 1025 3070 1080 laudabiliter
3109 1031 3430 1093 repugnatur
3462 1062 3478 1085 ,

1887 1124 1981 1170 aut
2001 1114 2252 1178 dedecus,
2281 1129 2390 1185 quo
2431 1114 2659 1186 turpiter
2705 1117 2756 1171 ei
2788 1114 3017 1170 ceditur.
3049 1113 3160 1169 Cur
3185 1099 3313 1185 ergo
3360 1127 3480 1179 tam,

1887 1205 2274 1261 contumeliose
2310 1207 2539 1277 insurgis
2581 1207 2636 1260 in
2665 1221 2783 1273 me,
2811 1221 2911 1262 nec
2941 1207 3162 1278 respicis
3205 1208 3300 1263 te?
3343 1206 3478 1260 Nam

1889 1313 1988 1366 ego
2013 1312 2117 1351 non
2145 1310 2338 1350 accuso
2365 1297 2528 1350 Deum
2556 1311 2573 1362 ;
2595 1296 2690 1373 sed
2719 1304 2795 1362 tu,
2821 1296 3055 1369 quidicis
3077 1297 3324 1367 parvulos
3353 1296 3474 1350 nul-

1891 1387 1998 1442 lum
2027 1402 2094 1443 ex
2135 1388 2340 1457 origine
2378 1386 2589 1442 trahere
2620 1397 2912 1458 peccatum,
2959 1389 3153 1458 quibus
3181 1388 3271 1442 ille
3299 1387 3477 1456 impo-

1890 1483 1996 1536 suit
2045 1497 2208 1553 grave
2254 1481 2461 1552 jugum.
2493 1479 2603 1535 Nec
2654 1480 2866 1536 incesse
2930 1479 3291 1536 innocentiam
3355 1494 3478 1534 cum

1892 1575 2155 1646 mquitatis
2185 1573 2376 1644 injuria
2401 1590 2414 1626 :
2443 1572 2539 1628 sed
2569 1580 2623 1626 tu
2659 1570 2896 1643 :rquitati
2923 1570 3055 1626 facis
3089 1569 3360 1640 injuriam,
3389 1568 3482 1639 qui

1895 1676 2093 1722 tantam
2121 1667 2255 1722 dicis
2308 1666 2509 1723 habere
2553 1665 2803 1736 parvulos
2851 1663 3249 1727 innocentiam;
3287 1676 3422 1735 quos
3455 1663 3472 1693 ί

1895 1768 2093 1819 tamen.
2116 1758 2162 1812 si
2198 1756 2341 1827 quod
2383 1757 2498 1826 ipse
2524 1757 2687 1826 sapis,
2719 1770 2902 1812 verum
2949 1769 3072 1810 esse
3111 1753 3294 1820 sciret,
3336 1753 3483 1824 gravi

1890 1851 2019 1921 jugo
2047 1850 2270 1921 aequitas
2325 1863 2430 1904 non
2484 1848 2714 1918 puniret.
2742 1846 2852 1902 Nec
2879 1846 3086 1900 inﬁcior
3135 1843 3487 1906 veritati,nec

1896 1942 2060 1996 Deum
2088 1939 2510 2005 criminor;sed
2565 1947 2622 1993 tu
2675 1938 2872 2008 potius.
2905 1937 3104 1994 Verum
3151 1936 3293 1992 enim
3347 1935 3486 1992 dixit

1895 2033 2182 2103 Apostolus
2209 2073 2225 2095 ,
2268 2029 2463 2102 Corpus
2524 2038 2781 2084 mortuum
2827 2037 2900 2082 est
2972 2037 3179 2098 propter
3228 2035 3487 2098 peceatum

1897 2123 2072 2194 (Rom.
2103 2139 2218 2189 vui,
2251 2121 2351 2191 l0)
2377 2120 2552 2192 :quod
2582 2129 2636 2176 tu
2659 2135 2842 2192 negas.
2861 2120 3027 2175 Deum
3056 2134 3184 2175 vero
3213 2116 3483 2189 quomodo

1898 2231 2003 2269 non
2023 2214 2346 2280 criminaris,
2374 2213 2460 2268 cui
2490 2213 2752 2280 miserias,
2779 2228 2911 2283 quas
2939 2227 3137 2283 negare
3165 2228 3271 2266 non
3301 2219 3478 2282 potes,

1900 2307 2129 2376 imputas
2170 2306 2537 2376 parvulorum,
2566 2305 2770 2361 nullum
2801 2305 3107 2361 habentium
3132 2305 3348 2360 miseria
3392 2304 3484 2360 di-

1897 2414 2058 2467 gnum
2078 2399 2337 2476 originale
2361 2407 2633 2468 peceatum
2654 2400 2676 2432 ³
2702 2398 2823 2452 ?Ac
2847 2412 2943 2468 per
2963 2395 3066 2452 hoc
3087 2397 3357 2452 conclusio
3371 2404 3482 2462 tua,

1899 2506 2017 2561 qua:
2045 2489 2440 2545 deformitatem
2477 2489 2633 2546 nobis
2660 2489 2874 2560 ingerit,
2901 2489 3102 2545 nullius
3129 2488 3352 2546 rationis
3380 2503 3471 2546 se-

1899 2583 2080 2653 quitur
2098 2581 2400 2638 veritatem.

1971 2673 2136 2728 XXV.
2161 2673 2280 2728 Jun.
2313 2673 2505 2728 Verum
2554 2671 2681 2744 quid
2737 2688 2837 2730 nos
2865 2682 2972 2728 tam
2999 2673 3208 2743 obstipo
3250 2672 3489 2731 veritatis

1901 2765 2066 2818 solius
2093 2765 2351 2818 rationem
2400 2763 2727 2834 sequendam
2775 2773 3021 2833 putamus
3051 2779 3067 2828 ;
3096 2778 3218 2819 cum
3248 2764 3492 2818 inimico-

1902 2869 2018 2908 rum
2049 2862 2354 2910 nostrorum
2388 2853 2617 2922 phalanx
2649 2854 2779 2924 ipsis
2804 2855 3064 2910 innitatur
3117 2869 3298 2910 rerum
3349 2853 3492 2925 peri-

1901 2945 2057 3012 culis,
2085 2953 2140 3000 et
2168 2946 2404 3013 insurgat
2432 2943 2486 2998 in
2515 2959 2610 2998 nos
2633 2960 2992 3000 aerumnarum
3014 2944 3215 2999 munita
3250 2945 3272 2976 ³
3297 2945 3492 3000 suffra-

1901 3035 2036 3105 giis?
2064 3035 2186 3091 Vult
2213 3035 2408 3106 quippe
2428 3034 2636 3106 pudore
2673 3036 2939 3102 coeuntis,
2980 3036 3163 3090 dolore
3200 3035 3485 3105 parientis,

1903 3125 2097 3179 sudore
2132 3125 2446 3193 laborantis,
2499 3126 2954 3180 trausmissionem
2983 3125 3260 3195 culparum
3291 3134 3346 3180 et
3373 3141 3489 3195 pm-

1905 3232 2092 3271 narum
2121 3215 2172 3271 in
2199 3216 2401 3271 semina
2424 3216 2775 3286 comprobare
2798 3233 2814 3282 ;
2837 3225 2894 3270 ut
2921 3215 3004 3271 his
3021 3215 3269 3270 videlicet
3297 3216 3488 3287 signis,

1903 3309 1955 3363 di
1982 3307 2197 3363 licilium
2230 3319 2474 3379 portuum
2498 3349 2514 3376 ,
2542 3308 2892 3379 agricolarum
2945 3307 3272 3372 sudantium,
3318 3317 3373 3364 et
3400 3307 3498 3364 du-

1904 3416 2177 3456 mosorum
2201 3400 2489 3462 novalium,
2518 3401 2720 3454 crimen
2764 3399 3008 3454 naturale
3039 3399 3308 3465 credatur,
3339 3399 3494 3468 cujus

1906 3491 2100 3546 merito
2127 3505 2224 3560 per
2272 3499 2349 3545 tot
2378 3489 2714 3545 incommoda
2739 3505 2909 3560 genus
2943 3500 3256 3547 exerceatur
3301 3491 3495 3544 Imma-

1906 3599 2035 3637 num
2059 3599 2071 3637 :
2096 3581 2239 3653 quod
2265 3581 2479 3654 quidam
2498 3598 2591 3652 per
2624 3581 2752 3636 Adae
2797 3591 3094 3651 peccatum,
3126 3581 3354 3636 mortale
3377 3581 3495 3652 opi-

1907 3684 2104 3730 nantur
2130 3675 2397 3732 effectum.
2415 3673 2541 3730 Ideo
2564 3683 2740 3736 autem
2762 3673 2895 3741 dixi,
2927 3674 3175 3742 Quidam,
3194 3675 3316 3746 quia
3347 3674 3496 3744 prin-

1909 3782 2036 3837 ceps
2079 3781 2266 3822 eorum
2305 3765 2633 3837 Augustinus
2663 3765 2763 3820 hoc
2807 3764 3022 3835 quidem
3051 3765 3264 3820 erubuit
3290 3765 3494 3821 dicere.

1911 3857 2152 3929 Denique
2167 3857 2356 3914 scribit
2395 3856 2462 3912 ad
2489 3856 2878 3925 Marcellinum,
2907 3856 3191 3914 mortalem
3215 3856 3385 3912 Adam
3413 3855 3495 3912 fac

1911 3963 2053 4007 ctum
2083 3950 2252 4006 videri
2282 3969 2296 4006 :
2325 3951 2419 4006 sed
2444 3950 2704 4020 elegantia
2742 3949 2900 4006 solita
2929 3948 3128 4015 subdit,
3157 3957 3385 4006 mortem
3402 3951 3502 4023 stie

1913 4044 2164 4114 pendium
2192 4043 2484 4114 iniquitatis
2505 4041 2669 4097 fuisse
2699 4059 2712 4096 :
2742 4051 2798 4096 et
2847 4056 3008 4111 quem
3051 4040 3246 4096 fatetur
3291 4051 3496 4101 morta-

1914 4135 2036 4190 liter
2061 4134 2358 4190 institutum
2387 4131 2680 4188 secundum
2709 4141 2973 4198 naturam,
2995 4132 3130 4187 mori
3157 4146 3264 4188 non
3290 4133 3494 4202 potuis-

1913 4244 1973 4284 se
2001 4228 2329 4300 pronuntiat.
2365 4226 2474 4283 Illa:
2514 4241 2644 4298 ergo
2665 4226 2921 4283 adversus
2946 4242 3065 4294 nos,
3098 4243 3218 4297 qua:
3249 4227 3502 4298 leguntur

1915 4323 1969 4378 in
2019 4320 2239 4387 Genesi,
2279 4319 2560 4375 sententia:
2591 4317 2816 4388 proferri
2855 4319 3050 4386 solent,
3097 4318 3290 4390 quibus
3332 4320 3502 4375 Adam

1917 4423 2076 4484 atque
2116 4413 2224 4467 Eva
2265 4419 2542 4475 vexantur,
2574 4411 2642 4464 de
2681 4409 2875 4480 quibus
2920 4409 3218 4466 disserendi
3266 4410 3374 4480 jam
3427 4420 3510 4466 est

1920 4515 2150 4578 tempus.
2180 4503 2344 4569 Dixit,
2378 4505 2567 4571 inquit,
2600 4502 2847 4557 Dominus
2895 4501 3034 4556 Deus
3084 4503 3303 4575 serpenti
3329 4517 3347 4556 :
3377 4502 3511 4568 Quia

1920 4597 2080 4668 feciin
2109 4598 2224 4662 hoc,
2284 4595 2579 4650 maledictns
2607 4604 2662 4647 tu
2710 4596 2773 4647 ab
2799 4593 3030 4648 omnibus
3059 4595 3345 4666 pecoribus,
3374 4604 3420 4649 et
3445 4595 3510 4649 ab

1920 4687 2149 4745 omnibus
2193 4687 2358 4742 bestiis
2386 4702 2500 4758 quia
2526 4695 2644 4739 sunt
2696 4701 2852 4755 super
2902 4695 3087 4739 terram
3112 4701 3132 4740 :
3157 4702 3311 4756 super
3340 4695 3511 4755 peetus

1922 4791 1968 4835 et
1992 4788 2210 4835 ventrem
2255 4777 2557 4843 ambulabis,
2583 4787 2629 4831 et
2672 4786 2858 4831 terram
2905 4777 3235 4832 manducabis
3282 4779 3512 4833 omm’bus

1924 4871 2098 4926 diebus
2142 4871 2256 4925 vita
2301 4880 2399 4924 tua'
2422 4886 2439 4933 ;
2465 4879 2510 4923 et
2557 4869 2843 4924 inimicitias
2893 4885 3084 4938 ponam
3109 4871 3240 4924 inter
3262 4880 3309 4931 te
3331 4881 3376 4924 et
3402 4889 3514 4925 mu-

1925 4964 2116 5028 lierem,
2144 4970 2192 5017 et
2215 4962 2346 5016 inter
2371 4975 2538 5016 semen
2570 4969 2711 5012 tuum
2753 4969 2800 5014 et
2847 4976 3016 5015 semen
3041 4962 3171 5032 ejus.
3218 4959 3345 5032 Ipsa
3371 4973 3516 5016 tuum

1926 5053 2145 5124 captabit
2164 5051 2378 5124 l’caput,
2431 5061 2476 5105 et
2504 5062 2557 5104 tu
2588 5051 2724 5106 illius
2779 5049 3010 5124 captabis
3046 5053 3360 5108 calcaneum.
3391 5053 3446 5107 Μ
3453 5071 3515 5106 u-

1929 5145 2040 5201 lieri
2080 5161 2195 5201 vero
2247 5146 2426 5200 dixit:
2468 5143 2817 5215 Multiplicaus
2878 5143 3225 5216 multiplicabo
3281 5145 3516 5199 tristitias

1927 5247 2039 5292 tuas
2063 5248 2109 5293 et
2144 5237 2384 5310 gemitum
2410 5246 2595 5302 tuum;
2625 5237 2678 5289 in
2729 5236 2935 5290 tristitia
2983 5236 3153 5305 paries
3177 5236 3334 5304 ﬁlios,
3367 5246 3412 5288 et
3437 5238 3508 5289 ad

1928 5331 2091 5386 uirum
2109 5339 2249 5384 tuum
2272 5329 2529 5384 conversio
2558 5337 2665 5395 tua,
2700 5339 2746 5382 et
2776 5329 2883 5397 ipse
2906 5327 2978 5381 tui
3002 5325 3362 5382 dominabitur.
3391 5327 3520 5380 Αιιω

1931 5431 2099 5476 autem
2164 5420 2292 5476 dixit
2321 5435 2340 5474 :
2371 5420 2620 5486 Quoniam
2673 5419 2862 5472 audisti
2910 5432 3077 5471 vocem
3128 5415 3352 5471 mulieris
3397 5427 3516 5482 tua,

1998 5557 2014 5589 ί
2051 5555 2339 5619 vignierius,
2357 5560 2506 5619 et.__At
2523 5561 2647 5619 uss,
2673 5563 2804 5619 quos.

1999 5622 2019 5650 ¹
2053 5606 2150 5667 nde
2174 5617 2282 5672 loco
2301 5606 2527 5675 {nullum
2554 5606 2826 5662 habentium
2858 5608 3053 5660 miseria
3072 5607 3270 5675 dignum
3291 5606 3530 5676 artabat“.

1940 5686 2205 5743 portatum,
2230 5679 2539 5743 restituimus
2554 5690 2614 5743 ex
2643 5682 2748 5743 atas.

2006 5745 2023 5774 ³
2057 5742 2127 5791 sic
2148 5735 2255 5789 Mss.
2283 5747 2338 5788 At
2367 5739 2500 5796 editi,
2521 5735 2732 5787 inimica.

2015 5808 2030 5837 ⁸
2051 5805 2186 5864 ιίόίιί,
2211 5799 2410 5852 (uitabit
2425 5813 2442 5862 ,'
2475 5813 2548 5862 τοι
2567 5797 2857 5861 ιιδιιίὶιιιίιιυδ
2882 5803 2985 5845 Stis.
