4070 6532
624 256 719 288 .-Ἅι

1651 331 1682 343 δ

511 418 652 479 1559

440 504 443 506 ι
509 544 558 587 et
585 528 898 586 tuanducasti
942 527 1004 583 de
1029 526 1185 599 ligno,
1212 523 1277 579 de.
1316 537 1415 593 quo
1458 533 1795 593 praeceperant
1824 514 1911 569 tibi
1952 514 2015 567 de
2039 530 2095 566 co

510 623 620 678 solo
650 638 713 676 ne
742 619 1072 673 uranducares
1094 629 1158 669 ea:
1181 630 1259 679 eo,
1309 611 1582 667 maledicta
1612 617 1745 663 terra
1789 607 1846 661 in
1866 605 2098 676 operibus

512 714 654 776 tuis;
680 712 731 764 in
755 707 960 764 tristitia
1002 703 1332 761 manducabis
1379 716 1491 756 eam
1538 699 1773 755 omnibus
1817 697 1991 751 diebus
2022 696 2094 748 tti—

506 815 577 859 tu:
603 811 704 856 (me
724 813 747 864 ;
767 800 942 868 spinas
967 806 1015 852 et
1037 795 1247 850 tribulos
1274 792 1388 849 edet
1425 790 1535 858 tibi,
1561 800 1609 845 et
1645 790 1761 845 cdes
1792 788 1963 859 fenum
1988 786 2100 855 agri

511 888 628 943 tui:
654 886 709 940 in
751 884 938 942 sudore
978 882 1128 955 faciei
1189 889 1292 935 tua
1334 879 1450 933 cdes
1500 892 1681 948 partem
1728 872 2101 941 tuum,'doncc

509 975 816 1032 converteris
860 974 915 1028 in
962 981 1155 1028 terram
1196 968 1261 1024 de
1304 985 1405 1040 qua
1451 977 1685 1039 sumptus
1731 981 1785 1020 es
1815 982 1832 1029 ;
1861 964 2099 1035 quoniam

510 1080 646 1125 terra
673 1084 746 1137 es,
791 1074 839 1123 et
865 1065 919 1121 in
942 1072 1124 1119 terram
1152 1062 1250 1116 ibis
1279 1058 1431 1133 (Gen.
1465 1074 1545 1125 tn,
1573 1056 1796 1125 H-l9).
1840 1054 1950 1109 llas
1969 1070 2097 1123 ergo

484 1158 805 1219 sententias
831 1157 898 1213 ad
924 1154 1290 1212 testimonium
1331 1151 1581 1223 ingenitze
1608 1147 1904 1219 iniquitatis
1936 1160 2095 1199 assu-

510 1244 679 1319 mitis,
720 1244 1225 1317 eoneionaminique
1265 1260 1375 1300 non
1403 1242 1567 1297 fuisse
1598 1240 1655 1295 in
1682 1237 1941 1309 pariendo
1973 1237 1987 1269 ⁸
2022 1234 2105 1290 fe-

512 1344 688 1400 minas
714 1341 993 1409 dolituras,
1009 1337 1112 1395 nisi
1141 1337 1208 1393 ad
1225 1350 1450 1392 caseum
1474 1342 1693 1404 peccato
1723 1330 1845 1384 Eva:
1865 1326 2104 1383 fcemrJi-

512 1438 641 1492 tatis
667 1434 808 1490 illius
836 1445 1075 1489 arrumna
1093 1427 1390 1486 transisset.
1424 1425 1603 1495 ipsum
1629 1436 1757 1493 ergo
1784 1419 2100 1490 supplicium

514 1527 676 1584 vultis
717 1541 844 1583 esse
867 1522 1075 1598 peccati
1120 1520 1395 1586 indicium,
1427 1525 1484 1572 ut
1498 1515 1639 1588 quod
1670 1514 1839 1587 prima
1871 1510 2101 1567 fontina-

513 1635 635 1677 rum
680 1619 877 1675 meruit
926 1631 1025 1688 per
1050 1614 1326 1679 delictum,
1366 1610 1509 1665 nulla
1529 1621 1743 1679 quoque
1769 1605 1888 1660 sine
1914 1602 2102 1659 eadem

518 1710 767 1768 credatur
796 1706 1076 1779 iniquitate
1096 1704 1319 1761 sontire.
1339 1700 1457 1757 Non
1499 1698 1641 1754 enim
1662 1708 1826 1762 esset,
1855 1694 2099 1766 inquitis,

515 1802 675 1858 dolor
717 1801 770 1856 in
806 1799 1067 1875 pariente,
1099 1794 1201 1851 nisi
1239 1794 1292 1849 in
1331 1800 1582 1848 nascente
1610 1795 1756 1845 esset.
1804 1795 2102 1858 peccatum.

513 1891 611 1949 llis
635 1907 762 1963 ergo
782 1906 938 1964 quam
953 1888 1206 1945 attonitus
1218 1898 1514 1949 occurram,
1534 1879 1675 1937 baud
1699 1879 1853 1935 facile
1868 1878 2061 1933 metior
2080 1878 2107 1931 ἰ

516 1991 719 2039 tantum
738 1983 881 2039 enim
920 1979 1256 2037 stimulorum
1285 1976 1525 2032 admovit
1554 1976 1606 2029 in
1635 1974 1736 2028 hoc
1777 1972 1900 2029 loco
1926 1978 2105 2026 vestra

518 2075 719 2147 opinio,
747 2082 805 2129 ut
845 2072 929 2128 vix
957 2071 1143 2143 digner
1186 2069 1256 2125 ad
1287 2067 1636 2125 certationem
1678 2064 1921 2131 moveri;
1953 2063 2106 2135 plura

515 2165 711 2236 quippe
743 2164 796 2219 in
838 2150 931 2218 bis.
963 2159 1352 2233 objectionibus
1385 2157 1745 2230 intelligentia:
1769 2162 1893 2211 sunt
1919 2168 2110 2225 pecca-

524 2269 574 2313 ta
604 2242 1033 2329 quam‘syllabm.

591 2350 725 2407 Anc.
781 2347 1068 2405 Erumnas
1109 2345 1321 2417 generis
1374 2342 1594 2400 humani
1623 2339 1918 2413 quamlibet
1944 2338 2103 2396 dicax

516 2455 572 2503 et
600 2440 804 2501 faceins
842 2443 1085 2506 irrideas,
1113 2442 1195 2499 vel
1241 2439 1467 2497 irridere
1497 2449 1549 2495 te
1577 2438 1767 2510 ﬁngas,
1806 2437 1937 2508 ipsa:
1966 2434 2098 2491 tein

516 2538 791 2609 angustias
816 2536 912 2592 bas
954 2534 1298 2605 impulerunt,
1336 2538 1394 2586 ut
1416 2528 1720 2602 paradisum
1755 2525 1875 2595 Dei,
1898 2524 2109 2583 etiamsi

517 2646 677 2687 nemo
706 2636 999 2700 peccasset,
1027 2640 1384 2683 aerumnosum
1413 2623 1647 2679 futurum
1678 2621 1843 2678 fuisse
1869 2619 2109 2676 affirma-

516 2739 581 2780 re
633 2721 843 2794 cogaris
870 2738 883 2775 :
908 2717 1052 2793 quod
1107 2718 1152 2775 si
1202 2716 1591 2775 verecundatus
1638 2714 1874 2771 nolueris
1912 2711 2107 2774 facere.

517 2825 578 2870 ut
631 2815 793 2870 fat-ias
832 2823 924 2869 tuo
976 2813 1227 2884 dogmate
1271 2809 1584 2881 urgeberis;
1611 2805 1754 2879 quod
1784 2805 1977 2877 dogma
2007 2804 2111 2860 nisi

518 2915 793 2960 correctus
818 2902 1110 2975 abieceris,
1136 2901 1269 2957 istas
1295 2910 1597 2970 prementes
1620 2905 1676 2954 et
1701 2896 1756 2952 in
1785 2894 2112 2953 horrendum

518 2998 871 3068 prmcipitium
948 2993 1332 3051 contrudentcs
1382 2990 1655 3063 angustias
1706 3005 1814 3045 non
1867 2984 2108 3062 effugies.

519 3090 787 3159 Quzcu'tur
811 3088 953 3144 enim
980 3102 1009 3141 a
1032 3095 1105 3151 te,
1126 3085 1221 3140 bas
1245 3098 1534 3149 aerumnas,
1569 3096 1705 3154 quas
1731 3082 1868 3137 etin
1893 3080 2113 3152 majori-

521 3183 621 3237 bus
650 3191 703 3236 et
739 3183 791 3235 in
816 3179 1045 3249 parvulis
1073 3193 1194 3235 esse
1230 3177 1624 3248 conspicimus;
1656 3173 1802 3232 unde
1830 3174 2111 3231 existimes

521 3287 790 3328 emanare.
820 3269 1135 3340 Respondes
1152 3284 1217 3325 ex
1248 3276 1341 3324 tuo
1380 3266 1649 3339 dogmate,
1691 3265 1987 3322 humanum
2014 3279 2110 3338 ge-

522 3376 622 3417 nus
641 3361 719 3417 sic
744 3375 865 3416 esse
883 3360 951 3415 ab
979 3357 1199 3415 exordio
1227 3356 1311 3413 sui
1340 3356 1596 3412 divinitus
1658 3354 1982 3411 institutum.
2002 3355 2112 3412 Re-

521 3452 793 3521 ferturque
840 3447 1177 3520 responsioni
1219 3455 1343 3503 tum.
1374 3445 1516 3517 Ergo
1550 3453 1606 3501 et
1648 3445 1706 3501 in
1734 3444 1987 3517 paradiso
2027 3443 2113 3499 fu-

524 3546 661 3599 turae
688 3542 919 3610 fuerant,
946 3540 993 3597 si
1031 3540 1236 3596 nullum
1263 3539 1334 3596 ibi
1361 3547 1637 3611 peccatum
1666 3546 1810 3594 esset
1843 3545 2111 3593 exortum.

523 3634 624 3691 llic
654 3644 710 3690 tu
761 3642 854 3689 aut
903 3647 1145 3706 praeceps
1189 3631 1311 3697 ibis,
1358 3641 1449 3686 aut
1484 3630 1676 3702 dogma
1724 3629 1973 3696 mutabis,
2022 3637 2116 3685 aut

519 3727 700 3784 fronte
724 3726 981 3797 perditus,
1008 3734 1100 3780 aut
1126 3733 1304 3780 mente
1326 3731 1623 3779 correctus.
1665 3722 1769 3777 Ant
1794 3722 1935 3777 enim
1973 3736 2116 3776 :eru-

522 3833 711 3875 mnosa
736 3818 845 3874 vita
881 3818 1058 3874 locum
1089 3817 1459 3876 famosissima:
1489 3818 1509 3849 ¹
1540 3815 1807 3872 felicitatis
1840 3813 2109 3885 implebis,

520 3918 580 3966 et
599 3924 708 3964 non
734 3902 975 3965 invenies
1004 3907 1188 3964 oculos
1217 3907 1409 3979 quibus
1433 3906 1848 3979 qualescumque
1873 3904 2116 3976 aspicere

520 4000 721 4057 audeas
761 3986 1134 4066 Christianos;
1163 4006 1255 4056 aut
1282 4000 1335 4055 in
1364 3998 1585 4070 abrupta
1630 3997 1967 4054 ltorribiliora
2012 3997 2110 4053 de-

520 4093 718 4165 jcctus.
749 4092 938 4148 alienae
981 4092 1138 4148 mala:
1162 4100 1364 4147 natum
1388 4091 1649 4161 nobisque
1665 4089 1688 4122 ³
1714 4089 1988 4162 permixta:
2016 4087 2114 4144 bas

524 4198 792 4240 :crumnas
838 4184 1074 4241 hominis
1110 4182 1432 4254 imputabis,
1468 4190 1523 4238 et
1551 4178 1829 4237 )latt’tcluei
1883 4188 2111 4235 tartarca

521 4276 879 4349 profunditale
925 4274 1230 4333 sorbeberis
1261 4292 1275 4330 :
1303 4282 1395 4329 aut
1430 4273 1500 4329 de
1546 4281 1734 4329 natura
1763 4272 1940 4326 vitiata
1974 4270 2114 4327 lianc

520 4382 881 4425 aerumnarum
918 4381 1132 4438 pmnam
1184 4364 1389 4437 judicio
1440 4364 1532 4420 Dei
1582 4363 1849 4434 punientis
1876 4363 2111 4420 existere

521 4458 907 4528 conﬁteberis,
963 4466 1017 4515 et
1072 4458 1126 4514 in
1179 4472 1363 4514 auram
1418 4455 1738 4511 catholicam
1792 4454 2106 4525 respirabis.

520 4549 662 4629 Quin
702 4552 863 4607 etiam
910 4548 1064 4616 dicis,
1096 4547 1239 4619 quod
1286 4532 1494 4619 quidam
1522 4562 1681 4619 genus
1710 4545 1993 4599 humanum
2020 4561 2111 4615 per

518 4643 650 4702 Atla:
665 4639 1160 4715 peccatummortalc
1206 4640 1483 4712 apinautur
1533 4636 1765 4705 eﬂ'cctunt
1793 4653 1814 4691 :
1852 4644 1906 4692 et
1930 4635 2108 4704 addis,

517 4731 643 4793 ideo
671 4740 724 4787 te
750 4731 970 4799 dixisse,
1005 4730 1249 4799 Quidam,
1278 4730 1397 4800 quin
1422 4745 1512 4799 ego
1542 4728 1777 4799 princeps
1794 4742 1969 4783 eorum
2016 4727 2113 4782 hoc

517 4821 806 4880 erubuerint
831 4820 998 4875 dicere
1021 4835 1040 4884 ;
1064 4819 1153 4875 sed
1187 4819 1255 4873 ad
1282 4818 1639 4873 Marcellinum
1668 4819 1958 4887 setipserim
1983 4834 2113 4871 mor-

520 4912 672 4967 talem
702 4911 865 4964 Adam
915 4910 1104 4980 factum
1130 4909 1307 4964 uideri.
1356 4908 1457 4978 Qui
1497 4909 1612 4965 huic
1637 4918 1723 4965 tua
1754 4919 1809 4965 et
1855 4908 1942 4964 illa
1992 4910 2109 4963 mea

520 5002 768 5071 legerunt
794 5001 877 5055 vel
900 4999 925 5032 ⁸
947 5000 1149 5071 legunt,
1173 4999 1219 5056 si
1254 4999 1523 5071 Pelagiani
1550 5015 1655 5056 non
1689 5008 1835 5068 sunt,
1868 4998 2109 5071 profecto

517 5090 701 5146 vident
727 5088 1179 5160 quemadmodum
1225 5088 1403 5162 lingua
1430 5098 1517 5146 tua
1545 5090 1789 5161 amplexa
1820 5090 1891 5145 sit
1917 5089 2112 5146 dolosi-

521 5191 703 5237 totum.
745 5180 1024 5253 Nunquam
1067 5181 1210 5238 enim
1240 5196 1341 5254 ego
1365 5182 1530 5244 sensi,
1576 5196 1845 5250 nunquam
1875 5180 2095 5236 omnino

516 5274 651 5342 dixi,
674 5274 812 5329 sicut
838 5288 934 5329 vos
980 5273 1178 5343 dicitis,
1225 5273 1505 5329 mortalem
1544 5272 1711 5327 Adam
1760 5271 1978 5334 factum
2015 5272 2107 5344 qui

422 5444 437 5455 .
515 5371 631 5430 live
646 5376 909 5441 peccaret,
925 5368 1037 5424 sive
1058 5383 1165 5423 non
1190 5377 1455 5439 peccaret,
1490 5362 1777 5420 moriturus
1796 5376 1958 5422 esset.
1985 5366 2109 5421 Haec

576 5554 598 5619 ξ
630 5550 709 5619 sic
724 5556 831 5619 tias:
851 5548 975 5619 Editi
993 5554 1178 5619 autem,
1188 5543 1254 5619 in
1269 5542 1518 5619 paradiso.

508 5664 515 5672 ,
575 5615 601 5648 ³
631 5611 772 5675 Editi.
798 5608 1152 5675 fugacissimis.
1181 5608 1480 5671 castigantur
1515 5619 1580 5675 ex
1613 5610 1722 5655 ttss.

514 5666 525 5687 ‘
575 5675 601 5708 ³
629 5665 986 5736 ιἰειιζζιιιὶεηω
1000 5671 1157 5736 utalia
1176 5665 1365 5722 uatur'te
1385 5667 1643 5734 perutirtw
1656 5680 1674 5731 ,°
1709 5668 1886 5719 odiisso
1906 5705 1920 5729 ,
1942 5665 2102 5720 uobis-

807 5740 971 5849 :st-t:
989 5733 1299 5859 testam.
1342 5797 1407 5845 ει
1431 5798 1538 5843 uss.
1566 5791 1861 5854 ηειαωίηιιιεν

1177 410 1429 469 OPERIS
1461 404 1878 471 IMPERFECTI
1914 401 2047 459 (ἶοΝ
2068 404 2106 456 ζ]

2229 398 2592 472 ιυι.ι.ιΝυιι,
2631 403 2690 461 S.
2731 400 3096 462 AUGUSTINI

3643 404 3784 467 εδει

2210 527 2428 583 prorsus
2445 515 2607 570 verba
2620 514 2829 586 objecta
2859 525 2984 572 sunt
3006 513 3256 572 Calestio
3273 514 3330 572 in
3338 514 3629 590 episcopali
3640 518 3793 586 judi-

2208 604 2293 659 cio
2344 605 2770 676 Carthaginensi.
2824 607 2946 662 Ilaec
2996 606 3201 679 objecta
3266 614 3391 663 sunt
3447 616 3504 663 et
3576 607 3795 681 Pelagio

2209 697 2260 751 in
2312 696 2597 768 episcopali
2634 696 2836 769 judicio
2891 698 3219 773 Palmstino(
3243 697 3320 754 De
3350 698 3515 755 Gesti:
3563 694 3794 773 Pelagii,

2208 803 2296 842 un.
2318 788 2407 855 23,
2442 788 2532 856 60,
2560 797 2606 845 et
2650 791 2715 845 de
2757 790 2973 845 Peccato
3022 791 3295 863 Origiuali,
3319 809 3409 846 nn.
3435 793 3492 858 3,
3522 793 3559 847 4
3585 791 3627 863 ).
3658 792 3790 850 Hinc

2207 881 2402 952 quippe
2437 882 2505 937 de
2546 882 2647 938 bac
2694 896 2755 939 re
2783 883 2923 938 inter
2965 896 3066 939 nos
3087 893 3143 939 et
3164 900 3259 940 vos
3287 885 3515 941 vertitur
3540 887 3795 956 quaestio,

2207 981 2383 1028 utrum
2402 972 2590 1050 Adam,
2618 972 2737 1030 sive
2765 982 3030 1045 peccaret,
3047 974 3159 1031 sive
3187 991 3292 1031 non
3334 985 3603 1047 peccaret,
3632 977 3803 1033 mori—

2208 1072 2358 1120 turus
2386 1075 2545 1120 esset.
2576 1063 2710 1120 Nam
2756 1065 2878 1136 quis
2925 1065 3152 1136 ignorat,
3196 1067 3319 1137 quia
3370 1067 3669 1123 secundum
3699 1067 3799 1124 do-

2210 1154 2526 1222 iinitionem,
2562 1171 2667 1228 qua
2699 1156 3014 1212 immortalis
3038 1156 3233 1213 dicitur
3259 1158 3349 1215 ille
3372 1159 3463 1230 qui
3486 1176 3593 1214 non
3616 1168 3802 1231 potest

2206 1245 2366 1314 mori,
2410 1244 2652 1303 mortalis
2675 1255 2853 1302 autem
2899 1247 2989 1319 qui
3018 1258 3194 1319 potest
3237 1249 3397 1316 mori,
3425 1248 3599 1304 Adam
3626 1249 3803 1321 potuit

2207 1337 2365 1403 mori,
2395 1338 2517 1408 quia
2544 1338 2713 1408 potuit
2759 1352 2980 1409 peccare
3006 1354 3022 1407 ;
3051 1346 3107 1395 et
3131 1338 3253 1396 ideo
3280 1340 3417 1396 mori
3443 1341 3641 1396 merito
3683 1341 3802 1396 cul-

2208 1440 2312 1498 pae,
2358 1442 2467 1483 non
2510 1428 2831 1485 necessitate
2858 1438 3062 1485 natum
3083 1430 3111 1484 τ
3137 1429 3445 1486 Secundum
3494 1430 3645 1487 illam
3675 1446 3804 1488 vero

2207 1519 2590 1591 deﬁnitionem,
2613 1538 2716 1595 qua
2744 1533 2800 1580 et
2842 1522 2934 1580 ille
2964 1523 3282 1580 immortalis
3307 1524 3503 1581 dicitur
3531 1524 3695 1597 cujus
3721 1534 3804 1581 est

2210 1612 2262 1668 in
2294 1622 2553 1684 potestate
2573 1629 2678 1669 non
2709 1614 2867 1681 mori,
2913 1615 3033 1686 quis
3059 1622 3219 1687 neget
3260 1614 3437 1671 Adam
3463 1630 3589 1671 esse
3612 1614 3804 1670 condi-

2200 1711 2321 1783 tum
2344 1704 2503 1776 huius
2525 1706 2799 1776 potestatis
2818 1703 2851 1759 7
2874 1705 3139 1775 Quoniam
3161 1706 3251 1778 qui
3294 1704 3525 1762 habebat
3563 1715 3803 1777 potesta-

2208 1805 2320 1851 tem
2345 1808 2612 1866 nunquam
2639 1794 2917 1866 peccandi,
2949 1793 3198 1867 profecto
3223 1794 3455 1852 habebat
3477 1804 3803 1866 potestat

2210 1904 2483 1960 nunquam
2522 1888 2805 1944 moriendi.
2860 1888 2995 1944 Illud
3024 1903 3154 1960 ergo
3199 1897 3283 1943 est
3310 1887 3452 1958 quod
3477 1897 3674 1944 contra
3698 1903 3795 1944 vos

2211 1979 2423 2045 (ﬁcitur,
2447 1979 2551 2035 hoc
2588 1979 2781 2052 dogma
2808 1988 3069 2044 vestrum,
3096 1995 3200 2052 quo
3223 1981 3421 2051 putatis
3462 1980 3660 2047 Adam,
3694 1983 3810 2037 sive

2212 2078 2477 2141 peccaret,
2501 2072 2615 2127 sive
2635 2078 2743 2127 non
2768 2079 3034 2144 peccaret.
3063 2070 3227 2128 fuisse
3251 2073 3593 2138 moriturum,
3624 2072 3809 2128 omni-

2213 2176 2284 2216 no
2306 2175 2426 2217 esse
2451 2160 2816 2218 falsissimum.
2865 2163 2997 2231 Qum
3042 2179 3163 2219 cum
3222 2164 3294 2218 ita
3326 2163 3458 2231 sint,
3514 2178 3625 2235 quo
3652 2172 3808 2234 pacto

2212 2268 2312 2324 ego
2339 2252 2595 2321 dicerem,
2618 2253 2759 2326 quod
2790 2271 2877 2310 me
2899 2254 3100 2311 dixisse
3116 2255 3380 2320 mentiris.
3412 2254 3587 2317 Adam
3614 2270 3809 2311 secun-

2211 2343 2339 2399 dum
2361 2353 2599 2399 naturam
2628 2345 2925 2401 mortaliter
2969 2344 3287 2409 institutum,
3318 2346 3471 2417 quasi
3522 2356 3812 2417 urgeretur

2213 2435 2537 2513 necessitate
2579 2435 2873 2501 moriendi;
2913 2451 3041 2492 cum
3083 2436 3139 2491 in
3168 2446 3394 2492 mortem
3444 2436 3550 2492 nisi
3592 2447 3809 2508 propter

2212 2537 2488 2599 pecudum
2530 2542 2637 2583 non
2667 2528 2685 2560 ¹
2731 2538 2913 2599 posset
2962 2528 3317 2600 urgerilAut
3361 2530 3637 2600 quomodo
3690 2545 3809 2586 em

2213 2622 2349 2678 mori
2377 2636 2480 2677 non
2508 2622 2749 2693 potuisse
2796 2623 3102 2692 pronuntio,
3152 2637 3447 2680 cumesse
3491 2626 3808 2679 mortuum'

2215 2712 2382 2768 sciam
2407 2729 2421 2777 ;
2446 2722 2501 2768 et
2522 2712 2704 2782 utique
2732 2712 2777 2767 si
2804 2714 2940 2768 mori
2965 2727 3072 2770 non
3120 2714 3402 2784 potuisset,
3435 2724 3687 2770 mortuus
3706 2729 3809 2769 nou

2215 2815 2359 2863 esset
2375 2805 2402 2860 l
2420 2805 2528 2862 Sed
2546 2806 2700 2877 plane
2727 2804 2874 2861 illum
2903 2823 3009 2861 non
3032 2807 3169 2863 mori
3218 2806 3456 2878 potuisse
3492 2807 3807 2879 pronuntio.

2214 2896 2376 2952 Aliud
2414 2903 2499 2952 est
2526 2906 2704 2953 autem
2753 2912 2861 2952 non
2923 2911 3082 2968 posse
3129 2897 3289 2965 mori,
3327 2896 3475 2952 aliud
3507 2912 3674 2969 posse
3702 2913 3807 2953 non

2215 2988 2358 3045 mori
2383 3006 2402 3045 :
2431 2987 2559 3045 illud
2598 2989 2817 3061 majoris
2834 3000 2915 3046 est
2942 2989 3378 3057 immortalitatis,
3408 2989 3516 3047 hoc
3565 2992 3806 3047 minoris.

2214 3080 2270 3138 Si
2287 3081 2395 3138 duo
2415 3081 2517 3138 ista
2536 3080 2819 3147 discernis,
2868 3080 3081 3153 etquod
3107 3096 3204 3137 vos
3234 3081 3307 3138 de
3328 3080 3498 3137 Adam
3522 3081 3724 3145 dicitis,
3753 3091 3806 3137 et

2215 3175 2357 3245 quod
2389 3190 2488 3231 nos
2516 3184 2703 3231 contra
2733 3189 2828 3230 vos
2853 3173 3097 3241 dicimus,
3128 3173 3326 3230 cernis.
3357 3173 3467 3231 Vos
3504 3174 3653 3231 enim
3680 3175 3809 3231 dici-

2221 3270 2313 3335 tis,
2336 3270 2460 3326 Sive
2482 3277 2748 3341 peccaret,
2774 3267 2888 3324 sive
2907 3283 3011 3323 non
3034 3267 3609 3338 peccaret,moriturus
3627 3278 3806 3323 esset:

2219 3377 2316 3417 nos
2341 3371 2519 3418 autem
2544 3361 2794 3427 dicimus,
2837 3359 3101 3429 Quamdiu
3141 3373 3250 3415 non
3291 3367 3555 3430 peccaret,
3582 3361 3807 3415 moritu-

2218 3467 2310 3508 rus
2341 3467 2443 3507 non
2482 3460 2665 3518 esset;
2703 3459 2760 3507 et
2793 3450 2837 3506 si
2889 3465 3161 3522 nunquam
3214 3457 3508 3521 peccasset,
3566 3459 3809 3506 mortuus

2220 3558 2325 3599 non
2346 3551 2519 3599 esset.
2543 3542 2745 3599 Deinde
2795 3555 3191 3599 commemoras
3229 3555 3348 3612 quae
3389 3548 3582 3595 contra
3616 3555 3718 3596 vos
3741 3540 3809 3595 de

2218 3632 2412 3690 Genesi
2439 3632 2542 3689 diei
2558 3632 2803 3698 soleant;
2835 3641 2888 3687 et
2916 3631 2984 3688 de
3018 3630 3203 3705 dolore
3220 3630 3495 3701 parientis,
3519 3645 3628 3701 qua
3655 3644 3807 3701 plena

2218 3726 2366 3797 prior
2389 3725 2495 3780 Eva
2522 3725 2705 3796 punita
2733 3733 2834 3791 est,
2883 3722 3017 3779 dicis
3043 3722 3260 3794 aliquid,
3298 3721 3443 3793 quod
3483 3737 3585 3779 nos
3634 3722 3809 3779 dicere

2217 3820 2300 3875 vis
2326 3819 2521 3890 putari,
2551 3818 2637 3873 vel
2678 3828 2851 3891 putas.
2883 3816 2999 3873 Non
3039 3818 3184 3872 enim
3220 3816 3467 3882 dicimus,
3507 3831 3616 3871 non
3647 3814 3809 3871 fuisse

2220 3911 2272 3968 in
2302 3912 2559 3984 pariendo
2589 3909 2811 3968 feminas
2832 3910 3112 3978 doliturus,
3157 3909 3259 3965 nisi
3300 3907 3368 3964 ad
3414 3922 3508 3964 eas
3537 3924 3664 3964 cum
3695 3923 3810 3979 pec-

2219 4011 2338 4060 cato
2358 4003 2485 4059 Eva:
2511 4002 2848 4059 fecunditatis
2869 4001 3010 4058 illius
3050 4016 3287 4057 :erumna
3336 4001 3663 4057 transisset:
3690 4016 3808 4056 cum

2216 4096 2284 4151 ad
2349 4110 2443 4153 eas
2493 4111 2598 4151 non
2641 4094 2978 4152 fecunditatis
3009 4135 3029 4162 ,
3071 4094 3166 4150 sed
3220 4094 3515 4165 iniquitatis
3562 4109 3805 4150 mrumna

2220 4187 2492 4244 transierit
2517 4188 2558 4241 ³.
2583 4187 2696 4242 Etsi
2737 4188 2881 4243 enim
2914 4186 3047 4242 facta
3096 4195 3181 4243 est
3236 4201 3538 4241 aerumnosa
3573 4185 3808 4241 fecundi.

2218 4288 2301 4336 tas
2328 4298 2342 4347 ;
2370 4281 2621 4351 iniquitas
2653 4321 2668 4345 ,
2724 4296 2829 4334 non
2876 4278 3171 4335 fecunditas
3218 4278 3321 4334 hoc
3370 4279 3492 4334 fecit
3525 4296 3539 4332 :
3572 4293 3808 4333 :crumna

2218 4374 2415 4444 quippe
2474 4371 2730 4444 parientis
2764 4387 2827 4427 ex
2874 4370 3151 4442 iniquitate
3203 4370 3458 4439 hominis,
3510 4369 3809 4427 fecunditas

2217 4472 2394 4520 autem
2443 4477 2511 4519 ex
2553 4462 2646 4518 Dei
2676 4460 3048 4519 benedictione
3085 4460 3383 4519 descendit.
3440 4462 3550 4517 Ant
3586 4463 3633 4518 si
3672 4478 3806 4518 :ern-

2218 4568 2396 4609 mnam
2428 4552 2766 4609 fecunditatis
2792 4568 2898 4608 non
2926 4553 3003 4608 sic
3051 4552 3272 4623 intelligi
3299 4552 3535 4617 voluisti,
3559 4561 3805 4624 tanquam

2217 4660 2335 4701 eam
2366 4644 2665 4701 fecunditas
2693 4644 2898 4712 fecerit,
2924 4644 3020 4699 sed
3038 4645 3343 4715 acceperit;
3374 4644 3491 4699 lnec
3517 4653 3603 4699 cst
3630 4654 3801 4700 nostra

2216 4738 2501 4794 sententia.
2529 4737 2725 4792 Verum
2757 4752 2856 4792 nos
2889 4753 2994 4792 non
3016 4737 3245 4793 dicimus
3274 4736 3437 4792 etiam
3475 4736 3529 4790 in
3560 4736 3803 4807 paradiso

2217 4832 2491 4901 parientes
2517 4828 2740 4886 feminas
2774 4830 2938 4885 fuisse
2968 4828 3227 4885 dolituras
3256 4844 3273 4881 :
3303 4829 3413 4884 imo
3455 4827 3583 4883 inde
3606 4829 3805 4899 colligi.

2219 4937 2340 4977 mus
2380 4921 2526 4978 hunc
2559 4921 2800 4979 dolorem
2837 4937 3048 4994 poenam
3079 4937 3201 4979 esse
3248 4921 3477 4992 peccati,
3504 4921 3630 4993 quia
3661 4923 3714 4977 in
3748 4936 3807 4978 ea

2217 5013 2338 5070 loco
2364 5028 2468 5069 non
2492 5013 2701 5082 fuisset,
2721 5014 2809 5070 ubi
2833 5031 2938 5070 non
2987 5014 3294 5071 sinerentur
3321 5030 3543 5071 manere
3571 5017 3805 5087 quicum-

2214 5102 2319 5177 que
2346 5115 2689 5178 peccassent:
2709 5106 2853 5178 quod
2875 5115 2927 5160 tu
2956 5107 3190 5162 refutare
3227 5120 3332 5161 non
3357 5105 3570 5172 niteris,
3594 5106 3700 5161 nisi
3722 5107 3803 5161 Du-i

2218 5198 2542 5266 paradisum,
2569 5214 2729 5254 manu
2778 5197 2937 5252 fronti
2987 5202 3230 5269 Opposita
3259 5205 3313 5252 et
3360 5194 3533 5252 oculis
3589 5195 3803 5258 clausis,

2216 5306 2320 5345 non
2358 5293 2532 5347 solum
2575 5290 2884 5346 libidinibus
2921 5290 3222 5355 hominum,
3256 5303 3441 5343 verum
3487 5288 3653 5343 etiam
3691 5303 3804 5343 cru-

2215 5381 2443 5438 ciatibus
2481 5381 2709 5453 implere
2753 5380 2983 5452 cogaris.
3013 5379 3119 5435 Sed
3159 5377 3283 5449 quid
3330 5378 3568 5433 mirum?
3594 5376 3801 5449 quando

2280 5542 2295 5574 ί
2333 5541 2417 5591 ttic
2450 5546 2718 5605 negantem
2760 5538 3043 5604 particulam
3104 5536 3391 5593 aucta-itam
3448 5543 3558 5589 uss.
3603 5534 3798 5600 αιιιμιιιο

2214 5614 2406 5738 “iam
2424 5671 2529 5738 tes-
2551 5669 2610 5738 ιιι.
2625 5660 3108 5738 immaturitate":

2282 5727 2303 5758 ³
2335 5726 2620 5776 Exciderunt
2636 5719 2854 5777 inveditis
2873 5725 2979 5775 lucc
3005 5727 3155 5775 verba
3172 5759 3188 5784 .
3207 5735 3320 5785 erat!
3335 5722 3404 5774 ad
3418 5734 3503 5773 ea!
3518 5732 3616 5785 ιιορ
3635 5719 3797 5785 term!-

2215 5785 2418 5899 ἵξιιὲςέ
2436 5786 2522 5839 sed
2543 5785 2807 5852 iniquitatis
2830 5799 3048 5841 (erumna
3079 5780 3337 5839 transierit.
3358 5788 3561 5837 Exstant
3577 5780 3797 5835 hianti-
