3958 6516
252 367 388 429 I56!

249 483 483 554 implere
531 481 610 537 vis
667 479 858 535 illum'
918 478 1280 534 memorabilis
1330 474 1597 533 felicitatis
1666 475 1840 529 locum

249 575 419 629 etiam
435 573 693 627 mortilms
711 571 1004 635 hominum,
1026 587 1249 641 quarum
1280 569 1394 624 sine
1431 568 1610 636 aliquo
1637 579 1833 635 corpo-

248 665 334 718 ris
379 665 635 731 cruciatu,
660 664 739 718 vel
787 663 949 725 nulla,
973 663 1056 718 vel
1113 676 1246 732 pene
1289 660 1430 714 nulla
1458 657 1738 728 contingit.
1769 653 1836 710 Et

248 770 378 809 cum
407 753 520 809 bzcc
548 765 789 824 portenta
819 765 870 810 te
899 753 1076 808 dicere
1109 763 1254 808 tuum
1295 751 1485 820 dogma
1515 748 1837 818 compellat;

249 863 372 912 cos,
396 847 482 916 qui
509 846 622 900 lucc
666 845 803 900 absit
836 857 890 901 ut
916 846 1116 910 dicant,
1161 843 1280 914 quia
1333 842 1458 896 illml
1499 839 1674 911 potius
1701 837 1836 892 anlie

248 940 468 1010 quitus'
499 936 753 993 Ecclesia:
805 937 896 993 Dei
938 937 1185 992 traditum
1230 943 1428 1000 tenent,
1462 931 1599 986 unde
1642 930 1842 985 dictum

250 1041 360 1097 est,
384 1032 425 1084 Α
481 1031 688 1084 muliere
725 1030 924 1084 initium
971 1033 1162 1100 [action
1190 1037 1258 1082 cst
1307 1024 1514 1095 peccati,
1547 1032 1593 1076 et
1639 1031 1841 1093 propter

251 1122 402 1176 illam
429 1121 670 1176 morimur
713 1138 884 1175 omnes
909 1126 925 1187 (
958 1118 1117 1174 Ifrrli.
1147 1133 1281 1182 xxv,
1332 1117 1404 1171 35
1428 1115 1479 1185 );
1507 1113 1672 1168 audes
1692 1113 1841 1166 insu—

250 1230 354 1285 per
401 1214 637 1279 irridere,
696 1229 987 1284 cormnque
1050 1227 1136 1267 me
1188 1209 1476 1282 principem
1530 1207 1843 1262 insultantcr

250 1308 492 1378 appellas
529 1317 715 1361 contra
764 1307 1040 1361 scientiam
1097 1313 1152 1360 et
1214 1301 1594 1358 conscientiam
1665 1309 1828 1354 tuam.

249 1397 411 1454 Nullo
439 1398 600 1452 modo
627 1413 854 1468 namque
872 1396 1104 1467 ignoras,
1137 1403 1264 1465 quot
1287 1402 1340 1448 et
1368 1391 1548 1463 quanti
1583 1390 1633 1444 in
1655 1389 1840 1444 Eccle-

253 1495 337 1550 sia
381 1493 523 1548 docti
582 1492 939 1562 Ecclesiaeque
976 1489 1224 1545 doctores
1263 1496 1389 1542 ante
1441 1497 1539 1540 nos
1583 1482 1835 1549 dixerint,

251 1587 337 1642 sic
353 1594 593 1640 naturam
641 1583 871 1638 hominis
905 1581 1156 1637 divinitus
1205 1578 1523 1641 institutam,
1555 1585 1611 1631 ut
1651 1576 1694 1629 si
1729 1589 1834 1629 non

250 1685 548 1748 peccasset,
578 1674 871 1729 moriturus
903 1689 1003 1728 non
1032 1680 1194 1742 esset.
1230 1669 1426 1725 llorum
1455 1682 1581 1737 ergo
1606 1679 1836 1736 quomo-

248 1769 327 1823 ιιι)
353 1768 597 1838 princeps
618 1778 802 1830 vocor,
839 1779 973 1834 quos
1013 1779 1118 1818 non
1147 1761 1304 1826 duco,
1344 1758 1441 1815 sed
1484 1774 1680 1828 sequor
1708 1757 1731 1811 ?
1758 1755 1837 1812 Te

248 1867 431 1912 autem
455 1871 560 1911 non
591 1856 711 1910 dico
750 1870 870 1910 esse
907 1852 1199 1924 principem
1240 1866 1426 1907 eorum
1467 1850 1554 1920 qui
1589 1855 1838 1905 asserunt

248 1948 334 2003 sic
363 1947 529 2002 Adam
563 1946 840 2000 mortalem
889 1945 1104 2011 factum,
1140 1953 1196 1997 ut
1234 1941 1348 1998 sive
1401 1949 1666 2012 peccaret,
1718 1940 1833 1994 sive

246 2056 360 2095 non
391 2049 652 2110 peccaret,
681 2039 970 2094 moriturus
998 2046 1163 2104 esset,
1192 2044 1352 2106 atque
1376 2035 1446 2090 ita
1478 2033 1498 2065 ³
1527 2031 1834 2102 paradisum

245 2142 456 2189 sanctte
495 2131 804 2201 voluptatis,
841 2130 928 2185 ubi
977 2138 1120 2183 tanta
1165 2127 1376 2198 requies
1403 2124 1593 2180 anima:
1623 2133 1676 2178 et
1709 2139 1834 2178 cor-

245 2225 398 2294 poris
412 2235 546 2288 erat,
579 2221 914 2278 morientium
931 2218 1276 2284 cruciatilms,
1327 2225 1658 2270 mortuormu
1683 2214 1835 2268 fune-

245 2314 436 2378 ribus,
472 2312 760 2383 lugentium
786 2310 1105 2367 mmroribus
1149 2308 1369 2378 implere
1411 2315 1690 2362 conantur.
1720 2305 1834 2360 Non

245 2420 313 2460 cs
350 2414 404 2458 tu
449 2418 632 2459 eorum
685 2401 930 2473 princeps
967 2418 979 2453 :
1011 2400 1254 2470 Pelagius
1289 2407 1346 2453 et
1389 2396 1670 2453 (Imlestius
1697 2437 1712 2462 ,
1744 2398 1834 2466 qui

246 2497 458 2568 priores
483 2496 581 2550 ista
606 2494 876 2561 dixerunt,
906 2503 1088 2549 tenent
1133 2491 1291 2562 hujus
1329 2489 1540 2545 nefandi
1571 2487 1834 2560 dogmatis

249 2589 784 2662 principatum;quos
824 2586 1046 2652 utinatn,
1076 2585 1214 2640 sicut
1271 2597 1378 2638 non
1432 2580 1604 2647 ducis,
1644 2580 1714 2634 ita
1735 2593 1835 2634 nec

247 2679 553 2750 sequereris
575 2679 590 2732 Ξ
803 2691 822 2697 -

322 2769 509 2826 XXVI.
539 2769 657 2825 ιιιτι..
699 2767 808 2823 lloc
836 2767 976 2823 enim
1009 2768 1178 2837 ipsum
1223 2781 1379 2836 quam
1423 2764 1666 2819 insanum
1708 2769 1789 2817 est
1815 2803 1830 2827 ,

243 2861 390 2932 quod
423 2861 616 2927 dicitis,
650 2860 822 2930 primo
861 2858 1100 2914 dolorem
1143 2855 1377 2927 pariendi
1421 2857 1668 2910 comitem
1713 2867 1832 2908 esse

246 2955 482 3026 peccati,
511 2970 630 3010 cum
677 2954 746 3008 ita
794 2952 1068 3023 perspicue
1095 2950 1161 3005 ad
1206 2965 1429 3005 sexuum
1470 2947 1830 3003 conditionem

244 3046 451 3117 magis,
500 3060 658 3116 quam
699 3043 764 3098 ad
819 3042 1100 3098 criminum
1146 3039 1392 3109 respiciat
1435 3038 1688 3092 ultionem
1717 3077 1732 3101 ,
1774 3043 1834 3088 ut

243 3142 424 3194 Ollllllll
451 3138 694 3192 animalia
724 3136 869 3190 nttlio
898 3133 1154 3190 maculata
1185 3142 1421 3202 peccato,
1455 3131 1551 3185 hos
1579 3142 1828 3199 angores,

245 3232 348 3287 ltus
384 3232 615 3304 gemitus
642 3229 693 3285 in
726 3227 1072 3300 parturitione
1103 3224 1399 3297 patiantur?
1427 3223 1528 3278 Per
1555 3221 1696 3292 quod
1734 3237 1830 3291 ap-

246 3337 421 3400 paret,
465 3333 834 3396 aigumentnm
867 3338 972 3377 non
1003 3335 1123 3376 esse
1152 3319 1390 3389 peccati,
1423 3316 1564 3388 quod
1606 3314 1831 3370 inveniri

244 3420 410 3475 etiam
439 3419 557 3473 sine
587 3426 804 3488 peccato
829 3423 1022 3484 potest.
1052 3412 1250 3468 Deinde
1278 3417 1651 3481 promoventes
1673 3406 1832 3462 all‘er-

246 3513 319 3568 tis
357 3510 519 3578 aliud,
545 3511 712 3566 multo
755 3509 1164 3579 ineptissimum.
1190 3506 1306 3561 Non
1349 3503 1576 3569 doleret,
1618 3502 1826 3574 inquis,

243 3604 467 3671 feruiua,
504 3602 610 3659 nisi
653 3610 795 3658 esset
837 3600 1121 3656 criminum
1151 3599 1433 3670 particeps.
1461 3597 1658 3652 Verum
1690 3595 1832 3650 illico

242 3697 509 3763 subditis,
535 3694 642 3752 Sed
673 3694 774 3750 hoc
800 3702 1074 3765 peccatum
1095 3734 1111 3760 ,
1144 3701 1360 3763 propter
1384 3690 1524 3762 quod
1550 3689 1692 3746 dolet
1715 3705 1833 3744 mu-

243 3787 366 3855 lier,
397 3803 503 3843 non
533 3787 584 3842 in
611 3787 872 3857 pariente,
902 3793 1152 3840 caeterum
1181 3784 1232 3838 in
1261 3791 1510 3838 nascente
1533 3781 1833 3853 deprehen-

243 3880 408 3936 ditur.
430 3879 563 3935 Nam
593 3878 712 3934 ideo
751 3887 806 3934 et
840 3878 1121 3949 baptizata:
1150 3875 1402 3930 mulieres
1429 3915 1444 3939 ,
1481 3874 1661 3928 liberae
1686 3913 1702 3940 ,
1729 3873 1830 3940 ais,

243 3974 450 4044 agitant
475 3988 508 4026 a
536 3979 754 4041 peccato
774 3970 829 4036 ‘;
861 3968 956 4025 sed
983 3983 1081 4039 pro
1107 3967 1335 4021 ﬁliorum
1370 3965 1666 4035 iniquitate,
1696 3980 1832 4035 quos

243 4064 433 4130 edunt,
459 4061 791 4119 fecunditatis
813 4075 924 4115 suae
950 4057 1345 4114 difﬁcultatilms
1366 4054 1688 4127 affliguntur.
1718 4054 1832 4122 Qua

245 4155 498 4225 opinione
524 4152 711 4208 tradux
751 4149 956 4222 peccati
986 4164 1089 4205 non
1130 4149 1241 4220 jam
1265 4164 1294 4202 a
1321 4158 1488 4204 matre
1515 4147 1748 4203 decurrit
1778 4147 1831 4200 in

246 4245 507 4309 sobolem,
537 4243 631 4300 sed
665 4245 715 4298 in
747 4250 994 4312 parentes
1018 4256 1047 4294 a
1077 4247 1326 4294 nascente
1352 4238 1666 4294 refunditur.
1695 4237 1827 4292 Nam

244 4336 296 4392 si
320 4335 438 4390 ideo
461 4335 652 4390 mulier
674 4333 937 4404 baptizata
961 4331 1123 4386 sentit
1145 4329 1359 4386 dolores
1379 4369 1393 4395 ,
1429 4328 1551 4398 quia
1585 4328 1835 4399 iniquita-

246 4437 330 4482 tes
353 4425 695 4481 inveniuntur
714 4425 765 4478 in
792 4421 1046 4494 parvulo;
1073 4421 1258 4491 supina
1282 4419 1465 4488 incipit
1486 4418 1671 4474 tradux
1688 4433 1830 4487 esse,

247 4535 357 4575 non
383 4534 573 4589 prona.
603 4518 673 4574 At
695 4517 717 4549 '
750 4532 858 4572 non
889 4515 1010 4570 ideo
1030 4514 1317 4579 cruciatur,
1350 4512 1472 4583 quia
1501 4512 1830 4582 iniquitatem

247 4611 392 4666 ﬁlius
421 4610 575 4666 habet
599 4629 612 4664 :
635 4609 730 4664 sed
757 4608 881 4665 ideo
908 4607 1028 4678 quia
1057 4622 1175 4660 eam
1203 4620 1386 4660 secum
1420 4603 1552 4673 ipsa,
1582 4617 1702 4658 cum
1733 4619 1830 4657 na-

246 4713 506 4769 sceretur,
537 4701 841 4758 advexerat.
874 4698 1072 4754 Verum
1104 4701 1203 4752 hoc
1232 4696 1428 4751 malum
1470 4695 1734 4751 sublatum
1761 4695 1830 4751 ab

244 4811 308 4850 ea
333 4811 428 4865 per
451 4794 673 4866 gratiam
703 4792 913 4846 dixeras
938 4807 950 4843 :
973 4789 1019 4846 si
1049 4803 1175 4859 ergo
1206 4794 1426 4858 peccato
1453 4786 1612 4841 dolor
1652 4797 1831 4856 partu-

245 4890 435 4946 rientis
464 4887 768 4944 adluerebat
791 4927 806 4948 ,
839 4885 1036 4940 amotio
1065 4883 1266 4954 peccati
1311 4881 1570 4938 cruciatui
1600 4881 1831 4951 parturi-

248 4981 452 5036 tionum
478 4980 662 5034 debuit
703 4975 927 5032 mederi.
957 4977 1062 5029 Aut
1087 4975 1130 5028 si
1162 4974 1426 5028 cruciatus
1454 4972 1542 5027 hic
1583 4972 1700 5026 sine
1729 4971 1829 5026 ini-

244 5075 445 5145 quitate
467 5089 588 5129 esse
613 5088 715 5128 non
743 5079 953 5144 potest,
985 5068 1075 5140 qui
1103 5078 1279 5123 tamen
1308 5075 1427 5136 post
1467 5067 1741 5138 Baptisma
1769 5067 1824 5124 in

245 5164 456 5221 feminis
483 5164 779 5230 invenitur;
810 5162 1059 5234 iniquitas
1087 5174 1298 5231 quoque
1323 5159 1403 5215 eis
1429 5174 1535 5214 non
1560 5171 1642 5226 est
1666 5158 1791 5222 dem
1808 5190 1825 5200 -

307 5407 324 5438 ¹
351 5404 652 5467 _\'igni_er_ius,
692 5400 1078 5467 quandoquidem
1099 5399 1343 5453 vixillum.
1392 5406 1445 5450 At
1467 5407 1572 5450 Mss.
1592 5438 1606 5464 ,
1632 5402 1827 5466 quando

242 5463 714 5535 ωιρωῖεψειέωηέ
1012 5523 1024 5534 .

359 5529 433 5577 sic
452 5532 559 5576 Mss.
584 5533 634 5576 In
657 5527 815 5588 vign.,
839 5527 1097 5588 antiquius.

307 5590 330 5623 ³
361 5589 651 5651 Vignierius,
675 5585 742 5651 iri.
770 5593 825 5635 At
846 5585 1081 5651 Mss.,_ita.

304 5650 326 5682 ⁸
357 5647 592 5712 sic'vetus
610 5647 768 5699 eOdex
793 5655 913 5699 Port.
940 5647 1024 5697 Alii
1049 5660 1168 5699 vero
1206 5654 1312 5700 Mss.
1351 5661 1458 5700 cum
1483 5649 1654 5712 editis,
1681 5648 1828 5701 libere

241 5713 342 5783 σὴρ
365 5711 595 5783 eam.
608 5718 818 5782 ρεεςαιοο

253 5822 276 5840 __
305 5777 327 5808 ³
359 5774 779 5840 εῡιιιιιε,·ἱηιιιιὶεδ.

1631 357 1829 416 LIBER
1868 355 2152 416 SEXTUS.

3394 385 3533 443 £569

1957 483 2044 542 pta
2075 489 2170 568 per
2199 478 2459 550 gratiam,
2507 492 2561 538 et
2601 485 2786 542 eviluil
2831 504 3020 562 pompa
3066 493 3424 568 Baptismatis.
3469 502 3529 559 Si

1949 575 2129 619 autem
2157 567 2208 622 in
2253 568 2336 626 bis
2379 576 2645 645 mysteriis
2671 594 2732 634 ea
2763 597 2922 650 quam
2960 599 3058 640 nos
3098 567 3384 657 credimus,
3418 609 3527 648 non

1949 670 2046 710 vos
2074 657 2269 729 ﬁngitis
2291 702 2304 725 ,
2353 663 2450 720 fuit
2482 667 2649 724 virtus
2687 679 2741 725 et
2785 673 3001 742 veritas,
3033 677 3404 750 sublatumque
3447 692 3531 738 est

1949 762 2109 843 (mute
2134 764 2432 843 (peccatum
2456 801 2471 824 ,
2502 772 2744 818 remanet
2775 763 2930 820 dolor
2973 777 3182 836 tamen,
3213 772 3302 842 qui
3345 781 3529 843 partus

1950 837 2261 897 difficultate
2283 857 2603 914 generatur;
2633 852 2968 910 manifestmn
2994 867 3076 912 est
3102 837 3248 915 illuni
3273 837 3526 932 gemitum

1945 939 2148 986 natura:
2194 932 2421 990 indicem
2467 953 2586 995 esse
2610 983 2624 1006 ,
2655 958 2760 997 non
2801 946 3006 1016 culpat;
3035 964 3191 1018 quem
3237 959 3287 1006 te
3317 968 3528 1022 quoque

1945 1031 2212 1079 annuente
2241 1026 2531 1095 patiuntur,
2562 1047 2693 1101 quas
2719 1049 2747 1087 a
2777 1034 3188 1092 lllaniclnnorum
3217 1051 3435 1110 peccato
3463 1041 3527 1097 li-

1946 1112 2157 1170 beratas
2186 1116 2384 1173 fateris.
2415 1119 2581 1177 Porro
2613 1124 2664 1177 id
2705 1128 2962 1195 exemplis
2992 1145 3166 1185 rerum
3192 1133 3321 1188 solis
3361 1149 3524 1205 appa—

1945 1205 2087 1260 ruit:
2113 1207 2155 1261 si
2185 1224 2311 1262 vero
2343 1210 2687 1279 inspiciamus
2726 1222 2782 1269 et
2825 1216 2990 1287 ipsius
3019 1221 3178 1276 verba
3219 1226 3522 1293 scntentiaa,

1944 1313 2027 1351 na:
2059 1297 2144 1360 illa
2172 1308 2378 1355 vestras
2404 1303 2625 1358 nebulas
2645 1305 3002 1376 splendidiore
3034 1310 3237 1384 fulgore
3275 1315 3405 1371 solis
3433 1331 3522 1370 ra-

1942 1389 2046 1444 diis
2071 1390 2344 1446 dissolvet.
2375 1392 2488 1448 Non
2531 1405 2613 1450 est
2652 1398 2846 1468 quippe
2875 1400 3072 1458 dictum
3110 1405 3178 1459 ad
3219 1407 3521 1472 mulierem,

1941 1479 2192 1536 Orientur
2217 1483 2268 1538 in
2315 1493 2366 1539 te
2403 1485 2636 1553 dolores,
2664 1498 2776 1556 aut,
2809 1490 3089 1549 Generabo
3134 1494 3226 1549 tibi
3255 1497 3520 1566 gemitus;

1942 1581 1998 1626 ut
2027 1582 2142 1642 post
2162 1576 2369 1645 culpam
2395 1592 2583 1631 sensus
2606 1593 2789 1634 eorum
2814 1581 3015 1644 institui
3042 1583 3344 1640 viderentur
3369 1604 3383 1640 :
3404 1587 3522 1654 sed,

1943 1663 2308 1736 Multiplicans,
2339 1668 2526 1739 inquit,
2551 1669 2896 1741 multiplicabo
2925 1674 3154 1730 tristitias
3180 1686 3310 1730 tuas.
3342 1676 3552 1733 Ostenu

1941 1755 2017 1811 dit
2041 1760 2150 1826 jam
2178 1773 2296 1814 esse
2339 1761 2390 1814 in
2435 1763 2658 1816 naturali
2691 1764 2932 1832 ratione,
2960 1766 3102 1836 quod
3146 1783 3205 1822 se
3228 1767 3288 1825 in
3336 1784 3497 1839 pecca

1943 1851 2072 1908 triee
2102 1868 2325 1922 persona
2357 1870 2460 1908 non
2486 1855 2714 1910 condere
2733 1898 2748 1922 ,
2777 1856 2873 1912 sed
2913 1858 3270 1928 multiplicare
3295 1861 3520 1931 promit-

1942 1944 2022 2000 tit.
2054 1944 2336 2016 Nunquam
2380 1947 2576 2018 quippe
2617 1949 3029 2020 multiplicantur
3072 1951 3171 2006 nisi
3217 1953 3521 2010 exstantia:

1939 2046 2188 2091 ereterum
2217 2047 2500 2108 antequam
2531 2039 2656 2104 sint,
2685 2040 2797 2095 ﬁeri
2826 2041 3040 2112 quidem
3066 2043 3279 2113 proprie
3299 2085 3314 2108 ,
3340 2044 3522 2115 augeri

1939 2138 2114 2184 autem
2137 2145 2476 2201 pra-propere
2507 2141 2897 2202 nuneupantur.
2929 2133 3186 2204 Denique,
3212 2150 3278 2189 ne
3305 2133 3404 2190 hoc
3421 2149 3521 2189 no-

1940 2231 2111 2274 strum
2145 2221 2333 2292 magis,
2365 2237 2522 2292 quam
2554 2222 2720 2293 ipsius
2747 2223 2985 2279 veritatis
3009 2240 3128 2280 esse
3151 2225 3412 2292 videatur,
3437 2225 3523 2282 hic

1940 2311 1990 2366 in
2019 2313 2222 2368 cunctis
2265 2313 2622 2370 animantibus
2664 2315 2945 2371 verborum
2987 2317 3214 2372 refertur
3249 2316 3383 2372 ordo
3408 2331 3522 2372 ser-

1938 2413 2107 2457 vatus.
2142 2404 2215 2458 De
2255 2403 2470 2461 homine
2505 2421 2720 2476 quoque
2767 2407 3072 2477 priusquam
3115 2407 3305 2464 ﬁeret:
3336 2406 3522 2462 Facia-

1937 2513 2049 2551 mus
2069 2539 2084 2563 ,
2116 2498 2285 2568 inquit
2312 2497 2450 2553 Deus
2470 2539 2485 2565 ,
2517 2499 2768 2554 hominem
2797 2499 2866 2553 ad
2893 2501 3165 2571 imaginem
3204 2509 3251 2554 et
3279 2500 3522 2566 sitnilitu-

1938 2587 2105 2642 dinem
2151 2598 2376 2642 nostram
2421 2588 2575 2660 (Gen.
2607 2605 2659 2657 ι,
2691 2589 2782 2660 26)
2809 2608 2822 2644 :
2845 2599 2899 2644 et
2939 2589 3113 2645 denuo
3143 2590 3211 2646 de
3255 2591 3478 2648 muliere
3501 2632 3520 2660 ,

1936 2678 2102 2745 Dixit,
2134 2680 2322 2751 inquit,
2352 2680 2488 2736 Deus
2507 2722 2522 2747 ,
2554 2680 2676 2735 Non
2703 2692 2774 2736 est
2800 2681 2988 2736 bonum
3019 2698 3124 2736 esse
3166 2682 3330 2737 solum
3356 2682 3521 2736 homi-

1937 2790 2051 2827 nem
2074 2791 2089 2839 ;
2123 2777 2370 2846 faciamus
2413 2776 2459 2829 ei
2485 2776 2797 2846 adjutorium
2825 2775 2988 2830 simile
3027 2776 3108 2830 sui
3134 2776 3259 2846 (Id.
3288 2793 3324 2832 ιι
3342 2817 3358 2844 ,
3385 2775 3517 2847 18).

1937 2863 2126 2921 Postea
2157 2881 2284 2920 vero
2327 2883 2484 2936 quam
2515 2867 2634 2921 facti
2677 2877 2801 2922 sunt
2825 2907 2838 2931 ,
2867 2867 3129 2922 Bcnedixit
3158 2869 3231 2923 eis
3257 2909 3272 2934 ,
3304 2869 3474 2940 inquit
3499 2910 3518 2937 ,

1936 2955 2141 3021 dicens,
2168 2955 2388 3012 Crescite
2407 2999 2422 3020 .
2452 2966 2498 3012 et
2536 2958 2975 3029 multiplicamini,
3009 2968 3054 3012 et
3083 2960 3286 3030 implete
3327 2970 3515 3014 terram

1937 3047 2046 3120 (Id.
2078 3065 2115 3113 ι,
2142 3049 2255 3123 28).
2293 3051 2592 3121 Antequam
2634 3051 2973 3115 conderetur,
3004 3067 3108 3107 non
3152 3061 3236 3107 est
3275 3052 3474 3108 dictum
3498 3093 3517 3120 ,

1934 3138 2386 3209 Multiplicentur;
2429 3143 2544 3208 sed,
2575 3141 2704 3196 Fiat—
2717 3141 2874 3197 homo
2899 3162 2912 3196 :
2938 3151 3286 3213 posteaquam
3319 3143 3521 3198 exstitit

1934 3231 2026 3301 qui
2066 3233 2333 3302 acciperet
2388 3234 2753 3298 incrementa,
2799 3243 3188 3304 consequenter
3241 3234 3518 3305 adjuugit,

1936 3323 2185 3388 Crescite,
2231 3333 2279 3378 et
2326 3325 2770 3395 multiplicamini,
2819 3334 2864 3379 et
2906 3326 3108 3396 implete
3151 3333 3356 3380 terram.
3400 3327 3521 3393 _lloc

1935 3413 2113 3486 itaque
2137 3415 2324 3470 ordine
2361 3417 2590 3486 gemitus
2615 3418 3024 3486 parturitionum
3045 3459 3058 3481 ,
3086 3419 3176 3488 qui
3223 3418 3518 3474 secundum

1935 3516 2175 3562 naturam
2203 3507 2399 3575 fuerat,
2429 3507 2500 3562 ita
2529 3523 2582 3563 ιιι
2616 3509 2889 3563 hominum
2919 3509 3232 3579 corporibus
3254 3551 3269 3576 ,
3299 3510 3438 3564 sicut
3466 3509 3518 3566 in

1935 3599 2216 3668 pecoribus
2247 3599 2548 3664 institutus,
2582 3614 2686 3654 non
2717 3599 2966 3654 conditur
3009 3602 3060 3654 in
3091 3599 3202 3654 Eva
3224 3640 3239 3664 ,
3271 3598 3366 3654 sed
3396 3615 3520 3654 ere-

1935 3690 2035 3750 seit
2054 3731 2068 3756 ,
2101 3698 2156 3743 ut
2184 3689 2438 3760 peculiari
2467 3690 2766 3760 granditate
2793 3691 3142 3746 excitaturum
3189 3690 3517 3762 allltgeretur

1935 3795 2214 3851 angorem.
2240 3780 2350 3836 Nec
2376 3789 2551 3836 tamen
2577 3781 2643 3836 ad
2688 3791 2912 3852 postera:
2940 3783 3112 3838 aetatis
3140 3781 3385 3850 feminas,
3417 3783 3518 3838 nisi

1935 3874 2160 3930 naturali
2190 3873 2560 3930 mediocritate
2584 3883 2634 3929 et
2659 3889 2944 3944 corporum
2972 3876 3228 3932 varietate
3254 3877 3518 3948 pertinge-

1936 3976 2076 4023 rent.
2107 3966 2182 4023 lbi
2211 3983 2372 4040 ergo,
2390 3983 2496 4023 non
2527 3976 2586 4023 ut
2622 3967 2828 4023 doleret
2857 3969 2908 4024 in
2934 3969 3188 4038 pariendo
3216 3968 3428 4033 mulier,
3448 3970 3518 4026 de

1937 4067 2157 4130 peccato
2187 4059 2313 4126 fuit;
2345 4059 2439 4114 sed
2479 4069 2536 4115 ut
2563 4059 2720 4114 nimis
2744 4059 2987 4115 doleret:
3012 4060 3150 4116 sicut
3187 4061 3348 4116 etiam
3381 4069 3518 4116 tem-

1937 4150 2157 4220 poribus
2199 4149 2428 4206 diversis
2470 4151 2770 4206 debilitates
2797 4166 3079 4221 corporum
3121 4166 3222 4222 pro
3251 4152 3519 4222 peccatis,

1939 4241 2253 4312 quibusdam
2285 4242 2509 4312 legimus
2535 4241 2831 4298 accidisse:
2855 4242 2949 4298 sed
2980 4259 3085 4297 non
3130 4243 3219 4297 illa
3248 4242 3520 4311 ampliatio

1941 4332 2280 4388 miseriarum
2313 4333 2693 4403 parcimoniam
2723 4333 2866 4388 modi
2892 4333 3148 4388 naturalis
3176 4333 3385 4388 evertit.
3413 4331 3522 4387 Nec

1940 4433 2116 4480 tamen
2162 4425 2338 4480 omnia
2385 4440 2504 4496 qua:
2549 4424 2602 4479 in
2631 4423 2819 4481 eadem
2851 4425 3115 4480 sententia
3160 4424 3521 4490 continentur,

1937 4516 2411 4572 auimadvertentis
2431 4517 2612 4585 vigore
2631 4515 2965 4572 clauduntur.
2986 4513 3249 4570 Caeterum
3276 4512 3519 4584 qua'dam

1937 4609 2008 4666 ibi
2044 4625 2166 4678 pars
2193 4592 2393 4666 indicat
2415 4609 2684 4675 meritum,
2711 4607 2954 4678 quaedam
2981 4607 3226 4678 designat
3262 4605 3519 4662 ofﬁcium.

1939 4701 2312 4772 Multiplicans,
2341 4701 2546 4772 inquit,
2575 4701 2924 4773 multiplicabo
2947 4700 3176 4754 tristitias
3203 4709 3319 4754 tuas
3343 4707 3389 4753 et
3434 4715 3523 4770 ge-

1938 4796 2114 4850 mitum
2142 4803 2323 4860 tuum;
2352 4795 2405 4849 in
2426 4795 2629 4850 tristitia
2656 4797 2822 4862 paries
2847 4795 3003 4864 ﬁlios.
3029 4793 3145 4849 Huc
3169 4808 3338 4864 usque
3367 4792 3519 4858 ultio,

1937 4901 2096 4957 quam
2127 4903 2231 4942 non
2274 4896 2483 4954 natura,
2527 4886 2620 4942 sed
2648 4900 2873 4958 persona
2907 4885 3219 4956 promeruit.
3250 4884 3366 4940 Jam
3401 4883 3522 4940 hinc

1937 4977 2250 5049 simpliciter
2292 4979 2601 5050 posterioris
2646 4992 2810 5033 sexus
2849 4991 3044 5032 manus
3080 4975 3415 5031 ostenditur:
3441 4975 3521 5028 Ad

1941 5073 2121 5142 uirum,
2150 5072 2340 5143 inquit,
2371 5082 2514 5126 tuum
2539 5071 2794 5126 conversio
2831 5079 2934 5136 tua,
2966 5078 3014 5125 et
3050 5070 3160 5140 ipse
3183 5069 3256 5123 tui
3281 5068 3518 5122 domina-

1938 5164 2088 5220 bitur.
2119 5163 2233 5220 Hoc
2261 5163 2507 5219 nimirum
2536 5178 2643 5217 non
2670 5170 2874 5233 spectat
2895 5161 2962 5217 ad
2993 5176 3226 5232 (mnam,
3249 5158 3391 5230 quod
3420 5159 3519 5212 nisi
3566 5229 3568 5231 _

1936 5265 2117 5324 esset,
2148 5263 2414 5326 spectaret
2457 5254 2523 5310 ad
2563 5254 2773 5325 culpam
2799 5271 2812 5307 :
2836 5261 2894 5309 ut
2937 5255 3052 5322 viro
3093 5253 3288 5322 quippe
3327 5248 3520 5304 mulier

1938 5346 2178 5403 modesto
2203 5347 2458 5403 subdatur
2482 5345 2672 5402 affectu
2701 5388 2716 5414 ,
2745 5345 2878 5400 ordo
2905 5352 2988 5399 est
3013 5385 3028 5410 ,
3059 5341 3374 5412 supplicium
3405 5354 3512 5394 non

1935 5449 2037 5496 est.
2068 5439 2232 5510 Caput
2258 5439 2424 5506 enim,
2456 5437 2749 5495 secundum
2780 5435 3125 5508 Apostolum,
3153 5430 3378 5486 mulieris
3397 5471 3413 5498 ,
3441 5430 3518 5483 vir

1937 5531 2154 5603 (Epiros.
2187 5546 2244 5599 v,
2284 5531 2381 5603 23)
2407 5549 2420 5587 :
2443 5531 2566 5602 quia
2614 5546 2718 5584 non
2760 5538 2832 5583 est
2876 5535 3073 5580 creatus
3119 5524 3268 5578 homo
3313 5531 3520 5594 propter

1937 5624 2214 5688 mulierem,
2245 5623 2335 5678 sed
2374 5623 2554 5678 mulier
2583 5629 2787 5692 prapter
2810 5619 2972 5673 virum
2997 5615 3056 5689 (l
3083 5615 3202 5670 Cor.
3230 5629 3306 5681 χι,
3331 5612 3427 5686 9).
3460 5612 3516 5670 Si

1936 5730 2062 5784 ergo
2089 5723 2249 5784 caput
2286 5729 2440 5769 suum
2469 5726 2704 5782 congruo
2733 5707 2934 5781 pudore
2975 5716 3281 5771 veneretur,
3313 5713 3516 5759 natura:

1938 5807 2174 5864 instituta
2201 5807 2471 5876 custodit,
2504 5823 2605 5862 non
2653 5803 2850 5873 peccati
2892 5810 3152 5860 tormenta
3181 5799 3511 5874 perpetitur,
