4070 6532
493 414 630 473 1563

493 534 576 591 cui
607 529 781 586 ordini
825 527 871 584 si
913 526 1272 588 resultaverit.
1320 537 1412 578 rea
1454 529 1556 577 est.
1588 519 1705 574 Non
1747 526 1988 588 estergo
2022 515 2076 570 in

498 623 710 680 miseria
740 620 940 677 functio
962 618 1076 685 rei,
1107 616 1258 687 cujus
1283 615 1556 684 neglectus
1581 613 1633 666 in
1661 626 1796 666 noxa
1822 616 1923 664 est.

565 718 708 769 Aac.
748 711 999 766 Dolorem
1023 707 1262 778 pariendi
1295 719 1506 775 poenam
1534 703 1763 757 dicimus
1790 715 1908 756 esse
1953 715 2078 770 pec-

495 804 617 859 cati.
647 801 859 858 Scimus
885 800 1028 856 enim
1070 799 1172 854 hoc
1214 797 1381 852 Deum
1425 797 1542 851 sine
1586 795 1691 850 ulla
1733 792 2082 863 ambiguitate

495 896 714 958 dixisse,
745 907 844 948 nec
885 891 1083 947 dixisse
1111 890 1210 944 nisi
1253 887 1662 959 przevaricatrici
1691 885 1770 940 sui
1810 883 2083 950 mandati,

496 1002 597 1042 nec
625 987 696 1041 ob
718 985 863 1041 aliud
887 985 1107 1050 dixisse,
1133 983 1233 1038 nisi
1259 981 1383 1052 quia
1412 981 1739 1035 irascebatur
1762 993 1917 1032 suum
1944 992 2084 1048 prte-

498 1077 794 1132 varicatum
821 1090 940 1131 esse
977 1073 1307 1128 mandatum.
1345 1070 1451 1128 Sed
1493 1071 1628 1126 hanc
1665 1071 1799 1125 iram
1829 1069 1921 1124 Dei
1948 1076 2006 1123 ut
2029 1075 2087 1124 tu

494 1169 797 1224 exinanires
839 1176 894 1222 et
931 1167 1212 1221 frustrares
1236 1207 1249 1226 ,
1281 1163 1460 1219 dixisti
1507 1179 1673 1234 usque
1702 1163 1836 1218 adeo
1870 1177 2085 1234 pinnam

496 1259 654 1313 istam
698 1273 804 1313 non
851 1271 970 1313 esse
1015 1257 1253 1326 peccati,
1287 1265 1344 1310 ut
1375 1242 1632 1310 (animalia
1674 1270 1901 1326 quorum
1946 1254 2088 1309 nulla

503 1356 724 1419 peccata
754 1356 898 1414 sunt,
929 1347 1159 1418 gemitus
1184 1345 1484 1415 huiusmodi
1513 1346 1562 1399 in
1590 1357 1740 1415 partu
1766 1344 2090 1416 doloresque

500 1438 796 1506 patiantur.
824 1437 942 1493 Non
970 1437 1183 1508 quidem
1211 1435 1303 1490 tibi
1327 1435 1574 1490 dixerunt
1597 1437 1842 1491 animalia
1867 1480 1881 1503 ,
1909 1445 2086 1492 utrum

497 1530 588 1584 ille
627 1531 861 1601 gemitus
900 1530 972 1586 sit
1011 1529 1315 1584 canentium
1341 1528 1425 1584 vel
1455 1527 1749 1584 dolentium
1773 1530 1813 1583 '.
1855 1529 2089 1587 Gallinas

496 1634 627 1674 sane
659 1621 943 1691 parituras,
976 1620 1260 1677 similiores
1287 1637 1406 1678 esse
1434 1621 1769 1676 cantantibus
1797 1636 1957 1692 quam
1984 1621 2085 1676 do-

466 1712 730 1768 lentibus
787 1714 1092 1779 cernimus;
1147 1722 1266 1783 post
1313 1723 1524 1784 partum
1577 1729 1704 1769 vero
1750 1714 1881 1769 tales
1930 1729 2090 1770 voces

497 1803 685 1871 edere,
706 1803 890 1874 quales
919 1806 970 1859 in
991 1805 1270 1861 formidine
1294 1815 1658 1862 consuerunt:
1685 1821 1843 1876 porro
1858 1821 1978 1860 cum
2000 1821 2091 1876 pa-

498 1893 644 1948 riunt
672 1894 726 1948 in
754 1909 966 1949 summo
993 1909 1112 1950 esse
1133 1895 1363 1964 silentio,
1395 1897 1532 1951 sicut
1550 1896 1846 1964 columbas,
1873 1906 1925 1953 et
1956 1896 2090 1952 alias

498 1999 645 2050 aves,
677 2001 795 2055 qua:
820 1985 1220 2041 advertentibus
1242 1987 1600 2042 innotescunt.
1635 1987 1766 2056 Quis
1792 2003 1920 2058 ergo
1946 1988 2093 2043 novit

498 2085 641 2128 niuta
668 2075 980 2144 animantia,
1009 2092 1128 2147 qua:
1152 2077 1278 2147 quid
1310 2077 1363 2132 in
1393 2093 1452 2133 se
1479 2085 1664 2148 agatur
1694 2078 1933 2133 indicare
1977 2095 2084 2133 non

497 2175 740 2237 possunt,
787 2176 963 2221 utrum
1007 2176 1247 2238 tempore
1300 2169 1542 2240 pariendi
1586 2185 1771 2224 eorum
1821 2179 1996 2225 motus
2037 2178 2092 2225 et

495 2271 661 2313 sonus
703 2272 808 2311 non
852 2258 1022 2314 solum
1069 2258 1200 2313 nihil
1245 2259 1482 2324 doloris,
1527 2259 1621 2315 sed
1655 2259 1847 2315 habeat
1891 2260 2091 2330 aliquid

495 2349 657 2404 etiam
682 2347 1004 2418 voluptatis?
1032 2347 1137 2405 Sed
1165 2350 1294 2420 quid
1331 2349 1459 2405 mihi
1489 2361 1572 2406 est
1611 2351 1664 2406 in
1715 2351 1815 2406 hac
1845 2368 1905 2407 re
1934 2368 2091 2407 scru-

497 2439 596 2493 tari
627 2438 852 2495 obscura
881 2449 1108 2505 naturae,
1139 2454 1260 2495 cum
1291 2440 1415 2496 inde
1437 2451 1614 2496 nostra
1635 2457 1794 2497 causa
1824 2459 1929 2497 non
1956 2459 2090 2515 pen-

496 2531 662 2586 deat?
693 2530 919 2587 Prorsus
953 2531 998 2586 si
1030 2539 1178 2586 muta
1205 2532 1453 2588 animalia
1485 2533 1616 2589 nihil
1645 2534 1846 2590 doloris
1877 2536 2091 2605 patiun-

497 2632 584 2678 tur
611 2623 663 2678 in
686 2632 860 2694 partu,
893 2633 1261 2693 argumentum
1291 2633 1440 2679 tuum
1469 2625 1669 2679 nullum
1695 2625 1814 2681 est?
1844 2627 1886 2681 si
1913 2636 2090 2682 autem

498 2710 790 2784 patiuntur,
821 2729 884 2769 ea
918 2715 1031 2785 ipsa
1063 2729 1219 2784 paena
1250 2725 1334 2770 est
1365 2716 1613 2786 imaginis
1639 2717 1771 2783 Dei,
1801 2717 2091 2773 conditioni

501 2819 756 2874 pecorum
796 2805 1096 2874 comparari
1127 2823 1140 2859 :
1166 2819 1322 2875 poma
1352 2820 1514 2875 porro
1549 2806 1794 2877 imaginis
1824 2807 1953 2875 Dei,
1986 2808 2087 2863 nisi

496 2896 652 2965 culpa
683 2896 1045 2967 praecederet,
1069 2898 1213 2967 justa
1244 2911 1363 2952 esse
1388 2912 1495 2952 non
1522 2907 1721 2968 posset.
1754 2899 1887 2954 lllud
1911 2909 2090 2954 autem

497 2986 640 3042 absit
667 2995 728 3041 ut
753 2987 925 3042 dicam
951 3027 968 3054 ,
1010 2987 1153 3057 quod
1199 2997 1446 3058 tanquam
1489 2988 1696 3053 dicam,
1736 2989 2091 3045 refellendum

500 3079 734 3147 putasti,
759 3092 864 3133 non
895 3093 1014 3145 suo,
1047 3078 1139 3133 sed
1159 3079 1424 3134 nascentis
1445 3080 1635 3134 merito
1660 3089 1887 3136 matrem
1911 3079 2094 3137 dolere

498 3183 620 3222 cum
649 3169 913 3238 parturit,
939 3179 990 3223 et
1025 3167 1143 3222 ideo
1176 3169 1336 3222 etiam
1377 3168 1614 3223 dimissis
1640 3169 1876 3237 peccatis
1905 3169 2092 3227 lldeles

498 3257 684 3313 dolere
727 3267 951 3328 urgente
993 3259 1314 3312 necessitate
1344 3256 1602 3326 pariendi.
1636 3258 1820 3323 Absit,
1851 3259 2090 3330 inquam,

500 3359 560 3404 ut
589 3350 690 3404 hoc
717 3349 912 3404 dicam.
940 3348 1208 3419 Numquid
1247 3349 1390 3403 enim
1439 3350 1561 3420 quia
1605 3359 1831 3406 mortem
1862 3349 2090 3408 dicimus

501 3441 705 3512 peccati
731 3455 852 3495 esse
879 3439 1218 3510 supplicium,
1250 3439 1371 3496 ideo
1393 3439 1678 3495 dicendum
1709 3449 1792 3495 est
1820 3457 1938 3495 eam
1965 3449 2092 3512 post

502 3531 876 3587 remissionem
923 3540 1264 3602 peccatorum
1310 3545 1415 3586 non
1461 3529 1712 3586 debuisse
1741 3532 2091 3603 contingere?

499 3621 596 3678 Ηειε
623 3622 838 3693 quippe,
869 3637 1001 3693 quas
1030 3621 1086 3675 in
1115 3629 1301 3676 natura
1333 3620 1770 3692 prmvaricatione
1798 3622 1979 3677 vitiata
2007 3621 2093 3678 di-

501 3716 673 3770 cimus
697 3730 884 3786 pinnas
909 3729 1032 3770 esse
1059 3714 1294 3784 peccati,
1328 3713 1452 3769 ideo
1479 3715 1638 3769 etiam
1672 3721 1791 3784 post
1819 3713 2095 3770 remissio-

503 3823 626 3862 nem
655 3816 989 3876 peccatorum
1019 3813 1257 3870 manent,
1287 3814 1346 3860 ut
1375 3805 1628 3876 probetur
1656 3804 1810 3870 ﬁdes,
1843 3820 2000 3876 quam
2023 3803 2094 3861 de

503 3907 733 3951 venturo
761 3896 1036 3952 credimus
1065 3895 1285 3960 swculo,
1319 3895 1408 3950 ubi
1438 3894 1540 3948 ista
1568 3908 1673 3949 non
1705 3904 1881 3948 erunt.
1911 3893 2095 3964 Neque

503 3990 648 4044 enim
680 3989 811 4044 ﬁdes
842 3997 1006 4053 esset,
1040 3989 1085 4043 si
1113 3998 1392 4058 propterea
1421 3986 1786 4053 crederemus,
1818 3986 1941 4058 quia
1967 4001 2096 4042 con-

504 4083 654 4137 tinuo
680 4081 834 4137 nobis
869 4080 1000 4135 nihil
1045 4079 1259 4135 dolendi
1284 4087 1339 4134 et
1375 4093 1481 4134 non
1521 4077 1785 4133 moriendi
1815 4078 2093 4148 praemium

504 4173 833 4229 redderetur.
864 4172 978 4241 Qua
1022 4173 1230 4227 ratione
1271 4169 1475 4225 reddita
1500 4209 1516 4235 ,
1549 4170 1600 4224 id
1625 4178 1741 4235 est,
1773 4169 1840 4224 ad
1867 4183 2094 4240 agonem

504 4263 626 4319 fidei
654 4263 808 4318 nobis
836 4263 1060 4333 relinqui
1090 4263 1226 4316 mala
1265 4269 1534 4315 contracta
1568 4267 1786 4330 peccato
1809 4301 1824 4325 ,
1852 4259 2094 4330 quamvis

505 4365 658 4410 reatu
686 4366 1020 4425 peccatorum
1040 4368 1132 4423 per
1149 4353 1476 4419 Baptismqu
1491 4354 1603 4421 jam
1625 4351 1821 4418 soluto,
1850 4350 1975 4421 quid
1993 4351 2092 4405 ha-

505 4449 595 4503 bet
618 4449 808 4503 virlum
837 4447 980 4518 quod
1000 4446 1138 4511 aisti,
1160 4445 1220 4500 Si
1235 4445 1288 4498 in
1307 4444 1556 4516 mysteriis
1570 4443 1821 4497 sublatum
1847 4451 1921 4497 est
1947 4459 2096 4498 omne

505 4551 784 4610 peccatum,
817 4550 865 4594 et
889 4548 1112 4594 remanet
1141 4547 1309 4592 (auten
1333 4536 1481 4592 dolor
1495 4537 1580 4606 qui
1606 4545 1778 4604 partus
1799 4535 2094 4606 diﬁcultate

503 4643 793 4704 generatur,
820 4632 1144 4703 manifestum
1186 4636 1256 4684 est
1283 4629 1429 4684 illum
1453 4628 1692 4700 gemitum
1722 4635 1922 4680 natura:
1953 4626 2094 4680 indi-

504 4742 612 4780 cem
639 4743 764 4791 esse,
787 4743 887 4780 non
908 4724 1111 4794 culpae?
1141 4723 1252 4777 Hoc
1273 4721 1439 4787 enim,
1465 4719 1607 4790 quod
1636 4719 1808 4774 nullas
1837 4718 2094 4774 adversus

504 4834 605 4873 nos
634 4817 795 4872 habet
823 4817 964 4870 vires
989 4857 1004 4882 ,
1047 4830 1153 4868 non
1184 4814 1365 4883 utique
1406 4811 1613 4867 diceres
1638 4854 1652 4876 ,
1682 4811 1727 4865 si
1756 4810 1880 4866 fidei
1923 4819 1977 4864 tu
2003 4809 2095 4866 vel

505 4909 733 4964 haberes
756 4907 838 4962 vel
866 4905 1168 4960 attenderes
1194 4903 1336 4958 vires
1353 4944 1368 4970 ,
1409 4918 1530 4973 quae
1579 4911 1728 4957 tanto
1756 4909 1881 4956 sunt
1905 4901 2094 4955 fortio-

504 5015 613 5064 res,
647 5005 845 5067 quanto
873 4996 1041 5066 magis
1069 5009 1131 5050 ea
1161 5007 1438 5063 speramus
1465 5009 1583 5064 qum
1613 5009 1718 5049 non
1748 4992 2010 5057 videmus,
2037 4999 2096 5047 et

503 5105 606 5160 per
633 5087 938 5158 patientiam
961 5086 1316 5151 miseriarum,
1341 5085 1722 5155 plemtudiuem
1753 5083 2096 5139 beatitudinis

505 5185 902 5248 exspectamus.
931 5177 1038 5233 Sed
1065 5177 1206 5247 ipsa,
1235 5176 1432 5247 inquis,
1462 5176 1559 5230 Dei
1580 5174 1727 5230 verba
1746 5215 1761 5237 ,
1788 5174 1970 5245 quibus
1993 5189 2096 5228 non

505 5273 600 5337 ait,
635 5271 876 5326 ()rieutur
902 5271 955 5324 in
982 5278 1030 5325 te
1053 5269 1273 5335 dolores,
1301 5278 1422 5334 aut,
1455 5267 1703 5337 generabo
1745 5265 1832 5320 tibi
1857 5266 2091 5338 gemitus,

512 5374 566 5416 ut
583 5371 694 5433 post
708 5361 913 5432 culpam
942 5379 1115 5416 sensus
1137 5378 1307 5416 eorum
1326 5358 1610 5413 viderentur
1636 5357 1831 5414 institui
1851 5373 1872 5422 ,°
1891 5356 1980 5412 sed
1999 5358 2092 5424 ait,

515 5473 531 5506 ι
570 5454 920 5524 Multiplicans
957 5453 1302 5524 multiplicabo
1327 5451 1556 5505 tristitias
1584 5463 1735 5515 tuas;
1770 5469 1788 5502 ι
1821 5449 2094 5504 ostendunt

510 5550 628 5620 quia
651 5549 762 5621 jam
790 5557 899 5602 erat
922 5548 974 5601 in
1002 5545 1225 5600 naturali
1249 5545 1463 5609 ratione,
1497 5543 1633 5606 quod
1659 5559 1715 5597 se
1737 5543 1791 5597 in
1815 5542 2096 5614 peccatrice

508 5656 723 5712 persona
765 5655 866 5694 non
909 5637 1154 5702 condere,
1205 5634 1294 5689 sed
1337 5633 1675 5703 multiplicare
1721 5633 1966 5704 promittit
1991 5646 2009 5686 :
2033 5639 2091 5687 et

575 5801 589 5832 ⁸
629 5806 776 5849 vetus
796 5797 949 5850 codex
972 5805 1103 5854 nam,
1122 5793 1181 5848 sit
1200 5793 1488 5854 cauerunt-tu,
1514 5806 1606 5844 non
1624 5791 1898 5845 dolentium.
1934 5791 2096 5841 Codex

512 5863 657 5920 't’ut‘t.,
685 5871 774 5910 non
792 5859 852 5912 sit
877 5853 1146 5911 commtiuut
1165 5857 1234 5909 rel
1258 5853 1535 5908 dolcutiwu.

1151 405 1398 466 OPERIS
1435 398 1850 462 IMPERFECTI
1886 394 2160 454 CONTRA
2196 395 2559 467 JULIANUM,
2599 399 2658 456 S.
2698 398 3067 457 AUGUSTINI

3637 398 3770 456 1564

2193 515 2345 572 addis
2366 559 2382 584 ,
2411 518 2562 588 quasi
2591 518 2915 574 deliuitivam
2956 520 3362 591 generalcmque
3407 520 3726 574 sententiam
3757 559 3774 585 ,

2189 605 2395 671 dicens,
2428 607 2707 678 Nunquam
2733 609 2919 682 quippe
2944 611 3342 682 multiplicantur
3369 612 3468 665 nisi
3493 615 3776 675 exstantia;

2189 710 2422 756 ca’terum
2457 713 2728 775 antequam
2756 703 2890 768 sint,
2935 704 3044 773 ﬁeri
3085 704 3286 774 quidem
3317 705 3555 773 praprie,
3602 706 3778 776 augeri

2189 806 2358 847 autem
2413 809 2733 864 prwpropere
2769 803 3142 865 nuncupantur.
3203 792 3302 849 Ubi
3365 794 3595 863 primum
3647 811 3676 846 a
3727 803 3780 850 te

2191 898 2393 952 quaero,
2435 882 2703 954 quomodo
2741 883 2888 938 dicas
2929 883 3144 938 dolores
3190 882 3317 938 Erae
3356 885 3464 952 jam
3506 893 3780 938 exstantes

2193 973 2376 1042 fuisse,
2406 989 2540 1045 quos
2566 989 2814 1045 perpessa
2845 989 2950 1028 non
2980 974 3152 1028 fuerat
3177 992 3189 1027 :
3213 974 3504 1045 quomodo,
3534 977 3778 1046 inquam.

2188 1065 2298 1133 jam
2325 1064 2538 1120 dolores
2564 1065 2812 1131 habebat,
2843 1081 2962 1137 qua:
2985 1064 3119 1121 nihil
3145 1065 3396 1121 dolebat?
3423 1067 3577 1134 Quod
3604 1069 3650 1123 si
3675 1082 3781 1122 non

2191 1152 2464 1210 exstabant
2507 1155 2561 1210 in
2589 1170 2653 1211 ea
2678 1155 2890 1212 dolores
2911 1196 2927 1223 ,
2959 1157 3079 1226 quia
3106 1171 3201 1212 eos
3242 1171 3347 1211 non
3391 1156 3623 1212 habebat
3665 1173 3785 1228 quae

2195 1259 2298 1299 non
2341 1245 2859 1318 dolebat:poterant
2899 1262 3028 1319 ergo
3081 1249 3423 1319 multiplicari
3453 1257 3509 1303 et
3536 1249 3630 1320 qui
3678 1265 3783 1304 non

2192 1347 2378 1404 erant;
2405 1345 2460 1393 et
2480 1347 2625 1394 recte
2649 1340 2909 1412 accipitur
2927 1340 3148 1406 dictum,
3175 1341 3531 1413 Muttiplicabo
3556 1342 3785 1397 tristitiae

2193 1440 2328 1498 tuas,
2351 1429 2402 1485 id
2431 1439 2534 1498 est,
2553 1431 2745 1487 multas
2768 1447 2859 1487 eas
2879 1441 2999 1488 esse
3024 1432 3215 1489 faciam
3237 1451 3251 1500 ;
3279 1433 3421 1505 quod
3439 1434 3554 1488 fieri
3577 1441 3782 1503 potest,

2192 1522 2306 1577 sive
2333 1522 2531 1593 aliquid
2558 1538 2676 1578 esse
2699 1523 2811 1596 jam
2831 1525 3078 1594 coeperit,
3105 1525 3218 1581 sive
3244 1541 3341 1580 nec
3368 1526 3617 1595 cmperit.
3647 1524 3784 1580 Fru-

2192 1623 2304 1668 stra
2334 1613 2493 1685 igitur
2519 1613 2732 1681 dixisti,
2765 1615 3046 1688 Nunquam
3087 1618 3220 1672 enim
3251 1618 3661 1690 multiplicantur
3691 1618 3786 1672 nisi

2191 1706 2628 1776 cxstantia:quia
2659 1721 2784 1762 ecce
2830 1707 2884 1761 in
2926 1707 3036 1762 Eva
3078 1717 3200 1778 post
3248 1717 3522 1778 peccatum
3571 1707 3787 1763 dolores

2192 1803 2318 1850 sunt
2337 1796 2690 1867 multiplicati,
2719 1797 2808 1867 qui
2835 1797 3142 1869 priusquam
3172 1808 3467 1868 peccasset,
3501 1815 3608 1853 non
3632 1807 3787 1854 erant

2194 1887 2308 1942 ulli.
2337 1889 2414 1942 Ac
2453 1904 2547 1958 per
2577 1888 2678 1944 hoc
2699 1929 2716 1956 ,
2744 1905 2848 1944 non
2894 1888 3014 1944 ideo
3056 1890 3189 1944 dixit
3219 1891 3358 1946 Deus
3382 1932 3396 1955 ,
3426 1890 3786 1962 Multiplicabo

2194 1980 2424 2033 tristitias
2454 1989 2590 2047 tuas,
2619 1980 2740 2051 quia
2769 1980 2999 2035 tristitia:
3031 1983 3082 2035 in
3115 1982 3203 2035 illa
3227 1996 3347 2036 esse
3372 1981 3484 2052 jam
3506 1991 3789 2053 coeperant

2195 2069 2422 2140 aliquae;
2450 2070 2542 2125 sed
2574 2071 2696 2140 quia
2738 2071 3058 2140 multiplices
3100 2082 3254 2126 erant
3289 2072 3480 2127 futura:
3503 2114 3518 2138 ,
3573 2089 3642 2128 ex
3682 2087 3789 2142 quo

2194 2159 2490 2230 inciperent
2517 2175 2657 2216 esse.
2687 2161 2794 2217 Sed
2817 2171 2980 2227 erant,
3012 2163 3208 2233 inquis,
3234 2162 3287 2216 in
3314 2163 3539 2216 naturali
3564 2164 3787 2216 ratione.

2193 2251 2248 2308 Si
2273 2267 2402 2324 ergo
2431 2251 2484 2307 in
2509 2253 2733 2308 naturali
2759 2255 2963 2309 ratione
2984 2254 3095 2324 jam
3123 2263 3248 2308 sunt
3287 2253 3449 2310 etiam
3479 2270 3605 2324 qua:
3647 2271 3789 2308 non-

2194 2345 2320 2402 dum
2347 2356 2464 2402 orta
2489 2355 2632 2412 sunt,
2659 2345 2786 2417 quid
2815 2355 2866 2402 te
2892 2347 3108 2417 adjuvat
3134 2345 3276 2418 quod
3305 2347 3424 2401 aisti
3445 2389 3461 2413 ,
3506 2345 3789 2416 Pr0pterea

2194 2437 2359 2493 Deum
2386 2454 2485 2493 non
2509 2438 2713 2504 dixisse,
2747 2437 2985 2492 Orientur
3008 2439 3061 2491 in
3093 2447 3140 2491 te
3166 2437 3405 2503 dolores;
3429 2437 3520 2491 sed
3550 2457 3571 2488 ι
3606 2435 3788 2490 Multi-

2195 2530 2391 2602 plicabo
2434 2527 2634 2584 dolores
2678 2537 2812 2597 tuos,
2847 2548 2867 2582 ι
2897 2530 3015 2600 quia
3035 2530 3150 2600 jam
3175 2539 3317 2583 erant
3357 2531 3410 2584 in
3439 2529 3668 2583 naturali
3706 2546 3789 2583 ra-

2194 2622 2368 2678 tione?
2394 2621 2769 2692 Respondetur
2797 2621 2949 2685 _enim
2981 2620 3074 2675 tibi
3101 2639 3114 2675 :
3138 2619 3318 2676 Potuit
3358 2620 3560 2685 dicere,
3593 2621 3786 2675 Orien-

2196 2723 2281 2769 tur
2302 2713 2354 2768 in
2386 2721 2469 2778 te;
2492 2713 2615 2784 quia
2636 2727 2730 2769 eos
2749 2721 2865 2767 erat
2885 2711 3350 2782 multiplicaturus,
3380 2713 3470 2782 qui
3495 2715 3551 2766 in
3583 2711 3790 2767 ratione

2197 2805 2422 2860 naturali
2445 2805 2557 2876 jam
2594 2814 2780 2872 erant,
2809 2821 2915 2860 non
2944 2805 3035 2877 qui
3065 2804 3176 2875 jam
3205 2805 3309 2860 orti
3334 2813 3508 2860 erant.
3541 2809 3626 2859 An
3657 2805 3789 2861 forte

2195 2897 2434 2954 dicturus
2463 2912 2542 2963 es,
2574 2897 2690 2953 Jam
2719 2912 2940 2968 prorsus
2966 2897 3070 2952 orti
3116 2909 3272 2952 erant
3315 2897 3368 2952 in
3397 2898 3510 2967 ipsa
3559 2897 3788 2951 naturali

2195 2989 2439 3044 ratione?
2466 2989 2676 3055 Quanto
2713 2988 2872 3058 igitur
2900 2986 3236 3042 manifestius
3264 2996 3318 3042 et
3361 2988 3681 3057 acceptione
3707 2987 3789 3040 di-

2194 3081 2348 3150 gnius
2376 3079 2467 3135 tibi
2492 3079 2703 3143 dicitur,
2732 3078 2849 3134 1am
2880 3087 3034 3132 erant
3068 3075 3162 3132 ﬁlii
3192 3076 3362 3132 Adam
3395 3077 3446 3131 in
3472 3076 3645 3131 Adam
3692 3091 3790 3130 na-

2198 3170 2355 3225 turali
2382 3169 2586 3225 ratione
2605 3211 2620 3236 ,
2647 3167 2861 3242 quando
2883 3209 2899 3236 ,
2930 3169 3068 3224 sicut
3097 3169 3172 3223 ait
3209 3168 3395 3224 beatus
3419 3167 3657 3223 Joannes
3682 3168 3794 3238 epi-

2196 3277 2409 3332 scopus,
2437 3261 2567 3315 illud
2587 3269 2850 3331 peccatum
2876 3261 3068 3332 grande
3086 3261 3354 3326 commisit,
3384 3269 3430 3314 et
3454 3243 3604 3313 omne
3625 3260 3790 3314 [torui-

2197 3368 2319 3406 num
2348 3368 2505 3422 genus
2532 3351 2584 3404 in
2613 3367 2877 3405 commune
2902 3350 3158 3404 damnavit
3191 3347 3473 3422 (Chrysost.
3503 3350 3561 3402 in
3588 3348 3788 3402 (latuit.

2197 3444 2260 3498 de
2281 3442 2481 3497 Lazaro
2504 3441 2820 3514 resuscitato)
2846 3459 2860 3509 ;
2889 3441 2996 3507 vel,
3025 3441 3162 3497 sicut
3181 3443 3256 3496 ait
3280 3440 3485 3510 collega
3513 3440 3635 3511 ejus
3663 3441 3792 3495 Am-

2196 3535 2406 3592 brosius
2430 3575 2444 3601 ,
2478 3533 2602 3588 Fuit
2631 3534 2796 3588 Adam
2822 3577 2836 3601 ,
2865 3542 2914 3587 et
2957 3533 3010 3586 in
3039 3533 3128 3587 illo
3172 3532 3363 3601 fuimus
3398 3548 3616 3597 omnes;
3646 3532 3793 3601 periit

2195 3629 2382 3696 Adam,
2412 3638 2458 3683 et
2484 3629 2536 3682 in
2571 3625 2664 3682 illo
2703 3643 2874 3681 omnes
2902 3627 3154 3698 perierunt
3181 3625 3318 3696 (Lib.
3345 3625 3377 3679 7
3403 3627 3458 3679 in
3486 3623 3619 3679 Luc.
3654 3625 3750 3695 xv)
3776 3643 3789 3679 :

2197 3721 2246 3776 si
2274 3730 2330 3777 tu
2370 3720 2536 3777 audes
2564 3720 2744 3776 dicere
2766 3760 2782 3786 ,
2826 3733 2933 3775 non
2969 3719 3139 3773 solum
3164 3759 3179 3783 ,
3223 3719 3340 3775 Jam
3383 3727 3574 3785 erant;
3604 3733 3791 3774 verum

2198 3814 2380 3880 etiam,
2407 3813 2620 3884 quando
2649 3827 2746 3867 nos
2774 3811 2843 3868 de
2873 3812 2996 3868 llliis
3025 3812 3194 3868 Adam
3213 3853 3228 3878 ,
3258 3811 3472 3882 quando
3510 3821 3792 3880 peccatum

2197 3905 2325 3960 illud
2341 3904 2631 3960 admissum
2648 3913 2750 3970 est,
2765 3902 2946 3958 dicere
2963 3919 3066 3958 non
3089 3903 3367 3969 audemus,
3381 3902 3498 3958 Jam
3515 3904 3622 3957 orti
3639 3911 3794 3958 erant

2198 3999 2412 4055 dolores
2433 3998 2576 4064 Erae,
2602 3996 2814 4067 quando
2843 4010 2939 4051 eos
2960 3996 3100 4051 Deus
3127 3995 3604 4065 multiplicaturum
3625 4010 3686 4049 se
3703 4010 3794 4050 es-

2198 4107 2257 4148 se
2275 4093 2504 4146 minatus
2529 4090 2648 4145 est?
2673 4089 3052 4145 Verumtamen
3081 4104 3186 4143 non
3210 4088 3262 4142 in
3285 4087 3510 4142 naturali
3535 4088 3740 4142 ratione
3771 4089 3790 4119 ⁹

2193 4186 2304 4254 jam
2345 4190 2498 4237 erant
2531 4182 2652 4236 Eva:
2693 4181 2906 4235 dolores
2929 4220 2945 4246 ,
2975 4194 3111 4250 quos
3137 4179 3494 4250 parturientes
3517 4220 3533 4244 ,
3568 4193 3795 4235 necesse

2199 4283 2283 4329 est
2310 4273 2545 4345 perpeti;
2568 4272 2690 4343 quia
2719 4286 2825 4326 non
2853 4285 2948 4326 eos
2972 4271 3114 4324 illam
3146 4284 3366 4325 necesse
3391 4278 3506 4324 erat
3539 4270 3742 4338 perpeti
3772 4312 3790 4335 ,

2198 4383 2318 4422 cum
2345 4363 2609 4437 parturire
2633 4363 2884 4433 cmpisset
2907 4379 2920 4416 :
2944 4369 3205 4418 venerunt
3237 4360 3434 4431 quippe
3459 4359 3532 4413 illi
3562 4360 3793 4414 damna-

2199 4461 2343 4515 tione
2383 4457 2553 4528 culpa:
2576 4498 2590 4522 ,
2624 4471 2731 4511 non
2758 4452 3063 4511 conditione
3105 4460 3332 4506 naturae.
3365 4450 3518 4517 Quod
3549 4466 3646 4504 vos
3691 4467 3790 4506 ne-

2197 4551 2371 4622 gando
2400 4549 2526 4621 quid
2553 4548 2706 4620 agitis
2738 4589 2753 4614 ,
2786 4545 2888 4601 nisi
2912 4553 2970 4599 ut
2995 4545 3046 4599 in
3075 4543 3194 4598 loco
3234 4543 3378 4598 illius
3403 4542 3744 4598 beatitudinis
3766 4584 3786 4608 ,

2200 4644 2287 4699 ubi
2318 4657 2435 4698 esse
2466 4639 2708 4695 homines
2749 4635 2993 4709 permissi
3037 4651 3140 4690 non
3169 4642 3326 4700 sunt,
3353 4648 3489 4704 quos
3513 4634 3624 4704 jam
3664 4647 3792 4686 cru-

2199 4737 2328 4793 ciari
2357 4733 2674 4805 oportebat,
2697 4732 2970 4788 cruciatus
3016 4727 3294 4783 hominum
3339 4727 3500 4782 etiam
3532 4736 3792 4796 peccante

2200 4829 2415 4885 nemine
2443 4823 2759 4881 collocctis?
2785 4821 2937 4890 Quod
2983 4821 3169 4891 ignoro
3197 4835 3298 4891 qua
3326 4819 3500 4874 fronte
3545 4817 3748 4872 faciatis
3771 4833 3786 4885 ;

2199 4921 2301 4976 nisi
2332 4919 2454 4990 quia
2482 4932 2578 4975 vos
2605 4914 2850 4986 paradiso
2884 4911 3138 4968 contrarir
3157 4926 3183 4966 s
3208 4952 3222 4975 ,
3251 4918 3435 4966 contra
3481 4907 3784 4978 paradisum

2199 5009 2592 5084 quodammodo
2618 5007 2856 5062 habitare
2878 5005 3139 5070 delectat;
3171 5003 3294 5074 quia
3323 5010 3379 5058 et
3400 5001 3572 5056 Adam
3599 5000 3672 5055 de
3700 5015 3787 5071 pa-

2201 5105 2446 5175 paradiso
2488 5102 2730 5172 ejectus,
2777 5105 2964 5154 contra
3006 5096 3308 5168 paradisum
3353 5104 3436 5150 est
3491 5095 3783 5149 collocatus

2201 5196 2221 5268 (
2239 5197 2366 5251 Gen.
2399 5211 2477 5262 tu,
2503 5191 2596 5259 24,
2625 5208 2725 5247 sec.
2759 5187 2959 5263 LXX).
2989 5188 3107 5244 Jam
3155 5189 3331 5260 itaque
3373 5185 3626 5258 paradiso
3656 5201 3786 5241 con-

2201 5290 2419 5355 trarius,
2445 5295 2642 5358 quanta
2670 5286 2904 5340 vanitate
2945 5293 3130 5339 contra
3161 5281 3464 5352 paradisum
3495 5296 3782 5351 argumen-

2203 5382 2331 5436 teris
2356 5378 2594 5434 attende.
2623 5374 2957 5445 Multiplicari
2993 5389 3101 5430 non
3148 5373 3242 5428 tibi
3271 5372 3540 5438 videntur,
3571 5371 3674 5426 nisi
3722 5384 3780 5423 ca

2201 5491 2322 5547 qua:
2346 5489 2411 5530 ex
2439 5473 2614 5543 aliqua
2660 5481 2811 5542 parte
2845 5469 2956 5540 jam
2995 5468 3266 5533 existunt;
3309 5475 3598 5531 cancrum,
3642 5472 3786 5519 autc-

2202 5582 2361 5640 quam
2389 5566 2515 5634 sint,
2547 5580 2655 5621 non
2691 5562 3032 5634 multiplicari
3070 5569 3226 5632 putas
3259 5558 3484 5617 dicenda
3513 5574 3669 5622 esse,
3695 5555 3786 5612 sed

2268 5748 2283 5776 ι
2311 5743 2448 5800 Editi,
2472 5750 2645 5792 Verum
2667 5739 2812 5792 etiam
2832 5739 2881 5790 in
2898 5737 3112 5789 naturali
3134 5737 3330 5786 rulime.
3349 5742 3529 5785 Omna
3543 5739 3671 5789 Mss,
3698 5738 3781 5778 rc-

2205 5813 2475 5856 rumtamen
2502 5816 2518 5853 :
2542 5803 2674 5852 solus
2695 5804 2851 5851 omlex
2893 5808 3016 5850 ενοι-ι.
3044 5800 3321 5862 particulam
3365 5804 3649 5861 negantem,
3676 5803 3778 5858 qua

2204 5867 2570 5921 desiderabatur
2591 5879 2652 5916 eo
2673 5864 2793 5922 loco,
2819 5865 3054 5916 restituit.
