3958 6474
233 335 368 394 1565

230 456 367 510 fieri.
397 452 552 508 Nulla
587 464 712 520 ergo
743 445 1052 518 multiplicia
1093 454 1403 510 nascuntur,
1447 441 1490 496 si
1518 457 1624 495 non
1654 437 1806 493 addi-

231 546 479 600 tamentis
522 539 957 610 multiplicantur,
988 537 1037 592 id
1064 546 1165 601 est,
1197 536 1330 590 ﬁunt
1369 531 1700 602 multiplicia.
1729 529 1807 582 Ac

231 653 325 707 per
351 635 473 701 hoc,
507 633 594 688 ille
638 633 724 702 qui
752 631 924 684 dicttts
965 639 1046 684 est
1074 643 1192 683 esse
1219 627 1272 680 in
1297 624 1564 695 Sapientia
1589 621 1807 690 spiritus

227 725 498 796 multiplex
541 722 695 797 (Sap.
727 737 818 784 vn,
845 721 940 790 2?.)
961 762 974 783 ,
1003 719 1091 790 qui
1118 734 1235 774 esse
1269 731 1372 771 non
1402 714 1582 784 cmpit,
1613 710 1706 765 sed
1736 725 1806 763 ex

227 831 430 875 aeterno
475 818 546 871 ita
590 825 706 880 est,
739 829 842 868 non
874 823 1017 867 recte
1060 811 1354 880 appellatus
1390 815 1471 862 est
1510 802 1806 872 multiplex,

226 915 346 986 quia
361 929 479 969 eum
493 909 835 979 multiplicem
852 906 993 959 nulla
1019 904 1373 959 additamenta
1402 897 1658 954 fecerunt.
1674 892 1808 961 Quid

227 985 386 1063 etiam
412 1005 648 1059 dicturus
675 1016 732 1056 es
774 999 840 1054 de
881 1011 1138 1067 responso
1167 994 1260 1049 Dei
1287 990 1351 1046 ad
1380 988 1646 1044 Abraham
1672 1027 1687 1052 ,
1717 985 1804 1038 ubi

231 1099 325 1161 ait,
355 1093 709 1164 Multiplicans
733 1088 1078 1160 multiplicabo
1106 1103 1273 1142 semen
1299 1094 1439 1137 tuum
1480 1080 1610 1136 sicut
1639 1075 1811 1133 stellas

190 1240 197 1262 ί
228 1190 341 1245 creti
359 1185 510 1262 (Gen.
538 1201 670 1251 xx",
696 1184 825 1255 i7)?
851 1181 950 1238 Ubi
978 1180 1215 1234 videmus
1242 1177 1406 1230 Deum
1432 1172 1810 1242 multiplicasse

189 1250 197 1341 ξ
227 1250 387 1337 etiam
418 1278 597 1333 stellas
621 1250 777 1341 cteli,
803 1273 938 1327 sicut
978 1285 1036 1325 se
1063 1267 1306 1340 promisit
1337 1265 1806 1334 multiplicaturnm

183 1324 193 1400 ί
228 1387 410 1428 semen
436 1365 701 1422 Abrahm?
730 1324 995 1433 l‘iumquid
1023 1324 1148 1431 eigo
1170 1359 1341 1415 stella:
1365 1324 1523 1422 cmli',
1552 1363 1610 1410 ut
1634 1354 1811 1409 multi-

231 1465 572 1534 plicarentur,
605 1458 882 1529 pauciores
906 1456 1052 1525 prius
1073 1469 1191 1510 esse
1216 1459 1514 1521 coeperunt,
1543 1459 1596 1505 et
1626 1465 1729 1504 non
1753 1449 1806 1502 in

230 1569 451 1610 numero
480 1569 578 1608 suo
620 1551 938 1621 multiplices
981 1557 1104 1603 sunt
1131 1547 1403 1612 institutze,
1426 1537 1496 1600 ex
1540 1560 1646 1614 quo
1689 1550 1813 1596 sunt

230 1647 486 1701 instituta:
509 1644 568 1698 ‘?
591 1641 698 1699 Cur
721 1658 849 1712 ergo
873 1656 977 1696 non
1004 1639 1080 1694 sic
1101 1639 1297 1708 accipis
1317 1637 1458 1708 quod
1486 1635 1683 1690 dictum
1706 1645 1809 1696 est,

232 1738 583 1810 Multiplicans
626 1733 971 1806 multiplicabo
1000 1733 1230 1788 tristitias
1258 1740 1370 1782 tuas
1395 1744 1413 1781 :
1441 1738 1684 1796 tanquam
1725 1724 1809 1779 di-

229 1829 398 1885 xisset
421 1869 437 1894 ,
472 1826 685 1882 Faciam
717 1825 960 1879 tristitias
995 1833 1111 1878 tuas
1152 1819 1509 1888 multiplices,
1545 1817 1643 1870 nisi
1687 1815 1808 1884 quia

228 1921 311 1976 sic
333 1919 463 1989 agis,
497 1925 553 1972 ut
585 1917 636 1971 in
667 1915 988 1986 paradisum,
1021 1923 1202 1968 contra
1231 1927 1390 1983 quam
1418 1909 1706 1965 collocatus
1732 1921 1810 1971 es,

230 2011 277 2065 si
305 2009 476 2080 possis
499 2005 805 2062 introducas
828 2005 1058 2071 dolores,
1089 2015 1143 2060 et
1173 2005 1225 2058 in
1253 2003 1370 2057 loco
1399 2009 1557 2055 tanta:
1588 1997 1814 2052 beatitu-

229 2101 372 2156 dinis
417 2108 539 2155 ante
586 2105 862 2169 peccatum
897 2087 1165 2167 praedices
1217 2093 1458 2149 miserias
1506 2087 1813 2145 institutas?

229 2191 384 2260 Quod
413 2191 556 2246 enim
589 2188 719 2255 Eva,
754 2198 816 2243 ut
842 2187 1099 2255 afﬁrmas,
1136 2200 1256 2241 cum
1285 2182 1559 2240 doloribus
1585 2177 1813 2250 parturi-

231 2285 430 2339 tionem
448 2282 776 2349 naturaliter,
805 2290 1087 2351 antequam
1116 2289 1381 2349 peccaret,
1405 2276 1628 2343 accepit,
1657 2275 1810 2327 istam

230 2390 394 2431 vocas
419 2374 801 2445 parcimoniam
843 2371 1174 2437 naturalem;
1203 2385 1361 2441 quam
1387 2367 1556 2423 videri
1596 2381 1703 2420 non
1735 2365 1815 2419 vis

232 2482 475 2522 eversam
503 2482 567 2522 ex
609 2482 674 2521 eo
719 2465 859 2536 quod
897 2466 1128 2539 amplius,
1151 2464 1217 2519 de
1255 2478 1409 2534 pmna
1454 2459 1662 2516 mulieri
1707 2460 1816 2514 Deo

235 2559 558 2627 vindicante,
599 2574 718 2614 eum
751 2568 1042 2629 peccasset,
1074 2557 1317 2612 accessit.
1348 2555 1437 2611 Sic
1461 2555 1603 2610 enim
1629 2555 1818 2624 loque-

235 2653 333 2721 ris,
364 2661 419 2705 ut
444 2651 610 2717 dicas,
640 2651 746 2706 Sed
772 2667 874 2705 non
899 2651 988 2704 illa
1012 2649 1276 2722 ampliatio
1305 2648 1622 2703 miseriarum
1642 2646 1815 2717 parci-

233 2745 455 2798 moniam
484 2743 624 2798 modi
647 2743 898 2798 naturalis
923 2743 1114 2798 evertit.
1147 2740 1378 2796 Proinde
1406 2749 1457 2795 te
1483 2739 1731 2806 docente,
1762 2745 1827 2806 ut.

235 2835 447 2890 femina:
479 2836 529 2889 in
561 2845 715 2905 partu
741 2834 1080 2890 mediocriter
1107 2832 1339 2896 doleant,
1366 2829 1690 2902 parcitnonia
1718 2843 1830 2888 na—_

234 2926 423 2982 turalis
466 2935 548 2981 est
583 2942 598 2979 :
635 2925 778 2996 quod
820 2939 951 2980 vero
993 2923 1194 2995 peccati
1233 2923 1424 2978 merito
1459 2920 1694 2976 additum
1739 2928 1822 2976 est

232 3020 383 3087 Evze,
411 3019 685 3090 ampliatio
723 3017 1060 3073 miseriarum
1087 3025 1187 3072 est.
1219 3015 1327 3070 Nec
1353 3014 1500 3070 vides
1522 3056 1537 3081 ,
1569 3028 1688 3068 cum
1721 3013 1820 3066 ista

232 3113 400 3180 dicis,
429 3114 549 3184 quia
590 3113 635 3167 si
677 3112 942 3182 ampliata:
969 3119 1093 3166 sunt
1120 3109 1349 3165 miseria:
1377 3123 1474 3180 per
1505 3115 1777 3177 peccatum
1803 3119 1820 3171 ;

233 3206 342 3277 iam
371 3205 581 3262 fuerant
608 3206 859 3260 institutae
877 3219 972 3276 per
997 3213 1263 3269 naturam,
1287 3211 1339 3258 cl
1366 3201 1579 3266 mulier,
1605 3198 1688 3254 cui
1710 3213 1825 3252 am-

235 3298 414 3368 pliata:
457 3309 582 3352 sunt
609 3296 840 3353 miseriae
874 3295 1065 3349 merito
1096 3293 1297 3362 peccati
1318 3333 1332 3357 ,
1371 3292 1482 3361 jam
1512 3290 1824 3345 naturaliter

237 3391 433 3446 misera
460 3398 576 3445 erat
610 3397 734 3444 ante
765 3399 1063 3458 peccatum.
1095 3386 1177 3442 Tu
1214 3385 1338 3439 licet
1375 3399 1493 3439 eam
1522 3382 1669 3438 dicas
1697 3396 1824 3453 par-

237 3483 466 3539 cimonia
495 3482 726 3537 naturali
775 3480 1117 3537 mediocriter
1142 3478 1429 3543 miseram;
1462 3485 1660 3541 tamen,
1694 3473 1826 3527 velis

240 3574 400 3640 nolis,
430 3573 513 3628 cui
536 3572 670 3628 dicis
707 3573 997 3628 accessisse
1026 3569 1422 3640 ampliationem
1449 3565 1784 3622 miseriarum
1807 3605 1835 3630 ,λ

241 3665 480 3736 profecto
504 3674 556 3720 et
577 3675 701 3721 ante
724 3665 862 3720 hanc
881 3664 1239 3720 accessionem
1262 3661 1510 3716 miseram
1531 3659 1824 3715 conﬁteris.

242 3757 384 3814 Ecce
411 3757 551 3828 quod
583 3758 649 3811 de
681 3766 733 3813 te
774 3764 1009 3813 meretur
1034 3764 1219 3810 natura
1250 3752 1482 3808 hominis
1509 3767 1540 3806 a
1581 3752 1690 3806 Deo
1717 3750 1828 3820 pri-

243 3851 406 3904 mitus
432 3849 653 3905 instituti
680 3867 693 3903 :
720 3863 845 3904 ecce
886 3847 1028 3917 quod
1067 3845 1136 3900 de
1175 3854 1228 3900 te
1271 3853 1506 3900 meretur
1550 3841 1830 3913 paradisus

244 3943 362 3998 Dei.
396 3942 606 4012 Ejectus
635 3941 830 4010 quippe
853 3981 868 4004 ,
913 3945 971 3994 et
996 3948 1180 3992 contra
1225 3952 1346 3991 eum
1373 3936 1662 3991 collocatus
1709 3933 1831 3988 talia

244 4035 547 4091 contrarius
594 4031 906 4098 reddidisti,
935 4040 994 4086 ut
1023 4030 1076 4085 in
1105 4027 1595 4110 locobea‘titudinis
1621 4026 1832 4082 diceres

247 4127 489 4184 miserias
515 4124 770 4180 divinitus
794 4123 1082 4189 institutas,
1114 4137 1222 4176 non
1249 4130 1426 4176 autem
1452 4119 1705 4189 coepisse,
1731 4118 1840 4174 sed.

249 4217 480 4272 crevisse
509 4214 761 4286 peccatis.
792 4212 929 4282 Quid
957 4221 1063 4268 tam
1087 4212 1414 4268 contrarium
1437 4253 1450 4278 ,
1478 4225 1636 4282 quam
1664 4210 1829 4266 mise-

250 4309 333 4363 ria
359 4304 708 4375 beatitudini,
733 4315 786 4362 et
810 4304 1083 4361 beatitudo
1104 4304 1373 4359 miserim?
1395 4304 1500 4358 Aut
1522 4301 1648 4374 quid
1678 4301 1841 4373 signi-.

253 4399 396 4467 ﬁcat,
427 4397 568 4469 quod
592 4398 659 4454 de
683 4397 930 4468 paradiso
957 4406 1201 4466 peccator
1227 4396 1501 4462 exclusus,
1528 4404 1714 4450 contra
1744 4409 1839 4464 pa-

253 4492 488 4547 radisum
506 4500 589 4547 est
609 4490 898 4546 collocatus
917 4506 932 4552 ;
960 4489 1062 4544 nisi
1083 4489 1203 4560 quia
1227 4488 1279 4542 in
1305 4487 1520 4542 miseria
1547 4487 1840 4542 collocatus

256 4590 362 4644 est,
391 4596 510 4650 qua:
552 4579 862 4636 beatitudini
906 4578 1022 4633 sine
1064 4577 1376 4647 cujusquam
1419 4575 1839 4631 contradictione

256 4671 346 4726 vel
365 4673 386 4704 ³
413 4671 740 4727 dubitatione
766 4680 849 4726 est
870 4669 1174 4724 contraria?
1202 4668 1268 4722 Et
1307 4667 1432 4739 quid
1461 4668 1538 4723 sic
1565 4665 1698 4738 fugit
1738 4681 1838 4721 na-

259 4771 398 4829 tura,
431 4770 489 4817 ut
515 4762 829 4818 miseriam?
857 4761 981 4831 quid
1008 4761 1085 4814 sic
1103 4759 1322 4829 appetit,
1348 4769 1403 4814 ut
1433 4757 1840 4814 beatitudinem?

259 4854 498 4924 Denique
527 4854 752 4910 liberum
781 4853 1058 4908 arbitrium
1085 4852 1226 4922 quod
1250 4851 1319 4907 de
1349 4853 1448 4907 hac
1474 4868 1532 4908 re
1561 4851 1842 4918 habemus,

260 4949 333 5002 ita
381 4949 536 5005 nobis
580 4949 890 5004 naturaliter
920 4947 1136 5003 insitqu
1185 4957 1303 5014 est,
1351 4957 1409 5003 ut
1437 4949 1577 5004 nulla
1629 4949 1846 5004 miseria

262 5040 416 5095 nobis
445 5041 614 5111 possit
635 5041 830 5096 auferri
862 5039 1005 5112 quod
1035 5041 1216 5096 miseri
1242 5057 1362 5097 esse
1385 5041 1646 5106 nolumus,
1675 5051 1731 5098 et
1754 5056 1848 5098 vo-

261 5133 440 5188 lumus
469 5148 588 5190 esse
624 5133 783 5188 beati.
823 5132 1004 5204 Usque
1045 5133 1179 5188 adeo
1209 5142 1265 5190 ut
1301 5134 1410 5203 jam
1451 5135 1548 5204 ipsi
1573 5135 1662 5205 qui
1707 5135 1849 5191 male

264 5224 491 5279 vivendo
519 5234 644 5280 sunt
668 5223 881 5291 miseri,
912 5225 1049 5280 male
1079 5225 1258 5281 vivere
1281 5225 1496 5297 quidem
1529 5229 1711 5294 velint,
1741 5243 1844 5283 no-

264 5315 368 5368 lint
392 5325 567 5370 tamen
597 5331 719 5372 esse
764 5315 982 5380 miseri,
1009 5316 1102 5372 sed
1149 5316 1309 5371 beati.
1345 5317 1455 5373 lloc
1492 5327 1576 5374 est
1618 5318 1846 5376 liberum

263 5407 542 5463 arbitrium
584 5407 780 5463 nostris
823 5409 1088 5464 mentibus
1123 5409 1466 5467 immobiliter
1495 5412 1655 5468 ﬁxum
1677 5453 1693 5479 ,
1741 5428 1848 5470 non

265 5514 376 5564 quo
404 5498 541 5555 bene
567 5515 728 5570 agere
754 5501 1000 5556 volumus
1024 5541 1039 5567 ,
1066 5516 1187 5556 nam
1217 5501 1268 5557 id
1295 5501 1524 5559 humana
1571 5502 1850 5580 iniquitate

337 5636 353 5666 ⁸
380 5641 442 5684 Ex
459 5642 564 5686 MSS.
583 5635 817 5691 addimus,
840 5645 904 5683 ex
927 5647 1020 5696 quo
1042 5642 1148 5686 sunt
1161 5635 1404 5690 institutae.

336 5699 358 5729 ³
383 5699 540 5759 ι’ίίςιιη
565 5696 849 5759 cujusquam
869 5695 1158 5748 dubitatione
1179 5705 1248 5750 est
1267 5701 1526 5754 contraria.
1552 5707 1616 5754 Ex
1641 5709 1746 5754 Mss.
1767 5703 1850 5754 ad-
1865 5703 1894 5722 ί*

267 5757 494 5821 iecimus,
521 5757 894 5812 εοΜι-ατὶἱτιὶοηε
914 5760 1002 5808 ret.

1593 316 1796 376 LIBER
1837 315 2118 372 SEXTUS.

3351 321 3500 385 ,ιεεθ

1921 435 2186 504 potuimus
2213 436 2458 494 amittere
2483 479 2496 503 ,
2529 445 2578 491 ct
2619 436 2787 508 gratia
2815 437 2992 494 divina
3036 455 3316 511 possumus
3360 444 3501 498 reci-

1918 543 2076 595 pere;
2109 526 2202 582 sed
2230 529 2453 586 liberum
2479 530 2756 585 arbitrium
2788 547 2893 602 quo
2914 533 3054 588 beati
3079 548 3199 589 esse
3228 534 3496 600 volumus,

1918 630 1971 673 et
1995 620 2174 676 miseri
2202 625 2464 690 nolumus,
2498 642 2596 681 nec
2623 626 2802 681 miseri
2832 636 3053 696 possunt
3080 628 3326 684 amittere
3349 671 3363 696 ,
3395 644 3495 684 nec

1918 711 2076 767 beati.
2107 713 2254 769 Beati
2296 718 2489 788 quippe
2529 734 2717 774 onmes
2761 734 2883 775 esse
2921 720 3202 786 volumus,
3232 720 3371 790 quod
3404 720 3502 790 ipsi

1918 819 2128 873 quoque
2160 806 2459 878 philosophi
2486 808 2643 878 hujus
2670 811 2883 878 saeculi,
2917 819 2972 864 et
2996 811 3298 867 Academici
3324 811 3392 866 de
3419 827 3501 866 re-

1919 894 2018 948 bus
2046 897 2294 952 omnibus
2336 897 2678 967 dubitantes,
2713 910 2848 956 teste
2890 910 3113 972 patrono
3148 917 3246 957 suo
3285 901 3494 964 Tullio,

1919 986 2088 1041 coacti
2111 996 2233 1041 sunt
2257 988 2500 1058 conﬁteri
2526 1010 2540 1046 :
2564 991 2720 1062 idque
2741 1008 2903 1046 unum
2925 1008 3044 1048 esse
3072 993 3337 1059 (ἰδίει-ωτι,
3361 993 3501 1064 quod

1919 1075 2272 1147 disputatione
2303 1094 2405 1133 non
2431 1091 2606 1150 egeat,
2635 1082 2775 1150 quod
2805 1096 2960 1135 nemo
2985 1089 3065 1136 est
3087 1081 3174 1150 qui
3207 1097 3313 1134 non
3341 1095 3504 1149 expe-

1922 1175 2012 1221 tat.
2045 1167 2156 1222 lloc
2175 1168 2449 1223 arbitrium
2471 1171 2695 1225 liberum
2725 1170 3002 1241 adjuvatur
3024 1187 3116 1241 per
3143 1171 3234 1227 Dei
3259 1172 3501 1242 gratiam.

1923 1265 1978 1311 ut
2024 1259 2165 1328 quod
2198 1261 2508 1314 naturaliter
2537 1260 2780 1317 volumus
2803 1304 2817 1328 ,
2851 1263 2953 1318 hoc
2977 1271 3059 1317 est
3101 1262 3256 1317 beate
3283 1263 3463 1316 vivere

1922 1348 2057 1404 bene
2087 1349 2312 1404 vivendo
2341 1350 2542 1406 habere
2579 1353 2865 1420 possimus.
2896 1353 2961 1406 Et
2991 1363 3044 1406 tu
3074 1352 3238 1418 dicis,
3268 1352 3507 1422 quamvis

1922 1439 2216 1494 mediocres
2237 1441 2503 1507 miserias,
2531 1449 2706 1497 tamen
2734 1443 2996 1510 miserias,
3026 1442 3335 1497 beatitudini
3363 1442 3507 1495 nullo

1923 1545 2165 1604 negante,
2194 1534 2340 1588 nullo
2368 1534 2669 1605 ambigente
2689 1535 3003 1600 contrarias,
3028 1535 3079 1588 in
3107 1533 3290 1602 primis
3319 1533 3500 1602 operi-

1922 1626 2018 1680 bus
2049 1625 2138 1681 Dei
2165 1668 2178 1692 ,
2208 1625 2350 1680 nullo
2374 1625 2687 1696 cujusquam
2719 1624 3054 1696 praecedente
3086 1630 3325 1692 peccato,
3353 1631 3505 1675 natu-

1923 1719 2103 1774 raliter
2127 1719 2414 1786 institutas,
2435 1726 2489 1781 ut
2505 1719 2709 1773 scilicet
2737 1717 3050 1788 peccatricis
3069 1716 3307 1772 mulieris
3325 1730 3507 1786 pmna,

1923 1821 2141 1880 prepter
2184 1827 2340 1882 quam
2385 1811 2582 1866 dictum
2628 1819 2743 1877 est,
2775 1811 3122 1881 Multiplicans
3168 1807 3510 1878 multiplicabo

1923 1903 2149 1956 ttistitias
2180 1910 2312 1966 tuas,
2343 1916 2449 1954 non
2481 1901 2550 1954 sit
2579 1901 2839 1954 institutio
2870 1901 3202 1954 miseriarum
3228 1940 3242 1966 ,
3271 1913 3388 1968 qua:
3409 1938 3424 1962 ,
3455 1906 3512 1950 ut

1923 1993 2075 2056 dicis,
2103 1993 2210 2063 jam
2239 1992 2411 2058 fuerat
2439 1991 2491 2046 in
2520 2001 2704 2046 natura
2730 2010 2744 2056 ;
2769 1991 2859 2045 sed
2888 1991 3157 2060 ampliatio
3183 2005 3300 2060 qua:
3323 2003 3506 2044 acces-

1923 2090 1989 2141 sit
2015 2104 2081 2142 ex
2110 2102 2284 2156 pmna.
2316 2085 2453 2153 Quid
2485 2100 2582 2155 ego
2603 2085 2711 2155 jam
2742 2094 2914 2139 tecum
2943 2099 3094 2154 again
3135 2083 3201 2136 de
3231 2079 3508 2151 sequenti-

1927 2177 2024 2232 bus
2049 2179 2139 2232 Dei
2167 2177 2362 2242 verbis,
2388 2176 2474 2231 ubi
2506 2186 2845 2246 posteaquam
2872 2175 3004 2229 dixit
3027 2173 3168 2245 quod
3200 2172 3265 2227 ad
3296 2186 3508 2242 poenam

1927 2267 2282 2337 pertinebat‘,
2313 2265 2379 2322 In
2410 2267 2613 2320 tristitia
2650 2267 2814 2338 paries
2841 2267 3012 2334 ﬁlios;
3049 2280 3170 2319 mox
3196 2263 3416 2328 addidit,
3441 2259 3511 2316 Et

1925 2361 1992 2413 ad
2019 2361 2178 2414 virum
2217 2370 2359 2414 tuum
2403 2360 2658 2415 conversio
2684 2369 2768 2412 tua
2791 2399 2806 2423 ,
2838 2367 2883 2412 et
2928 2358 3036 2428 ipse
3066 2358 3138 2409 tui
3167 2354 3512 2409 dominabitur

1931 2451 2079 2522 (Gen.
2109 2469 2187 2519 ιιι,
2221 2450 2348 2526 16)?
2373 2451 2508 2522 Quid
2553 2468 2686 2519 epus
2714 2461 2798 2506 est
2842 2459 2898 2504 ut
2945 2457 3118 2504 tecum
3160 2447 3284 2502 inde
3321 2445 3510 2500 conﬁi-

1926 2561 2070 2616 gam,
2096 2554 2276 2600 utrum
2305 2545 2404 2600 ista
2439 2544 2734 2600 dominatio
2781 2543 2874 2597 viri
2905 2557 3058 2612 pinna
3094 2543 3162 2596 sit
3204 2540 3416 2595 femina:
3441 2555 3511 2595 an

1928 2636 2060 2693 ordo
2085 2636 2330 2692 naturae?
2357 2652 2514 2707 quem
2559 2645 2732 2690 tamen
2762 2634 3004 2689 ordinem
3052 2648 3158 2687 non
3183 2646 3512 2687 commemo-

1928 2728 2070 2782 ravit
2114 2727 2274 2794 Deus,
2321 2726 2534 2797 quando
2581 2725 2836 2789 condidit,
2884 2723 2979 2780 sed
3026 2722 3238 2793 quando
3290 2722 3511 2791 punivit.

1930 2818 2149 2884 Verum,
2179 2827 2236 2872 ut
2265 2817 2408 2884 dixi,
2440 2816 2563 2888 quid
2593 2831 2727 2886 Opus
2753 2824 2834 2870 est
2860 2815 2912 2869 in
2943 2830 3007 2870 eo
3046 2813 3301 2870 remorari
3326 2853 3342 2881 ,
3372 2811 3514 2883 quod

1932 2909 2238 2964 utrumlibet
2265 2908 2355 2974 sit,
2387 2918 2622 2962 nostram
2671 2921 2775 2962 non
2820 2905 3040 2975 impedit
3063 2903 3323 2960 causam?
3353 2903 3514 2958 Pror-

1930 3013 2022 3052 sus
2062 2999 2239 3066 Dens,
2280 3013 2310 3052 a
2351 2998 2610 3068 supplicio
2663 2996 2802 3067 quod
2850 2995 3119 3067 inﬁigebat
3158 2993 3403 3058 mulieri,
3448 2991 3516 3047 ad

1933 3091 2349 3162 prarcipiendum
2393 3089 2555 3145 fuerit
2580 3099 2802 3158 repente
2842 3101 3166 3152 conversus,
3196 3094 3250 3141 et
3280 3084 3519 3154 jubendo

1934 3197 2038 3235 non
2068 3178 2371 3235 damnando
2397 3179 2610 3244 dixerit,
2642 3177 2722 3231 Ad
2752 3178 2908 3230 virum
2937 3187 3076 3230 tuum
3103 3174 3356 3230 conversio
3384 3183 3506 3240 tua,

1933 3284 1979 3329 et
2019 3276 2126 3346 ipse
2167 3274 2241 3327 tui
2270 3268 2802 3340 dominabitur:quid
2851 3270 2954 3323 hoc
2998 3267 3065 3323 ad
3108 3267 3456 3337 qumstionem
3481 3306 3498 3332 ,

1933 3381 2090 3436 qnam
2116 3364 2183 3420 de
2205 3363 2465 3433 supplicio
2499 3360 2808 3432 peccatrieis
2850 3359 2948 3414 ista
2981 3358 3340 3429 disputatione
3380 3371 3506 3411 ver-

1934 3456 2152 3511 samus?
2180 3455 2255 3509 De
2284 3451 2517 3508 miseriis
2540 3461 2713 3507 tecum
2741 3465 2862 3521 ago,
2890 3465 3022 3520 quas
3045 3449 3110 3504 de
3143 3447 3387 3518 paradiso
3416 3446 3525 3516 eje-

1936 3559 2052 3604 ctus
2096 3547 2250 3618 eique
2294 3545 2632 3610 contrarius,
2680 3543 2732 3597 in
2775 3542 3023 3614 paradiso
3067 3541 3243 3594 locare
3272 3539 3521 3604 conaris;

1937 3655 2133 3711 easque
2173 3655 2276 3693 non
2307 3637 2642 3708 peccantium
2673 3635 2877 3690 meritis
2897 3675 2913 3700 ,
2941 3634 3036 3689 sed
3078 3633 3185 3687 Deo
3212 3640 3524 3686 naturarum

1938 3729 2231 3787 institutori
2257 3770 2272 3794 ,
2306 3740 2554 3798 tanquam
2585 3736 2640 3782 et
2687 3726 2828 3797 ipsas
2859 3723 3172 3778 naturaliter
3199 3721 3524 3788 instituerit,

1939 3831 2032 3876 tuo
2063 3821 2266 3894 pudore
2306 3829 2580 3890 pereunte,
2611 3827 2665 3873 et
2703 3833 2798 3871 ore
2837 3815 3240 3885 blaSphemante
3267 3812 3523 3869 tribuere.

1943 3913 2036 3969 Dic
2059 3913 2169 3983 jam
2194 3911 2322 3983 quid
2353 3911 2511 3966 etiam
2549 3909 2616 3965 de
2641 3908 2739 3963 viri
2767 3921 2920 3977 pcena
2946 3904 3266 3976 persuadere
3294 3903 3485 3958 nitaris
3511 3920 3524 3956 :

1941 4001 2368 4075 quandoquidem
2397 4001 2508 4071 jam
2555 3999 2685 4054 satis
2724 3987 2827 4064 est,
2854 3987 2994 4066 quid
3037 3997 3136 4051 ista
3181 3997 3372 4051 mulier
3411 4009 3532 4063 qua:

1941 4107 2081 4165 ante,
2106 4103 2382 4167 peccatum
2427 4092 2568 4148 nuda
2608 4100 2724 4147 erat
2764 4099 2819 4147 et
2861 4105 2968 4145 non
3007 4086 3450 4153 confundebatur,
3481 4094 3534 4140 te

1946 4186 2163 4241 undavit
2192 4193 2349 4255 atque
2379 4181 2635 4238 confudit.

1958 4346 1966 4352 ι
2014 4275 2225 4333 XXVII.
2254 4275 2374 4332 JUL.
2421 4274 2617 4329 Verum
2675 4271 2936 4327 sufficiant
2980 4271 3078 4325 ista
3122 4268 3188 4323 de
3247 4267 3475 4321 muliere
3505 4308 3522 4328 ,

1946 4383 2278 4427 transeamus
2323 4369 2388 4423 ad
2419 4367 2519 4422 viri
2542 4367 2738 4420 munia.
2782 4363 2946 4430 Δάαι,
2986 4362 3185 4432 inquit,
3214 4360 3384 4413 dixit:
3418 4357 3538 4412 Μα-

1947 4466 2130 4520 lcdicta
2171 4474 2304 4519 terra
2351 4463 2403 4516 in
2435 4460 2669 4534 aperibus
2709 4459 2846 4524 tuis;
2877 4458 2930 4511 in
2967 4456 3169 4510 tristitia
3209 4452 3537 4530 manducabis

1948 4573 2056 4611 eam
2081 4555 2307 4610 omnibus
2329 4552 2500 4606 diebus
2517 4551 2628 4605 vita:
2654 4559 2774 4614 tute;
2790 4549 2963 4620 spinas
2990 4556 3035 4600 et
3057 4545 3265 4599 tribulos
3291 4543 3401 4598 edet
3426 4542 3534 4608 tibi,

1947 4658 1994 4701 et
2020 4643 2135 4701 ede!
2163 4649 2336 4718 fenum
2361 4645 2472 4716 agri
2497 4644 2568 4697 tui
2592 4659 2610 4697 :
2632 4643 2682 4696 in
2710 4641 2892 4697 sudore
2914 4639 3065 4709 [aciei
3093 4648 3193 4692 tua:
3218 4637 3336 4692 edes
3357 4653 3540 4706 panem

1950 4747 2110 4801 tuum,
2140 4735 2297 4790 donec
2325 4735 2630 4790 convertaris
2672 4734 2725 4787 in
2764 4742 2946 4787 terram
2978 4731 3040 4785 de
3067 4747 3167 4800 qua
3205 4739 3431 4799 sumptus
3454 4744 3538 4792 es;

1949 4829 2186 4896 quoniam
2215 4836 2346 4880 terra
2375 4843 2425 4881 es
2450 4867 2464 4892 ,
2493 4836 2538 4880 et
2567 4825 2620 4879 in
2663 4833 2848 4878 terram
2878 4822 2971 4876 ibis
3000 4820 3166 4892 (Gen.
3193 4836 3248 4874 ιιι
3271 4862 3286 4886 ,
3313 4818 3476 4874 17-19
3497 4819 3538 4890 ).

1953 4918 2050 4973 llic
2077 4933 2180 4973 non
2208 4926 2290 4972 est
2315 4917 2540 4982 dictum,
2569 4915 2927 4987 Multiplicabo
2957 4914 3137 4984 Spinas
3168 4922 3304 4975 tuas,
3331 4920 3424 4964 aut
3453 4925 3543 4964 su-

1954 5011 2110 5067 dores
2142 5021 2260 5066 tuos
2291 5029 2303 5063 :
2336 5009 2430 5066 sed
2460 5009 2611 5080 quasi
2639 5019 2766 5064 tunc
2794 5009 3022 5079 primum
3062 5015 3236 5062 creata
3269 5004 3539 5060 dicuntur.

1955 5107 2023 5160 At
2050 5105 2208 5160 etiam
2241 5102 2398 5174 hujus
2425 5102 2646 5169 invidia,
2669 5117 2772 5156 non
2804 5101 3006 5170 majore
3030 5115 3187 5169 quam
3215 5097 3401 5152 uxoris
3426 5095 3542 5164 ejus

1954 5196 2136 5252 labore
2174 5195 2482 5251 dissolvitur
2512 5213 2525 5250 :
2555 5194 2706 5248 initio
2746 5193 2941 5263 quippe
2979 5187 3089 5245 non
3130 5188 3320 5244 semini
3364 5186 3541 5240 homi-

1955 5287 2038 5342 nis
2058 5329 2071 5351 ,
2104 5286 2196 5342 sed
2243 5285 2406 5340 humo
2435 5284 2786 5339 maledicitur.
2817 5281 2881 5335 1η
2909 5282 3006 5335 tuis
3042 5279 3294 5349 operibus,
3329 5275 3498 5346 inquit
3524 5315 3541 5340 ,

1955 5379 2222 5434 maledicta
2270 5389 2403 5432 terra
2447 5379 2563 5432 erit.
2607 5375 2745 5444 Quid
2796 5372 3108 5430 commerita
3160 5369 3370 5423 fuerant
3413 5381 3542 5422 arva

1958 5471 2099 5544 (qua:
2131 5482 2276 5529 certe
2319 5471 2387 5527 de
2431 5470 2648 5526 traduce
2678 5467 2807 5524 Ad.e
2839 5465 3034 5520 habere
3065 5461 3193 5518 nihil
3225 5458 3536 5532 poterant),

2026 5685 2041 5715 ι
2071 5684 2227 5745 vign.,
2251 5684 2378 5747 quod
2399 5683 2464 5732 att
2501 5679 2800 5746 pertinebat;
2823 5688 3000 5729 omisso
3016 5711 3030 5740 ,
3056 5688 3273 5741 panum,
3299 5682 3427 5737 quod
3453 5681 3546 5724 tute

1961 5762 2015 5797 ω
2023 5760 2244 5798 vocamus
2268 5762 2329 5797 CX
2358 5756 2447 5795 MSS
