4070 6476
512 483 571 528 ιιι
610 485 708 542 pro
751 475 969 538 peccato
991 466 1278 524 voluntatis
1317 467 1505 522 aliena:
1531 461 1832 520 convicium
1877 458 2098 514 maledi-

510 561 705 617 ctionis
754 558 1099 630 exciperent?
1129 557 1212 612 An
1252 565 1312 613 ut
1339 555 1500 612 etiam
1547 553 1787 624 ipsorum
1833 551 2097 620 cespitun‘t

509 651 794 708 doceretur
819 647 1086 720 exemplo,
1110 661 1270 719 posse
1294 661 1417 703 esse
1441 644 1806 711 maledictum,
1825 641 1914 697 ubi
1942 640 2096 710 culpa

509 759 617 800 non
665 743 851 798 esset?
875 741 1006 798 Nam
1036 739 1083 797 si
1125 743 1180 797 in
1209 740 1429 797 homine
1467 747 1742 810 peccatum
1771 779 1784 803 ,
1818 736 1870 791 in
1915 744 2097 807 segete

507 834 873 902 maledictum;
902 831 1244 888 manifestum
1283 840 1366 887 est
1389 830 1614 886 crimina
1640 843 1742 883 non
1769 843 1982 898 semper
2000 825 2093 880 ad-

507 928 713 983 inurere
750 925 1063 996 dispendiis.
1110 925 1166 980 Si
1200 939 1328 995 ergo
1374 931 1591 994 propter
1625 921 1725 976 hoc
1763 918 2095 974 maledicitur

505 1030 685 1085 terrae,
714 1026 772 1072 ut
793 1017 880 1073 ille
909 1016 1001 1088 qui
1036 1023 1348 1086 peccaverat
1373 1012 1671 1084 affligatur,
1696 1026 1795 1066 nec
1823 1021 1999 1065 tamen
2021 1007 2093 1064 ibi

504 1111 775 1180 iniquitas,
800 1108 891 1164 ubi
920 1109 1222 1164 maledictio
1241 1107 1545 1163 continetur
1569 1122 1582 1160 :
1614 1120 1710 1160 cur
1737 1120 1841 1159 non
1874 1119 1936 1158 ea
1965 1118 2094 1158 con-

503 1201 724 1268 ditioue,
754 1200 958 1256 etiamsi
981 1199 1107 1271 quid
1131 1213 1488 1253 terumnarum
1516 1205 1718 1252 naturte
1744 1203 1941 1249 nostra:
1973 1200 2092 1263 post

502 1299 781 1362 peccatum
833 1289 987 1360 primi
1039 1287 1269 1342 hominis
1310 1287 1594 1342 doceretur
1643 1285 2089 1350 illatum,tamen

499 1390 818 1454 sequeretur
860 1396 965 1435 uon
1007 1378 1129 1435 ideo
1172 1379 1396 1433 miseros
1424 1391 1546 1432 esse
1573 1376 1854 1430 nascentes
1877 1415 1892 1440 ,
1925 1381 1983 1428 ut
2011 1372 2089 1428 rei

499 1473 963 1536 convincerentur;
982 1469 1077 1526 sed
1096 1465 1668 1525 utcommemoratione
1685 1465 1885 1535 peccati
1906 1461 2085 1533 primi,

446 1606 461 1624 .
499 1561 720 1617 afﬂictio
761 1559 1091 1616 succedanea
1119 1558 1203 1613 his
1245 1572 1381 1629 quos
1411 1570 1532 1612 reos
1563 1570 1668 1610 non
1710 1554 1941 1620 fecerat,
1969 1554 2088 1609 imi-

504 1655 722 1712 tationis
745 1653 899 1710 mala:
926 1652 1178 1708 indiceret
1205 1648 1540 1706 cautionem?
1566 1645 2007 1717 Quandoquidem
2031 1653 2087 1702 et

499 1753 644 1801 terra
665 1744 736 1800 ob
764 1745 868 1800 hoc
887 1742 1258 1800 ostenderetur
1285 1739 1555 1796 maledicti
1579 1739 1878 1794 convicium
1900 1747 2084 1808 pertu-

497 1835 647 1902 lisse,
667 1843 725 1890 ut
738 1835 932 1890 malum
949 1834 1137 1890 aliena:
1163 1831 1448 1887 voluntatis
1467 1837 1733 1901 argueret,
1754 1843 1859 1884 non
1877 1837 1935 1884 ut
1960 1843 2086 1898 par-

498 1927 862 1999 ticipationem
890 1927 970 1982 sui
1015 1925 1256 1982 criminis
1286 1925 1528 1996 gigneret
1555 1940 1570 1978 :
1600 1923 1700 1978 nisi
1729 1921 1868 1977 forte
1892 1921 2081 1977 creda-

496 2034 618 2075 mus
645 2019 942 2075 chariorem
981 2019 1090 2075 Deo
1119 2029 1313 2074 terram
1341 2031 1481 2083 esse,
1513 2031 1672 2088 quam
1699 2015 2078 2083 innocentiam,

495 2119 556 2165 ut
597 2109 802 2166 scelere
846 2110 1020 2164 alieno
1060 2124 1182 2164 cum
1231 2107 1443 2180 glebam
1487 2123 1594 2162 non
1627 2107 1854 2177 patiatur
1877 2105 2078 2177 pollui,

493 2201 668 2257 addici
688 2211 860 2256 tamen
876 2199 1448 2271 permittatiufantiam.
1468 2198 1804 2254 Maledictum
1816 2213 1944 2269 ergo
1957 2197 2081 2253 diri-

497 2292 706 2363 giturin
731 2302 944 2356 terram,
960 2306 1059 2346 nec
1076 2300 1252 2347 tamen
1274 2290 1375 2345 hoc
1397 2291 1568 2360 ipsum
1596 2289 1910 2359 relinquitur
1931 2289 2084 2344 invo-

493 2385 684 2441 lutum.
715 2386 1004 2440 Disscritur
1030 2385 1224 2456 quippe
1261 2399 1367 2454 quo
1397 2382 1501 2438 line
1529 2380 1791 2452 ejusmodi
1816 2382 2078 2438 sententia

491 2476 820 2541 tenderetur,
844 2477 928 2531 vel
971 2475 1240 2545 quomodo
1285 2473 1480 2528 lmmus
1527 2471 1809 2528 maledicta
1856 2487 2080 2528 vocare-

491 2577 598 2624 tur.
633 2566 696 2621 Iu
723 2568 956 2631 tristitia,
991 2566 1190 2636 inquit,
1219 2563 1546 2619 maudueabis
1581 2579 1691 2618 eam
1719 2562 1947 2618 omnibus
1966 2564 2079 2619 die-

490 2658 582 2712 bus
605 2658 718 2711 rita:
735 2665 852 2710 ture.
874 2656 990 2724 Quo
1014 2657 1172 2726 igitur
1189 2669 1387 2726 genere
1407 2669 1466 2710 se
1485 2663 1719 2724 exponat
1737 2695 1752 2719 ,
1775 2653 2038 2710 advertite
2060 2674 2074 2711 :

488 2748 772 2804 maledicta
803 2747 1002 2802 dicitur
1031 2755 1168 2802 terra
1187 2787 1202 2813 ,
1233 2761 1339 2802 non
1369 2759 1476 2816 quo
1505 2745 1556 2800 in
1583 2759 1701 2800 eam
1725 2744 2076 2800 animadverti

486 2840 744 2910 quiverit,
798 2837 892 2893 sed
942 2837 1046 2894 hoc
1091 2837 1308 2893 nomine
1354 2835 1537 2907 opinio
1588 2835 1750 2890 animi
1800 2835 2079 2890 mmrcntis

485 2932 820 2997 ostenditur;
851 2940 906 2986 ut
925 2930 1175 3000 quoniam
1213 2928 1452 2985 sterilem
1498 2926 1700 2984 sciebat
1727 2936 1823 2998 pro
1859 2926 2079 2982 cultoris

485 3024 570 3079 sui
617 3023 856 3086 meritis,
888 3019 1147 3092 :rgritudo
1190 3019 1479 3075 esurientis
1521 3017 1752 3089 operarii
1786 3018 2078 3087 imputaret

485 3125 644 3171 terrze
669 3113 810 3185 quod
830 3113 942 3182 ipse
969 3118 1356 3181 promeruerat,
1376 3118 1431 3165 et
1458 3107 1794 3164 maledictam
1811 3107 2078 3164 eamami-

483 3215 606 3260 ctus
625 3211 858 3268 vocaret,
877 3201 1030 3271 cujus
1051 3200 1170 3256 ideo
1190 3199 1539 3256 claudebatur
1561 3199 1830 3270 Opimitas,
1855 3208 1913 3254 ut
1938 3215 2076 3271 prte-

483 3292 848 3348 varieatorille
868 3305 966 3345 nec
984 3298 1245 3355 naturam,
1267 3304 1366 3344 nec
1387 3298 1606 3354 terram,
1625 3288 1720 3344 sed
1747 3289 2074 3346 voluntatem

483 3392 648 3454 atque
681 3395 960 3452 personam
997 3396 1148 3436 suam
1173 3379 1458 3436 maledicto
1487 3380 1738 3436 fateretur
1763 3380 2072 3438 obnoxiam.

485 3474 699 3544 Spiuas,
729 3473 919 3544 inquit,
949 3481 995 3528 et
1020 3472 1232 3528 tribulos
1257 3471 1367 3527 edet
1388 3472 1496 3527 tibi.
1531 3471 1648 3527 Non
1670 3471 1769 3528 fuit
1792 3483 2100 3532 contentus‘

483 3565 667 3622 dicere
691 3607 706 3633 ,
737 3565 931 3637 Spinas
971 3581 1031 3620 ac
1056 3564 1266 3618 tribulos
1317 3563 1428 3618 edet
1458 3564 1507 3631 ';
1553 3562 1649 3619 sed
1693 3563 1932 3634 addidit,
1961 3565 2071 3620 tibi.

484 3657 630 3713 inter
654 3657 876 3728 virgulta
919 3657 1113 3728 quippe
1153 3655 1255 3710 alia
1279 3695 1295 3722 ,
1328 3664 1384 3710 et
1427 3649 1670 3726 veprium
1705 3655 1924 3712 frutices
1947 3657 2075 3712 olim

481 3750 632 3820 iussa
665 3749 958 3820 pratulerat
983 3765 996 3802 :
1022 3757 1148 3803 tunc
1163 3763 1312 3815 vero,
1335 3755 1394 3803 ut
1416 3757 1863 3818 compungeretur
1890 3748 2071 3816 homo,

483 3840 643 3895 solito
680 3839 996 3896 senticosior
1036 3838 1210 3894 futura
1237 3839 1583 3909 promittitur.
1609 3840 1762 3908 Quod
1791 3839 1958 3895 Adam
1985 3855 2076 3895 vo-

482 3933 762 3988 bementer
784 3933 1042 4004 castigare
1061 3941 1289 4003 poterat,
1312 3948 1472 4003 quem
1492 3941 1612 4004 post
1639 3933 1868 4003 paradisi
1900 3933 2075 3989 fontes

483 4031 540 4078 et
584 4030 766 4093 prata,
793 4023 953 4077 etiam
985 4037 1119 4077 unus
1147 4021 1316 4077 rubus
1347 4031 1529 4092 posset
1566 4021 1862 4077 oﬂ'cndere.
1895 4020 1963 4076 In
1994 4039 2074 4076 suo

484 4113 609 4168 dare
635 4122 812 4169 autem
835 4113 985 4185 faciei
1015 4123 1117 4167 tua:
1141 4113 1258 4167 edes
1288 4129 1470 4183 panem
1514 4123 1690 4178 tuum;
1717 4126 1823 4166 non
1850 4113 1982 4166 satis
2006 4112 2073 4167 ad

489 4221 784 4260 aerumnam
815 4205 966 4259 video
1010 4204 1318 4275 pertinere:
1351 4201 1612 4272 siquidem
1642 4201 1803 4257 etiam
1831 4203 2074 4257 naturale

487 4296 855 4368 adjumentum
879 4305 980 4359 cst,
1011 4305 1067 4351 ut
1087 4295 1420 4366 aperantium
1437 4302 1584 4349 artus
1604 4294 1798 4350 sudore
1827 4311 2076 4350 recreen-

490 4401 598 4446 tur.
658 4390 738 4446 llli
777 4400 951 4445 autem
991 4399 1113 4444 ante
1159 4397 1436 4460 peccatum
1480 4388 1716 4444 laborem
1772 4390 2076 4448 incubuisse

494 4479 719 4537 cultura:
749 4480 905 4535 lectio
933 4481 1043 4549 ipsa
1073 4487 1313 4535 testatur.
1348 4480 1436 4537 Sic
1462 4479 1602 4534 enim
1631 4480 1702 4534 ait
1726 4496 1741 4534 :
1769 4479 1838 4534 Et
1861 4482 2075 4552 sumpsit

487 4574 745 4630 Dominus
775 4572 911 4627 Deus
933 4573 1185 4627 hominem
1217 4588 1365 4638 quem
1387 4572 1530 4643 fecit,
1559 4581 1606 4625 et
1647 4573 1810 4644 posuit
1848 4573 1992 4627 illum
2018 4575 2073 4629 in

483 4667 745 4740 paradiso,
770 4666 970 4738 operari
990 4684 1103 4721 eum
1125 4677 1172 4720 et
1185 4667 1436 4721 custodire
1460 4664 1607 4737 (ch.
1634 4682 1694 4734 tt,
1724 4666 1834 4739 15).
1861 4667 1917 4722 Si
1945 4682 2074 4738 ergo

484 4759 643 4814 etiam
689 4759 739 4813 in
788 4756 1032 4826 paradiso
1067 4757 1234 4811 noluit
1271 4772 1394 4812 eum
1440 4757 1580 4812 Deus
1611 4759 1799 4828 pabula
1827 4774 2074 4815 examus-

484 4850 585 4906 sim
633 4850 908 4904 illaborata
949 4848 1258 4917 suscipere,
1311 4847 1405 4903 sed
1459 4848 1657 4905 indicto
1699 4851 2069 4921 operationis,

482 4955 643 5010 quam
689 4937 952 4991 indiderat
977 4938 1226 4993 excitavit
1261 4938 1602 5004 industriam;
1626 4941 1752 5010 quid
1779 4941 1827 4996 ei
1872 4957 2069 4998 novum

481 5028 740 5084 accidisse
781 5027 1048 5091 credimus
1072 5069 1086 5094 ,
1115 5029 1159 5084 si
1189 5030 1412 5086 sentiret
1453 5029 1700 5084 sudorem
1724 5072 1740 5097 ,
1769 5031 1858 5100 qui
1905 5047 2070 5100 cxpe-

482 5121 722 5178 riebatur
751 5120 1012 5177 laborem?
1034 5120 1285 5192 Sequitur
1310 5131 1488 5178 autem
1519 5140 1532 5176 :
1558 5120 1730 5175 Donec
1764 5125 2072 5179 convertaris

481 5213 534 5268 in
562 5223 747 5268 terram
775 5227 839 5267 ea:
875 5229 975 5285 qua
1003 5223 1231 5285 sumptus
1255 5230 1346 5279 es;
1369 5212 1607 5282 quoniam
1647 5220 1780 5265 terra
1821 5229 1873 5266 es
1898 5253 1913 5278 ,
1943 5221 1990 5268 et
2013 5213 2067 5267 iu

483 5317 670 5364 terram
706 5307 818 5363 ibis.
849 5306 972 5364 llaec
1001 5323 1130 5364 sane
1163 5323 1285 5379 pars
1313 5316 1550 5364 extrema
1579 5309 1856 5363 sententiae
1879 5351 1894 5376 ,
1929 5309 2070 5366 sicut

481 5401 570 5459 illa
601 5400 837 5458 mulieris
863 5442 877 5466 ,
920 5399 988 5456 ad
1015 5399 1267 5456 indicium
1293 5401 1314 5432 ³
1337 5441 1352 5465 ,
1380 5413 1486 5454 non
1531 5398 1597 5454 ad
1626 5400 1947 5470 supplicium
1977 5415 2066 5457 rc-

480 5495 674 5565 spicit:
701 5493 829 5565 quin
868 5492 976 5547 imo
996 5531 1012 5559 ,
1037 5500 1096 5546 ut
1116 5505 1204 5547 res
1229 5490 1461 5559 indicat,
1495 5489 1761 5563 promisso
1790 5490 1898 5547 line
1922 5507 2058 5548 con-

546 5669 563 5702 ι
589 5673 652 5716 Ex
805 5665 912 5730 ﬁde
946 5666 1232 5730 addidimus,
1257 5675 1356 5719 Non
1381 5667 1470 5730 fuit
1491 5672 1734 5719 contentus
1757 5665 1938 5728 dicere,
1962 5666 2062 5723 sni-
2141 5685 2160 5704 ο

485 5739 574 5779 Ias
591 5742 649 5776 uc
669 5728 868 5778 tributos
891 5729 1020 5778 edet.

546 5790 566 5818 ¹
591 5788 725 5850 aditi,
749 5793 812 5838 ad
837 5788 1089 5850 iudicium.
1123 5791 1441 5842 Emendantur
1467 5807 1527 5843 ex
1548 5791 1884 5842 manuscrirtis

1156 355 1402 414 OPElIlS
1441 347 1855 410 lMPERFECTI
1895 343 2167 404 CONTRA
2205 343 2567 414 JULIANUM,
2605 345 2663 404 S.
2705 347 3073 408 AUGUSTINF

2207 457 2408 513 solatur
2430 458 2724 517 hominem.
2755 461 2889 530 Quia
2919 464 3062 520 enim
3087 477 3247 536 supra
3271 477 3789 524 commemoraverat

2204 547 2452 616 dolores,
2479 550 2724 621 labores,
2749 554 3003 621 sudores,
3036 570 3263 626 quorum
3299 571 3517 614 sensum
3565 565 3788 623 natura,

2203 643 2532 702 nimietatem
2570 662 2795 718 persona
2835 660 3178 720 susceperat;
3206 665 3275 706 ne
3299 650 3402 706 hoc
3430 651 3486 709 in
3527 660 3788 706 aeternum

2203 735 2472 792 videretur
2503 739 2757 807 extendi,
2788 741 3033 797 mitificat
3059 743 3076 774 ¹
3104 741 3476 814 tngritudiuem
3524 745 3787 799 terminus

2203 824 2464 882 indicatus
2491 844 2504 881 :
2529 841 2594 884 ac
2619 828 2663 884 si
2690 829 2931 900 diceret,
2963 831 3158 886 Verum
3185 847 3296 887 non
3335 847 3551 903 semper
3576 832 3676 887 ista
3701 848 3791 902 pa-

2201 916 2380 984 tieris;
2409 919 2501 974 sed
2523 919 2681 976 donec
2711 923 3014 976 converteris
3033 923 3087 977 in
3127 933 3314 977 terram
3338 923 3403 978 de
3427 939 3529 994 qua
3556 933 3791 993 sumptus

2199 1009 2427 1079 es;quia
2451 1019 2586 1065 terra
2623 1027 2710 1076 es,
2737 1010 2928 1082 inquit,
2955 1023 3001 1068 et
3043 1014 3098 1068 in
3126 1023 3311 1068 terram
3349 1014 3464 1070 ibis.
3490 1013 3604 1070 Cur
3639 1030 3784 1080 non,

2198 1108 2477 1170 postquam
2519 1101 2682 1169 dixit,
2725 1102 2884 1157 donec
2926 1105 3234 1161 converteris
3271 1104 3324 1160 iu
3344 1113 3531 1159 terram
3585 1105 3648 1160 de
3688 1123 3789 1175 qua

2196 1201 2426 1263 sumptus
2445 1209 2495 1247 es
2512 1208 2533 1257 ;
2555 1193 2821 1261 subdidit,
2855 1195 2986 1264 Quia
3013 1195 3244 1266 peccasti
3284 1205 3341 1253 et
3368 1212 3486 1252 mea
3515 1209 3785 1268 prmeepta

2195 1289 2558 1354 transgressus
2601 1285 2704 1340 es?
2729 1285 2843 1342 lloc
2865 1286 3009 1342 enim
3043 1286 3332 1342 dicendum
3377 1295 3492 1344 erat
3513 1329 3530 1356 ,
3559 1288 3606 1343 si
3631 1302 3782 1344 reso-

2195 1372 2326 1429 lutio
2353 1389 2638 1446 corporum
2675 1376 2741 1432 ad
2785 1380 3008 1434 crimina
3052 1380 3366 1451 pertineret.
3409 1379 3606 1435 Verum
3654 1380 3781 1452 quid

2192 1461 2364 1521 dixit?
2391 1466 2526 1534 Quia
2549 1477 2682 1522 terra
2701 1485 2772 1536 es,
2801 1469 2971 1541 inquit
2989 1512 3003 1538 ,
3031 1480 3078 1524 et
3114 1471 3168 1524 in
3197 1479 3383 1525 terram
3414 1470 3527 1526 ibis.
3553 1470 3781 1527 Causam

2191 1572 2290 1613 cur
2317 1557 2370 1612 in
2397 1566 2593 1613 terram
2638 1559 2910 1616 rediturus
2949 1571 3125 1630 esset,
3167 1561 3400 1617 ostendit
3427 1578 3442 1617 :
3469 1561 3606 1631 Quia
3648 1571 3783 1617 terra

2191 1662 2283 1712 es,
2325 1645 2516 1718 inquit.
2567 1647 2847 1716 Quomodo
2898 1660 3075 1706 autem
3118 1661 3261 1707 esset
3312 1659 3485 1720 terra,
3533 1652 3781 1722 superior

2191 1752 2371 1793 sermo
2409 1738 2734 1809 patefacerat
2761 1759 2774 1796 :
2809 1741 2942 1810 Quia
2961 1742 3026 1797 d'e
3047 1752 3201 1808 terra,
3235 1742 3425 1814 inquit,
3449 1753 3684 1808 sumptus
3705 1761 3779 1799 es.

2190 1827 2248 1884 Si
2277 1845 2406 1900 ergo
2435 1829 2695 1886 redeundi
2721 1832 2771 1886 in
2794 1840 3012 1902 terram,
3041 1833 3179 1889 hanc
3203 1848 3322 1889 esse
3350 1832 3612 1890 ratiOnem
3645 1834 3780 1891 dixit

2189 1921 2332 1977 Deus
2351 1962 2367 1987 ,
2398 1923 2650 1992 quoniam
2703 1921 2876 1978 fuerat
2900 1935 3206 1995 assumptus
3254 1939 3285 1980 e
3317 1933 3457 1980 terra
3482 1967 3498 1992 ,
3529 1940 3696 1996 porro
3725 1937 3780 1982 ut

2187 2021 2572 2081 assumeretur,
2615 2011 2683 2068 ad
2727 2013 3062 2085 iniquitatem
3119 2024 3361 2088 spectare
3407 2031 3513 2072 nou
3569 2019 3775 2088 potuit;

2186 2105 2372 2176 procul
2403 2104 2566 2160 dubio
2597 2121 2702 2160 non
2757 2106 3086 2177 iniquitatis,
3133 2107 3228 2163 sed
3278 2115 3481 2164 natura:
3531 2111 3776 2166 mortalis

2187 2195 2316 2262 fuit,
2345 2204 2404 2250 ut
2440 2197 2530 2267 qui
2559 2207 2796 2252 aeternus
2823 2211 2928 2252 non
2951 2207 3096 2265 erat,
3132 2197 3185 2252 in
3213 2199 3456 2270 corporis
3481 2209 3634 2270 parte
3669 2203 3778 2257 sol-

2184 2295 2418 2343 veretur.
2473 2287 2566 2344 illa
2620 2303 2749 2359 ergo
2788 2288 3042 2345 sterilitas
3083 2289 3369 2354 arborum,
3397 2291 3486 2346 illa
3524 2294 3769 2362 veprium

2185 2379 2434 2447 ubertas,
2468 2379 2557 2434 illa
2585 2379 2713 2451 tcgri
2753 2389 2938 2450 partus
2990 2388 3144 2436 aucta
3191 2381 3502 2450 calamitas,
3527 2385 3775 2453 personis

2187 2473 2458 2528 hominum
2489 2482 2611 2528 sunt
2636 2471 2783 2528 illata
2805 2515 2820 2538 ,
2847 2487 2951 2528 non
2975 2473 3178 2544 generi.
3209 2473 3449 2544 Denique
3471 2475 3584 2544 jam
3634 2476 3774 2530 natis

2183 2565 2311 2622 Cain
2339 2573 2395 2620 et
2423 2564 2556 2620 Abel
2578 2565 2734 2620 unius
2763 2574 2968 2620 natura:
2997 2565 3278 2631 ambobus,
3309 2567 3403 2621 sed
3423 2566 3762 2623 diversarum

2183 2658 2519 2714 voluntatum
2544 2699 2560 2726 ,
2590 2672 2689 2713 nec
2721 2656 2852 2712 Cain
2877 2668 3070 2728 sponte
3115 2657 3356 2728 peccanti
3404 2657 3606 2728 profuit
3631 2659 3770 2730 quod

2183 2763 2306 2805 cum
2337 2756 2554 2819 peccata
2579 2748 2746 2818 patris
2773 2763 2876 2802 non
2918 2758 3257 2818 presserant,
3293 2764 3391 2804 nec
3411 2749 3567 2805 Abeli
3589 2751 3770 2806 nocuit

2181 2837 2326 2909 quod
2349 2848 2596 2909 parentes
2620 2839 2736 2908 ejus
2770 2838 3104 2910 deliquerant
3134 2856 3147 2892 :
3177 2838 3273 2894 sed
3313 2849 3505 2910 suopte
3547 2849 3768 2912 uterque

2177 2927 2379 2999 judicio
2426 2943 2527 2985 nec
2549 2929 2762 2984 virtutis
2804 2929 2936 2996 sibi,
2967 2944 3067 2985 nec
3103 2930 3216 2984 vitii
3264 2930 3508 2986 naturale
3549 2930 3769 2986 infuisse

2182 3021 2549 3092 praeiudicium
2581 3023 2732 3076 vario
2766 3023 3040 3092 proposito
3061 3065 3076 3089 ,
3106 3022 3212 3079 line
3240 3024 3386 3078 vario
3414 3024 3766 3095 publicarunt.

2183 3111 2372 3170 Functi
2399 3114 2595 3185 quippe
2621 3112 2802 3170 officio
2833 3113 3171 3170 sacerdotum
3197 3156 3213 3182 ,
3243 3114 3507 3171 conditori
3534 3131 3634 3172 suo
3662 3116 3771 3172 Deo

2181 3206 2384 3262 hostias
2411 3207 2733 3262 obtulerunt.
2778 3206 3043 3262 Cmterum
3081 3222 3175 3277 per
3201 3207 3516 3278 obsequium
3539 3249 3556 3275 ,
3599 3208 3771 3278 impar

2179 3315 2308 3356 cura
2336 3299 2612 3356 discrevit.
2656 3299 2916 3356 Patefecit
2955 3299 3057 3354 hoc
3097 3298 3278 3354 divina
3319 3300 3623 3366 sententia,
3652 3315 3768 3370 qua:

2180 3393 2558 3464 complacitum
2613 3393 2713 3448 sibi
2779 3408 2974 3448 munus
3020 3391 3204 3448 Abelis
3254 3391 3772 3448 ostendit:oﬂ'enso

2180 3492 2360 3539 autem
2404 3483 2535 3540 Cain
2564 3497 2780 3539 causam
2825 3497 2939 3539 sua:
2980 3482 3362 3553 indignationis
3407 3483 3660 3552 aperuit,
3689 3483 3770 3539 di-

2179 3587 2309 3630 cens
2355 3585 2476 3629 eum
2520 3573 2658 3630 bene
2703 3573 2992 3640 obtulisse,
3021 3573 3115 3629 sed
3158 3573 3296 3629 male
3346 3573 3618 3631 divisisse.
3663 3573 3768 3630 Nec

2180 3679 2330 3721 mora
2354 3665 2553 3720 exarsit
2579 3663 2834 3736 profanus
2863 3666 3074 3720 animus
3098 3663 3152 3720 in
3177 3665 3417 3730 livoretn,
3444 3675 3502 3722 et
3529 3667 3768 3737 germani

2181 3755 2465 3814 sanctitate
2488 3765 2737 3827 gravatus
2761 3797 2777 3823 ,
2807 3755 3149 3825 parricidium
3175 3755 3506 3827 gratificatur
3533 3757 3766 3812 invidiaz.

2180 3845 2256 3902 lta
2279 3845 2448 3916 prima
2476 3845 2759 3900 occasione
2781 3843 2973 3899 claruit
2999 3844 3198 3898 malum
3225 3860 3330 3898 non
3361 3859 3482 3902 esse
3504 3854 3732 3900 mortem
3748 3887 3762 3911 ,

2179 3937 2320 4008 quod
2341 3953 2460 3992 eam
2484 3936 2660 4008 justus
2687 3935 2891 4004 primus
2935 3935 3171 3990 omnium
3217 3935 3505 3990 dedicavit.
3547 3935 3659 3992 Nec
3684 3945 3764 3991 ta-

2179 4043 2302 4084 men
2335 4028 2468 4082 iram
2512 4026 2608 4081 Dei
2635 4025 2800 4080 animi
2840 4025 3009 4081 sontis
3036 4027 3254 4082 audacia
3303 4026 3507 4099 cffugit.
3539 4026 3766 4084 interm-

2178 4126 2333 4190 gatur
2377 4117 2446 4173 de
2489 4117 2686 4184 fratre,
2714 4117 3048 4173 convincitur
3101 4118 3170 4174 de
3219 4119 3452 4186 scelere,
3502 4120 3763 4176 addicitur

2179 4208 2407 4274 ultioni,
2436 4215 2492 4262 et
2518 4217 2668 4263 extra
2713 4223 2836 4263 eum
2882 4215 3142 4264 terrorem
3171 4251 3187 4276 ,
3225 4211 3313 4280 qui
3353 4211 3400 4265 ei
3432 4226 3530 4280 pro
3575 4211 3762 4282 insigni

2179 4298 2506 4354 crudelitatis
2536 4299 2556 4330 '
2602 4296 2873 4364 incubuit,
2927 4307 3084 4355 terra:
3129 4315 3340 4370 quoque
3389 4301 3764 4358 maledictione

2180 4389 2396 4460 punitur
2419 4387 2793 4460 :ﬂaledictus,
2818 4389 3007 4460 inquit,
3027 4399 3081 4443 tu
3107 4405 3137 4443 a
3165 4400 3318 4454 terra,
3351 4408 3464 4460 qua:
3487 4395 3686 4463 aperuit
3709 4409 3765 4448 os

2178 4497 2326 4537 suum
2351 4481 2576 4550 accipere
2601 4481 2899 4552 sanguinem
2919 4482 3095 4552 fratris
3127 4482 3200 4535 tui
3225 4483 3288 4535 de
3312 4492 3396 4536 tua
3427 4500 3580 4539 manu
3598 4500 3621 4549 ;
3641 4502 3762 4558 quo-

2180 4573 2318 4626 niam
2347 4571 2634 4641 operaberis
2661 4580 2878 4638 terram,
2909 4582 2958 4627 et
2983 4588 3082 4625 non
3124 4572 3331 4642 adficiet
3355 4573 3593 4628 virtutem
3623 4591 3763 4630 sum

2180 4666 2304 4720 dare
2322 4665 2410 4718 tibi
2431 4663 2583 4734 (Gen.
2630 4679 2706 4730 tv,
2731 4661 2907 4732 3-12).
2955 4663 3095 4718 Ecce
3123 4662 3300 4718 denuo
3328 4665 3582 4721 sterilitas
3614 4675 3765 4722 terra:

2180 4760 2234 4815 in
2274 4775 2430 4830 ptrna
2478 4757 2705 4814 cultoris
2758 4755 3024 4812 indicitur.
3058 4753 3342 4810 innumera
3379 4765 3560 4812 autem
3602 4774 3763 4829 gene-

2179 4850 2255 4905 ris
2280 4849 2588 4904 ‘tormenta
2629 4848 2682 4902 in
2722 4845 3137 4902 Deuteronomio
3182 4846 3582 4916 promittuntur.
3633 4847 3764 4915 Quid

2179 4939 2350 5010 ergo?
2379 4946 2684 5004 nostrarum
2711 4935 2927 4992 dumeta
2953 4945 3238 5002 terrarum,
3271 4936 3461 5006 quibus
3489 4948 3765 5008 amputau-

2178 5030 2263 5086 dis
2281 5045 2521 5086 runcone
2547 5038 2785 5084 armatus
2809 5029 2984 5083 cultor
3019 5027 3294 5098 invigilat,
3323 5044 3419 5098 per
3442 5026 3571 5084 Cain
3595 5031 3764 5100 parri-

2178 5121 2378 5177 cidium
2422 5119 2826 5192 germinarunt?
2873 5118 2944 5174 Et
2988 5118 3112 5188 quia
3161 5119 3337 5174 onmis
3382 5119 3587 5189 spinosi
3632 5122 3765 5174 ruris

2177 5212 2426 5268 dominus
2448 5254 2463 5278 ,
2496 5220 2716 5283 peccato
2762 5209 2906 5282 quod
2950 5211 3223 5281 spinarum
3253 5209 3498 5268 ubertate
3523 5211 3762 5284 punitum

2177 5313 2294 5372 est,
2327 5320 2359 5359 a
2386 5303 2537 5359 vobis
2583 5309 2799 5374 putatur
2837 5299 3146 5367 obnoxius;
3181 5315 3371 5356 omnes
3397 5301 3507 5372 jam
3564 5300 3762 5374 parvuli

2178 5413 2286 5453 non
2312 5397 2484 5454 solum
2509 5394 2811 5452 comedisse
2836 5409 2994 5464 poma
3015 5433 3032 5461 ,
3063 5392 3308 5463 quamvis
3339 5404 3632 5448 nascantur
3649 5393 3762 5450 sine

2177 5488 2432 5563 dentibus
2453 5527 2469 5552 ,
2497 5485 2590 5542 sed
2621 5486 2784 5542 etiam
2825 5484 3008 5541 Abelis
3047 5484 3359 5556 sanguinem
3402 5483 3658 5541 edudisse
3678 5482 3760 5538 di-

2243 5605 2258 5635 ⁸
2285 5603 2357 5652 sic
2377 5607 2483 5650 Mss.
2511 5606 2560 5648 tn
2582 5602 2741 5662 νίκη..
2765 5597 2990 5662 riui/icui.

2240 5666 2259 5696 ³
2283 5664 2443 5728 Codex
2470 5667 2616 5720 t’ort.,
2641 5661 2686 5712 et
2701 5661 2984 5714 extra'eum
3007 5667 3277 5728 tremorem,
3307 5662 3394 5726 qui
3414 5663 3460 5716 ei
3481 5674 3570 5728 pro

2178 5723 2477 5775 crudelitate.

2245 5789 2262 5818 ³
2283 5794 2439 5843 t-‘ot'tc,
2464 5783 2605 5834 huius
2631 5784 2815 5836 quateris
