3958 6498
245 403 393 460 ,1589

246 518 467 575 centur’
517 517 748 589 Apparet
801 519 981 575 certe,
1035 507 1101 562 ad
1145 519 1306 577 quem
1363 504 1594 557 furorem
1644 511 1834 567 perve-

251 610 364 663 niat
389 610 402 639 ¹
439 585 850 663 Manichaeorum
881 599 1068 656 tradux
1097 613 1112 650 :
1141 611 1260 667 qua:
1301 592 1549 665 quoniam
1580 587 1712 642 nihil
1738 585 1837 639 ha~

250 700 340 760 bet
365 708 564 771 praeter
602 696 888 752 amentiam
911 732 927 760 ,
968 691 1108 747 ridet
1145 689 1213 744 de
1263 681 1592 756 argumentis
1632 676 1831 735 vestris

160 839 162 842 μ
250 769 646 848 Catholicorum
703 786 935 858 gravitas
960 785 982 816 ³
1010 799 1025 850 ;
1053 781 1148 838 sed
1191 778 1262 835 de
1306 775 1474 833 ruinis
1509 769 1699 830 vestris
1737 780 1832 822 co-

249 883 495 942 rumdem
527 880 700 950 plorat
720 878 952 934 allectio.

322 975 460 1031 Anc.
489 973 688 1042 Nempe
709 971 837 1028 nihil
856 969 963 1039 agit
981 977 1068 1022 tua
1092 974 1199 1020 tam
1227 963 1474 1018 diuturna
1501 966 1556 1013 et
1574 954 1836 1026 operosis-

168 1083 179 1097 '
251 1070 386 1123 sima
413 1066 699 1136 disputatio
726 1064 793 1119 de
832 1069 997 1134 poena
1033 1058 1188 1130 primi
1218 1053 1448 1110 hominis
1471 1091 1485 1116 ,
1517 1049 1618 1104 nisi
1650 1058 1707 1102 ut
1735 1046 1837 1102 hac

251 1167 538 1217 extenuata
563 1200 578 1223 ,
605 1158 765 1214 etiam
809 1155 921 1226 ipsa
941 1153 1096 1222 culpa
1124 1155 1444 1204 extenuetur
1468 1185 1484 1209 ,
1516 1157 1636 1212 quae
1665 1153 1836 1210 paena:

253 1253 413 1323 hujus
452 1249 749 1322 ingestione
774 1247 1020 1303 damnata
1068 1251 1170 1298 est.
1221 1240 1286 1295 Et
1330 1238 1433 1291 hoc
1462 1234 1590 1289 facis
1623 1239 1838 1301 propter

249 1345 415 1400 verba
451 1341 582 1397 libri
630 1339 774 1404 mei,
805 1337 890 1392 cui
940 1331 1232 1405 respondes
1258 1371 1273 1396 ,
1299 1343 1418 1399 qua:
1463 1325 1556 1381 tibi
1588 1333 1834 1393 tanquam

254 1431 619 1504 redarguenda
646 1427 920 1502 proponis,
953 1427 1041 1481 ubi
1073 1424 1201 1488 dixi,
1238 1419 1378 1476 Illud
1403 1434 1521 1486 ergo
1548 1425 1834 1486 peccatum,

254 1523 392 1597 quod
417 1525 586 1593 ipsum
611 1520 862 1574 hominem
887 1518 939 1570 in
968 1515 1205 1588 paradiso
1226 1510 1431 1566 mutavit
1451 1509 1503 1562 in
1526 1507 1690 1578 pejus,
1719 1505 1838 1575 quia

255 1614 418 1670 multo
438 1622 510 1667 est
531 1609 774 1682 grandius
790 1625 943 1679 quam
951 1606 1188 1677 judicare
1208 1619 1296 1657 nos
1317 1615 1601 1672 possumus,
1620 1596 1682 1651 ab
1702 1595 1839 1649 omni

257 1711 488 1761 nascente
513 1701 748 1756 trahitur.
781 1698 852 1755 Ut
872 1713 999 1768 ergo
1021 1712 1126 1751 non
1163 1695 1404 1749 videatur
1426 1689 1625 1761 grande
1653 1702 1839 1757 pecca-

261 1803 394 1857 tum,
416 1807 522 1864 quo
549 1790 782 1861 potuerit
822 1789 874 1843 in
899 1787 1136 1842 deterius
1166 1792 1349 1839 natura
1377 1779 1566 1836 mutari
1590 1820 1606 1845 ,
1639 1777 1752 1832 leve
1777 1791 1841 1832 ac

257 1900 425 1955 prope
459 1881 679 1936 .nnllnm
717 1879 1028 1950 supplicium
1073 1891 1196 1931 esse
1224 1871 1498 1929 contendis
1541 1868 1682 1940 quod
1729 1882 1841 1922 me-

260 1975 386 2029 ruit.
419 1973 552 2027 llinc
595 1980 678 2027 est
705 1967 848 2040 quini
897 1966 1232 2022 maledictam
1265 1972 1460 2019 terram
1510 1959 1561 2013 in
1589 1955 1842 2028 operibus

260 2061 684 2136 pnevaricatoris
709 2067 986 2130 retorqucs
1010 2055 1076 2111 ad
1105 2055 1177 2110 tui
1201 2052 1462 2124 dogmatis
1485 2049 1794 2121 pravitatem
1823 2065 1837 2101 :

262 2159 386 2213 hinc
415 2165 498 2211 est
518 2153 659 2225 quod
705 2151 885 2222 Spinas
911 2160 965 2205 et
997 2149 1218 2204 tribulos
1241 2187 1258 2214 ,
1287 2156 1343 2201 et
1369 2153 1654 2212 antequam
1682 2139 1843 2194 homo

261 2255 529 2318 peccaret,
562 2243 723 2297 fuisse
747 2240 945 2296 asseris
969 2238 1240 2292 institutos
1265 2252 1278 2301 ;
1309 2249 1430 2289 cum
1459 2233 1600 2288 Deus
1622 2229 1734 2285 hinc
1763 2229 1844 2283 in-

262 2347 344 2392 ter
367 2351 460 2390 sua
494 2333 737 2404 primitus
764 2330 1001 2386 instituta
1030 2342 1132 2382 non
1159 2325 1417 2391 nominet,
1448 2320 1542 2377 sed
1569 2320 1619 2374 in
1653 2333 1844 2390 pecca-

262 2427 393 2481 toris
419 2423 682 2494 supplicio
714 2419 1072 2477 comminctnr
1100 2435 1112 2471 :
1149 2415 1273 2470 hinc
1300 2423 1382 2469 est
1410 2410 1553 2483 quod
1594 2409 1844 2465 sudorem

261 2514 570 2578 laborantis,
605 2522 662 2567 ut
690 2527 796 2566 non
829 2511 957 2565 satis
987 2508 1053 2563 ad
1081 2520 1374 2563 aerumnam
1400 2503 1666 2574 pertinere
1691 2501 1844 2556 vide-

265 2616 442 2672 retur,
473 2606 634 2662 etiam
675 2602 915 2658 naturale
954 2600 1317 2670 adjumcntum
1356 2609 1478 2651 esse
1524 2591 1738 2656 dixisti,
1787 2598 1848 2646 ut

264 2699 465 2754 scilicet
484 2695 816 2768 operantium
839 2700 986 2746 artus
1013 2690 1207 2746 sudore
1233 2694 1571 2750 recreentur;
1596 2691 1845 2754 tanquam

264 2789 406 2845 Deus
448 2788 548 2843 ista
589 2784 772 2840 dicens
808 2799 912 2838 non
953 2783 1213 2850 irrogaret
1237 2777 1554 2848 supplicium
1584 2789 1680 2845 pro
1718 2788 1844 2844 pec-

261 2889 384 2937 cato
407 2919 422 2944 ,
450 2875 545 2933 sed
581 2875 735 2931 daret
770 2874 987 2943 insuper
1030 2870 1329 2940 praemium.
1381 2869 1692 2936 Quanquam
1749 2864 1850 2919 hoc

262 2983 496 3039 congrue
521 2967 820 3022 diceremus
843 3007 858 3030 ,
888 2963 932 3018 si
964 2961 1210 3018 sudorem
1249 2957 1448 3039 laboris
1477 2957 1548 3010 ita
1574 2955 1846 3020 laudares,

266 3071 323 3116 ut
355 3069 479 3115 lttllc
503 3058 706 3114 diceres
737 3055 1030 3110 institutum
1053 3069 1068 3105 :
1089 3067 1226 3105 nunc
1243 3031 1419 3104 autem
1440 3056 1629 3104 etante
1659 3060 1850 3115 peccao

266 3162 379 3208 tum
407 3137 486 3206 sic
509 3148 742 3204 afﬁrmas
768 3147 820 3201 in
849 3144 1096 3216 paradiso
1127 3141 1396 3209 hominem
1423 3139 1764 3203 collocatum,
1794 3144 1850 3191 ut

265 3249 539 3313 cperando
583 3249 776 3295 terram
822 3236 938 3290 sine
978 3234 1158 3290 labore
1205 3247 1310 3286 non
1352 3237 1533 3291 esset;
1562 3228 1710 3298 quasi
1743 3242 1850 3282 non

269 3343 448 3406 posset
475 3330 564 3387 illa
594 3319 850 3393 ﬁrmitas,
879 3337 932 3383 et
962 3325 1102 3380 nulla
1145 3323 1425 3379 inlirmitas
1451 3319 1713 3391 corporis,
1745 3333 1851 3373 non

267 3428 439 3484 solum
478 3428 592 3482 sine
611 3425 814 3490 labore,
839 3437 1022 3478 verum
1048 3420 1207 3476 etiam
1234 3433 1355 3472 cum
1377 3415 1539 3470 animi
1561 3414 1848 3484 voluptate,

268 3521 412 3592 quod
439 3521 704 3576 delectare
725 3524 952 3589 poterat,
985 3512 1213 3584 operari.
1242 3509 1348 3567 Sed
1377 3495 1473 3564 cur
1499 3507 1601 3562 hoc
1631 3506 1851 3567 dixeris,

269 3612 517 3668 occulere
534 3607 816 3681 nequivisti
845 3625 857 3662 :
881 3605 1214 3676 apertissime
1234 3603 1430 3673 quippe
1452 3598 1709 3670 loqueris,
1731 3611 1854 3651 cum

270 3704 425 3760 addis
447 3744 464 3771 ,
490 3701 627 3769 Quid
652 3716 835 3757 novum
862 3697 1104 3752 accidisse
1138 3693 1372 3755 dicimus.
1400 3691 1444 3745 si
1469 3690 1674 3744 sentiret
1703 3689 1858 3743 sudo-

270 3813 409 3862 rem,
453 3798 537 3865 qui
574 3791 918 3863 experiebatur
959 3785 1225 3843 laborem?
1269 3784 1568 3838 Tantumne
1613 3789 1664 3836 te
1706 3777 1860 3832 libuit

271 3889 606 3961 quietissime
635 3887 907 3942 beatorum
939 3883 1058 3938 loco
1082 3922 1096 3946 ,
1125 3894 1234 3934 non
1262 3878 1434 3932 solum
1461 3873 1702 3930 tristitias
1738 3885 1861 3943 par-

275 3980 640 4064 turitionisjn
681 3976 890 4033 fetninis
911 4016 927 4042 ,
959 3987 1142 4029 verum
1172 3970 1332 4025 etiam
1373 3968 1427 4023 in
1452 3959 1591 4023 viris
1607 3963 1859 4019 sudorem

275 4075 474 4134 laboris
500 4053 807 4138 immittere,
836 4077 891 4123 ut
922 4067 1029 4121 Deo
1061 4065 1346 4119 damnante
1373 4101 1388 4126 ,
1449 4057 1582 4114 nihil
1616 4053 1744 4111 novi
1771 4054 1861 4109 da-

278 4175 460 4222 mnato
480 4165 687 4220 diceres
704 4159 993 4216 accidisse?
1019 4157 1317 4213 Tantumne
1346 4151 1524 4206 illudis
1547 4165 1607 4205 ac
1633 4147 1864 4220 despicis

279 4261 618 4317 severitatem
639 4257 660 4287 ³
690 4253 805 4320 Dei,
830 4261 887 4308 ut
913 4251 1056 4323 quod
1087 4248 1336 4318 irrogavit
1365 4245 1453 4300 ille
1479 4243 1775 4315 pcenaliter,
1806 4249 1863 4295 tu

277 4359 534 4410 donatum
566 4349 874 4405 naturaliter
910 4342 1222 4401 asseveres?
1252 4341 1308 4394 Si
1337 4338 1466 4394 nihil
1510 4336 1634 4392 novi
1662 4332 1865 4389 homini

277 4444 538 4502 accidisse
565 4442 698 4497 dicis
723 4481 738 4506 ,
770 4439 853 4495 cui
885 4439 1022 4492 Deus
1050 4434 1183 4490 dixit
1207 4474 1221 4499 ,
1252 4431 1318 4486 In
1360 4430 1544 4485 sudore
1567 4427 1720 4499 {aciei
1765 4435 1867 4479 ture

280 4537 398 4591 edes
423 4550 602 4606 panem
627 4542 799 4596 tuum;
831 4536 1021 4600 negato
1053 4527 1153 4580 hoc
1185 4525 1350 4580 Deum
1380 4521 1579 4577 dixisse
1603 4519 1865 4575 damnan—

286 4639 416 4684 tem.
446 4629 524 4682 An
547 4626 787 4681 dicturus
811 4637 871 4679 es
890 4664 904 4686 ,
932 4621 1022 4676 llle
1051 4619 1262 4691 quidem
1303 4615 1573 4672 hominem
1601 4611 1869 4668 damnavit

285 4721 373 4775 his
399 4718 592 4784 verbis,
622 4715 716 4772 sed
745 4714 873 4770 nihil
899 4711 1100 4767 homini
1127 4725 1192 4765 ex
1211 4709 1310 4762 hoc
1330 4705 1520 4762 accidit
1544 4703 1706 4759 novi?
1727 4703 1868 4772 Ergo

283 4811 376 4865 ille
402 4808 691 4868 damnavit,
723 4804 816 4861 sed
845 4819 949 4858 non
978 4811 1059 4857 est
1084 4801 1184 4855 iste
1221 4795 1539 4853 damnatus?
1563 4794 1872 4850 Frustratus

281 4913 362 4960 est
390 4903 622 4971 impetus
648 4897 862 4954 ultionis
882 4937 898 4963 ,
929 4905 1179 4964 tanquam
1209 4891 1345 4946 Deus
1375 4889 1539 4944 telum
1574 4884 1794 4957 ejeeerit
1816 4890 1873 4939 et

282 5014 392 5052 non
426 4993 654 5066 potuerit
678 4991 834 5046 ferire
857 5003 1015 5060 quem
1046 4983 1249 5040 voluit?
1296 4981 1426 5046 lmo,
1459 4978 1665 5050 inquis,
1707 4983 1761 5032 et
1780 4976 1874 5032 da-

285 5097 502 5143 nmatus
527 5094 629 5150 est,
663 5093 717 5140 et
745 5083 877 5138 nihil
904 5081 953 5136 ei
981 5077 1173 5136 accidit
1200 5075 1341 5131 novi.
1368 5073 1467 5130 Hic
1493 5072 1658 5128 risum
1691 5077 1875 5125 tenere

282 5179 505 5237 difﬁcile
547 5186 649 5233 est.
680 5176 739 5232 Si
779 5174 922 5229 enim
970 5170 1253 5226 damnatus
1289 5173 1405 5233 est,
1432 5173 1487 5220 et
1508 5162 1640 5218 nihil
1675 5160 1725 5217 ei
1751 5158 1872 5215 novi

284 5271 517 5336 accidit;
549 5266 756 5323 solebat
783 5280 910 5335 ergo
947 5259 1224 5328 damnari,
1251 5272 1315 5313 ac
1340 5271 1436 5327 per
1462 5255 1564 5311 hoc
1591 5251 1795 5310 solebat
1819 5257 1876 5308 et

289 5377 514 5435 peccare
543 5379 558 5415 :
588 5374 693 5414 non
723 5357 864 5412 enim
890 5355 1229 5410 damnaretur
1253 5349 1466 5420 injuste.
1497 5347 1580 5402 An
1609 5345 1733 5417 quia
1752 5357 1876 5398 eum

290 5466 421 5512 tunc
444 5453 675 5526 primum
707 5461 954 5521 peccasse
981 5461 1138 5502 nemo
1174 5443 1414 5522 ambigit,
1446 5440 1642 5512 injuste
1671 5437 1879 5494 solebat

287 5557 419 5605 ante
460 5543 738 5601 damnari?
766 5539 884 5596 Non
925 5538 1065 5595 enim
1091 5577 1108 5604 ,
1137 5536 1276 5592 sicut
1301 5534 1370 5591 de
1399 5533 1640 5604 pariente
1665 5527 1873 5595 dixisti,

359 5656 475 5768 asia
494 5661 602 5706 His.
626 5652 747 5704 ιωω
787 5661 924 5711 vero,
947 5647 1013 5699 ad
1054 5658 1197 5710 quem
1233 5644 1495 5710 pertineat;
1517 5643 1714 5704 omisso,
1753 5640 1910 5756 fama

295 5733 419 5770 rem.

361 5756 546 5838 ςἶᾱίἰιί,
566 5775 760 5838 ueritas.
783 5778 839 5822 At
855 5756 986 5831 'tlss.,
1001 5769 1228 5838 gravitas.

366 5843 386 5876 ³
406 5842 480 5891 sic
633 5836 748 5886 Editi
776 5842 956 5896 autem,
985 5831 1226 5883 veritatem

1631 382 1830 440 LIBER
1865 380 2160 445 SEXTUS.

3381 385 3518 443 1.570

1937 512 2040 567 hoc
2065 512 2252 568 saltem
2282 512 2404 568 novi
2430 511 2687 568 accidisse
2707 510 2908 566 homini
2938 511 3110 569 fassus
3137 527 3218 578 es,
3239 513 3378 584 quod
3407 516 3520 570 sic-

1937 614 1993 658 ut
2025 604 2227 659 mulieri
2260 604 2412 660 dolor
2447 605 2831 676 parturitionis,
2865 605 2934 659 ita
2974 605 3093 661 viro
3129 605 3290 662 sudor
3319 606 3520 662 laboris

1937 703 2019 748 est
2041 692 2251 749 additus
2280 713 2295 750 :
2325 694 2427 750 hoc
2466 696 2626 751 modo
2650 696 2793 752 enim
2819 737 2834 763 ,
2862 695 2963 750 hac
2990 695 3261 752 additione
3283 711 3404 768 qum
3429 713 3522 751 an-

1939 792 2025 839 tea
2069 799 2176 839 non
2207 784 2305 839 fuit
2329 827 2345 851 ,
2373 787 2496 840 novi
2528 787 2602 840 illi
2645 785 2846 856 aliquid
2882 786 3141 842 accidisse
3170 784 3517 842 concederes.

1937 875 2043 931 Sed
2071 891 2190 930 cum
2215 876 2370 942 dicis,
2403 875 2539 942 Quid
2557 876 2604 930 ei
2629 876 2809 930 accidit
2829 877 2943 932 novi
2956 877 2981 931 ?
3009 891 3165 948 quem
3190 887 3366 932 tamen
3391 891 3521 931 con-

1940 965 2108 1022 ﬁteris
2132 981 2251 1021 esse
2276 967 2616 1028 damnatum:
2649 967 2775 1038 quid
2801 968 2944 1023 aliud
2970 968 3227 1034 afﬁrmas,
3253 983 3410 1038 quam
3441 967 3520 1023 sic

1937 1074 2060 1114 eum
2087 1058 2259 1113 solere
2284 1058 2560 1113 damnari?
2580 1058 2688 1114 Aut
2707 1060 2751 1113 si
2777 1059 2953 1113 soli-re
2984 1058 3099 1112 ﬁeri
3122 1073 3226 1111 non
3253 1057 3480 1113 dicimus
3498 1097 3517 1124 ,

1941 1150 2042 1205 nisi
2085 1149 2224 1220 quod
2253 1149 2466 1204 assidue
2505 1150 2700 1205 factum
2742 1149 3020 1215 novimus;
3049 1159 3196 1206 certe
3215 1151 3293 1206 sic
3315 1149 3400 1206 vel
3429 1165 3522 1206 se-

1941 1242 2044 1297 mel
2075 1254 2292 1296 neeesse
2332 1249 2415 1295 est
2449 1249 2576 1294 ante
2615 1239 2919 1294 damnatum
2950 1253 3069 1295 esse
3102 1240 3366 1296 concedas
3389 1280 3404 1305 ,
3435 1239 3523 1295 cui

1941 1332 2070 1387 nihil
2093 1332 2212 1387 novi
2237 1331 2512 1395 accidisse,
2534 1330 2676 1402 quod
2696 1331 2774 1386 sic
2797 1330 3074 1386 damnatus
3097 1340 3196 1397 est,
3221 1345 3520 1387 asseveras.

1942 1422 2042 1480 Ubi
2066 1423 2271 1488 ‘vides,
2301 1422 2352 1476 in
2383 1436 2502 1492 qua:
2543 1421 2705 1476 lueris
2745 1421 2964 1490 abrupta
3006 1435 3336 1491 progressus.
3387 1418 3522 1475 Redi

1941 1530 2070 1585 ergo
2097 1531 2128 1569 a
2155 1514 2445 1584 praecipitio
2467 1513 2744 1568 laboriosa:
2767 1511 3142 1581 disputationis
3170 1522 3273 1567 tua:
3296 1553 3313 1579 ,
3341 1521 3396 1566 et
3415 1512 3522 1566 noli

1941 1606 2151 1662 labores
2188 1614 2243 1661 et
2282 1605 2494 1660 dolores
2534 1605 2587 1659 in
2622 1603 2777 1659 sedes
2807 1604 3033 1658 felicium
3061 1603 3372 1672 gaudiorum
3396 1641 3412 1668 ,
3439 1610 3525 1657 at-

1941 1713 2045 1768 que
2073 1698 2124 1752 in
2174 1697 2348 1752 locum
2392 1695 2671 1751 ineﬁabilis
2713 1694 2908 1766 quietis
2937 1692 3154 1748 inferre.
3184 1692 3321 1760 Quid
3342 1733 3358 1760 ,
3382 1693 3524 1763 qnml

1942 1789 2100 1844 etiam
2123 1789 2362 1858 corporis
2380 1797 2602 1842 mortem
2629 1789 2706 1842 sic
2726 1785 2971 1856 paradiso
2989 1785 3199 1840 conaris
3215 1785 3524 1851 immittere,

1943 1890 2002 1935 ut
2027 1895 2144 1935 eam
2185 1879 2332 1934 dicas
2361 1877 2750 1948 prievarieator-i
2784 1892 2881 1947 pro
2920 1877 3178 1932 benelicio
3205 1875 3369 1932 fuisse
3403 1891 3529 1946 pro-

1943 1971 2160 2026 missam
2181 2011 2198 2038 ,
2222 1971 2302 2025 vel
2326 1969 2498 2040 potius
2535 1967 2819 2023 indicatam
2841 2007 2855 2031 ,
2892 1967 2980 2022 ubi
3010 1967 3148 2022 Deus
3169 1966 3338 2033 dixit,
3365 1965 3530 2021 Terra

1944 2081 1996 2119 es
2018 2106 2033 2131 ,
2057 2073 2104 2118 et
2146 2064 2200 2118 in
2242 2073 2425 2117 terram
2444 2061 2538 2116 ibis
2561 2076 2580 2115 :
2609 2069 2856 2130 tanquam
2895 2058 3125 2114 nesciret
3153 2058 3313 2113 homo
3356 2057 3435 2112 sic
3469 2071 3531 2113 se

1945 2154 2106 2210 fuisse
2132 2154 2448 2220 institutum,
2476 2162 2533 2207 ut
2552 2152 2665 2207 sive
2688 2157 2952 2221 peccaret,
2975 2148 3090 2205 sive
3115 2162 3222 2204 non
3253 2156 3526 2219 peccaret,

1946 2247 2232 2301 moriturus
2260 2255 2434 2310 esset;
2462 2254 2516 2298 et
2540 2243 2677 2298 hanc
2704 2242 2782 2296 illi
2803 2241 3079 2297 scientiam
3111 2249 3238 2295 tunc
3271 2239 3410 2295 Deus
3429 2238 3529 2293 do-

1947 2337 2172 2401 naverit,
2202 2336 2416 2407 quando
2432 2351 2552 2390 eum
2580 2349 2674 2405 pro
2697 2333 2981 2390 commissa
3007 2331 3283 2402 iniquitate
3306 2331 3532 2387 damna-

1946 2429 2064 2483 vit?
2092 2429 2373 2498 Disputans
2399 2428 2594 2496 quippe
2634 2425 2703 2481 de
2741 2425 2823 2480 his
2843 2423 2934 2479 Dei
2958 2422 3154 2488 verbis,
3183 2421 3272 2478 ubi
3291 2422 3396 2488 ait,
3431 2420 3534 2475 «1η

1947 2519 2131 2574 sudore
2150 2519 2298 2590 [aciei
2323 2527 2422 2572 tua:
2442 2516 2558 2571 edes
2583 2531 2762 2587 panem
2791 2522 2968 2581 tuum,
3000 2513 3160 2566 donec
3185 2512 3454 2566 revertaris
3480 2511 3534 2564 in

1951 2624 2134 2668 terram
2168 2613 2229 2666 de
2247 2629 2347 2685 qua
2367 2619 2594 2682 sumptus
2634 2624 2718 2674 es;
2745 2609 2862 2679 quia
2883 2618 3014 2662 terra
3049 2623 3099 2660 es
3120 2648 3134 2672 ,
3168 2615 3215 2660 et
3253 2606 3308 2659 in
3349 2612 3535 2659 terram

1949 2706 2042 2760 ibis
2065 2723 2114 2759 ε»
2146 2703 2269 2758 llwc
2291 2719 2432 2771 sane,
2464 2701 2658 2770 inquis,
2688 2715 2806 2771 pars
2834 2708 3057 2754 extrema
3087 2697 3347 2752 sententiae
3364 2737 3380 2762 ,
3403 2696 3535 2750 sicut

1949 2795 2040 2850 illa
2069 2784 2311 2857 mulieris,
2333 2792 2402 2846 ad
2427 2791 2689 2858 indicium,
2715 2806 2814 2844 non
2843 2789 2911 2843 ad
2939 2787 3248 2859 supplicium
3274 2787 3487 2858 pertinet
3513 2800 3534 2839 :

1951 2886 2193 2956 quinimo,
2217 2894 2371 2938 utres
2396 2882 2606 2948 indicat,
2627 2881 2917 2935 consolatur
2944 2878 3218 2933 hominem.
3250 2875 3382 2943 Quia
3403 2876 3536 2929 enim

1950 2993 2127 3048 supra,
2153 2975 2348 3046 inquis,
2380 2979 2852 3029 commemoraverat
2873 2970 3102 3035 dolores,
3136 2967 3359 3032 labores,
3378 2965 3538 3020 sudo.

1951 3087 2050 3135 res,
2075 3085 2290 3140 quorum
2324 3083 2523 3122 sensum
2547 3073 2757 3128 natura,
2785 3063 3088 3117 nimietatem
3117 3076 3331 3131 persona
3366 3075 3538 3113 susce-

1954 3170 2131 3232 perat;
2155 3176 2217 3214 ne
2238 3159 2332 3213 hoc
2374 3159 2427 3211 in
2466 3166 2708 3211 (sternunt
2748 3153 2999 3207 videretur
3036 3150 3274 3217 extendi,
3309 3150 3540 3218 miti/ient

1953 3250 2304 3322 egritudine":
2337 3247 2580 3302 terminus
2620 3244 2870 3298 indicatus
2891 3259 2910 3296 :
2933 3258 2994 3296 ac
3017 3241 3061 3297 si
3087 3241 3311 3306 diceret,
3356 3239 3542 3294 Verum

1955 3357 2057 3395 non
2082 3355 2276 3411 semper
2308 3339 2406 3392 ista
2449 3335 2685 3407 patieris,
2707 3333 2796 3387 sed
2823 3332 2983 3386 donec
3021 3329 3328 3385 converteris
3355 3328 3408 3382 in
3435 3337 3540 3382 ter-

1955 3447 2067 3486 ram
2087 3431 2150 3484 de
2170 3445 2268 3500 qua
2296 3435 2528 3496 sumptus
2548 3439 2638 3488 es;
2664 3423 2785 3494 quia
2806 3431 2942 3476 terra
2967 3437 3039 3488 es,
3067 3430 3114 3474 et
3141 3420 3194 3474 in
3218 3427 3405 3473 terram
3422 3417 3541 3472 ibis.

1959 3525 2086 3580 “ire
2122 3521 2307 3578 dicens
2338 3516 2656 3590 persuadere
2689 3513 2920 3580 conaris,
2952 3513 3024 3567 ita
3059 3511 3270 3582 quidem
3298 3515 3543 3566 creatum

1961 3614 2255 3677 hominem,
2283 3617 2342 3664 ut
2360 3606 2565 3663 etiamsi
2596 3605 2648 3660 in
2678 3602 2996 3659 rectitudine
3019 3602 3165 3667 vitae,
3189 3599 3240 3654 in
3263 3613 3366 3670 qua
3393 3612 3545 3654 crea-

1961 3716 2048 3761 tus
2075 3710 2192 3768 est,
2221 3705 2591 3772 permaneret,
2616 3704 2791 3750 tamen
2830 3691 3069 3748 mortalis
3099 3691 3417 3747 necessitate
3445 3705 3545 3744 na-

1963 3805 2096 3852 tura:
2123 3790 2444 3864 quandoque
2488 3793 2814 3850 moreretur;
2844 3783 2938 3839 sed
2965 3783 3066 3837 hoc
3089 3782 3138 3838 ei
3168 3796 3274 3836 non
3313 3794 3436 3836 esse
3460 3779 3546 3834 in-

1963 3887 2193 3944 dicatum
2219 3923 2236 3950 ,
2269 3881 2369 3937 nisi
2401 3888 2641 3949 tempore
2665 3873 3020 3931 damnationis
3058 3887 3169 3927 sua:
3190 3912 3206 3939 ,
3231 3879 3288 3926 ut
3309 3884 3547 3926 aerumna

1963 3977 2101 4046 ejus,
2129 3989 2196 4029 ne
2217 3978 2489 4044 putaretur
2512 3976 2732 4032 aeterna,
2760 3964 2830 4020 de
2858 3962 3122 4034 promisso
3145 3961 3411 4031 acciperet
3441 3959 3548 4014 ﬁne

1910 4123 1914 4130 ,
1965 4067 2231 4123 solatium.
2276 4063 2493 4119 Putaret
2524 4073 2652 4128 ergo
2686 4056 2854 4111 Adam
2894 4069 2998 4116 non
3038 4067 3097 4108 se
3124 4052 3471 4117 moriturum,
3503 4048 3550 4104 si

1967 4157 2070 4213 hoc
2114 4156 2186 4210 illi
2239 4168 2344 4208 non
2389 4150 2678 4206 indicasset
2731 4147 2870 4201 Deus
2901 4161 2915 4198 :
2947 4143 3048 4198 hoc
3097 4152 3274 4196 autem
3321 4154 3428 4196 non
3474 4139 3552 4194 illi

1967 4247 2254 4304 indicasset
2317 4243 2490 4307 Deus,
2553 4239 2652 4294 nisi
2713 4245 3046 4307 peecatorem
3110 4231 3351 4287 damnari
3387 4243 3552 4301 opor-

1971 4346 2107 4394 teret
2154 4353 2168 4390 :
2223 4341 2526 4390 remaneret
2558 4343 2686 4401 ergo
2723 4327 2776 4382 in
2831 4325 2933 4382 hoc
2987 4338 3200 4388 errore,
3229 4336 3338 4392 quo
3386 4327 3550 4376 arter-

1969 4443 2097 4486 num
2123 4441 2204 4493 se,
2233 4432 2326 4479 aut
2349 4436 2618 4492 nunquam
2646 4419 2962 4474 moriturum
2984 4429 3105 4470 esse
3141 4411 3426 4478 credebat,
3452 4409 3556 4466 nisi

1970 4521 2037 4576 ad
2061 4517 2373 4589 sapientiam
2399 4553 2415 4580 ,
2444 4529 2548 4583 qua
2577 4526 2640 4566 se
2666 4509 2826 4564 homo
2864 4503 3178 4576 cognoscit,
3208 4502 3410 4574 peccati
3440 4515 3558 4556 me-

1972 4613 2076 4667 rito
2109 4605 2430 4679 perveniret.
2463 4602 2714 4659 Sentisne
2753 4598 2880 4670 quid
2923 4594 3114 4652 dicas?
3157 4593 3355 4663 Accipe
3391 4590 3556 4646 aliud.

1974 4704 2166 4762 Procul
2195 4701 2354 4757 dubio
2374 4697 2618 4753 nesciens
2638 4692 2805 4748 Adam
2828 4704 2892 4751 se
2913 4703 3033 4746 esse
3056 4686 3394 4750 moriturum,
3417 4681 3558 4752 quod

1975 4800 2079 4856 nisi
2104 4801 2380 4870 peccasset
2405 4791 2590 4861 utique
2618 4787 2877 4845 nesciret.
2904 4791 3081 4837 tamen
3109 4780 3154 4835 si
3195 4792 3416 4848 peccare
3457 4789 3560 4830 no-

1977 4866 2165 4946 luisset
2199 4887 2358 4942 etiam
2392 4883 2496 4938 hoc
2531 4879 2780 4936 nesciens
2815 4876 2999 4931 beatus
3037 4879 3215 4936 esset,
3246 4877 3302 4924 et
3336 4866 3563 4923 credens

1976 4981 2243 5040 contraria
2282 4976 2490 5034 veritati
2533 4973 2699 5028 miser
2727 4983 2832 5023 non
2869 4972 3032 5023 esset.
3062 4961 3302 5018 Audisne
3325 4958 3453 5030 quid
3481 4957 3565 5012 di-

1977 5073 2107 5131 cas?
2131 5072 2326 5141 Accipe
2344 5077 2400 5124 et
2427 5065 2660 5123 tertium.
2681 5061 2736 5118 Si
2752 5058 2970 5131 justitim
2991 5070 3101 5112 suae
3121 5061 3362 5123 tempore
3387 5048 3560 5106 Adam

1978 5165 2232 5223 'credebat
2261 5178 2322 5219 se
2362 5173 2463 5216 nec
2498 5169 2726 5226 corpore
2766 5150 3083 5206 moriturum
3103 5187 3120 5213 ,
3153 5145 3199 5200 si
3228 5144 3323 5200 Dei
3367 5154 3567 5211 przece-

1979 5265 2127 5329 ptum
2158 5252 2378 5310 minime
2402 5247 2692 5310 violasset,
2721 5241 3035 5298 moriturum
3062 5243 3242 5291 autem
3273 5240 3398 5287 tunc
3424 5228 3566 5284 didi-

1979 5317 2072 5414 cit,
2099 5344 2313 5418 quando
2351 5338 2605 5397 violavit:
2635 5337 2736 5390 hoc
2779 5344 2878 5387 nos
2921 5324 3230 5387 credimus,
3259 5317 3402 5390 quod

1981 5406 2134 5497 esset.
2153 5438 2328 5508 justus
2347 5477 2362 5501 ,
2388 5433 2478 5488 ille
2512 5425 2797 5490 credebat;
2824 5421 2926 5476 hoc
2961 5424 3144 5472 autem
3178 5425 3276 5466 vos
3313 5406 3530 5464 creditis
3549 5446 3566 5473 ,

1981 5531 2122 5606 quod
2139 5503 2268 5584 anisi
2295 5525 2520 5595 injustas
2545 5533 2704 5576 nosse
2729 5529 2834 5571 non
2861 5508 3076 5568 meruit.
3105 5503 3299 5560 Noster
3322 5512 3452 5570 ergo
3477 5512 3569 5552 er-

1981 5592 2074 5685 ror
2099 5633 2205 5680 stat
2227 5622 2279 5677 in
2307 5592 2458 5691 parte
2476 5613 2712 5688 justitim,
2747 5606 2873 5663 etin
2903 5608 3056 5674 parte
3075 5592 3365 5666 iniquitatis
3392 5597 3571 5644 vestra

1983 5716 2262 5790 sapientia.
2290 5687 2614 5778 littelligisne
2637 5698 2772 5790 quid,
2785 5693 2971 5790 dicas?
3001 5689 3197 5790 accipe
3219 5687 3569 5790 etﬂuartum.

1985 5775 2234 5879 :Si'beato
2268 5813 2318 5860 ct
2348 5775 2493 5873 justo
2531 5795 2605 5853 illi
2633 5787 2834 5849 homini
2873 5798 2980 5844 non
3007 5775 3258 5839 indicavit
3284 5775 3423 5831 Deus
3448 5779 3570 5825 cor-
