3958 6450
588 360 723 420 1571

593 475 740 547 poris
767 473 883 546 eius
910 481 1138 529 mortem
1187 470 1414 526 futuram
1439 511 1455 537 ,
1488 468 1744 523 indicavit
1767 475 1943 522 autem
1975 465 2172 520 misero

585 577 642 622 et
663 565 926 638 peccatori
952 581 968 630 ;
998 563 1378 633 congruentius
1411 560 1646 616 creditur
1669 602 1684 626 ,
1717 561 1909 613 timore
1955 571 2172 628 quoque

586 657 773 712 mortis
811 671 932 711 eum
963 654 1206 709 cruciare
1237 652 1470 707 voluisse
1492 693 1508 716 ,
1537 652 1696 707 etiam
1727 653 1828 705 isto
1863 650 2065 706 scilicet
2086 649 2173 704 di-

581 752 746 816 gnum
784 744 1027 815 judicans
1058 758 1177 798 esse
1221 752 1508 798 tormento.
1542 741 1609 798 Ut
1651 743 1794 796 enim
1823 741 2020 796 clamat
2061 740 2172 809 ipsa

588 847 798 903 natura,
827 837 945 906 plus
980 849 1127 890 mors
1150 833 1434 901 metuitur,
1457 850 1616 904 quam
1647 835 1858 888 labores
1882 855 1894 890 :
1927 833 2172 887 laborant

582 930 778 999 quippe
801 942 988 983 omnes
1015 927 1256 982 homines
1279 942 1345 980 ne
1370 929 1681 993 moriantur,
1711 925 1757 979 si
1783 926 1860 980 eis
1883 925 2000 978 talis
2027 924 2173 992 optio

583 1028 932 1089 proponatur,
965 1028 1022 1073 ιιι
1045 1017 1296 1073 continuo
1324 1017 1655 1082 moriantur,
1684 1017 1728 1070 si
1753 1032 1856 1070 non
1894 1015 2174 1069 laborave-

583 1109 692 1162 rint
720 1124 734 1162 :
763 1110 1184 1178 quotusquisque
1226 1117 1402 1162 autem
1440 1107 1737 1176 reperitur,
1769 1106 1857 1175 qui
1885 1105 2018 1159 mori
2061 1119 2172 1159 ma-

581 1197 662 1264 lit,
693 1213 851 1268 quatn
881 1198 1154 1253 laborare?
1183 1197 1424 1267 Denique
1450 1198 1560 1266 ipse
1581 1195 1750 1251 Adam
1782 1210 1876 1265 per
1907 1203 1980 1248 tot
2001 1209 2171 1248 annos

579 1287 768 1341 maluit
807 1287 1084 1352 laborare,
1125 1302 1282 1356 quam
1319 1303 1422 1340 non
1471 1285 1758 1340 laborando
1795 1293 1849 1340 et
1887 1285 2025 1339 fame
2059 1299 2174 1338 mo-

579 1377 770 1433 riendo
808 1376 968 1431 vitam
998 1377 1155 1431 simul
1195 1384 1250 1432 et
1278 1376 1512 1431 laborem
1553 1377 1723 1430 linire.
1751 1374 1883 1429 Nam
1921 1390 2024 1445 quo
2067 1374 2170 1428 alio

579 1481 738 1521 sensu
767 1467 992 1520 naturali
1021 1468 1178 1520 etiam
1208 1465 1341 1520 Cain
1371 1466 1487 1534 plus
1517 1475 1740 1520 mortem
1773 1464 1980 1529 timuit,
2008 1479 2166 1534 quam

579 1556 858 1610 laborem?
886 1557 1001 1622 Quo
1029 1556 1136 1610 alio
1179 1571 1338 1610 sensu
1371 1571 1466 1625 per
1509 1570 1614 1608 non
1657 1554 1832 1624 iniqua
1869 1569 1970 1608 nec
2009 1553 2172 1608 inhu.

579 1662 736 1702 mana
756 1647 954 1716 judicia
975 1689 990 1713 ,
1016 1647 1220 1701 minora
1259 1647 1480 1700 crimina
1513 1646 1692 1700 labore
1714 1645 1976 1700 metallico
2000 1685 2016 1712 ,
2051 1661 2167 1698 ma-

573 1737 694 1806 jora
739 1745 910 1792 morte
942 1737 1150 1807 judices
1184 1735 1467 1791 damnant?
1489 1734 1640 1791 Unde
1691 1746 1868 1791 autem
1907 1744 2168 1806 martyres

580 1837 726 1882 tanta
763 1828 930 1898 gloria
971 1827 1360 1898 prtedicantur,
1393 1826 1532 1896 quod
1584 1842 1680 1896 pro
1721 1826 1924 1896 justitia
1968 1826 2166 1880 mortui

577 1927 736 1987 sunt,
769 1919 870 1974 nisi
911 1919 1034 1990 quia
1072 1920 1243 1988 major
1283 1919 1449 1974 virtus
1476 1928 1562 1974 est
1607 1930 1832 1973 mortem
1871 1935 2124 1990 spernere
2147 1960 2162 1984 ,

576 2024 733 2078 quam
765 2009 1036 2064 laborem?
1065 2009 1290 2077 Propter
1318 2009 1457 2076 quod
1493 2025 1598 2063 non
1623 2010 1698 2062 ait
1725 2010 1979 2064 Dominus
2005 2051 2022 2077 ,
2051 2027 2164 2063 nm-

565 2098 736 2166 jorem
763 2099 1054 2152 cltaritatem
1079 2114 1224 2152 nemo
1251 2098 1415 2162 habet,
1439 2113 1598 2168 quam
1621 2108 1679 2154 ut
1695 2100 1932 2166 laboret;
1969 2100 2082 2166 sed,
2111 2111 2164 2154 ut

575 2191 799 2244 animum
824 2206 968 2244 suam
1007 2200 1162 2260 ponat
1187 2207 1281 2261 pro
1301 2191 1478 2246 amicis
1509 2192 1613 2246 suis
1635 2189 1814 2264 (Joan.
1843 2207 1940 2258 xv,
1969 2194 2081 2264 l3).
2106 2191 2162 2248 Si

575 2295 702 2351 ergo
747 2281 918 2351 major
953 2290 1035 2336 est
1067 2281 1298 2335 Charitas
1349 2275 1727 2351 mori,'quam
1768 2282 2012 2337 laborare
2067 2299 2163 2353 pro

573 2370 796 2436 amicis;
829 2372 948 2440 quis
976 2381 1082 2424 tam
1111 2385 1288 2426 caecus
1313 2380 1432 2439 est,
1464 2381 1520 2424 ut
1547 2386 1654 2426 non
1697 2372 1871 2426 videat
1899 2373 2159 2429 minorem

574 2473 786 2526 pinnam
821 2460 1014 2514 laboris
1057 2475 1178 2516 esse
1213 2475 1369 2530 quam
1416 2463 1602 2516 mortis
1627 2463 1649 2514 ?
1676 2465 1780 2516 Aut
1801 2463 1844 2516 si
1895 2464 2013 2533 plus
2063 2463 2130 2520 ho

577 2565 666 2604 tuo
712 2549 874 2606 debet
915 2552 1150 2606 laborem
1199 2562 1658 2623 metucre,quam
1710 2563 1978 2621 mortem;
2031 2571 2160 2627 quu-

569 2642 731 2698 modo
811 2660 919 2698 non
981 2654 1067 2699 est
1127 2645 1322 2700 misera
1365 2647 1498 2716 ipsa
1567 2659 1792 2714 natura,
1860 2665 1980 2719 qua:
2040 2651 2160 2720 plus

570 2743 793 2788 mortem
838 2737 1048 2800 metuit,
1101 2751 1258 2805 quam
1307 2737 1588 2792 laborem?
1631 2739 1696 2792 Et
1733 2747 1788 2794 tu
1837 2739 1937 2796 ista
1993 2756 2098 2795 non
2136 2742 2158 2773 '

567 2825 846 2894 cogitans,
903 2826 1040 2882 dicis
1089 2827 1318 2882 iudicata
1369 2829 1466 2882 sibi
1521 2843 1615 2884 sua
1671 2841 1844 2885 morte
1887 2830 2156 2886 hominrm

566 2918 897 2972 consolatum
925 2957 942 2984 ,
981 2933 1048 2973 ne
1090 2934 1243 2972 suum
1288 2920 1523 2976 laborem
1577 2933 1788 2991 putaret
1825 2931 2084 2979 a-tcrnum
2139 2942 2154 2980 :

565 3021 710 3073 cum,
764 3007 810 3062 si
861 3017 1098 3064 vestrum
1165 3008 1356 3079 dogma
1391 3017 1573 3066 verum
1631 3023 1794 3080 esset,
1841 3030 1947 3084 quo
2001 3015 2154 3070 aflir-

567 3101 726 3152 matis
778 3097 970 3164 Adam,
1029 3101 1236 3154 etiamsi
1285 3117 1393 3154 non
1440 3113 1733 3170 peccasset,
1789 3105 1952 3160 fuisse
1991 3108 2156 3162 mori-

573 3196 782 3255 turum,
813 3197 1090 3257 propterea
1141 3188 1242 3243 hoc
1289 3190 1364 3243 illi
1406 3192 1744 3248 indicandum
1794 3209 1898 3249 non
1943 3196 2149 3266 fuisset,

569 3285 856 3346 antequam
902 3277 1163 3347 inciperet
1201 3294 1360 3350 poena
1399 3281 1758 3339 damnationis
1785 3285 1968 3358 allligi,
1991 3304 2059 3344 ne
2083 3290 2151 3346 il-

564 3369 676 3422 lum
721 3369 866 3424 Deus
913 3369 1218 3440 priusquam
1269 3383 1563 3442 peccasset,
1590 3377 1776 3431 mortis
1813 3377 2006 3435 timore
2043 3390 2153 3436 tor-

560 3469 781 3528 queret;
811 3470 938 3516 tunc
959 3469 1160 3525 autem,
1189 3478 1310 3518 cum
1335 3465 1468 3534 jam,
1502 3476 1847 3540 posteaquam
1885 3475 2144 3542 peccavit,

564 3564 722 3620 pana
767 3551 1138 3624 dignissimum
1175 3555 1472 3625 judicaret,
1513 3557 1773 3616 indicaret
1823 3564 1981 3618 etiam
2027 3580 2149 3621 esse

565 3647 916 3710 moriturum,
949 3654 1007 3701 nt
1043 3647 1288 3704 eamdem
1333 3665 1542 3720 ptenam
1588 3652 1730 3707 Deus
1769 3653 1974 3724 justus,
2022 3657 2148 3714 mali

566 3734 710 3790 ultor
748 3735 990 3801 admissi,
1021 3738 1183 3794 etiam
1212 3741 1400 3794 timore
1426 3742 1611 3798 mortis
1637 3755 1877 3815 augeret.
1899 3747 2147 3820 Quisquis

561 3824 722 3895 igitur
741 3825 858 3882 htec
886 3827 982 3882 Dei
1005 3828 1188 3894 verba,
1216 3831 1410 3900 quibus
1435 3839 1515 3886 est
1537 3834 1750 3903 punitus
1771 3835 1960 3904 Adam,
1982 3854 2145 3909 quan-

557 3918 630 3969 do
668 3917 871 3972 dictum
917 3927 1020 3984 est,
1055 3919 1213 3975 Terra
1239 3937 1311 3988 es,
1345 3923 1468 3976 etin
1495 3933 1681 3978 terram
1701 3926 1820 3992 ibis,
1847 3929 2141 3986 secundum

559 4005 719 4061 fidem
746 4008 1061 4065 catholicam
1109 4012 1376 4083 intelligit,
1405 4029 1506 4070 nec
1551 4016 1664 4072 vult
1709 4017 2043 4076 introducere
2089 4023 2142 4077 in

561 4097 866 4166 paradisum
891 4102 1134 4172 corporis
1154 4113 1380 4159 mortem
1411 4106 1711 4177 praecipue;
1743 4123 1812 4164 ne
1841 4111 2143 4168 introducat

557 4195 616 4243 ct
653 4189 892 4255 morbos,
939 4207 1169 4261 quorum
1220 4195 1512 4252 miserabili
1553 4198 1810 4254 varietate
1851 4203 2142 4260 morientes

555 4278 800 4335 videmus
823 4280 1010 4352 afﬂigi,
1049 4292 1106 4338 et
1147 4286 1451 4354 paradisum
1499 4300 1698 4345 sanctae
1741 4291 2046 4362 voluptatis,
2075 4310 2140 4350 ac

555 4373 850 4441 spiritualis
876 4383 932 4430 et
956 4377 1252 4446 corporalis
1279 4377 1565 4448 fclicitatis,
1596 4383 1680 4437 cui
1711 4398 1808 4438 vos
1837 4400 1944 4440 non
1976 4386 2141 4458 pudet

553 4480 676 4521 esse
699 4470 1020 4535 contrarios,
1053 4470 1350 4540 doloribus,
1383 4473 1672 4542 laboribus,
1700 4479 2140 4534 mmroribusim-

553 4557 702 4625 plere
729 4570 980 4629 cogatur;
1011 4562 1153 4616 sicut
1177 4577 1276 4617 vos
1303 4564 1574 4635 cogimini,
1605 4581 1706 4622 nec
1747 4568 1996 4624 invenitis
2034 4586 2137 4640 qua

553 4647 704 4704 exire
731 4651 963 4718 possitis,
997 4653 1249 4723 quamdiu
1288 4664 1395 4710 tam
1439 4656 1660 4729 impium
1697 4660 1890 4732 dogma
1931 4672 2138 4720 mutare

557 4753 665 4792 non
695 4741 857 4796 vultis
880 4759 893 4796 :
916 4743 1006 4812 qui
1031 4759 1180 4815 ergo,
1208 4755 1268 4800 ut
1291 4746 1423 4814 dixi,
1449 4747 1565 4804 hmc
1613 4750 1708 4805 Dei
1751 4752 1910 4808 verba
1937 4769 2133 4810 secun-

552 4828 680 4882 dum
707 4832 1020 4887 catholicam
1044 4837 1266 4905 suscipit
1295 4846 1350 4892 et
1375 4837 1619 4908 intelligit
1647 4839 1836 4908 fidem;
1863 4845 2002 4899 sicut
2017 4859 2136 4900 cer-

551 4921 632 4974 nit
659 4935 870 4990 [)(Bltalll
902 4924 1101 4979 laboris
1141 4927 1192 4980 in
1241 4941 1307 4982 eo
1347 4927 1490 4996 quod
1515 4929 1716 4988 dictum
1739 4942 1842 4998 est,
1867 4932 1930 4988 In
1952 4937 2135 4990 sudore

552 5011 704 5084 faciei
721 5021 824 5067 tua:
839 5013 954 5068 edes
981 5031 1161 5084 panem
1175 5025 1355 5083 tuum;
1385 5020 1456 5074 ita
1481 5035 1690 5091 poenam
1717 5025 1888 5080 cernit
1911 5036 1966 5082 et
1985 5042 2130 5082 mor-

553 5103 623 5158 tis
650 5104 702 5158 in
727 5119 794 5160 eo
815 5106 958 5176 quod
989 5109 1251 5178 sequitur,
1281 5109 1457 5166 Donec
1481 5115 1745 5170 revertaris
1769 5117 1822 5170 in
1865 5125 2052 5170 terram
2071 5119 2133 5171 de

547 5211 648 5265 qua
667 5207 896 5267 sumptus
915 5213 1000 5263 es;
1026 5199 1150 5256 auia
1171 5209 1302 5256 terra
1347 5217 1422 5268 es,
1453 5204 1572 5260 etin
1597 5214 1783 5280 terram
1807 5207 1902 5264 ibis
1928 5223 1947 5262 :
1965 5223 2030 5266 ac
2056 5211 2133 5265 sic

547 5286 740 5354 accipit
765 5287 988 5352 dictum,
1021 5299 1272 5362 tanquam
1297 5293 1586 5362 diceretur,
1617 5296 1730 5367 Ego
1751 5299 1966 5368 quidem
1993 5310 2044 5356 te
2064 5302 2131 5358 dc

549 5386 688 5432 terra
717 5381 942 5451 smnpsi,
971 5392 1026 5436 et
1054 5382 1327 5440 hominem
1355 5385 1494 5453 feci;
1521 5395 1578 5442 et
1603 5389 1782 5459 utique
1811 5393 1956 5460 potui
1983 5391 2129 5450 facc-

546 5484 626 5534 re,
653 5479 712 5526 ut
756 5473 943 5528 eadem
994 5483 1132 5529 terra
1180 5493 1340 5547 quam
1383 5481 1648 5535 viventem
1689 5481 1815 5551 feci,
1857 5499 2126 5555 nunquam

545 5571 826 5630 cogeretur
851 5564 960 5622 vita
993 5567 1191 5623 carere
1219 5585 1380 5640 quam
1401 5571 1562 5638 dedi;
1593 5573 1688 5630 sed
1713 5577 1836 5646 quia
1875 5587 2016 5634 terra
2043 5595 2123 5647 es,

546 5649 600 5704 id
627 5661 728 5718 est,
757 5656 1046 5710 secundum
1083 5673 1302 5717 carnem
1342 5675 1462 5733 quae
1493 5663 1558 5720 de
1597 5673 1737 5722 terra
1781 5682 1990 5743 sumpta
2019 5684 2122 5742 est,
2161 5667 2216 5714 ἀί

611 5782 626 5809 ί
654 5781 884 5834 Particula
903 5783 1010 5836 haec
1032 5800 1217 5852 negans
1238 5793 1489 5845 exciderat
1512 5796 1720 5850 inlibris
1747 5801 1906 5854 editis.

1245 355 1488 416 OPERIS
1525 352 1936 411 IMPERFECTI
1973 351 2249 408 CONTRA
2286 353 2643 426 JULIANUM,
2684 359 2741 416 S.
2785 361 3148 422 AUGUSTINI

3653 387 3744 448 ιιιι

2282 483 2388 524 non
2410 473 2698 529 secundum
2727 491 2833 544 me,
2851 478 2939 548 qui
2969 488 3021 535 te
3039 479 3107 536 de
3127 489 3268 538 terra
3297 487 3510 558 sumpsi,
3533 491 3676 556 vivere
3693 520 3754 560 ro.

2279 562 2453 630 luisti;
2487 565 2752 622 laborabis
2790 570 2843 624 in
2875 581 3036 640 terra,
3066 572 3238 631 donec
3283 582 3549 638 revertaris
3576 585 3620 640 in
3652 606 3757 663 eain;

2278 662 2332 707 et
2357 655 2474 710 idco
2504 660 2788 714 reverteris
2815 663 2864 715 iu
2896 671 3112 733 terram,
3155 669 3278 737 quia
3325 678 3461 727 terra
3501 689 3580 742 es;
3605 655 3757 754 etiam

2280 759 2434 814 poena
2475 748 2576 803 ibis
2615 751 2666 806 in
2711 759 2907 807 terram
2937 755 3004 810 de
3041 772 3141 827 qua
3185 758 3360 814 factus
3385 777 3461 830 es,
3489 767 3594 835 quia
3613 748 3760 841 spiritui

2279 855 2384 894 non
2417 841 2641 897 obedisti
2667 859 2698 898 a
2727 862 2832 915 quo
2880 847 3050 902 factus
3099 865 3175 904 es.
3215 851 3326 908 Iste
3372 855 3638 917 intellectus
3655 880 3763 929 unus

2277 942 2437 1002 atque
2465 934 2757 992 eitholieus
2785 941 3048 1010 praecipue
3077 943 3200 1000 inde
3219 948 3565 1016 cognoscitur,
3585 956 3680 1022 quia
3696 975 3762 1016 non

2278 1023 2422 1093 Cogit
2449 1028 2712 1083 mortibus
2737 1029 2960 1100 implere
2982 1042 3178 1088 terram
3209 1037 3516 1102 viventium,
3539 1050 3765 1120 terramqe

2277 1115 2508 1173 felicium
2531 1122 2684 1176 malis
2702 1125 2949 1180 omnibus
2966 1127 3400 1186 lahoriosissimis
3423 1141 3477 1188 et
3499 1115 3763 1210 gravissimis,

2275 1224 2394 1279 qnte
2424 1211 2665 1268 homines
2693 1215 2746 1269 in
2794 1217 2895 1272 hoc
2933 1233 3158 1289 corpore
3199 1224 3526 1292 corruptibili
3551 1231 3763 1299 patiuntur,

2276 1308 2332 1354 et
2376 1315 2439 1356 ea
2476 1318 2580 1357 non
2610 1303 2832 1362 ferendo
2861 1317 2918 1362 ut
2947 1311 3240 1367 moriantur
3268 1323 3537 1384 urgentur.
3557 1319 3654 1376 Non
3673 1329 3764 1382 enim

2274 1393 2494 1462 potestis
2539 1394 2738 1464 dicere,
2787 1397 2980 1455 leniter
3025 1401 3270 1458 homines
3316 1405 3368 1459 in
3411 1409 3634 1476 paradiso
3663 1414 3766 1473 fuisse

2273 1484 2582 1552 morituros,
2611 1487 2656 1541 si
2683 1504 2842 1544 nemo
2865 1504 3136 1560 peccasset
3159 1511 3173 1548 :
3195 1497 3321 1565 quia
3349 1507 3403 1551 et
3429 1499 3526 1555 hoc
3545 1515 3695 1560 contra
3709 1527 3765 1566 rus

2273 1582 2372 1628 est.
2415 1575 2470 1630 Si
2497 1579 2639 1632 enim
2684 1587 2811 1636 tunc
2855 1581 3048 1638 leniter
3101 1598 3464 1654 morerentur.
3497 1601 3548 1647 et
3571 1610 3684 1652 nunc
3703 1608 3764 1656 tam

2271 1681 2460 1738 aspere
2484 1671 2802 1740 moriuntur,
2841 1690 2934 1744 per
2979 1688 3255 1746 peccatum
3285 1681 3511 1738 hominis
3531 1698 3693 1744 mutata
3715 1707 3766 1748 est

2271 1759 2500 1817 humana
2513 1775 2700 1819 natura
2727 1782 2740 1818 :
2759 1768 2901 1836 quod
2923 1785 3018 1824 vos
3047 1782 3327 1842 negantes,
3350 1781 3765 1848 consequentum-

2263 1852 2450 1923 ‘gimini
2484 1857 2614 1911 tales
2639 1857 2856 1913 omnino
2885 1871 3103 1924 mortes.
3137 1866 3325 1934 qttalcs
3371 1883 3506 1923 nunc
3551 1881 3668 1936 sunt,
3691 1875 3764 1930 loco

2269 1945 2410 1999 illius
2459 1955 2616 2002 tanta:
2661 1948 2924 2007 felicitatis
2963 1961 3018 2008 ct
3057 1955 3414 2024 jucunditatis
3449 1961 3766 2032 immittere;ac

2267 2050 2364 2104 per
2409 2035 2510 2092 hoc
2554 2049 2608 2093 et
2655 2039 3061 2103 innumerabilia
3116 2065 3316 2121 genera
3363 2052 3660 2122 morborum,
3697 2067 3762 2112 tam

2267 2135 2473 2200 gravia,
2507 2143 2722 2205 tamque
2751 2125 3124 2210 intolerabilia,
3156 2151 3212 2197 ut
3241 2144 3324 2198 eis
3351 2145 3582 2202 homines
3601 2153 3766 2218 compel-

2267 2221 2444 2278 lantur
2471 2226 2523 2280 in
2551 2239 2798 2286 mortem.
2828 2231 2957 2300 Qua:
2985 2235 3213 2304 paradisi
3255 2235 3426 2292 facies
3468 2237 3510 2293 si
3535 2251 3698 2296 vestras
3715 2243 3762 2295 [ι-

2266 2312 2375 2367 cies
2415 2315 2592 2386 aliquo
2635 2320 2837 2388 pudore
2879 2323 3144 2392 perfundit
3193 2336 3357 2397 atque
3402 2327 3674 2395 confundit;
3707 2335 3762 2402 qui

2267 2419 2372 2460 non
2400 2409 2557 2463 vultis
2582 2415 2824 2468 conliteri
2853 2424 3086 2471 nostram
3115 2433 3209 2487 per
3237 2427 3510 2488 peccatum
3537 2423 3762 2492 mutarim-

2267 2497 2429 2553 tuisse
2456 2509 2721 2572 naturam,
2753 2515 2983 2561 vestram
3027 2509 3198 2577 potius
3244 2519 3448 2567 mutate
3487 2513 3756 2580 sententiam;

2265 2596 2318 2642 et
2347 2604 2542 2660 corpus
2585 2604 2852 2650 mortuum
2886 2609 3103 2667 propter
3133 2612 3414 2670 peceatum
3443 2617 3552 2658 cum
3579 2606 3760 2674 Aposto'o

2263 2682 2591 2738 confitemini
2621 2685 2796 2754 (Rom.
2829 2705 2937 2754 \‘lll,
2969 2689 3056 2762 l0)
3083 2709 3094 2745 :
3118 2692 3283 2748 dicite
3313 2710 3436 2748 cum
3466 2695 3667 2751 Ecclesia
3687 2699 3759 2762 Dei,

2262 2771 2306 2824 Α
2332 2775 2538 2830 muh‘ere
2577 2777 2777 2831 initium
2822 2783 3011 2851 factum
3051 2793 3123 2836 est
3164 2794 3392 2854 peccati,
3417 2795 3459 2839 et
3479 2797 3654 2857 propter
3667 2787 3758 2840 illam

2261 2865 2506 2919 morimur
2548 2883 2717 2922 omnes
2760 2868 2953 2943 (Eccli.
2981 2889 3104 2941 xxv,
3133 2875 3244 2946 55).
3281 2879 3558 2948 Agnoscite
3583 2893 3676 2932 cum
3699 2881 3758 2932 Ec-

2259 2952 2421 3008 clesia
2473 2955 2586 3022 Dei,
2617 2959 2752 3029 quia.
2789 2977 2971 3032 corpus
3017 2967 3353 3036 corruptibile
3419 2978 3636 3039 aggravet
3683 2971 3757 3022 atti-

2261 3061 2394 3097 mam
2423 3045 2575 3118 (Sap.
2601 3065 2676 3114 Ix,
2715 3049 2823 3123 l5).
2846 3051 2961 3108 Non
2997 3057 3139 3110 enim
3171 3065 3300 3114 ante
3329 3071 3588 3128 peccatum
3621 3061 3662 3114 in
3694 3077 3754 3129 pa-

2259 3135 2438 3192 radiso
2484 3139 2585 3194 tale
2636 3152 2750 3197 crat
2787 3159 3016 3215 corpus,
3051 3157 3106 3202 ut
3153 3149 3244 3203 illo
3289 3151 3462 3205 anima
3508 3161 3755 3223 gravaretur.

2260 3227 2483 3286 Cantate
2503 3247 2622 3287 cum
2644 3235 2880 3292 Ecclesia
2900 3239 2992 3295 Dei
3017 3257 3029 3292 :
3061 3241 3226 3297 Homo
3246 3247 3461 3300 vanitati
3477 3245 3633 3300 similis
3648 3246 3756 3316 factu

2257 3329 2350 3410 est,
2383 3322 2490 3377 dies
2514 3325 2624 3395 ejus
2653 3327 2788 3382 velut
2816 3331 2994 3384 umbra
3027 3345 3334 3403 pratereunt
3354 3337 3516 3410 (Psal.
3539 3352 3687 3402 cum,
3707 3337 3754 3404 il.

2255 3409 2438 3482 Neque
2464 3415 2604 3470 enim
2630 3419 2719 3488 qui
2756 3427 2839 3474 est
2865 3421 2932 3476 ad
2970 3409 3378 3482 similitudinem
3411 3427 3499 3484 Dei
3536 3428 3756 3494 factus,liu-

2255 3509 2338 3556 ret
2385 3503 2488 3558 nisi
2535 3519 2634 3576 per
2680 3521 2953 3578 peccatum
3005 3513 3195 3572 similis
3238 3521 3482 3588 vanitati,
3511 3531 3561 3576 ut
3605 3533 3755 3578 aetatula

2253 3608 2413 3651 cursu
2434 3606 2488 3651 et
2515 3601 2702 3655 mortis
2732 3603 2970 3672 incursu,
2997 3607 3140 3663 velut
3166 3611 3360 3667 umbra
3389 3613 3501 3670 dies
3529 3615 3647 3671 illius
3664 3633 3754 3686 prte-

2255 3687 2496 3743 tcrirent.
2521 3690 2694 3749 Nolite
2719 3693 2822 3750 luci
2861 3699 3217 3757 serenissima:
3245 3705 3488 3760 veritatis
3523 3708 3669 3762 nubila
3697 3723 3754 3762 ve-

2253 3781 2347 3836 stri
2374 3785 2576 3842 erroris
2596 3787 2872 3846 oli‘undere
2895 3807 2908 3844 :
2933 3793 3240 3862 paradisum
3260 3797 3358 3855 Dei
3382 3799 3536 3854 corda
3563 3799 3750 3862 ﬁdelium,

2251 3888 2409 3942 quem
2464 3875 2661 3933 debent
2708 3895 2910 3950 amare,
2953 3899 3059 3939 non
3098 3885 3297 3942 debent
3339 3891 3624 3946 amaricare.
3661 3889 3751 3956 Quid

2250 3964 2393 4019 enim
2421 3981 2514 4021 vos
2543 3968 2782 4036 oll‘eudit,
2807 3963 3052 4042 Obsecro,
3084 3977 3208 4047 quid
3237 3995 3333 4035 vos
3358 3981 3563 4036 oll‘eudit
3587 3981 3658 4036 ille
3675 3996 3750 4034 me-

2161 4075 2174 4094 ι
2251 4057 2522 4113 morabilis
2549 4060 2824 4118 beatorum
2863 4074 2918 4120 et
2941 4068 3240 4137 quietorum
3263 4071 3429 4138 locus,
3462 4083 3514 4128 ut
3541 4089 3640 4128 cum
3657 4087 3750 4126 mur-

2251 4147 2390 4202 tibus
2435 4149 2731 4220 hominum,
2764 4163 2818 4208 et
2863 4171 2958 4225 per
3006 4157 3102 4214 has
3150 4162 3304 4218 malis
3350 4163 3582 4220 omnibus
3616 4163 3749 4234 quibus

2249 4236 2522 4295 abundare
2538 4243 2806 4300 cernimus
2825 4250 3096 4317 angustias
3117 4253 3559 4325 necessitatesque
3581 4253 3748 4308 morien-

2250 4328 2400 4396 tium,
2433 4331 2600 4386 oeulis
2643 4331 2874 4403 clausis,
2918 4339 3092 4396 fronte
3131 4341 3596 4414 impudentissima,
3621 4351 3746 4400 mente
3841 4403 3843 4408 ,

2249 4423 2693 4493 pertinacissima,
2726 4428 2904 4500 lingua
2947 4431 3344 4505 loquacissima,
3371 4439 3533 4494 velitis
3556 4435 3744 4507 implere:

2247 4529 2314 4569 ne
2358 4517 2618 4586 cogamini
2643 4519 2883 4577 confiteri
2914 4523 2965 4577 in
2995 4525 3092 4582 has
3119 4527 3392 4596 miserias,
3415 4528 3588 4600 quibus
3608 4525 3744 4580 videtis

2245 4603 2495 4662 refertum
2541 4623 2711 4678 genus
2765 4611 3053 4671 humanum
3097 4633 3128 4672 a
3173 4621 3433 4690 vagitibus
3476 4619 3740 4692 parvulorum

2245 4711 2412 4768 usque
2438 4697 2504 4753 ad
2533 4699 2800 4758 anhelitus
2827 4703 3243 4776 decrepitorum,
3273 4726 3370 4780 per
3397 4719 3639 4781 peccatum
3665 4719 3740 4760 tua;

2245 4787 2443 4842 ximam
2462 4788 2648 4858 ‘primi
2679 4790 2912 4850 hominis
2939 4795 3222 4853 humanam
3251 4801 3512 4856 corruisse
3537 4793 3738 4854 naturam!

2242 4879 2308 4934 Et
2335 4882 2457 4951 quia
2499 4883 2752 4954 injustam
2799 4901 2918 4942 esse
2959 4891 3227 4960 respicitis
3254 4903 3522 4964 parentum
3545 4893 3590 4946 in
3612 4893 3738 4959 postc-

2241 4987 2330 5026 ros
2354 4974 2470 5030 sine
2511 4977 2664 5046 culpa
2709 4980 2934 5036 transire
2963 4997 3193 5052 pmuam,
3228 4987 3477 5041 transisse
3498 4979 3734 5041 concedatis

2238 5071 2293 5119 et
2317 5066 2547 5136 culpam.
2577 5069 2859 5125 Maximam
2899 5075 3094 5144 quippe
3135 5077 3346 5148 culpam
3383 5077 3529 5147 primi
3562 5069 3730 5128 hominis

2237 5157 2524 5226 exstitisse,
2549 5175 2704 5229 quam
2733 5171 2787 5216 tu
2809 5171 3108 5233 propterea,
3131 5177 3384 5238 quantum
3407 5166 3611 5239 potuisti,
3629 5171 3730 5217 cxte-

2239 5261 2405 5304 nuare
2451 5262 2673 5307 conatus
2708 5263 2888 5320 es,'ne
2915 5268 3132 5326 propter
3161 5260 3301 5314 illam
3328 5259 3604 5316 crederetur
3619 5261 3728 5308 natu-

2238 5353 2294 5393 ra
2318 5340 2544 5398 humana
2589 5349 2824 5414 potuisse
2867 5351 3250 5424 mutari:crgo
3277 5355 3416 5409 illam
3441 5352 3618 5422 culpam
3649 5359 3724 5400 111³·

2236 5431 2432 5487 ximam
2473 5433 2663 5502 fuisse,
2699 5453 2803 5492 non
2834 5439 3006 5494 solum
3043 5457 3138 5510 per
3169 5443 3308 5514 ipsas
3333 5443 3552 5498 miserias
3572 5433 3724 5510 generis

2235 5521 2475 5592 humani,
2505 5541 2622 5597 quin
2667 5529 2734 5584 ab
2772 5527 3051 5586 infantium
3102 5534 3374 5590 cunabulis
3409 5531 3721 5602 incipiant,ve-

2231 5629 2350 5670 rum
2371 5616 2529 5670 etiam
2553 5633 2646 5688 per
2673 5627 2726 5674 te
2751 5619 2922 5691 ipsum
2948 5623 3137 5692 probo.
3167 5624 3230 5678 Et
3254 5633 3308 5679 tu
3331 5623 3464 5680 enim
3483 5622 3530 5676 in
3547 5611 3720 5673 secundo

2296 5755 2312 5781 ι
2338 5755 2450 5862 the,l
2463 5750 2746 5814 maximum,
2781 5752 2828 5802 in
2855 5753 2998 5804 editis
3030 5756 3261 5808 omissum
3297 5755 3560 5810 restituimus
3586 5761 3632 5798 cx
3651 5755 3713 5794 ιω·

2296 5825 2412 5862 Wli
2453 5826 2509 5862 IS.

2235 5823 2412 5863 ιιιιιὶιπιι
2431 5823 2509 5862 ιιδ.
