3958 6484
212 358 238 413 1
250 355 361 414 ξί75

211 470 295 525 tni
343 463 501 538 hujus
538 463 717 538 operis
755 461 892 520 libro
939 461 1222 516 maximam
1257 459 1482 515 formam
1512 460 1711 531 peccati
1744 458 1796 512 in

211 561 395 632 primo
427 557 643 612 homine
667 553 910 626 posuisti,
937 564 994 608 ut
1018 569 1048 608 c
1075 552 1344 610 contrario
1373 553 1602 608 maxima
1627 550 1799 606 forma

206 651 436 721 iustitiae
481 647 947 705 commendaretur
997 647 1050 701 in
1096 646 1310 701 Christo
1337 644 1560 717 (Supra,
1611 644 1699 699 lib.
1742 642 1800 708 2,

208 760 370 814 capp.
405 740 527 807 189,
559 739 716 808 190);
747 738 888 810 quod
913 747 962 792 te
981 738 1184 794 dixisse
1207 737 1334 791 mihi
1364 737 1559 792 videris
1583 734 1798 789 oblitus:

209 849 340 888 nam
366 833 410 886 si
442 847 650 886 memor
685 829 897 895 fuisses,
923 844 1192 899 nunquam
1238 826 1476 897 profecto
1524 833 1799 895 peccatum

207 925 348 980 Adze
397 930 503 977 tam
554 919 845 990 loquaciter
882 921 1121 974 minuere
1160 918 1422 972 nitereris.
1467 915 1578 986 Ego
1623 926 1800 968 autem

209 1016 510 1071 maximum
554 1012 684 1068 illud
713 1023 986 1083 peccatum
1018 1010 1200 1076 fuisse,
1234 1025 1404 1080 paena:
1445 1008 1610 1077 ipsius
1639 1022 1799 1076 grau-

209 1107 386 1162 ditate
426 1104 776 1160 demonstro:
801 1119 906 1159 non
945 1103 1088 1158 enim
1123 1111 1206 1157 est
1244 1099 1434 1169 major,
1469 1113 1626 1168 quam
1656 1106 1712 1152 ut
1735 1097 1802 1152 de

213 1197 469 1267 paradiso
502 1194 874 1266 projiceretur,
902 1201 958 1248 et
983 1209 1011 1245 a
1043 1192 1188 1262 ligno
1221 1191 1340 1244 vita:
1366 1197 1704 1259 separaretur
1735 1205 1801 1244 ne

213 1291 424 1343 viveret
463 1287 516 1341 in
552 1283 1068 1341 aeternumzadditis
1110 1281 1270 1338 etiam
1315 1279 1472 1351 hujus
1513 1280 1802 1351 angoribus

212 1379 360 1442 vitm,
390 1386 448 1433 ut
471 1377 588 1431 dies
616 1377 733 1446 ejus
762 1385 816 1431 et
844 1375 896 1431 in
937 1373 1210 1430 laboribus
1250 1379 1549 1442 gemerent,
1581 1379 1635 1426 et
1663 1371 1802 1424 sicut

213 1469 406 1523 umbra
435 1467 736 1522 transirent.
765 1465 1050 1520 Enimvero
1080 1463 1416 1520 hmreditaria
1450 1464 1563 1533 ipsa
1587 1463 1800 1532 generis

215 1559 458 1626 humani,
491 1558 559 1612 ah
603 1557 887 1612 infantibus
916 1571 1085 1626 usque
1125 1555 1191 1610 ad
1222 1568 1402 1618 senes,
1431 1552 1704 1608 calamitas
1733 1562 1802 1607 te-

213 1650 316 1704 stis
342 1660 456 1711 est;
483 1663 600 1717 qua:
626 1646 855 1702 miseria:
881 1661 987 1702 non
1013 1645 1271 1700 haberent
1290 1643 1649 1698 conditionem
1670 1657 1798 1710 sup-

215 1742 386 1813 plicii,
432 1742 531 1795 nisi
582 1739 921 1795 traherentur
960 1737 1277 1807 enntagione
1321 1735 1546 1805 peccati.
1576 1733 1652 1788 De
1697 1748 1800 1803 qua

213 1836 530 1905 contagione
561 1833 836 1888 nobiseum
868 1831 1211 1906 pertinaciter
1236 1842 1470 1898 pugnas,
1500 1835 1555 1881 et
1583 1839 1652 1880 ne
1699 1826 1798 1878 ista

215 1927 486 1994 credatur,
518 1936 571 1980 et
609 1926 779 1996 ipsum
812 1932 1088 1994 peccatum
1121 1922 1275 1992 primi
1306 1921 1554 1985 hominis,
1584 1927 1640 1974 et
1667 1933 1798 1988 sup-

217 2019 436 2089 plieium
463 2017 581 2086 ejus
605 2026 884 2080 extenuas,
913 2024 968 2070 et
992 2014 1227 2080 dolores,
1253 2013 1486 2078 labores,
1518 2019 1572 2067 et
1599 2020 1800 2065 mortes

215 2109 274 2164 in
311 2108 614 2182 paradisum
665 2105 1002 2161 introducere
1039 2103 1498 2175 impudentiSsima
1519 2112 1574 2158 et
1599 2102 1801 2171 impiis-

214 2201 356 2254 sima
384 2199 726 2256 contentione
757 2197 990 2252 conaris.
1023 2195 1164 2250 Dicis
1205 2195 1399 2250 etiam:
1430 2212 1448 2245 ι
1485 2193 1544 2248 Si
1582 2202 1802 2263 preptcr

218 2291 326 2348 hoc
353 2289 685 2347 maledicitur
711 2298 891 2354 terrm,
924 2288 1104 2344 ut-ille
1131 2286 1223 2357 qui
1255 2293 1565 2357 peccaverat
1593 2284 1801 2355 affliga-

218 2394 328 2449 tur,
359 2399 459 2439 nec
485 2391 662 2438 tamen
702 2383 772 2437 ibi
804 2382 1074 2452 iniquitas,
1106 2381 1193 2436 ubi
1224 2379 1529 2435 maledictio
1559 2381 1801 2435 contineo

218 2485 342 2542 tur;
369 2490 463 2530 cur
481 2489 589 2529 non
610 2489 672 2528 ea
691 2473 996 2528 conditione
1016 2473 1200 2538 etiam,
1221 2472 1265 2527 si
1287 2471 1412 2542 quid
1441 2486 1797 2525 :crumnarum

220 2571 433 2621 naturae
459 2576 656 2620 nostra:
687 2575 805 2636 post
836 2571 1109 2634 peccaturo
1136 2562 1290 2633 primi
1322 2562 1552 2616 hominis
1572 2561 1797 2617 docere-

220 2668 314 2712 tur
340 2657 558 2721 illatnm,
592 2665 905 2726 sequeretur
937 2665 1112 2709 tamen
1145 2669 1250 2708 non
1284 2652 1403 2706 ideo
1433 2653 1658 2707 miseros
1681 2666 1801 2706 esse

218 2749 538 2814 nascendos,
561 2757 619 2802 ut
648 2749 724 2802 rei
755 2747 1236 2811 convincerentur;
1263 2745 1356 2800 sed
1386 2753 1441 2799 ut
1469 2758 1800 2800 commemo-

217 2843 426 2897 ratione
464 2841 668 2912 peccati
709 2841 866 2912 primi
912 2839 1132 2894 afflictio
1173 2839 1524 2906 succedauea,
1553 2837 1640 2892 his
1665 2853 1800 2908 quos

217 2949 344 2989 reos
384 2948 490 2989 non
531 2933 747 2999 fecerat,
777 2932 1090 2988 imitationis
1121 2932 1277 2986 malae
1316 2931 1580 2985 indiceret
1605 2930 1804 2986 cautio-

218 3023 379 3079 nem?
398 3043 418 3076 ι
450 3023 617 3080 Video
642 3024 833 3093 quibus
860 3023 1119 3092 premaris
1138 3023 1414 3092 angustiis.
1439 3021 1679 3077 Miserias
1704 3037 1802 3076 na-

217 3117 481 3171 sccntium
530 3116 738 3186 cogeris
783 3115 1064 3183 confiteri,
1103 3115 1353 3185 quoniam
1384 3115 1490 3168 vim
1539 3113 1634 3169 tibi
1677 3112 1804 3168 facit

220 3222 399 3262 rerum
428 3207 714 3270 evidentia,
744 3222 900 3276 quam
945 3222 1052 3276 pra:
1077 3204 1249 3261 oculis
1272 3204 1512 3260 omnium
1538 3203 1803 3260 constitu-

220 3309 330 3353 tam
359 3313 554 3368 negare
593 3314 697 3351 nun
728 3297 958 3353 sineris:
989 3297 1082 3350 has
1109 3305 1287 3351 autem
1318 3295 1561 3350 miserias
1585 3309 1805 3348 nascen-

219 3389 376 3457 tium,
402 3389 563 3444 etiam
602 3389 652 3442 in
681 3386 932 3458 paradiso
965 3385 1170 3441 futuras
1197 3385 1384 3453 fuisse,
1420 3385 1463 3439 si
1497 3399 1656 3441 nemo
1681 3399 1806 3454 pec-

219 3488 420 3546 casset,
446 3480 527 3534 vis
547 3479 764 3549 quidem
791 3493 1067 3544 asserere;
1099 3477 1192 3533 sed
1221 3478 1397 3532 cernis
1423 3487 1473 3531 te
1501 3477 1806 3532 hominibus

220 3571 604 3641 qualecumque
621 3570 1068 3640 corhabentihus,
1088 3569 1137 3623 id
1159 3568 1480 3640 persuadere
1500 3583 1606 3623 non
1626 3583 1803 3639 pus-sc.

223 3662 484 3718 Remanet
513 3663 690 3733 igitur,
721 3671 776 3716 ut
817 3671 1034 3730 propter
1072 3669 1343 3729 peccatum
1391 3660 1546 3728 primi
1575 3658 1808 3714 hominis

221 3770 392 3825 genus
419 3755 706 3810 humanum
737 3753 953 3809 fatearis
980 3754 1233 3808 miserum
1263 3753 1512 3809 effectum
1537 3771 1551 3807 :
1584 3751 1680 3808 sed
1707 3755 1810 3808 hoc

222 3846 470 3905 absoluto
503 3846 682 3903 dicere
707 3845 1032 3911 formidans,
1070 3863 1089 3898 ι
1116 3843 1172 3902 Si
1208 3845 1333 3915 quid
1357 3859 1712 3900 mrumnarum
1733 3885 1748 3909 ,
1781 3862 1803 3898 ι

222 3939 434 4008 inquis,
476 3955 498 3992 ι
526 3948 731 3993 natura:
768 3945 966 3992 nostra:
993 3945 1113 4007 post
1147 3946 1417 4008 peccatum
1452 3937 1606 4007 primi
1632 3936 1810 3992 homi-

223 4031 310 4085 nis
334 4030 616 4086 doceretur
653 4028 877 4085 illatum.
908 4047 928 4082 ι
961 4029 1098 4098 Quid
1131 4039 1244 4097 est,
1281 4048 1301 4082 ι
1329 4029 1383 4085 Si
1417 4029 1546 4100 quid
1581 4027 1809 4085 docere-

225 4127 347 4176 tur?
375 4141 394 4174 ι
431 4120 576 4176 Itane
606 4137 732 4174 vero
762 4135 849 4176 res
889 4118 1316 4174 manifestissima
1336 4161 1351 4186 ,
1393 4135 1553 4190 quam
1591 4126 1648 4174 tu
1675 4133 1810 4189 quo-

226 4228 334 4283 que
370 4213 478 4282 jam
520 4214 721 4269 sentire
758 4211 1128 4282 compelleris,
1176 4226 1281 4265 non
1320 4209 1580 4266 docetur?
1622 4211 1705 4266 An
1742 4224 1810 4266 eo

224 4306 557 4362 redeundum
583 4315 698 4373 est,
739 4306 880 4360 unde
918 4321 1016 4375 per
1059 4304 1174 4359 hare
1207 4304 1366 4360 verba
1392 4305 1591 4359 sensim
1629 4303 1812 4373 fugere

225 4397 537 4464 meditaris;
579 4397 878 4468 intelligens
921 4411 1077 4466 quam
1122 4393 1441 4450 intolerabili
1484 4393 1812 4450 absurditate

227 4490 497 4552 credatur,
525 4490 858 4544 nascentium
897 4487 1143 4542 miserias
1178 4488 1337 4542 etiam
1369 4485 1422 4540 in
1452 4485 1698 4556 paradiso
1726 4483 1810 4540 fu-

228 4588 378 4634 turas
403 4578 563 4635 fuisse
581 4620 598 4647 ,
626 4577 674 4635 si
698 4593 860 4635 nemo
885 4577 1196 4649 peccasset?
1223 4576 1377 4643 Quod
1401 4577 1446 4631 si
1475 4576 1653 4632 dicere
1683 4576 1811 4630 hor-

230 4670 422 4736 rescis,
452 4671 698 4741 quoniam
722 4685 907 4725 revera
932 4669 1280 4724 vehementer
1301 4667 1625 4747 horrendum
1647 4668 1766 4722 est‘
1795 4686 1809 4723 :

225 4777 327 4816 cur
349 4760 483 4816 dicis
501 4801 517 4830 ,
554 4779 576 4815 ι
601 4761 810 4817 etiamsi
835 4761 1152 4827 doceretur;
1183 4778 1205 4814 ι
1237 4775 1359 4815 cum
1387 4760 1504 4815 sine
1527 4759 1634 4815 ulla
1657 4759 1814 4816 dubi—

227 4855 430 4909 tatione
450 4853 725 4921 doceatur,
749 4869 854 4908 non
879 4852 1080 4924 aliquid
1107 4867 1486 4918 :erumnarum,
1510 4851 1604 4906 sed
1625 4866 1814 4907 omnes

229 4960 498 5002 :‘erumnas
525 4948 856 5002 nasccntium
887 4956 1008 5022 post
1048 4955 1320 5016 peccatum
1349 4944 1506 5016 primi
1545 4944 1776 5000 hominis
1795 4986 1812 5012 ,

229 5035 338 5091 imo
361 5046 580 5108 propter
606 5049 882 5109 peceatum
909 5037 1065 5108 primi
1105 5037 1337 5091 hominis
1357 5078 1370 5102 ,
1407 5043 1604 5091 nostrae
1641 5035 1816 5091 illatas

228 5147 350 5188 esse
379 5133 616 5187 natura?
641 5132 769 5197 Sed,
802 5149 821 5184 ι
850 5147 979 5197 non,
1007 5148 1027 5183 ι
1061 5130 1259 5201 inquis,
1291 5147 1310 5181 ι
1341 5129 1460 5184 ideo
1480 5136 1606 5184 sunt
1631 5127 1817 5184 miseri

227 5231 513 5278 nascentes
532 5264 549 5290 ,
583 5231 642 5277 ut
670 5237 790 5278 esse
818 5222 892 5278 rei
921 5221 1327 5277 convincanlur.
1356 5238 1376 5273 ι
1410 5218 1520 5274 Nec
1543 5233 1643 5290 ego
1662 5217 1813 5286 dico,

230 5314 357 5369 ldco
386 5312 566 5370 miseri
597 5326 722 5370 sunt
749 5323 1048 5380 nascentes,
1081 5319 1140 5368 ut
1163 5311 1548 5368 convincantur
1573 5310 1650 5364 rei
1678 5326 1690 5364 :
1721 5308 1818 5365 sed

225 5404 350 5460 dico
375 5405 573 5476 potius,
601 5406 725 5460 ldeo
747 5405 1134 5461 convincuntur
1159 5403 1236 5459 rei
1261 5417 1400 5465 esse,
1424 5402 1671 5474 quoniam
1693 5409 1821 5457 sunt

229 5496 436 5552 miseri.
463 5495 648 5553 Justus
671 5503 755 5552 est
778 5496 921 5549 enim
949 5494 1121 5562 Deus,
1151 5493 1294 5566 quod
1321 5493 1535 5548 assidue
1558 5501 1743 5547 contra
1764 5499 1819 5548 te

228 5586 397 5654 dicis,
426 5595 482 5644 et
511 5587 689 5645 nescis
715 5603 730 5642 :
753 5586 930 5658 justus
966 5594 1081 5652 est,
1112 5585 1362 5656 inquam,
1410 5584 1584 5649 Deus;
1615 5595 1672 5640 et
1696 5583 1817 5639 ideo

1579 345 1776 403 LIBER
1815 343 2100 401 SEXTUS.

3357 365 3492 424 1574

1911 465 2192 514 nascentes
2233 474 2332 517 nec
2357 460 2532 520 facere
2570 479 2672 522 nec
2708 466 2823 524 fieri
2860 469 3060 528 sineret
3099 489 3356 544 miseros,
3388 481 3490 536 nisi

1910 557 2094 603 nosset
2120 564 2263 606 reos.
2292 551 2444 610 Unde
2469 571 2577 612 non
2603 558 2760 616 aliter
2789 559 2922 618 fides
2945 563 3206 621 catholica
3242 567 3492 638 intelligit

1911 638 2052 708 quod
2087 639 2163 695 ait
2184 643 2503 714 Apostolus,
2537 646 2638 702 Per
2667 666 2822 705 unum
2851 652 3102 709 hominem
3131 667 3387 726 peccatum
3410 660 3492 714 in-

1911 733 2057 786 trauit
2082 733 2136 786 in
2159 738 2420 804 ntundum,
2448 749 2494 793 et
2515 757 2605 810 per
2621 754 2881 813 peccatum
2901 762 3068 812 mors;
3091 758 3137 803 et
3157 749 3228 802 ita
3247 750 3298 803 in
3317 766 3491 807 omnes

1909 820 2139 908 homines
2169 829 2486 894 pertransiit,
2516 830 2570 884 in
2598 849 2697 901 quo
2726 851 2896 891 omnes
2934 848 3262 908 peccaverunt
3306 840 3485 911 (Rom.

1910 928 1964 977 v,
2000 913 2106 984 l2).
2141 915 2292 983 Quod
2335 910 2389 972 tu
2420 921 2608 978 nolens
2635 924 2836 983 referre
2870 928 2937 983 ad
2967 931 3186 1001 originis
3221 910 3416 988 nexum
3446 936 3486 1001 ‘,

1909 1004 2228 1078 detorquere
2242 1011 2451 1068 conaris
2465 1013 2531 1068 ad
2549 1015 2856 1074 imitationis
2871 1022 3260 1092 exemplum:ex
3283 1040 3389 1096 quo
3405 1026 3485 1091 fit,

1912 1104 1970 1150 ut
1992 1111 2112 1152 cum
2141 1098 2233 1154 tibi
2255 1100 2468 1167 dicitur,
2488 1106 2594 1161 Cur
2619 1123 2748 1178 ergo
2765 1111 3004 1167 miserias
3031 1114 3245 1183 generis
3270 1116 3487 1173 humani

1909 1187 1962 1241 in
1991 1189 2108 1258 ipso
2128 1189 2432 1260 incipientis
2456 1197 2628 1252 artatis
2649 1199 2890 1268 exordio,
2919 1202 3211 1261 innumeris
3235 1215 3290 1261 et
3313 1207 3488 1263 diver-

1908 1280 1984 1367 sis
2011 1281 2166 1337 malis
2189 1284 2301 1339 suis
2329 1295 2691 1354 protestantur
2718 1291 2944 1350 infantes
2963 1337 2978 1360 ,
3010 1297 3100 1367 qui
3137 1299 3282 1353 nulla
3310 1299 3486 1354 imita-

1911 1365 2055 1422 tione
2097 1372 2417 1437 peccarunt?
2459 1379 2709 1443 tanquam
2745 1365 3057 1447 gravissima
3098 1390 3155 1437 et
3195 1383 3487 1440 inevitabili

1897 1471 2157 1525 pressura
2188 1461 2470 1529 stomachi,
2495 1461 2548 1517 in
2577 1463 2674 1520 hos
2699 1468 2925 1524 vomitus
2948 1485 3216 1541 erumpas,
3241 1481 3296 1526 et
3317 1472 3485 1539 dicas,

1907 1547 2024 1602 Non
2055 1551 2175 1619 quia
2203 1551 2278 1605 rei
2310 1561 2466 1619 sunt,
2516 1553 2638 1609 ideo
2665 1565 2791 1610 sunt
2827 1558 3010 1614 miseri
3049 1561 3138 1630 qui
3167 1572 3485 1626 nascuntur;

1908 1637 2006 1692 sed
2051 1647 2106 1692 ut
2151 1637 2249 1695 hac
2295 1643 2509 1698 miseria
2555 1647 2900 1714 commoniti,
2943 1658 3169 1704 caveant
3213 1661 3489 1721 peccatum

1908 1728 2066 1797 primi
2092 1729 2322 1787 hominis
2352 1732 2567 1787 imitari.
2592 1735 2682 1790 Sic
2709 1737 2851 1791 enim
2882 1740 3060 1808 putavi
3091 1740 3295 1808 planius
3318 1750 3372 1796 et
3396 1756 3490 1797 ex-

1911 1818 2154 1888 plicatius
2198 1835 2319 1876 esse
2365 1821 2688 1893 dicendum,
2739 1827 2882 1896 quod
2935 1838 2989 1883 tu
3033 1829 3312 1886 obscurius
3364 1847 3489 1901 per-

1907 1909 2226 1982 plexiusque
2247 1913 2451 1968 dixisti.
2481 1914 2586 1970 Sed
2613 1917 3013 1986 quomodolihct
3038 1920 3138 1975 hoc
3157 1920 3303 1976 dicas
3323 1963 3339 1988 ,
3370 1922 3490 1992 quis

1908 2016 2014 2056 non
2044 2002 2220 2059 videat
2243 2004 2420 2061 studio
2456 2006 2805 2064 defendenda:
2834 2011 3100 2080 opinionis
3131 2021 3234 2068 tuac
3271 2017 3491 2069 omnino

1910 2101 1962 2148 te
1995 2095 2272 2151 attendere
2301 2097 2442 2153 nullo
2464 2099 2591 2170 quid
2615 2099 2800 2155 dicas?
2825 2100 3018 2158 ldeone
3042 2101 3282 2171 fuerant,
3310 2120 3491 2174 quaeso
3555 2115 3576 2132 ‘

1911 2197 1984 2254 te,
2014 2187 2259 2244 homines
2285 2190 2597 2247 innocentes
2628 2193 2894 2263 plectendi
2923 2197 3171 2262 miseria,
3210 2211 3316 2252 non
3349 2197 3492 2266 quod

1908 2280 2074 2334 ullum
2101 2290 2376 2351 peccatum
2408 2282 2686 2351 haberent,
2714 2285 2810 2342 sed
2849 2297 2904 2342 ut
2931 2302 3034 2342 non
3062 2288 3353 2345 haberent?
3386 2289 3491 2344 De-

1907 2369 2022 2426 huit
2047 2387 2176 2443 ergo
2201 2381 2256 2428 et
2295 2374 2402 2427 Eva
2429 2375 2578 2444 prius
2603 2375 2718 2431 fieri
2747 2378 2942 2433 misera
2965 2393 3124 2448 quam
3153 2394 3273 2444 rea,
3304 2389 3360 2434 ut
3389 2380 3492 2434 mi-

1910 2463 2052 2518 seria
2076 2480 2173 2520 sua
2193 2476 2629 2523 cmnmonerctur
2649 2484 2754 2524 non
2780 2471 3081 2526 consentire
3107 2472 3365 2542 serpenti.
3388 2474 3495 2528 De-

1908 2554 2024 2611 huit
2048 2563 2104 2610 et
2127 2555 2295 2612 Adam
2326 2559 2477 2628 prius
2506 2560 2680 2629 puniri
2709 2562 2850 2616 malo
2883 2562 3112 2617 miseria:
3131 2603 3147 2630 ,
3179 2579 3248 2618 ne
3272 2563 3340 2619 ad
3381 2579 3494 2618 ma-

1909 2644 2019 2700 lum
2050 2648 2250 2716 peccati
2279 2648 2513 2704 seducta:
2548 2651 2878 2708 consentiret
2918 2653 3092 2708 uxori.
3134 2649 3317 2710 Placet
3349 2656 3493 2709 enim

1911 2737 2040 2806 tibi,
2070 2748 2126 2792 ut
2152 2740 2324 2809 poenis
2354 2740 2774 2810 praecedentibus
2800 2741 3024 2798 crimina
3052 2754 3359 2811 caveantur,
3385 2761 3496 2800 non

1917 2838 1974 2883 ut
1997 2830 2344 2899 sequentibus
2369 2830 2824 2896 vindicenturt‘ac
2851 2833 2929 2889 sic
2965 2834 3205 2902 inverse,
3236 2850 3344 2890 non
3373 2836 3495 2904 quia

1911 2928 2186 2990 peccatum
2217 2928 2321 2985 est,
2348 2921 2441 2977 sed
2466 2937 2536 2978 ne
2563 2931 2830 2992 peccetur,
2861 2939 2967 2980 non
2995 2934 3194 2991 reatus,
3223 2925 3320 2980 sed
3344 2926 3499 2981 inno-

1911 3011 2084 3066 centia
2115 3012 2384 3082 puniatur.
2414 3013 2661 3084 Corrigc,
2707 3015 2956 3082 obsecro,
2984 3032 3324 3087 perversam,
3356 3033 3496 3088 pra:-

1913 3110 2292 3173 posteramque
2317 3106 2636 3160 sententiam
2664 3124 2676 3159 :
2709 3107 2833 3177 quia
2861 3108 3045 3178 utique
3072 3109 3303 3164 tunicam
3327 3111 3497 3165 corri-

1909 3207 2090 3262 geres,
2113 3193 2160 3246 si
2191 3201 2242 3248 te
2261 3192 2447 3249 dextra
2474 3195 2524 3249 in
2557 3195 2774 3251 sinistra
2801 3196 2938 3252 forte
2963 3198 3210 3254 vestires.
3236 3200 3347 3255 Hoc
3366 3201 3498 3268 dixi,

1912 3283 2165 3353 quoniam
2197 3293 2433 3354 peccata,
2458 3300 2527 3341 ne
2555 3297 2869 3357 sequantur,
2895 3290 3169 3360 suppliciis
3193 3274 3504 3360 praeceden-

1915 3373 2056 3428 tibus
2081 3374 2163 3428 vis
2202 3375 2416 3440 caveri;
2447 3391 2570 3431 cum
2615 3377 2823 3432 soleant
2863 3387 2920 3434 et
2961 3379 3190 3435 debeant
3227 3382 3502 3452 suppliciis

1913 3467 2258 3536 sequentibus
2301 3479 2519 3537 peccata
2567 3469 2924 3540 praecedentia
2968 3471 3248 3528 vindicari.
3297 3474 3503 3530 Deinde

1914 3556 2000 3612 dic
2040 3558 2228 3624 nobis,
2260 3559 2526 3628 quomodo
2569 3561 2908 3617 calamitOsos
2935 3577 3374 3620 commoneamus
3423 3567 3503 3621 iu-

1914 3646 2120 3713 fantes,
2152 3659 2210 3702 ut
2240 3648 2547 3704 intueantur
2584 3651 2855 3707 miseriam
2894 3668 3046 3707 suam
3067 3696 3082 3721 ,
3117 3671 3183 3710 ne
3227 3670 3504 3725 peccatum

1916 3739 2074 3810 primi
2096 3741 2326 3795 hominis
2352 3742 2654 3810 imitentur;
2683 3743 2772 3814 qui
2802 3758 2901 3799 nec
2929 3746 3122 3799 imitari
3151 3761 3500 3818 quemquam,

1915 3846 2016 3887 nec
2039 3831 2366 3889 commoneri
2389 3833 2562 3888 adhuc
2589 3842 2834 3904 possunt.
2855 3835 3133 3892 Maledicta
3180 3837 3322 3894 enim
3365 3848 3506 3895 terna

1920 3921 2084 3996 (unde
2125 3922 2191 3978 ad
2222 3923 2326 3979 hoc
2348 3930 2494 3978 tuum
2519 3923 2932 3981 deliramentum
2959 3927 3128 4002 sumis
3157 3929 3458 4000 exemplum
3483 3971 3500 3996 ,

1916 4015 2039 4085 quia
2064 4015 2142 4070 sic
2167 4023 2458 4097 potuerunt
2477 4027 2758 4074 nascentes
2784 4017 2926 4074 effici
2947 4019 3150 4088 miseri,
3174 4029 3231 4076 ut
3256 4032 3507 4078 caverent

1917 4114 2135 4176 peccata
2163 4106 2512 4178 gignentium,
2544 4110 2787 4180 quamvis
2816 4125 2920 4166 non
2948 4127 3014 4167 ex
3042 4113 3124 4168 eis
3153 4113 3366 4170 trahant
3393 4116 3507 4170 ori-

1916 4196 2092 4268 ginale
2121 4209 2396 4268 peccatum
2418 4240 2435 4266 ,
2464 4200 2912 4271 quemadmodum
2945 4210 3085 4259 terra
3113 4203 3396 4260 maledicta
3423 4212 3508 4260 est

1918 4297 2137 4361 propter
2161 4290 2393 4346 hominis
2423 4306 2669 4362 ptenam,
2716 4293 2963 4364 quamvis
2999 4293 3112 4364 ipsa
3154 4308 3262 4350 non
3303 4295 3508 4350 habens

1917 4380 2151 4455 culpam)
2181 4399 2279 4438 cur
2317 4398 2424 4440 non
2460 4383 2690 4440 attendis
2720 4385 2843 4456 quia
2885 4383 3024 4440 sicut
3067 4400 3175 4440 non
3206 4385 3368 4442 habet
3393 4388 3510 4442 cnl-

1919 4490 2060 4545 pam,
2091 4475 2170 4530 sic
2195 4490 2260 4530 ex
2287 4475 2375 4530 illa
2404 4475 2779 4532 maledictione
2807 4493 2913 4533 non
2945 4479 3102 4534 habet
3129 4494 3374 4550 pinnam;
3409 4481 3505 4536 sed

1920 4567 2194 4637 peccantis
2231 4566 2494 4634 hominis,
2535 4583 2658 4622 cum
2699 4568 3036 4624 maledicitur
3076 4580 3251 4639 terra,
3291 4571 3405 4642 ipsa
3452 4572 3511 4626 fit

1921 4660 2112 4731 perna?
2133 4659 2422 4716 Nascentes
2436 4668 2614 4715 autem
2634 4674 2756 4714 cum
2781 4660 2963 4716 miseri
2981 4673 3126 4726 sunt,
3151 4662 3253 4732 ipsi
3271 4666 3511 4718 sentiunt

1921 4751 2168 4806 miserias
2206 4765 2364 4817 suas;
2394 4751 2498 4821 ipsi
2522 4750 2759 4818 nullum,
2803 4751 2942 4808 sicut
2969 4754 3200 4823 putatis,
3235 4755 3510 4809 trahentes

1924 4851 2227 4912 peccatum;
2271 4841 2596 4908 immeritas,
2637 4841 2684 4898 si
2722 4841 2826 4898 hoc
2868 4842 2939 4897 ita
2967 4852 3084 4910 est,
3134 4843 3322 4914 procul
3347 4844 3510 4899 dubio

1922 4935 2187 4990 sustinent
2217 4950 2436 5005 poenas,
2468 4934 2560 5008 qui
2600 4949 2698 4990 nec
2722 4933 3001 4991 admoneri
3031 4934 3239 5002 adhuc,
3272 4944 3330 4990 ut
3364 4936 3470 4991 dixi
3492 4978 3506 4998 ,

1922 5026 2120 5098 aliquid
2142 5034 2382 5098 possunt,
2406 5041 2504 5082 nec
2521 5035 2797 5098 peccatum
2819 5025 2977 5096 primi
3000 5026 3230 5082 hominis
3248 5027 3440 5082 imitari
3465 5029 3508 5093 ’,

1909 5129 2143 5193 propter
2168 5120 2311 5190 quod
2347 5119 2579 5176 debeant
2620 5119 2918 5176 admoueri.
2963 5121 3045 5177 An
3092 5120 3510 5191 exspectandum

1924 5219 2008 5267 est
2052 5218 2112 5266 ut
2139 5211 2428 5267 crescendo
2468 5212 2779 5281 perveniant
2819 5211 2888 5267 ad
2931 5211 3157 5266 liherum
3199 5210 3509 5276 arbitrium,

1926 5304 2138 5376 quando
2163 5305 2394 5360 sentiant
2421 5304 2798 5360 admonentem
2817 5344 2832 5370 ,
2869 5311 3030 5372 atque
3071 5300 3324 5355 intuendo
3352 5299 3514 5353 misc-

1926 5397 2060 5452 riam
2087 5410 2235 5450 suam
2255 5435 2270 5460 ,
2314 5394 2524 5465 culpam
2556 5409 2662 5448 non
2697 5394 2968 5450 imitentur
2997 5389 3262 5445 alienam?
3289 5388 3395 5445 Sed
3425 5387 3512 5442 ubi

1927 5488 2174 5560 ponimus
2203 5495 2310 5541 tam
2350 5486 2547 5541 multos
2586 5488 2673 5556 qui
2705 5499 2874 5555 usque
2900 5482 2967 5538 ad
2994 5482 3133 5536 diem
3179 5482 3362 5535 mortis
3403 5495 3515 5535 suzn

1872 5593 1895 5648 -f
1926 5578 2046 5649 quis
2067 5577 2248 5642 fuerit,
2274 5575 2360 5633 vel
2383 5584 2556 5632 utrum
2585 5574 2765 5641 fuerit,
2788 5573 2870 5630 vel
2894 5571 3021 5645 quid
3047 5569 3322 5626 admiserit
3342 5569 3512 5626 Adam

296 5724 312 5756 ι
339 5723 412 5774 sic
452 5729 560 5775 Mss.
595 5728 646 5773 ιιι
671 5723 826 5786 \‘ign.,
875 5718 1097 5783 quoniam
1131 5732 1296 5771 rrrcm
1332 5717 1496 5772 dicere
1523 5717 1823 5773 horrendum
1863 5683 1936 5750 .
1995 5707 2172 5786 [fimi
2202 5714 2469 5786 VI?"{-_§l_.
2488 5714 2815 5786 ‘lﬁﬁgfneﬂf’ff
2830 5701 3360 5786 ξ-ίίξξῗῌῖῖελῗξῗξαηισ

225 5792 317 5836 ω.

1999 5775 2018 5809 ³
2039 5782 2060 5823 ι
2074 5777 2262 5834 ςιιοαειι,
2289 5769 2488 5843 imitari,
2511 5767 2813 5820 restituimus
2830 5776 2892 5815 ex
2917 5764 3272 5828 manuscripust

2073 5851 2094 5872 ο
2465 5847 2468 5852 ’
2485 5847 2488 5854 ’
