3958 6460
621 333 648 392 1
659 328 764 389 575

623 442 902 504 nesciunt?
913 438 1015 498 Ubi
1032 436 1274 510 ponimus
1287 443 1392 488 tam
1404 431 1600 486 multos
1616 428 1702 498 qui
1717 426 1864 498 prius
1883 425 2203 487 moriuntur,

624 555 783 611 quam
797 532 1105 608 perveniant
1119 529 1186 584 ad
1201 536 1409 583 tetatem
1419 567 1432 589 ,
1449 525 1499 578 in
1513 537 1616 592 qua
1628 520 1860 611 sentiant
1870 527 2208 572 commonen-

626 608 734 688 tcm
750 632 774 684 ?
790 629 890 686 Ubi
907 625 1150 697 ponimus
1165 636 1256 676 eos
1273 618 1363 689 qui
1381 627 1486 692 tam
1518 613 1720 669 insulso
1735 625 1797 665 ac
1815 608 1959 663 fatuo
1976 618 2200 697 nascun-

623 731 712 777 tur
737 696 970 788 ingenio,
990 723 1048 770 ut
1076 727 1174 769 nec
1199 710 1426 782 grandes
1451 705 1658 777 possint
1681 717 1802 758 cum
1820 699 2001 768 aliquo
2029 696 2206 788 fructu

623 811 729 864 tale
749 785 945 878 aliquid
963 801 1272 859 admoneri?
1293 799 1493 869 Nempe
1512 795 1764 850 ltiomues
1787 793 1802 824 ί
1825 799 1964 846 tanta
1989 785 2204 862 ntjseria

624 903 742 955 sine
765 899 872 953 ullo
900 895 1109 959 merito,
1131 894 1248 948 sine
1273 891 1376 946 ulla
1399 888 1627 943 utilitate
1649 887 1968 955 plectuntur.
1999 878 2096 935 Ubi
2123 885 2206 932 est

619 990 825 1062 jnstitia
855 987 987 1044 Dei?
1016 1001 1172 1056 quam
1217 983 1260 1038 si
1302 981 1598 1050 cogitares,
1643 988 1914 1045 nunquam
1954 969 2204 1025 crederes

617 1085 738 1138 sine
769 1082 875 1137 ullo
901 1081 1091 1136 merito
1119 1075 1318 1147 peccati
1362 1071 1635 1143 originalis
1664 1078 1768 1123 tam
1815 1065 2041 1121 miseros
2083 1075 2204 1116 esse

620 1181 922 1229 nascentes.
963 1170 1070 1225 Sed
1096 1168 1346 1238 quoniam
1378 1180 1499 1220 cum
1532 1161 1840 1216 conditione
1872 1158 2076 1212 loculus
2103 1166 2199 1208 es:
2254 1231 2255 1234 η

621 1281 728 1321 ron
759 1265 900 1320 enim
921 1261 1064 1325 aisti,
1087 1259 1347 1326 Quoniam
1371 1256 1623 1318 docetur;
1655 1251 1749 1306 scd
1775 1249 1916 1309 aisti,
1953 1264 1971 1298 ι
1998 1245 2052 1300 Si
2075 1242 2202 1314 quid

620 1357 903 1412 doceretur
940 1365 1296 1409 :erumnarum
1334 1358 1450 1419 post
1482 1354 1757 1418 peccatum
1784 1340 1942 1412 primi
1971 1336 2202 1393 hominis

621 1459 829 1502 nostra!
865 1445 1068 1500 illatum
1104 1456 1225 1497 esse
1257 1449 1461 1496 naturae
1491 1456 1505 1492 :
1537 1459 1556 1489 ι
1593 1443 1805 1506 paratus
1843 1447 1932 1497 es,
1965 1438 2023 1484 ut
2062 1427 2203 1483 arbi-

619 1548 756 1604 tror,
780 1536 978 1598 dicere,
1009 1533 1124 1589 Non
1152 1532 1388 1586 docetur.
1426 1531 1498 1583 Ac
1523 1542 1618 1597 per
1639 1527 1739 1580 hoc
1761 1531 1927 1578 restat
1950 1529 2008 1576 ut
2029 1519 2198 1586 dicas,

619 1628 758 1682 mala
787 1642 904 1696 quae
920 1624 1160 1679 videmus
1187 1620 1434 1691 parvulos
1459 1616 1683 1687 perpeti,
1703 1614 1862 1670 etiam
1881 1612 1932 1666 iu
1955 1609 2200 1681 paradiso

619 1718 793 1772 futura
821 1717 1000 1777 fuisse,
1021 1715 1065 1768 si
1088 1727 1246 1768 nemo
1282 1717 1574 1780 peccasset,
1601 1723 1667 1762 ne
1685 1712 1901 1777 propter
1925 1710 2198 1773 peccatum

620 1810 776 1880 primi
805 1806 1039 1862 hominis
1061 1819 1124 1860 ea
1151 1802 1364 1858 fatearis
1391 1809 1594 1855 exorta.
1627 1797 1700 1852 Ita
1740 1809 1860 1852 cum
1905 1794 2003 1848 bos
2030 1789 2200 1845 nodos

612 1899 816 1970 quarris
855 1895 1114 1960 evadere,
1155 1901 1209 1948 et
1245 1889 1360 1945 fieri
1391 1905 1455 1943 es
1486 1887 1680 1943 nostris
1720 1884 1962 1940 manibus
1994 1881 2194 1946 labilis,

617 1995 802 2046 contra
833 1986 1136 2058 paradisum
1161 1983 1328 2038 stabis
1353 1979 1668 2043 immobilis;
1696 1976 1781 2032 cui
1804 1975 1881 2030 sic
1906 1990 1963 2030 es
1987 1981 2200 2028 contra-

616 2083 750 2149 rius,
782 2092 839 2136 ut
861 2080 977 2151 ejus
1003 2077 1240 2135 felicitati
1265 2085 1319 2132 et
1352 2074 1516 2146 quieti
1557 2071 1861 2136 turbandar,
1894 2079 1947 2124 et
1984 2067 2198 2123 dolores

614 2172 1052 2244 parturientium,
1084 2177 1139 2226 et
1171 2168 1384 2224 labores
1408 2165 1741 2236 operantium
1762 2205 1777 2230 ,
1805 2170 1860 2217 et
1882 2159 2197 2230 jactatioues

617 2266 1027 2339 aegrotandum,
1065 2262 1388 2331 morbosque
1429 2256 1796 2320 morientium,
1843 2253 2198 2308 audacissimo

614 2373 712 2414 ore
755 2367 810 2414 et
851 2356 1025 2412 fronte
1068 2351 1424 2426 perditissima
1471 2349 1747 2404 immittas.
1797 2346 1903 2403 Sed
1946 2347 2000 2400 iu
2043 2344 2198 2400 laude

617 2447 806 2504 mortis
835 2461 1084 2517 magnum
1115 2454 1166 2500 te
1193 2453 1346 2514 putas
1369 2439 1568 2512 aliquid
1599 2439 1866 2494 invenisse
1891 2437 2031 2508 quod
2054 2436 2198 2492 dice-

613 2554 724 2605 res,
760 2557 780 2592 ι
809 2539 978 2610 prima
1006 2555 1024 2589 ι
1060 2536 1292 2603 scilicet,
1331 2553 1351 2588 ι
1379 2533 1658 2589 occasione
1687 2530 1968 2596 claruisse,
1995 2529 2196 2584 malum

614 2645 723 2684 non
749 2642 868 2685 esse
894 2636 1120 2684 mortem
1139 2669 1156 2694 ,
1202 2625 1344 2698 quod
1373 2640 1491 2681 eam
1516 2624 1691 2694 justus
1728 2621 1930 2692 primus
1957 2619 2196 2676 omnium

613 2721 896 2777 dedicavit.
930 2739 948 2774 ι
985 2720 1126 2790 Ergo
1149 2716 1317 2774 redde
1344 2717 1627 2780 rationem,
1655 2713 1922 2785 quomodo
1951 2729 2056 2768 non
2099 2712 2197 2768 ha-

612 2812 766 2868 beret
791 2827 952 2884 quam
979 2811 1252 2868 dedicaret
1272 2809 1444 2880 justus
1463 2851 1478 2873 ,
1511 2807 1610 2862 nisi
1639 2806 1776 2861 hanc
1801 2806 2088 2861 ardificaret
2117 2806 2197 2860 in-

609 2901 806 2973 justas.
851 2902 1051 2956 Auctor
1089 2897 1284 2970 quippe
1325 2906 1380 2954 et
1410 2897 1630 2953 effector
1673 2895 1859 2951 mortis
1896 2895 2036 2950 illius
2064 2895 2194 2952 Cain

613 2992 837 3059 exstitit,
861 3007 966 3046 non
990 2991 1142 3045 Abel.
1164 2989 1259 3045 Ille
1282 2988 1461 3059 itaque
1480 2987 1762 3052 dedicavit,
1789 2986 1878 3057 qui
1901 2985 2194 3041 fabricavit.

613 3084 758 3140 Mors
786 3084 928 3138 enim
968 3082 1200 3138 hominis
1242 3081 1397 3147 boni,
1431 3081 1627 3136 malum
1667 3095 1801 3151 opus
1841 3080 1942 3135 fuit
1967 3080 2196 3136 hominis

611 3173 761 3227 mali.
788 3173 892 3228 Iste
929 3183 1105 3228 autem
1143 3172 1233 3242 qui
1272 3187 1369 3241 pro
1404 3171 1545 3226 bono
1582 3171 1776 3225 malum
1807 3171 2059 3240 pertulit,
2089 3185 2194 3226 non

613 3271 863 3329 mortem,
893 3263 991 3318 sed
1023 3265 1334 3334 martyrium
1357 3263 1654 3330 dedicavit,
1685 3278 1880 3334 gerens
1915 3262 2032 3333 ejus
2062 3262 2197 3335 ligu-

611 3367 727 3408 ram
747 3393 762 3418 ,
791 3368 948 3424 quem
975 3354 1204 3424 populus
1228 3353 1533 3409 Judteorum
1558 3363 1806 3424 tanquam
1833 3355 2004 3410 malus
2034 3354 2197 3411 frater

607 3443 838 3499 carnalis
863 3443 1072 3499 occidit.
1098 3443 1386 3515 Propterea
1411 3446 1586 3516 itaque
1608 3446 1871 3518 gloriosus
1899 3446 2052 3512 Abel,
2086 3460 2192 3502 non

610 3536 732 3606 quia
756 3535 957 3606 aliquid
984 3535 1108 3591 boni
1131 3535 1360 3606 sumpsit
1385 3552 1414 3592 a
1442 3535 1626 3604 fratre,
1655 3536 1748 3592 sed
1771 3537 1893 3608 quia
1932 3538 2196 3606 patienter

609 3641 707 3696 pro
725 3625 931 3696 justitia
963 3627 1261 3693 moriendo,
1301 3627 1444 3682 malo
1471 3627 1588 3698 ejus
1615 3642 1742 3682 usus
1766 3635 1850 3683 est
1874 3629 2030 3683 bene.
2059 3627 2193 3683 Nam

606 3718 748 3773 sicut
777 3717 917 3774 bono
947 3718 1080 3789 legis
1112 3719 1250 3775 male
1279 3720 1475 3775 utendo
1503 3721 1937 3791 prmvaricatorcs
1967 3721 2194 3790 puniun-

607 3818 730 3876 tur;
762 3809 834 3865 ita
859 3826 890 3866 e
917 3811 1186 3866 contrario
1214 3812 1354 3867 malo
1380 3812 1566 3867 mortis
1599 3812 1734 3867 bene
1757 3811 1956 3867 utendo
1984 3820 2190 3883 marty-

603 3915 695 3956 res
734 3910 1075 3956 coronantur.
1119 3902 1348 3957 Proinde
1388 3891 1455 3957 si.
1481 3919 1585 3956 nou
1627 3902 1928 3972 dedignaris
1972 3903 2190 3972 dicere,

606 3989 750 4062 quod
778 3997 831 4047 te
859 4005 1022 4047 cerno
1051 3993 1280 4058 nescire,
1310 4009 1454 4047 mors
1485 3993 1536 4047 in
1567 3994 1917 4048 morientibus
1943 3995 2193 4050 omnibus

605 4082 744 4137 mala
787 4090 905 4152 est;
934 4083 986 4139 in
1029 4083 1259 4139 mortuis
1301 4093 1477 4140 autem
1509 4085 1822 4155 quibusdam
1863 4087 2035 4152 mala,
2077 4087 2193 4156 qui-

605 4173 828 4229 busdam
858 4174 1018 4230 bona.
1052 4176 1165 4232 Hoc
1191 4177 1358 4232 secuti
1389 4185 1547 4243 sunt,
1591 4177 1682 4247 qui
1725 4177 1792 4234 de
1835 4178 1978 4233 bono
2004 4179 2191 4234 mortis

604 4265 899 4322 laudabiles
923 4267 1314 4338 disputationes
1344 4269 1508 4322 etiam
1547 4269 1740 4324 litteris
1781 4269 2188 4325 mandaverunt.

603 4356 746 4414 Mors
770 4373 896 4430 ergo
915 4359 1047 4430 justi
1076 4361 1260 4416 Abelis
1291 4359 1576 4416 habitantis
1615 4360 1670 4416 in
1699 4362 1912 4432 requie,
1956 4379 2060 4418 non
2101 4377 2191 4419 so-

603 4451 715 4506 lum
759 4453 898 4508 mala
939 4469 1046 4510 non
1071 4463 1176 4519 est,
1205 4469 1388 4508 verum
1418 4455 1577 4509 etiam
1603 4452 1742 4510 bona
1773 4464 1872 4510 est.
1907 4455 1984 4510 Tu
2009 4464 2188 4510 autem

602 4542 658 4598 in
689 4544 995 4614 paradisum
1023 4560 1129 4601 non
1155 4545 1414 4601 bonorum
1438 4554 1773 4600 mortuorum
1804 4549 2061 4618 requiem,
2093 4546 2188 4602 sed

601 4638 869 4695 cruciatus
889 4640 1254 4708 morientium,
1287 4655 1354 4695 ne
1383 4639 1642 4695 bonorum
1679 4639 1752 4694 ibi
1777 4640 1988 4710 requies
2011 4647 2185 4706 esset,

603 4730 846 4784 intulisti.
877 4731 984 4786 Aut
1007 4732 1052 4786 si
1078 4731 1230 4797 dicis,
1260 4729 1315 4787 Si
1349 4747 1508 4786 nemo
1531 4739 1823 4801 peccasset,
1855 4731 1910 4786 in
1940 4731 2187 4800 paradiso

602 4819 722 4874 sine
746 4820 984 4876 cruciatu
1005 4821 1250 4876 homines
1272 4833 1608 4877 morerentur
1632 4840 1645 4875 :
1678 4822 1866 4878 saltem
1893 4823 2014 4892 quia
2037 4832 2188 4878 extra

603 4910 907 4981 paradisum
923 4925 1030 4967 non
1045 4910 1156 4968 fere
1167 4913 1441 4982 quisquam
1455 4913 1568 4968 sine
1580 4913 1816 4968 cruciatu
1830 4913 2190 4979 moritur,tan-

600 5001 725 5058 dem
742 5002 1016 5059 convictus
1030 5012 1188 5074 atque
1198 5004 1550 5072 contortus,in
1565 5004 1799 5059 deterius
1809 5013 2186 5060 commutatam

599 5103 820 5166 peccato
857 5094 1014 5164 primi
1054 5093 1284 5150 hominis
1315 5095 1598 5149 humanam
1635 5096 1890 5152 confitere
1919 5107 2183 5152 naturam.

669 5184 908 5241 XXVIII.
947 5185 1065 5244 ιω..
1096 5185 1232 5256 Quid
1259 5185 1528 5257 postremo
1547 5186 1614 5242 de
1639 5188 1754 5257 ipso
1775 5197 2022 5259 serpente
2039 5190 2186 5246 dice-

599 5277 726 5332 tur?
764 5275 1042 5334 Diabolum
1080 5276 1454 5333 maledictione
1506 5276 1594 5333 illa
1637 5276 1901 5348 punitum,
1961 5294 2027 5336 an
2084 5281 2185 5338 hoc

596 5383 881 5424 commune
906 5368 1094 5440 reptile
1121 5368 1315 5424 animal
1343 5368 1619 5438 opinaris?
1645 5367 1697 5423 id
1728 5378 1832 5436 est,
1878 5370 2019 5425 illam
2058 5387 2184 5427 sen-

597 5460 814 5514 tentiam
841 5475 959 5530 qua:
985 5460 1058 5514 ait
1079 5458 1148 5515 ad
1169 5466 1492 5529 serpentem,
1523 5457 1824 5514 Malediclus
1850 5469 1900 5514 tu
1927 5462 1990 5515 ob
2017 5461 2184 5515 cumi-

599 5549 691 5606 bus
728 5549 1092 5620 peccatoribus,
1122 5561 1171 5606 et
1197 5549 1260 5604 ab
1289 5549 1520 5605 omnibus
1549 5549 1715 5605 bestiis
1750 5566 1865 5622 qua:
1890 5561 2004 5606 sunt
2034 5568 2186 5623 super

662 5743 681 5776 ³
705 5746 787 5794 uic
811 5751 952 5795 vetus
985 5743 1141 5796 codex
1191 5751 1314 5796 Fort.
1354 5745 1512 5808 addit,
1555 5746 1597 5796 si
1643 5759 1660 5796 :
1703 5760 1797 5797 non
1823 5746 1970 5798 male.

1306 315 1550 374 CPERIS
1589 308 1999 371 IMPEREECTI
2033 303 2304 364 CONTRA
2345 304 2701 376 JULIANUM,
2743 307 2800 365 S.
2841 308 3202 369 AUGUSTINI
3668 332 3750 390 1575

2311 427 2498 474 terram
2522 437 2543 487 ;
2577 438 2730 492 super
2767 431 2940 492 pectus
2987 432 3035 477 et
3071 431 3283 479 uentrem
3317 429 3450 480 ιιιιιιιι
3477 431 3702 504 mbulatis,
3728 456 3754 498 ιι

2311 519 2498 565 terram
2529 511 2853 567 manducabis
2878 515 3106 568 omnibus
3129 513 3303 569 diebus
3346 516 3450 571 vita:
3469 527 3553 575 tua
3576 522 3697 594 (Gai.
3711 549 3755 598 ιιι,

2313 602 2382 657 14
2411 598 2453 673 ),
2485 601 2536 656 iu
2565 602 2764 658 diaboli
2787 603 3067 674 supplicio,
3095 620 3162 661 an
3192 605 3374 662 bestiae
3389 607 3526 678 hujus
3541 628 3633 682 qua:
3649 623 3759 678 remis

2311 694 2582 750 caloribus
2605 695 2850 752 educitur
2876 696 2946 752 de
2974 697 3232 764 cavernis,
3262 697 3518 757 arbitraris
3539 704 3760 777 impletae?

2310 783 2365 839 Si
2393 784 2444 839 in
2473 784 2634 856 hujus
2655 787 2917 856 serpentis
2937 829 2954 853 ,
2996 787 3148 857 cujus
3172 791 3377 860 species
3399 794 3451 847 in
3483 809 3638 866 corpus
3659 806 3762 861 enode

2295 875 2596 946 porrigitur
2621 885 2782 947 atque
2805 877 2876 932 ob
2916 878 3055 933 illius
3077 879 3246 950 culpa:
3291 882 3522 939 meritum
3558 886 3668 944 dicas
3695 910 3763 950 eam

2309 964 2500 1021 factam
2526 982 2646 1023 esse
2669 968 3004 1040 terrifagam;
3036 984 3164 1040 ergo
3189 978 3242 1026 et
3269 972 3502 1028 omnibus
3535 975 3677 1034 bestiis
3702 992 3764 1037 In-

2309 1055 2415 1112 dux
2433 1058 2721 1128 iniquitatis
2739 1059 3016 1126 incumbit,
3038 1075 3196 1131 quam
3214 1069 3369 1140 putas
3387 1062 3479 1118 nisi
3494 1080 3573 1134 per
3589 1055 3764 1128 libidinem

2307 1151 2608 1204 coeuntium
2638 1165 2744 1206 non
2775 1167 2932 1222 posse
2963 1151 3152 1208 deduci
3181 1168 3197 1206 :
3231 1152 3393 1223 fitque
3415 1165 3468 1208 ut
3488 1156 3620 1211 etiam
3635 1175 3766 1229 serpat

2309 1250 2422 1298 tum
2460 1244 2752 1312 libidinem,
2776 1246 2994 1316 jamque
3018 1246 3141 1302 inde
3181 1247 3594 1306 irrationabilium
3617 1255 3766 1312 animan-

2308 1335 2458 1402 tium,
2489 1351 2699 1393 asseras
2728 1353 2758 1392 a
2781 1338 2998 1394 diabolo
3027 1338 3193 1394 fuisse
3232 1339 3528 1409 plantatam,
3563 1353 3766 1416 retectam

2305 1427 2567 1482 sententia
2615 1427 2892 1484 Manichmi
2941 1427 3098 1484 nobis
3155 1445 3374 1485 carmen
3397 1432 3412 1463 ¹
3441 1433 3677 1502 inclangas.
3714 1439 3764 1496 Si.

2306 1526 2484 1572 autem
2504 1517 2758 1589 quidquid
2783 1519 2849 1574 ad
2891 1527 3192 1590 serpentem
3234 1521 3445 1588 dicitur,
3483 1524 3766 1596 intelligibililtt

2306 1605 2358 1660 in
2371 1606 2582 1661 diabolo
2596 1608 2893 1676 profitearis
2909 1611 3183 1681 impletum
3201 1629 3214 1674 ;
3233 1627 3435 1668 annues
3451 1615 3554 1670 sine
3567 1615 3699 1683 dubio,
3713 1638 3766 1677 nec

2305 1696 2411 1752 hoc
2429 1698 2569 1768 quod
2594 1699 2661 1753 ibi
2686 1714 2781 1769 pro
2801 1701 3002 1756 ultione
3023 1701 3312 1771 profertur,
3333 1704 3565 1761 iudicium
3585 1725 3767 1766 uuncreo-

2303 1803 2421 1842 rum
2447 1804 2567 1843 esse
2589 1801 2918 1860 serpentum,
2943 1809 3042 1848 nec
3057 1794 3330 1850 diabolum
3360 1803 3541 1850 terram
3567 1799 3766 1859 cderectu-
3826 1794 3827 1860 ἶ

2302 1880 2555 1948 paralitcr
2581 1881 2706 1936 :sed
2727 1883 2826 1937 etsi
2855 1891 2979 1939 tunc
2996 1883 3352 1940 ministerium
3368 1885 3592 1942 draconis
3607 1893 3765 1960 arripiat,
3826 1880 3827 1950 ξ

2301 1977 2460 2040 atque
2489 1970 2590 2026 hoc
2609 1973 2756 2042 quasi
2783 1973 2968 2041 telum,
2990 1989 3098 2045 quo
3115 1975 3182 2030 ad
3203 1976 3572 2045 vulnerandum
3593 1979 3767 2040 hominm

2301 2075 2431 2116 usus
2456 2061 2644 2129 fuerat,
2676 2065 2933 2120 severitas
2955 2073 3135 2134 postea
3158 2076 3380 2136 paterna
3392 2069 3620 2139 confregit
3636 2088 3648 2134 ;
3663 2047 3766 2128 tamen

2303 2160 2574 2222 peccatum
2598 2154 2651 2210 in
2673 2155 2843 2210 solius
2867 2156 3080 2226 agentis
3099 2156 3378 2213 voluntate
3417 2159 3768 2218 resedissemus

2300 2250 2478 2297 autem
2506 2251 2561 2298 et
2587 2245 2769 2314 spinas
2805 2253 2863 2301 et
2895 2245 3120 2302 sudores
3153 2247 3330 2317 primo
3365 2246 3519 2303 fuisse
3553 2252 3767 2308 naturalia

2301 2331 2559 2401 instituta,
2589 2343 2702 2404 post
2735 2336 2788 2391 in
2813 2337 3077 2408 aliquibus
3099 2346 3258 2394 aucta
3288 2337 3591 2408 iudicialiter
3610 2381 3622 2403 ,
3644 2340 3690 2395 ad
3716 2359 3769 2396 no-

2299 2436 2466 2482 stram
2491 2443 2622 2484 vero
2642 2437 2854 2486 :etatem
2877 2430 2994 2486 sine
3015 2431 3216 2501 peccati
3233 2431 3374 2486 illius
3393 2430 3768 2488 admirationum-

2300 2519 2472 2585 uisse;
2511 2534 2598 2575 res
2629 2528 2733 2575 tam
2763 2531 2962 2592 apertae
2985 2531 3142 2592 sunt,
3167 2532 3229 2578 ut
3270 2522 3506 2594 longiore
3540 2524 3701 2594 penitis
3721 2541 3768 2578 u-

2299 2609 2533 2665 sertione
2554 2620 2895 2682 nonegeant.

2370 2700 2507 2756 Anc.
2551 2700 2686 2769 Quid
2713 2711 2796 2759 est
2815 2703 2957 2773 quod
2983 2704 3224 2774 vipereas
3243 2705 3464 2762 astutias
3489 2715 3590 2761 tuas
3607 2706 3717 2762 etiam
3731 2706 3767 2761 tle

2300 2799 2551 2861 serpente
2576 2794 2930 2864 contorques?
2955 2796 3084 2862 Quis
3102 2795 3247 2850 enim
3276 2796 3441 2854 divini
3477 2797 3581 2852 libri
3597 2798 3765 2852 haerer-

2302 2879 2387 2943 ba.
2410 2897 2531 2952 qua:
2557 2885 3010 2951 commcmorasti,
3031 2895 3393 2957 congruenter
3419 2888 3688 2958 intelligens,
3707 2906 3767 2943 non

2301 2969 2479 3026 videat
2517 2971 2568 3026 in
2611 2972 2882 3030 diabolum
2924 2976 3128 3044 potius,
3160 2976 3253 3048 qui
3297 2987 3535 3048 serpente
3557 2977 3765 3047 adidquol

2299 3061 2569 3128 voluit,.ut
2597 3064 2768 3132 potuit
2792 3063 2836 3128 ³,
2867 3079 2995 3120 usus
3033 3074 3135 3130 est,
3162 3081 3326 3137 quam
3361 3067 3413 3122 in
3455 3068 3606 3138 ipsum
3632 3067 3765 3130 aniaul,

2298 3152 2682 3224 qualecumque
2706 3164 2995 3223 terrenum,
3029 3157 3173 3212 illam
3203 3159 3461 3228 prolatam
3489 3159 3626 3214 fuisse
3641 3169 3766 3214 senten-

2300 3242 2464 3299 tiam?
2500 3244 2604 3300 Sed
2633 3247 2753 3316 quia
2784 3262 2887 3302 non
2919 3263 3014 3318 per
3047 3250 3308 3319 scipsum,
3337 3266 3432 3322 per
3456 3259 3766 3322 serpentem.

2300 3343 2406 3392 tem
2435 3335 2763 3393 seductorias
2791 3337 3029 3409 loquelas
3064 3340 3311 3396 diabolus
3347 3351 3577 3412 operatus
3603 3349 3678 3406 est,
3699 3339 3766 3393 ideo

2293 3425 2365 3481 ad
2403 3437 2704 3494 serpentem
2744 3429 2949 3484 locutus
2994 3439 3078 3484 est
3121 3430 3297 3497 Deus,
3341 3431 3478 3503 quod
3517 3429 3765 3502 significanda

2297 3515 2517 3571 malitia:
2543 3515 2741 3572 diaboli
2765 3519 3096 3583 conveniret,
3123 3530 3178 3576 et
3203 3529 3394 3576 natura
3420 3521 3562 3590 hujus
3588 3520 3765 3590 figuratis»

2295 3615 2380 3661 set
2407 3607 2564 3662 illius.
2605 3608 2834 3664 Proinde
2867 3611 3011 3680 quod
3050 3610 3184 3667 dixit
3213 3611 3358 3668 Deus
3384 3612 3612 3682 serpenti,
3631 3609 3766 3664 ιιιιώ

2296 3707 2406 3752 ctus
2448 3708 2506 3753 tu
2540 3699 2603 3754 ab
2643 3701 2873 3774 omnibus
2913 3702 3193 3772 pecoribus,
3217 3713 3265 3759 et
3292 3705 3516 3760 omnibus
3553 3703 3682 3758 bestiis
3705 3715 3767 3770 qu

2294 3800 2414 3846 siml
2438 3807 2592 3863 super
2615 3802 2800 3848 terram
2812 3810 2831 3858 ;
2856 3810 3011 3866 super
3034 3807 3204 3867 pectus
3233 3805 3280 3852 et
3302 3806 3509 3852 uentrem
3527 3807 3642 3850 tuum
3660 3793 3767 3846 anuu-

2297 3881 2444 3950 labis,
2475 3892 2522 3938 et
2538 3892 2722 3939 terram
2749 3885 3074 3941 manducabis
3094 3887 3326 3944 omnibus
3345 3887 3507 3943 diebus
3532 3888 3625 3941 vite
3642 3891 3766 3950 tum

2295 3984 2520 4043 caetera;
2568 3984 2716 4032 tanto
2765 3978 3145 4048 intelliguntur,
3184 3988 3240 4034 et
3279 3989 3596 4052 exponuntur
3628 3976 3762 4035 melius

2294 4077 2494 4136 quanto
2516 4069 2894 4137 congruentius
2917 4069 2986 4124 de
3007 4070 3220 4126 diabolo
3239 4071 3572 4141 accipiuntur.
3593 4066 3673 4124 Sed
3688 4079 3765 4134 quo-

2294 4157 2438 4213 niam
2486 4159 2776 4214 secundum
2817 4160 2977 4216 etiam
3017 4170 3215 4218 rectam
3256 4162 3435 4228 fidem,
3476 4159 3628 4217 multis
3656 4167 3764 4212 tamen

2294 4248 2468 4304 modis
2496 4248 2566 4305 de
2584 4249 2668 4305 his
2687 4250 2945 4321 disputari
2965 4252 3124 4319 solet,
3151 4267 3252 4308 nec
3271 4253 3341 4309 ad
3361 4267 3558 4308 causam
3575 4264 3682 4306 nunc
3695 4261 3764 4316 per
3826 4275 3827 4321 ;

2295 4339 2428 4394 tinet
2450 4339 2575 4408 quid
2601 4354 2787 4395 eorum
2813 4341 2982 4412 magis
3008 4343 3196 4413 eligam
3229 4359 3499 4414 promere;
3539 4341 3644 4396 satis
3661 4342 3762 4393 estut

2295 4431 2388 4486 tibi
2412 4431 2784 4503 reapondeam,
2807 4433 3003 4491 diaboli
3032 4446 3274 4494 naturam
3293 4450 3601 4508 nequaquam
3619 4430 3670 4485 ad
3683 4443 3760 4483 eou-

2293 4523 2575 4580 nexionem
2607 4527 3107 4598 successionemque
3137 4529 3438 4600 propaginis
3460 4526 3692 4600 pertinere,
3710 4516 3759 4572 ubi

2292 4615 2494 4684 peccati
2519 4615 2789 4686 originalis
2823 4619 3049 4688 qua-stin
3087 4620 3328 4674 vertitur.
3371 4620 3442 4676 De
3467 4616 3610 4688 spinis
3629 4615 3760 4667 verba

2289 4704 2488 4760 sudore
2530 4705 2839 4774 laborantis,
2875 4725 3034 4778 quam
3072 4709 3403 4780 impudenter
3437 4708 3650 4769 affirmes,
3672 4697 3757 4772 illa]

2293 4794 2596 4865 priusquam
2643 4807 2970 4866 peccaretur.
3003 4799 3200 4856 fuerint
3236 4801 3494 4863 instituta,
3519 4796 3650 4854 credo
3672 4787 3758 4861 ιιιιοδ

2292 4885 2609 4953 persuadeat
2627 4887 2921 4957 legentibus
2941 4892 3186 4960 superior
3213 4901 3390 4946 nostra
3415 4885 3660 4959 responsio.
3679 4878 3755 4933 γυι-

2293 4976 2362 5032 tis
2395 4977 2592 5048 quippe
2632 4977 2808 5035 facere
2849 4981 3006 5036 talem
3045 4982 3366 5052 paradisum,
3394 4990 3450 5036 ut
3481 4977 3604 5034 nulla
3627 4974 3756 5030 ratione

2290 5065 2498 5124 dicatur
2549 5069 2642 5125 Dei
2691 5085 2829 5134 esse,
2874 5072 2967 5128 sed
3012 5086 3265 5129 vestrum.
3305 5074 3652 5129 Verumtamen.
3681 5075 3754 5118 cum

2292 5167 2416 5214 ante
2437 5169 2710 5229 peccatum
2740 5161 2920 5231 Spinas
2941 5162 3140 5218 dixeris
3168 5162 3446 5227 institutas,
3474 5163 3518 5217 in
3545 5154 3750 5230 paradisum

2271 5262 2384 5318 .eas
2407 5263 2512 5303 non
2539 5265 2702 5314 ausus
2729 5266 2808 5319 es,
2833 5251 3200 5318 introducere;
3232 5255 3340 5310 imo
3354 5248 3620 5323 expressisti
3638 5237 3750 5299 cnsili

2292 5354 2398 5394 non
2419 5338 2582 5396 fuisse
2614 5357 2627 5394 :
2657 5340 2747 5396 ubi
2773 5349 2946 5396 tamen
2973 5343 3208 5398 laborem
3238 5359 3428 5416 ponere
3446 5337 3636 5399 voluisti.
3656 5330 3748 5398 cui“

2288 5445 2392 5552 datr
2408 5443 2776 5552 Edgziglgcnan.
2805 5453 2953 5496 \‘etus
2972 5446 3130 5502 codex
3151 5455 3286 5509 Itan,
3304 5447 3487 5500 uiuat.
3511 5443 3640 5508 Αμίιιί
3650 5431 3746 5486 md"

2290 5517 2431 5564 utan,
2455 5519 2669 5556 carmen.

2351 5567 2388 5638 ἡ
2407 5573 2544 5617 Forte
2557 5566 2916 5638 andjtrnrtione.
2929 5595 2992 5606 —-
3007 5571 3153 5621 Morel
3169 5609 3184 5634 ,
3211 5569 3359 5622 Elem.
3380 5569 3517 5621 uitio.
3532 5599 3546 5628 ,
3566 5573 3649 5627 με·
3673 5549 3744 5608 δίδο

2290 5627 2430 5675 Ietnt.
2454 5629 2819 5675 adnuarotzone.
2887 5639 2941 5675 st-
3738 5674 3741 5675 ,

2291 5629 2430 5690 legit,
2454 5629 2819 5693 admigrotione.
2887 5639 2941 5679 Μ.
3170 5629 3180 5634 ⁷
3545 5687 3556 5699 .
3604 5683 3615 5695 .

2291 5690 2550 5812 νοῖῃᾙβηη
2576 5690 2641 5742 ad
2660 5689 2712 5742 id
2731 5689 2858 5756 quod
2883 5691 3025 5744 t'ofm't
3051 5706 3162 5747 usus
3182 5700 3271 5747 est.
3295 5699 3358 5747 Ex
3381 5702 3472 5745 MSS.
3493 5674 3743 5752 illm“
