3958 6486
216 470 362 513 onus
387 455 488 512 etsi
513 471 616 513 non
651 455 854 528 pungit,
884 457 1099 528 premit.
1132 455 1536 522 Verumtamen,
1563 455 1609 510 si
1633 464 1688 509 et
1713 452 1806 508 tibi

214 547 398 620 placet
423 548 604 616 spinas
629 564 734 602 non
765 563 1061 619 congruere
1083 549 1364 620 paradiso;
1393 549 1534 604 itane
1560 561 1687 603 vero
1708 560 1806 600 na-

217 650 357 696 turae
385 639 656 708 humanas,
685 650 742 695 ut
770 641 842 697 ibi
866 641 1012 712 prius
1035 650 1179 697 esset
1199 642 1289 698 ubi
1315 642 1480 711 spina:
1507 656 1612 696 non
1643 647 1769 694 sunt
1787 681 1803 706 ,

215 743 276 790 et
301 750 442 790 nunc
462 733 532 789 ibi
554 734 624 790 sit
650 734 738 790 ubi
758 743 899 802 sunt,
925 736 1069 792 nulla
1091 734 1434 792 beatitudinis
1457 735 1508 791 in
1536 734 1806 790 miseriam

213 825 515 882 mutatione
539 825 893 898 contingeret,
925 836 1017 882 aut
1058 826 1176 883 sine
1219 826 1326 882 ullo
1364 825 1568 896 peccati
1611 825 1806 880 merito

212 917 565 987 contigisset?
610 916 778 988 Cogat
804 933 935 990 ergo
955 932 1050 973 vos
1076 932 1369 988 agnoscere
1395 915 1652 986 originale
1677 931 1805 986 pec-

213 1018 418 1075 catum,
446 1008 550 1062 tale
579 1008 789 1073 saltem,
820 1009 979 1081 quale
999 1023 1104 1064 non
1128 1008 1371 1078 potuistis
1392 1023 1586 1078 negare
1604 1006 1807 1078 suppli-

212 1099 380 1165 cium,
408 1099 452 1153 si
483 1114 588 1153 non
618 1099 870 1168 injustum
899 1115 1020 1156 esse
1045 1099 1262 1155 creditis
1289 1099 1480 1154 Deum.

290 1187 486 1244 XXIX.
516 1189 634 1245 Jun.
665 1189 866 1245 Tamen
897 1205 964 1246 ne
983 1190 1109 1262 quid
1135 1191 1464 1261 negligenter
1481 1188 1805 1258 praeteriisse

211 1282 519 1348 videamur,
537 1284 722 1353 accipe
748 1282 912 1338 aliud.
945 1284 1096 1352 llunc
1127 1282 1534 1352 parturitionum
1564 1280 1803 1338 dolorem

213 1383 554 1446 compertum
577 1385 661 1430 est
689 1390 787 1447 pro
815 1375 1132 1446 parientium
1158 1374 1473 1446 corporibus
1498 1373 1805 1444 viribusque

212 1469 434 1524 variari.
478 1468 830 1524 Barbarorum
856 1477 1004 1524 certe
1031 1468 1260 1532 feminae,
1291 1477 1348 1524 et
1369 1476 1658 1537 pastorum,
1685 1481 1805 1536 qua:

212 1563 600 1619 exercitatione
639 1562 1006 1625 indurescunt,
1046 1561 1099 1617 in
1129 1561 1317 1616 mediis
1349 1559 1630 1616 itineribus
1658 1567 1803 1615 tanta

211 1653 474 1711 facilitate
498 1655 732 1725 pariunt,
763 1665 818 1710 ut
843 1670 951 1709 non
981 1655 1287 1710 intermisso
1311 1653 1487 1708 viandi
1511 1653 1693 1708 labore
1721 1651 1804 1708 fe:

212 1754 306 1802 tus
341 1761 465 1801 suos
494 1754 802 1818 procurent,
827 1755 884 1802 et
924 1747 1103 1801 statim
1131 1745 1346 1813 vehant,
1387 1760 1506 1816 quae
1546 1743 1678 1798 nihil
1713 1758 1806 1813 pa-

212 1837 388 1895 riendi
411 1837 723 1893 difﬁcultate
747 1847 1070 1901 marcentes,
1099 1853 1266 1893 onera
1294 1837 1494 1893 ventris
1516 1836 1582 1893 ad
1611 1836 1801 1891 hume-

211 1943 309 1985 ros
332 1943 457 1983 suos
483 1927 844 1994 transferunt;
876 1937 931 1983 et
953 1927 1278 1999 generaliter
1307 1928 1482 1999 inopia
1509 1927 1692 1982 vilium
1716 1925 1798 1982 fe-

211 2020 482 2075 minarum
506 2061 526 2088 ,
572 2035 788 2090 operam
836 2019 1181 2075 obstetricum
1225 2035 1330 2074 non
1377 2019 1644 2090 requirit:
1677 2028 1734 2073 at
1773 2033 1806 2076 c

210 2111 434 2181 regione
470 2110 760 2181 locupletes
801 2109 1006 2167 deliciis
1038 2111 1367 2175 molliuntur,
1394 2121 1449 2167 et
1485 2125 1594 2181 quo
1624 2110 1805 2181 plures

211 2201 460 2257 habuerit
479 2217 704 2276 qumque
726 2201 1005 2268 sollicitos,
1029 2217 1095 2259 eo
1120 2203 1348 2274 amplius
1367 2211 1420 2258 et
1445 2201 1602 2258 discit
1626 2210 1681 2258 et
1706 2216 1803 2273 ge-

211 2295 312 2350 stit
349 2309 680 2366 aegrescere,
728 2304 984 2366 putatque
1029 2311 1090 2351 se
1142 2297 1301 2351 tantis
1347 2311 1538 2366 egere,
1590 2296 1804 2367 quantis

212 2385 452 2442 abundat
491 2388 782 2458 obsequiis.
828 2387 1132 2444 Meritorum
1177 2403 1309 2444 sane
1345 2387 1570 2443 divitum
1615 2402 1804 2444 manus

213 2493 486 2550 nunquam
515 2479 567 2534 in
605 2479 847 2536 sentibus
876 2496 1168 2535 aerumnam
1201 2481 1355 2552 primi
1385 2480 1615 2536 hominis
1639 2496 1806 2552 expe-

215 2571 384 2638 ritur;
412 2571 651 2642 quinimo
668 2571 894 2629 fidentes
908 2574 1097 2644 copi-is,
1117 2573 1386 2645 indignum
1408 2589 1466 2630 se
1485 2582 1674 2647 putant
1693 2588 1807 2629 mo-

215 2674 455 2722 mentum
496 2665 712 2736 aliquod
757 2667 896 2722 vetis
937 2667 1226 2723 fertilitatis
1273 2667 1604 2739 impendere,
1653 2677 1806 2724 extra

213 2755 555 2814 formidinem
593 2759 753 2814 etiam
791 2759 946 2814 famis
974 2759 1374 2830 possessionum
1397 2760 1707 2818 dilatatione
1731 2760 1807 2816 si-

213 2856 444 2916 stentes,
475 2849 732 2904 mandant
757 2850 1077 2921 aliquoties,
1122 2858 1183 2906 ut
1229 2851 1304 2906 ait
1342 2861 1531 2922 poeta,
1573 2850 1806 2923 Deiange

213 2939 365 2996 bam
381 2941 422 3009 ⁸,
453 2941 576 2995 dum
601 2940 774 2997 tubera
797 2943 967 2998 mittas
999 2941 1259 3012 (Juvenal.
1285 2953 1384 2999 sat.
1411 2944 1467 3011 5,
1488 2960 1621 3000 om.
1649 2943 1800 3014 119).

214 3033 279 3094 Si
305 3050 433 3106 ergo
461 3043 516 3091 et
539 3035 856 3106 parientium
883 3035 1040 3092 dolor
1061 3046 1268 3106 spectat
1291 3037 1358 3092 ad
1385 3037 1622 3094 instituta
1654 3045 1806 3093 natu-

213 3145 317 3198 rai,
337 3129 479 3202 quod
507 3139 562 3187 et
587 3130 863 3186 brutorum
886 3131 1134 3202 exemplo
1157 3131 1483 3198 animalium,
1507 3139 1564 3186 et
1581 3139 1803 3187 senten-

215 3220 311 3278 tia:
346 3220 539 3276 divinae
577 3223 903 3292 proprietate
927 3220 1236 3293 perdoctam
1262 3230 1374 3289 est;
1416 3221 1463 3277 si
1489 3220 1807 3291 interceptio

215 3311 510 3380 fructuum,
537 3322 594 3370 et
628 3322 848 3370 exortus
878 3313 1149 3385 spinarum
1187 3315 1328 3370 inter
1361 3324 1557 3371 caetera
1588 3313 1805 3387 quidem

215 3415 431 3461 creatus
452 3414 552 3473 est,
572 3405 818 3478 personis
837 3414 1016 3462 tamen
1035 3405 1354 3479 quibusdam
1379 3406 1548 3463 factus
1573 3415 1655 3463 est
1673 3407 1807 3464 den-

215 3501 335 3556 sior
363 3508 415 3556 et
439 3499 742 3567 molestior;
772 3500 818 3556 si
841 3508 1136 3571 postremo,
1167 3508 1226 3554 ut
1249 3497 1537 3555 difficultas
1566 3500 1680 3570 ipsa
1707 3514 1806 3570 pa-

216 3591 429 3671 rientis,
462 3592 532 3648 ita
556 3592 720 3648 etiam
747 3591 1020 3664 glebarum
1049 3592 1339 3663 spinositas
1364 3606 1462 3663 pro
1495 3591 1809 3664 corporibus

217 3685 634 3758 regionibusque
647 3685 910 3751 variatur;
942 3693 1237 3756 postremo,
1255 3685 1301 3741 si
1326 3685 1576 3756 perdurat
1599 3685 1690 3742 ille
1713 3700 1812 3741 an—

217 3791 321 3850 gor
349 3786 470 3848 post
497 3778 722 3849 gratiam
750 3777 805 3834 in
829 3777 1124 3835 visceribus
1146 3775 1490 3844 feminarum,
1514 3776 1657 3834 hunc
1681 3791 1810 3833 vero

215 3870 638 3940 opulentorum'
677 3870 911 3928 luxuries
954 3870 1168 3941 penitus
1202 3869 1439 3942 ignorat;
1467 3869 1514 3927 si
1550 3869 1811 3927 resolutio

218 3962 464 4033 corporis
485 3971 703 4034 propter
730 3962 858 4034 quid
881 3971 1132 4019 secutura
1160 3971 1326 4027 esset,
1357 3977 1673 4032 expressum
1699 3971 1804 4031 est,

219 4062 280 4110 et
306 4053 512 4109 artibus
549 4053 720 4124 magis
746 4068 905 4124 quam
933 4052 1204 4110 erroribus
1238 4052 1500 4124 applicata
1541 4071 1556 4108 :
1592 4062 1814 4124 apparet

218 4143 314 4201 hic
353 4158 564 4216 quoque
605 4143 1004 4201 Catbolicorum
1031 4143 1245 4201 veritati
1271 4139 1449 4199 Omnia
1475 4158 1806 4212 consonare,

219 4249 328 4292 nec
351 4235 638 4307 quidquam
661 4234 813 4291 vobis
833 4235 921 4290 vel
941 4234 1176 4292 feminas
1191 4233 1471 4306 prodesse,
1494 4235 1578 4290 vel
1606 4236 1808 4306 spinas.

295 4326 434 4382 Auc.
461 4324 595 4382 Cum
621 4325 687 4382 de
708 4340 887 4396 poena,
913 4340 1070 4396 quam
1089 4325 1232 4384 Deus
1259 4325 1452 4382 inﬂixit
1473 4326 1662 4397 primis
1685 4341 1812 4397 pec-

217 4400 515 4482 catoribus,
541 4416 862 4487 disputares,
893 4416 972 4471 sic
990 4415 1305 4486 jamdudum
1332 4431 1364 4471 a
1390 4417 1614 4474 muliere
1638 4426 1813 4474 trans-

219 4511 367 4567 ieras
385 4549 402 4576 ,
441 4519 500 4564 ut
516 4507 746 4574 diceres,
776 4527 795 4560 ι
827 4507 1109 4565 Sufficiam
1140 4508 1242 4564 ista
1283 4509 1352 4565 de
1378 4510 1624 4566 muliere.
1656 4529 1678 4564 ι
1702 4509 1813 4567 Cur

223 4613 364 4671 ergo
404 4614 507 4655 non
531 4600 760 4656 servasti
781 4598 940 4656 ﬁdem
959 4599 1331 4671 promissionis
1359 4601 1502 4658 tute?
1530 4601 1671 4658 Ecce
1691 4611 1812 4673 post

218 4699 337 4748 tam
361 4693 525 4750 multa
552 4693 695 4750 redis
719 4692 785 4750 ad
807 4708 946 4760 eam,
972 4707 1097 4750 ecce
1122 4693 1430 4764 loquacitati
1451 4703 1554 4751 tua
1577 4709 1684 4750 non
1706 4695 1814 4752 suf-

215 4785 446 4853 ficiunt,
475 4801 596 4858 qua:
636 4786 850 4842 dixeras
891 4785 955 4841 de
996 4784 1208 4840 muliere
1251 4785 1520 4856 inﬁciunt.
1552 4783 1660 4843 Sed
1709 4787 1812 4844 nisi

217 4878 345 4936 talis
364 4879 629 4935 verbosus
656 4893 828 4944 esses,
858 4877 1003 4934 unde
1042 4887 1166 4935 octo
1187 4876 1374 4945 libros,
1414 4893 1549 4949 quos
1577 4878 1669 4936 uni
1688 4893 1812 4936 meo

215 4970 428 5036 reddis,
454 4969 743 5042 impieres?
768 4969 878 5027 Sed
908 4970 996 5026 dic
1024 4969 1165 5042 quod
1191 4970 1286 5026 tibi
1317 4971 1524 5040 placet:
1545 4985 1672 5028 ecce
1691 4981 1813 5042 post

219 5062 546 5134 promissam
572 5061 952 5120 sufﬁcientiam
973 5103 990 5129 ,
1017 5061 1398 5118 abundantiam
1425 5078 1637 5135 quoque
1665 5072 1812 5120 tuam

217 5153 493 5223 patienter
519 5152 838 5210 audivimus.
873 5151 980 5208 Cur
1003 5153 1148 5209 enim
1193 5153 1387 5225 perdas
1413 5170 1502 5211 res
1536 5163 1644 5210 tam
1691 5155 1810 5212 bel-

218 5241 306 5300 las
325 5285 341 5310 ,
369 5259 488 5314 quae
515 5253 698 5316 postea
737 5245 832 5299 tibi
862 5245 917 5300 in
955 5255 1192 5302 mentem
1222 5247 1527 5303 venerunt?
1554 5247 1812 5316 Quamvis

218 5343 279 5390 et
302 5334 433 5390 illud
459 5335 646 5392 venire
669 5335 886 5404 debuit,
927 5345 987 5392 ut
1015 5337 1082 5393 de
1108 5337 1244 5394 libro
1272 5349 1384 5407 ttto,
1413 5339 1504 5411 qui
1529 5341 1811 5411 compleu-

220 5427 326 5482 dus
350 5426 525 5484 adhuc
551 5429 606 5484 in
653 5429 902 5486 manibus
930 5440 1082 5496 erat,
1115 5431 1330 5489 tolleres
1373 5434 1514 5502 quod
1563 5434 1808 5505 dixeras,

221 5518 492 5591 Suﬁiciant
515 5521 615 5576 ista
635 5519 698 5576 de
717 5519 963 5578 muliere;
988 5538 1058 5579 ne
1082 5533 1186 5580 tute
1222 5524 1589 5596 pollicitationi
1614 5535 1722 5584 tam
1739 5528 1813 5584 in-

1595 337 1796 395 LIBER
1834 333 2125 396 SEXTUS.

3366 357 3506 420 15⁸18

1924 450 2178 508 decenter
2206 457 2507 513 contrarius
2546 447 2821 531 legereris.
2852 461 2958 518 Sed
3000 481 3164 538 perge
3185 509 3201 535 ,
3234 469 3414 539 profer
3443 473 3499 529 in

1914 542 2172 609 medium,
2197 557 2381 602 contra
2415 565 2575 620 quam
2605 553 2927 622 promisisti,
2958 571 3078 626 quae
3123 570 3308 628 postea
3348 565 3500 634 cogi—

1914 633 2056 696 tasti.
2087 634 2182 691 Dic
2215 640 2620 706 partttritionum
2653 643 2887 700 laborem
2916 663 3014 718 pro
3043 653 3362 719 parientium
3378 633 3501 712 cor-

1911 726 2134 802 poribus
2159 729 2467 804 viribusque
2496 736 2719 804 variari;
2740 751 2899 809 atque
2919 740 2993 795 ita
3021 741 3267 800 describe
3302 746 3495 803 barba-

1911 822 2354 894 rasrusticasque
2387 825 2615 885 feminas
2643 829 2695 884 iu
2722 829 2976 892 facilitate
2997 838 3261 907 pariendi,
3301 850 3359 895 ut
3397 857 3500 900 nec

1910 912 2176 981 parturire
2205 914 2524 986 videantur;
2567 935 2632 976 ac
2668 937 2766 993 per
2813 923 2917 981 hoc
2953 943 3058 982 non
3089 945 3310 999 parvum
3339 933 3499 988 dolo-

1909 1001 2101 1068 remin
2132 1004 2386 1073 pariendo
2406 1010 2642 1078 sentire,
2671 1014 2764 1068 sed
2783 1017 3006 1071 nullum.
3040 1019 3192 1088 Quod
3218 1024 3262 1076 si
3294 1023 3364 1078 ita
3387 1034 3491 1092 est,

1908 1093 2034 1162 quid
2061 1103 2112 1149 te
2135 1095 2390 1165 adjuvat?
2420 1115 2600 1158 nonne
2637 1114 2824 1160 contra
2852 1116 2903 1162 te
2930 1107 3104 1178 ipsum
3131 1112 3383 1184 loqueris,
3407 1119 3500 1188 qui

1908 1185 2126 1244 dolores
2175 1189 2307 1244 istos
2336 1192 2408 1247 ita
2434 1197 2712 1250 naturales
2743 1213 2862 1254 esse
2888 1200 3068 1258 dixisti
3098 1247 3113 1271 ,
3155 1217 3214 1260 ut
3244 1208 3359 1262 sine
3388 1185 3494 1265 illis

1908 1276 2018 1346 Eva
2038 1294 2224 1348 parere
2249 1297 2354 1338 non
2390 1295 2589 1354 posset,
2622 1288 2832 1346 etiamsi
2863 1293 2915 1348 in
2947 1298 3192 1364 paradiso
3223 1302 3363 1355 nulla
3397 1303 3500 1356 ini-

1909 1372 2110 1442 quitate
2157 1387 2460 1446 perpetrata
2492 1381 2840 1449 persisteret?
2868 1386 3134 1460 Numquid
3162 1393 3413 1450 barbaras
3437 1411 3500 1451 ac

1907 1463 2134 1520 rUSticas
2169 1474 2286 1521 tuas
2307 1467 2397 1522 illa
2431 1472 2598 1539 prima
2637 1475 2864 1532 muliere
2907 1478 2960 1532 in
3009 1482 3106 1537 hac
3139 1499 3198 1538 re
3227 1483 3496 1543 feliciores

1907 1566 2037 1623 esse.
2053 1554 2297 1612 dicturus
2316 1574 2407 1628 es,
2445 1570 2500 1616 ut
2523 1562 2576 1617 in
2622 1562 2707 1620 his
2732 1571 3050 1626 aerumnosis
3081 1574 3237 1629 terris
3265 1577 3379 1631 sine
3403 1577 3501 1632 do-

1907 1642 2022 1707 lore
2069 1648 2320 1717 pariant,
2364 1652 2507 1721 quod
2547 1654 2599 1708 in
2629 1657 2896 1726 paradiso,
2930 1661 2974 1716 si
3006 1677 3218 1732 pareret
3247 1666 3360 1733 illa,
3390 1684 3496 1726 non

1908 1737 2134 1805 posset?
2162 1749 2412 1811 tanquam
2455 1744 2506 1798 in
2540 1745 2656 1801 istis
2685 1757 2874 1804 natura
2912 1753 2982 1806 sit
3019 1763 3218 1810 mutata
3262 1759 3492 1816 feminea

1907 1826 1963 1906 in
1994 1829 2183 1890 melius
2211 1847 2370 1901 quam
2403 1832 2576 1891 fuerat
2606 1838 2845 1896 instituta
2866 1882 2880 1906 ,
2932 1844 3154 1916 plusque
3179 1850 3405 1906 valuerit
3438 1851 3496 1908 in

1911 1934 1974 1990 ea
2022 1923 2275 1982 mutanda
2303 1925 2535 1982 humana
2571 1933 2588 1959 ⁸
2612 1933 2944 2001 exercitatio,
2974 1953 3132 2007 quam
3161 1940 3213 1994 in
3263 1944 3494 2001 creanda

1907 2012 2085 2082 divina
2115 2019 2374 2086 operatio.
2396 2019 2452 2076 Si
2470 2038 2597 2078 vero
2620 2025 2672 2079 in
2693 2027 2796 2083 tuis
2822 2029 2998 2085 verbis
3019 2047 3124 2086 non
3155 2033 3235 2089 vis
3265 2033 3494 2109 intelligi

1907 2105 2329 2184 sincdoloribus
2354 2126 2544 2181 parere
2591 2114 2800 2172 feroces
2823 2131 3168 2194 agrestesque
3200 2105 3494 2196 mulieres,

1907 2207 2066 2267 atque
2088 2199 2168 2254 eis
2193 2199 2264 2254 ita
2291 2213 2497 2271 partum
2523 2206 2854 2266 tolerabilem
2877 2210 3193 2285 facilemque
3220 2218 3495 2287 concedis,

1908 2296 1968 2379 ut
1991 2297 2169 2344 tamen
2203 2305 2296 2346 eas
2334 2307 2457 2349 cum
2486 2298 2717 2366 pariunt,
2747 2299 2931 2357 dolere
2952 2301 3201 2371 fatearis;
3234 2309 3496 2379 numquid

1906 2377 2030 2456 ideo
2050 2391 2140 2436 est
2165 2383 2311 2438 nulla
2339 2399 2518 2454 poena,
2549 2389 2672 2457 quia
2696 2379 2872 2447 ιιιὶιιοιο
2895 2393 3012 2448 est?
3035 2394 3159 2451 Sive
3179 2413 3306 2468 ergo
3324 2377 3499 2457 minus

1906 2473 2156 2543 doleant,
2183 2491 2304 2531 cum
2326 2480 2540 2548 pariunt
2561 2483 2674 2536 ista:
2703 2482 2922 2541 feminae
2944 2526 2960 2552 ,
2987 2489 3102 2545 sive
3144 2489 3262 2545 aliis
3284 2491 3499 2550 feminis

1907 2568 2164 2644 aequales,
2200 2570 2283 2625 vel
2315 2586 2500 2628 earum
2547 2575 2706 2630 etiam
2743 2578 3057 2648 quibusdam
3083 2583 3314 2654 majores
3341 2584 3498 2642 dolo-

1908 2675 2030 2746 res,
2056 2673 2362 2734 comparata
2385 2681 2482 2737 per
2501 2670 2942 2728 exercitationem
2971 2675 3302 2746 fortitudine,
3334 2679 3498 2736 mira-

1906 2751 2087 2828 biliter
2113 2753 2321 2824 ferant,
2350 2773 2451 2814 nec
2481 2760 2576 2817 illo
2603 2763 2845 2818 cruciatu
2878 2763 3168 2837 fatigentur
3194 2779 3354 2841 atque
3382 2772 3500 2828 lan-

1907 2857 2202 2915 guescant;
2246 2848 2432 2906 dolent
2475 2860 2654 2909 tamen
2676 2894 2690 2917 ,
2718 2864 2774 2910 et
2802 2857 2983 2928 utique
3003 2874 3192 2916 omnes
3212 2860 3457 2920 dolentes
3479 2903 3497 2931 ,

1908 2949 2006 3004 seu
2030 2939 2207 3010 magis
2245 2955 2341 2997 seu
2379 2943 2556 2998 minus
2596 2944 2862 3016 doleant,
2919 2950 3152 3021 majores
3197 2954 3503 3012 minoresve

1908 3044 2116 3104 pmnas,
2147 3033 2241 3088 sed
2279 3042 2458 3090 tamen
2483 3051 2691 3107 ptenas,
2716 3040 2738 3071 ³
2772 3040 2888 3096 sine
2914 3042 3020 3097 ulla
3048 3043 3377 3102 dubitatione
3406 3063 3505 3118 pa-

1909 3124 2134 3204 tiuntur.
2162 3125 2248 3181 Tu
2293 3137 2474 3183 autem
2519 3129 2567 3185 si
2597 3139 2649 3186 te
2675 3133 2980 3202 cogitares,
3033 3151 3142 3191 non
3182 3138 3326 3204 dico,
3357 3138 3504 3194 chri-

1907 3214 2141 3289 stianum
2160 3256 2176 3284 ,
2233 3216 2332 3272 sed
2351 3217 2797 3290 qualemcumque
2822 3222 3117 3290 hominem,
3149 3225 3354 3284 facilius
3383 3230 3504 3284 nul-

1906 3304 2178 3378 lumesse
2211 3307 2567 3366 contenderes
2590 3311 2898 3381 paradisum
2920 3314 3039 3383 Dei,
3081 3333 3239 3386 quam
3267 3333 3389 3374 eum
3418 3318 3505 3374 fa-

1910 3411 2064 3453 ceres
2091 3407 2176 3454 tua
2206 3399 2465 3472 sacrilega
2492 3400 2856 3473 disputatione
2887 3408 3176 3475 poenalem.
3213 3409 3505 3480 Eleganter

1908 3501 2040 3564 sane
2077 3486 2270 3543 divites
2317 3489 2462 3546 viros
2511 3491 2580 3546 ab
2648 3494 2992 3550 lucreditario
3056 3497 3216 3566 primi
3269 3497 3504 3558 hominis

1913 3579 2095 3637 labore
2122 3579 2385 3650 defendis,
2413 3581 2666 3654 ignorans
2690 3625 2706 3652 ,
2739 3595 2832 3642 aut
2862 3595 2915 3643 te
2941 3588 3082 3645 scire
3109 3589 3453 3650 dissimulans
3475 3632 3493 3662 ,

1910 3673 2150 3740 amarius
2181 3673 2424 3732 laborare
2469 3678 2885 3748 cogitationibus
2910 3680 3108 3738 divites
3131 3722 3149 3750 ,
3185 3700 3344 3754 quam
3377 3702 3508 3757 ope-

1915 3765 2213 3842 rationibus
2234 3781 2516 3837 pauperes.
2541 3766 2772 3826 Nomine
2793 3771 2992 3842 quippe
3020 3772 3234 3829 sudoris
3273 3790 3508 3846 genera-

1913 3855 2022 3937 lem
2049 3871 2202 3912 sacra
2223 3856 2498 3928 Scriptura
2522 3859 2843 3930 significavit
2867 3862 3109 3919 laborem
3129 3906 3144 3930 ,
3188 3882 3218 3919 a
3245 3883 3353 3937 quo
3382 3870 3508 3924 nul-

1915 3947 2002 4034 lus
2033 3949 2313 4004 hominum
2343 3958 2426 4005 est
2465 3951 2739 4020 immunis,
2770 3967 2892 4008 cum
2917 3954 3008 4009 alii
3039 3956 3289 4014 laborant
3327 3961 3507 4038 operi-

1913 4022 2017 4107 lius
2041 4039 2191 4117 duris
2215 4080 2230 4104 ,
2256 4040 2781 4100 alii-sollicitantibus
2800 4048 2962 4102 curis.
2992 4048 3072 4104 Ad
3104 4049 3321 4106 eosdem

1913 4145 2004 4197 res
2024 4133 2293 4207 pertinent
2321 4135 2484 4190 etiam
2513 4136 2689 4192 studia
2714 4154 3052 4212 quorumque
3069 4143 3411 4200 discentium.
3438 4146 3506 4202 Et

1913 4237 2034 4294 qua:
2055 4223 2193 4294 parit
2217 4223 2332 4280 haec
2352 4265 2369 4291 ,
2396 4226 2500 4282 nisi
2532 4237 2673 4284 terra
2699 4229 2834 4296 hac,
2863 4247 3025 4302 quam
3069 4233 3330 4291 formator
3355 4236 3496 4308 ejus,

1914 4313 2128 4392 quando
2157 4315 2386 4385 primum
2415 4315 2688 4374 hominem
2713 4321 2985 4390 condidit,
3008 4340 3113 4380 non
3143 4323 3347 4383 fecerat
3369 4345 3504 4386 one-

1914 4408 2129 4464 rosam?
2157 4409 2308 4465 Nunc
2333 4425 2477 4476 vero,
2516 4412 2656 4467 sicut
2683 4415 2943 4484 scriptum
2971 4425 3076 4483 est,
3102 4417 3300 4487 Corpus
3320 4437 3504 4477 corru-

1916 4498 2090 4576 ptibile
2105 4511 2348 4570 aggravet
2375 4502 2619 4570 animum,
2642 4513 2690 4558 et
2709 4507 2948 4576 deprimit
2975 4516 3176 4563 terrena
3193 4509 3498 4568 inhabitatio

1914 4604 2116 4666 sensum
2134 4592 2294 4645 multa
2313 4592 2650 4663 cogitantem;
2692 4604 2739 4649 et
2764 4595 3036 4666 diﬁc-alter
3055 4600 3364 4657 testimamus
3387 4621 3503 4675 quae

1913 4679 1970 4763 in
1989 4689 2124 4740 terra
2149 4691 2300 4749 sunt,
2330 4692 2376 4737 et
2403 4698 2516 4753 qua,
2537 4684 2592 4738 in
2621 4695 2890 4758 prospectu
2916 4698 3055 4757 sunt,
3079 4691 3361 4748 invenimus
3387 4710 3503 4749 cum

1915 4771 2086 4840 labore
2109 4772 2264 4847 (Sap.
2297 4790 2378 4842 Ix,
2410 4776 2501 4841 15,
2536 4777 2649 4848 16).
2686 4777 2810 4836 Sive
2833 4791 2962 4850 ergo
2984 4781 3166 4848 utiles,
3197 4783 3313 4840 sive
3340 4784 3501 4840 inuti-

1913 4853 1996 4948 les
2014 4881 2375 4938 quascumque
2404 4867 2676 4924 doctrinas
2701 4870 2915 4928 studeat
2940 4872 3105 4930 homo
3132 4864 3363 4943 discere,
3405 4892 3506 4948 ag-

1915 4968 2173 5041 gravante
2206 4958 2441 5015 animam
2491 4961 2828 5033 corruptibili
2879 4978 3128 5036 corpore,
3165 4982 3387 5025 necesse
3423 4979 3513 5027 est

1913 5049 2142 5132 laboret.
2170 5051 2431 5120 Quocirca
2458 5053 2621 5110 etiam
2661 5055 2741 5111 sic
2766 5056 2816 5112 ei
2840 5065 2982 5113 terra
3011 5057 3113 5113 ista
3138 5061 3320 5130 spinas
3344 5062 3506 5132 parit.

1915 5127 2025 5219 Nec
2059 5143 2128 5198 ab
2161 5142 2247 5199 bis
2271 5145 2440 5216 spinis
2479 5145 2672 5203 divites
2699 5146 2948 5205 dicantur
2977 5151 3138 5206 alieni
3160 5127 3183 5206 ε.
3197 5127 3502 5222 praesertim

1915 5236 2038 5318 quia
2066 5239 2253 5308 spinas
2305 5239 2424 5295 illas
2454 5239 2507 5296 in
2541 5221 2856 5311 Evangelio,
2886 5243 3084 5314 quibus
3123 5221 3265 5313 jacta
3296 5245 3503 5300 semina

1913 5345 1984 5408 ne
2028 5330 2095 5393 ad
2123 5329 2505 5388 fecunditatem
2540 5335 2897 5404 perveniant,
2924 5336 3316 5406 opprimuntur,
3346 5351 3506 5395 curas

1913 5438 2036 5494 esse
2066 5424 2220 5496 hujus
2236 5426 2357 5480 vitae
2387 5437 2440 5482 et
2467 5427 2852 5483 sollicitudines
2880 5426 3186 5482 divitiarum
3211 5428 3353 5484 Deus
3380 5445 3495 5485 ma-

1913 5519 2080 5590 gister
2104 5518 2321 5590 exponit
2342 5519 2559 5590 (Matth.
2605 5536 2718 5586 xui,
2749 5520 2842 5588 ει)
2869 5535 2885 5585 ;
2921 5518 3010 5588 qui
3040 5527 3184 5574 certe
3215 5536 3318 5575 non
3362 5521 3506 5577 solos

1982 5633 1998 5664 ι
2025 5632 2311 5694 vignierius,
2332 5633 2564 5685 mutanda
2585 5631 2887 5696 exercitatio;
2897 5633 3092 5694 omisso,
3106 5632 3339 5698 humana;
3357 5637 3506 5686 resti-

291 5673 313 5758 ξ
356 5674 630 5758 v_ignlerius
665 5674 788 5740 legit
828 5683 884 5728 ut
932 5683 1014 5728 BB.
1069 5687 1126 5732 At
1175 5687 1346 5733 Iuven.
1382 5717 1399 5746 ,
1455 5683 1678 5752 disiunge
1731 5690 1810 5742 bo-
1877 5673 2526 5758 auau'r'ii'wﬁ’eéi’ii-Ye;

222 5746 324 5830 va;
499 5796 1043 5864 luculentormn.ltptius
1064 5809 1192 5870 Mss,
1215 5805 1560 5870 opulentorum

394 5881 624 5949 Sacr.
651 5885 931 5951 Auensr.
976 5886 1056 5954 Χ.

2031 5761 2098 5825 βξ
2148 5756 2580 5821 ηιθιιιιδοτὶιιὶοτιιω
2620 5757 2713 5808 ﬁde
2761 5756 3013 5816 addimus,
3063 5759 3149 5807 seu'
3204 5766 3361 5811 tam
3403 5771 3508 5824 pat-

2877 5903 3072 5990 (ϐίης
3083 5907 3325 5989 nauta.)
