3958 6512
278 372 423 437 158i

282 508 388 567 gno
410 494 554 567 quod
599 494 923 565 appellatum
949 500 1031 550 est
1068 488 1454 566 dignoscentice
1478 495 1604 551 boni
1630 505 1683 550 et
1716 494 1864 560 mali,

281 604 389 644 non
413 588 738 645 manducare
777 597 1098 662 prmceptum
1130 600 1213 645 est
1239 589 1306 645 ei.
1356 578 1465 645 Cur
1500 605 1627 661 ergo
1654 596 1873 659 putetur

280 692 387 740 non
419 684 769 739 manducasse
794 684 862 740 de
880 684 1026 757 ligno
1051 686 1196 753 vitae,
1226 682 1657 756 quandoquidem
1684 691 1738 736 et
1767 696 1873 736 cae-

283 778 413 837 teris
450 777 608 848 longe
637 776 995 850 praestabilius
1035 772 1152 834 erat
1171 818 1186 843 ,
1218 785 1272 832 et
1300 775 1391 830 illo
1421 774 1543 830 solo
1572 779 1795 842 excepto
1814 770 1871 825 in

286 885 395 940 quo
421 868 682 940 peccavit,
706 884 770 923 ex
801 868 1047 923 omnibus
1068 863 1425 922 manducandi
1461 870 1745 934 acceperat
1772 875 1871 932 po-

280 959 568 1017 testatem?
595 959 690 1016 Dei
718 975 947 1032 namque
978 958 1338 1030 praecipientis
1359 955 1476 1011 haec
1505 954 1665 1008 verba
1702 959 1830 1007 sunt
1854 971 1867 1007 :

282 1052 358 1110 Ab
377 1055 513 1109 omni
538 1054 698 1126 ligno,
754 1053 943 1126 inquit,
983 1046 1118 1125 quod
1146 1060 1219 1106 est
1244 1052 1298 1105 in
1327 1049 1583 1122 paradiso,
1615 1047 1731 1101 edes
1761 1062 1779 1100 :
1809 1046 1871 1100 de

282 1147 422 1220 ligno
449 1154 621 1201 autcm
649 1144 979 1218 cognoscendi
1010 1145 1193 1199 bonum
1221 1153 1266 1195 et
1296 1139 1484 1195 malum
1509 1180 1524 1205 ,
1579 1155 1681 1191 non
1719 1154 1868 1191 man-

283 1237 489 1292 ducabis
540 1237 603 1291 de
628 1235 718 1292 illo
757 1231 1276 1310 (Gen.n,16et‘l7).
1312 1232 1550 1303 Itemque
1602 1231 1700 1285 ista
1746 1239 1871 1284 sunt

282 1330 442 1384 verba
470 1328 774 1384 damnantis
798 1347 809 1381 :
846 1324 975 1395 Quia
996 1328 1203 1393 audisti,
1229 1325 1416 1396 inquit,
1447 1340 1619 1377 vocem
1637 1322 1867 1377 mulieris

285 1430 404 1490 tute,
428 1430 475 1474 et
503 1420 649 1475 edisti
687 1420 751 1474 de
783 1420 939 1492 ligno,
964 1418 1026 1473 de
1069 1435 1166 1489 quo
1207 1433 1542 1488 prwceperam
1570 1414 1688 1482 tibi,
1720 1414 1782 1467 de
1811 1429 1868 1468 eo

279 1514 389 1569 solo
415 1530 516 1567 non
544 1513 689 1567 edere
730 1511 749 1585 (
778 1508 889 1579 Id.,
922 1528 996 1579 Ill,
1056 1508 1185 1583 l7).
1231 1512 1361 1578 Qua:
1388 1509 1547 1580 igitur
1572 1508 1669 1563 fuit
1707 1521 1869 1563 causa

282 1612 341 1658 ut
366 1620 471 1658 non
501 1602 768 1673 praecipue
795 1601 860 1658 de
905 1604 1049 1673 ligno
1073 1603 1195 1658 vita:
1252 1600 1577 1657 manducare
1618 1607 1864 1665 curaret,

281 1711 404 1752 cum
455 1695 749 1766 prohibitus
805 1710 911 1751 non
944 1694 1105 1751 fuerit
1146 1694 1248 1749 nisi
1294 1693 1363 1750 ab
1412 1693 1501 1748 illo
1529 1692 1643 1748 solo
1668 1733 1683 1760 ,
1714 1690 1868 1762 cujus

282 1787 628 1859 usurpatione
655 1782 934 1857 peccavit?
957 1785 1072 1843 lmo
1099 1787 1144 1842 si
1169 1786 1451 1858 vigilanter
1480 1785 1865 1855 intelligamus,

283 1882 423 1937 sicut
449 1880 515 1936 de
546 1881 689 1953 ligno
731 1881 1017 1938 interdicto
1068 1880 1441 1937 manducando
1470 1880 1749 1952 peccavit,
1795 1880 1865 1934 ita

280 1972 350 2028 de
405 1972 548 2043 ligno
580 1972 701 2027 vita:
750 1987 856 2027 non
891 1968 1264 2028 manducando
1296 1979 1583 2043 peccaret;
1615 1969 1866 2042 quoniam

280 2066 396 2139 ipse
424 2066 523 2121 sibi
548 2066 735 2136 vitam,
776 2081 899 2138 qua:
948 2082 1013 2123 ex
1045 2067 1136 2122 illo
1166 2067 1310 2139 ligno
1337 2066 1543 2130 aderat,
1577 2062 1862 2121 invideret.

280 2158 372 2215 Illa
404 2175 530 2215 vero
561 2159 931 2214 immortalitas
957 2159 1008 2213 in
1039 2175 1141 2229 qua
1171 2159 1340 2215 sancti
1366 2157 1553 2228 Angeli
1581 2157 1785 2225 vivunt,
1812 2164 1869 2212 et

276 2254 337 2310 in
365 2269 467 2326 qua
499 2268 596 2309 nos
638 2268 851 2327 quoque
880 2253 1069 2308 victuri
1093 2266 1295 2319 sumus,
1323 2251 1507 2323 procul
1537 2248 1701 2304 dubio
1750 2263 1865 2302 ma-

278 2345 368 2418 jor
396 2354 497 2401 cst.
532 2344 650 2401 Non
683 2345 826 2400 enim
853 2345 990 2412 talis,
1018 2344 1071 2399 in
1099 2360 1200 2416 qua
1226 2344 1388 2399 homo
1425 2343 1617 2397 habeat
1650 2338 1865 2412 quidem

280 2439 333 2493 in
360 2446 625 2509 potestate
654 2452 760 2493 non
790 2437 951 2502 mori,
980 2437 1117 2491 sicut
1147 2452 1254 2491 non
1280 2450 1527 2508 peccare,
1554 2433 1648 2489 sed
1686 2440 1866 2487 tamen

288 2531 458 2602 possit
475 2539 530 2586 et
549 2529 707 2598 mori,
747 2530 872 2602 quia
910 2540 1086 2601 potest
1109 2544 1330 2600 peccare
1355 2546 1368 2582 :
1399 2527 1495 2583 sed
1523 2528 1644 2582 talis
1673 2535 1756 2583 est
1779 2526 1865 2581 illa

282 2622 669 2690 immortalitas,
701 2623 754 2677 in
801 2637 904 2691 qua
934 2622 1109 2677 omnis
1133 2622 1218 2693 qui
1247 2620 1320 2675 ibi
1341 2630 1453 2689 est,
1480 2619 1706 2686 velerit,
1729 2617 1866 2674 mori

240 2726 386 2768 ‘non
430 2713 667 2784 poterit,
708 2713 833 2783 quia
872 2728 972 2769 nec
1015 2728 1239 2784 peccare
1290 2710 1402 2784 jam
1444 2709 1657 2781 poterit.
1690 2709 1865 2763 Tanta

277 2807 473 2879 quippe
502 2806 607 2860 erit
635 2805 708 2861 ibi
740 2805 986 2861 voluntas
1005 2804 1143 2862 bene
1174 2804 1384 2860 vivendi
1414 2845 1428 2869 ,
1460 2811 1655 2876 quanta
1704 2802 1865 2857 etiam

278 2913 422 2954 nunc
462 2907 549 2955 est
585 2897 833 2954 voluntas
874 2896 1032 2952 beate
1061 2895 1318 2962 vivendi,
1360 2910 1518 2966 quam
1562 2893 1717 2948 nobis
1767 2905 1868 2946 nec

282 2990 497 3048 miseria
523 2989 760 3061 potuisse
786 2988 1030 3045 videmus
1053 2986 1274 3044 auferri.
1308 2986 1363 3041 In
1392 2988 1530 3042 hanc
1553 2983 1872 3041 immortali-

277 3091 482 3152 tatem,
529 3082 673 3138 nullo
699 3081 1000 3153 ambigente
1032 3080 1309 3152 majorem,
1340 3079 1383 3133 si
1436 3096 1501 3134 ex
1546 3078 1631 3132 illa
1659 3077 1867 3132 minore

275 3172 425 3229 dicas
455 3172 624 3228 Adam
667 3172 1101 3228 remuneratione
1131 3170 1447 3226 obedientim
1473 3212 1488 3237 ,
1520 3168 1663 3222 nulla
1692 3168 1865 3222 inter—

275 3267 446 3339 posita
471 3276 642 3322 morte
668 3266 901 3337 potuisse
920 3264 1142 3332 mutari;
1166 3264 1313 3319 dices
1338 3261 1536 3332 aliquid
1559 3259 1700 3332 quod
1718 3267 1865 3314 recta

276 3357 411 3417 ﬁdes
454 3374 560 3416 non
607 3359 799 3416 debeat
842 3358 1190 3431 improbare:
1223 3357 1268 3412 si
1322 3364 1499 3410 autem
1554 3353 1631 3408 sic
1679 3351 1865 3406 laudas

278 3452 456 3518 istam,
484 3460 543 3507 ut
592 3466 755 3521 neges
785 3450 968 3516 illam;
1000 3451 1238 3521 profecto
1267 3455 1322 3502 et
1347 3446 1626 3509 mortibus,
1658 3454 1712 3498 et
1751 3459 1865 3498 mo.

279 3543 525 3599 rientium
583 3542 855 3610 cladibus,
901 3556 1034 3613 quas
1081 3557 1186 3596 non
1238 3538 1460 3596 ferendo
1511 3547 1766 3608 urgentur
1810 3536 1864 3589 in

276 3645 523 3700 mortem,
552 3635 758 3706 cogeris
788 3634 1014 3705 implere
1043 3633 1275 3706 paradisi
1326 3629 1548 3695 faciem;
1586 3640 1743 3701 atque
1792 3629 1865 3685 ita

276 3735 422 3782 tuam
449 3727 778 3797 decolorare,
810 3737 867 3782 ut
897 3738 947 3783 te
975 3728 1108 3783 velis
1137 3727 1339 3797 fugere,
1391 3727 1437 3780 si
1469 3726 1611 3779 illam
1639 3725 1692 3779 in
1744 3739 1867 3795 spe-

275 3821 399 3879 culo
432 3819 604 3891 possis
656 3821 916 3895 aspicere.
971 3820 1078 3876 Cur
1107 3820 1251 3874 enim
1270 3829 1326 3884 et
1358 3817 1556 3890 posteri
1583 3816 1737 3886 primi
1768 3815 1866 3873 h0-

275 3911 438 3968 minis
485 3911 540 3966 in
572 3911 822 3984 paradiso
858 3913 1007 3977 nati,
1053 3921 1107 3966 et
1143 3926 1249 3966 non
1293 3909 1466 3969 solum
1493 3908 1640 3975 boni,
1674 3922 1865 3963 verum

275 4006 439 4062 etiam
468 4006 638 4071 beati,
668 4014 988 4077 cogerentur
1020 4004 1192 4068 mori,
1220 4004 1264 4058 si
1307 4018 1401 4058 eos
1426 4001 1570 4057 nulla
1612 4001 1769 4071 culpa
1798 3999 1867 4055 de

275 4096 528 4169 paradiso
550 4097 699 4152 exire
726 4097 1094 4168 compelleret,
1120 4096 1206 4150 ubi
1243 4105 1359 4151 erat
1387 4095 1588 4166 lignum
1617 4093 1742 4148 vitae
1765 4133 1781 4160 ,
1813 4101 1868 4149 et

272 4170 485 4246 summa
514 4204 582 4245 ex
612 4189 704 4243 illo
728 4188 941 4243 vivendi
960 4196 1216 4257 potestas,
1245 4185 1509 4241 moriendi
1541 4192 1719 4239 autem
1747 4183 1867 4238 nul-

277 4278 332 4337 la
358 4279 687 4337 necessitas?
717 4279 761 4335 A
779 4294 883 4351 qua
912 4279 1230 4334 necessitate
1261 4276 1503 4332 translati
1530 4288 1654 4331 sunt
1674 4274 1865 4331 Enoch

276 4382 333 4433 et
356 4373 505 4429 Elias
534 4392 547 4427 :
581 4375 633 4429 in
663 4373 748 4429 bis
776 4373 922 4430 enim
970 4373 1125 4428 terris
1161 4380 1351 4438 erant,
1385 4372 1475 4426 ubi
1505 4372 1713 4443 lignum
1743 4371 1868 4425 vitae.

277 4482 387 4523 non
408 4473 557 4532 erat,
584 4475 639 4521 et
662 4463 785 4521 ideo
813 4480 907 4520 eos
934 4463 1000 4520 ad
1029 4462 1187 4534 hujus
1213 4464 1336 4518 vita:
1357 4462 1540 4528 tinem,
1568 4464 1868 4519 communis

282 4556 531 4613 omnibus
583 4555 881 4613 necessitas
936 4558 1125 4611 mortis
1154 4556 1395 4626 urgebat.
1426 4554 1576 4636 ’Nam
1630 4570 1735 4626 quo
1774 4570 1869 4612 eos

281 4645 605 4704 credendum
656 4655 740 4704 est
785 4645 951 4702 fuisse
980 4644 1290 4712 translatos,
1337 4646 1445 4705 nisi
1472 4645 1558 4700 ubi
1586 4636 1669 4702 est
1693 4648 1868 4717 ipsum

282 4743 407 4795 vitae
435 4739 655 4811 lignum,
688 4738 830 4795 unde
860 4739 966 4794 illis
994 4738 1062 4794 sit
1091 4747 1330 4810 potestas
1350 4737 1597 4804 vivendi,
1632 4753 1731 4796 nec
1760 4738 1869 4794 ulla

279 4831 543 4889 moriendi
589 4826 922 4897 necessitas;
956 4832 1095 4887 sicut
1134 4818 1277 4886 esset
1305 4826 1359 4885 in
1399 4830 1655 4901 paradiso
1683 4830 1861 4885 homi-

279 4922 462 4992 nibus,
510 4926 565 4982 in
615 4922 810 4999 quibus
855 4926 999 4980 nulla
1030 4924 1284 4996 peccandi
1317 4925 1551 4980 oriretur
1580 4924 1831 4979 voluntas
1852 4965 1866 4989 ,

279 5034 400 5090 qua:
429 5017 555 5073 illos
582 5002 655 5073 ibi
681 5033 801 5074 esse
826 5034 931 5074 non
959 5017 1179 5083 sineret,
1208 5018 1299 5073 ubi
1332 5018 1476 5074 nulla
1504 5018 1728 5090 aequitas
1755 5033 1869 5072 mo-

276 5109 329 5169 ri
357 5110 622 5189 cogeret?
645 5107 983 5183 Quapropter
1033 5111 1277 5183 exempla
1308 5110 1496 5167 Enoch
1527 5122 1580 5168 et
1612 5112 1744 5167 Elia:
1772 5128 1873 5168 nos

278 5203 460 5275 potius
487 5221 646 5275 quam
673 5220 768 5262 vos
788 5205 1091 5285 _adjuvant.
1126 5205 1277 5281 Deus.
1297 5207 1492 5277 quippe
1530 5205 1585 5261 in
1608 5206 1695 5262 his
1731 5206 1873 5262 duo-

279 5294 382 5349 bus
426 5295 698 5362 ostendit,
728 5296 858 5369 quid
884 5298 1044 5355 etiam
1090 5297 1196 5354 illis
1223 5312 1359 5368 quos
1383 5298 1585 5354 dimisit
1616 5299 1683 5355 de
1712 5315 1872 5372 para-

281 5387 433 5458 diso,
466 5399 816 5461 prchIaturus
860 5401 1023 5459 esset,
1053 5392 1097 5446 si
1126 5407 1352 5463 peccare
1375 5393 1676 5449 noluissent
1702 5411 1716 5447 :
1750 5393 1875 5451 inde

281 5495 516 5553 namque
554 5479 713 5551 ejecti
754 5488 879 5536 sttnt
911 5481 1020 5550 isti,
1071 5497 1178 5552 quo
1228 5482 1434 5553 traiecti
1479 5491 1607 5538 sunt
1632 5483 1730 5539 illi.
1769 5483 1873 5539 Ubi

283 5574 446 5630 etiam
477 5573 579 5630 hoc
605 5573 684 5629 eis
708 5573 799 5630 Dei
826 5574 1001 5645 gratia
1029 5575 1294 5630 credimus
1319 5591 1440 5633 esse
1468 5575 1720 5631 collatum
1744 5616 1760 5643 ,
1803 5591 1874 5634 ne

283 5662 558 5720 haberent
610 5662 761 5720 unde
778 5663 1037 5731 dicerent,
1076 5663 1287 5720 Dimitte
1330 5666 1471 5720 nobis
1508 5666 1674 5722 debita
1700 5676 1875 5747 nostrp

286 5752 510 5826 (Matth.
534 5750 608 5822 v1,
640 5752 753 5827 12).
780 5753 840 5809 In
871 5753 954 5809 his
979 5754 1120 5809 enim
1149 5758 1326 5824 terris,
1362 5757 1447 5813 ubi
1475 5773 1670 5828 corpus
1690 5773 1876 5814 corru-

291 5847 480 5918 ptibile
534 5859 723 5930 eorum
773 5846 979 5902 animas
1007 5848 1322 5918 aggravabat
1349 5850 1513 5921 (Sap.
1544 5870 1623 5921 ιι,
1655 5850 1775 5924 15),
1805 5855 1874 5911 ita

1678 378 1885 439 LIBER
1912 364 2211 438 ἘΕΧἹὌΞ.

3434 378 3572 455 ista

1988 486 2345 566 conﬂigebant
2367 512 2562 571 magno
2581 515 2750 573 agone
2771 518 2893 559 cum
2914 500 3080 573 vitiis,
3108 515 3167 562 ut
3189 516 3367 564 tamen
3408 504 3453 567 si
3482 498 3565 567 di-

1982 593 2168 665 cerent
2193 600 2252 641 se
2281 602 2387 643 non
2418 588 2616 648 habere
2640 605 2936 663 peccatum,
2969 611 3027 651 se
3058 598 3201 667 ipsos
3229 597 3560 669 deciperent,

1981 684 2035 731 et
2064 677 2261 732 veritas
2307 694 2413 735 non
2443 692 2587 738 esset
2638 686 2689 739 in
2721 685 2800 741 eis
2830 687 2848 757 (
2879 686 2897 742 l
2924 688 3082 742 Joan.
3111 706 3148 755 I,
3177 688 3277 761 8).
3305 691 3405 757 Qui
3433 707 3567 749 sane

1983 768 2273 825 creduntur
2297 771 2365 827 ad
2391 775 2639 844 exiguum
2671 778 2927 849 temporis
2970 779 3192 837 redituri
3224 781 3277 836 in
3308 782 3404 837 has
3452 791 3567 838 ter-

1979 876 2069 918 ras
2093 904 2107 928 ,
2155 870 2213 918 ut
2249 864 2411 919 etiam
2440 865 2539 937 ipsi
2570 883 2690 922 cum
2735 879 2908 926 morte
2955 871 3284 945 conﬂigant,
3316 880 3371 929 et
3422 875 3566 945 quod

1977 954 2140 1025 primi
2189 954 2421 1012 hominis
2468 961 2742 1031 propagini
2792 962 3017 1020 debetur
3068 964 3371 1023 exsolvant.
3412 960 3566 1024 Unde

1977 1045 2379 1119 intelligendum
2406 1059 2521 1119 est,
2569 1053 2710 1124 quod
2739 1054 2773 1108 ii
2803 1058 2892 1125 qui
2924 1067 3200 1125 peccatum
3232 1058 3433 1113 nullum
3464 1054 3562 1114 ha-

1976 1136 2188 1205 berent,
2209 1149 2265 1195 et
2280 1138 2373 1194 filii
2399 1156 2606 1212 eorum,
2634 1146 2678 1199 si
2706 1145 2936 1213 paradisi
2951 1145 3277 1203 habitatores
3299 1147 3351 1202 in
3373 1148 3563 1205 eadem

1977 1228 2293 1285 rectitudine
2344 1244 2737 1302 permanerent,
2766 1236 2935 1307 magis
2962 1237 3016 1291 in
3040 1237 3127 1291 illa
3158 1237 3565 1296 immortalitate

1978 1318 2329 1390 persistercnt
2349 1363 2363 1389 ,
2391 1321 2564 1378 donec
2612 1322 2668 1377 in
2695 1326 3031 1395 ampliorem,
3062 1329 3206 1383 nulla
3248 1329 3564 1400 interposita

1974 1423 2168 1482 morte,
2203 1414 2520 1482 transirent,
2572 1416 2617 1470 si
2660 1416 2739 1472 eis
2778 1400 2868 1490 qui
2908 1420 2986 1474 sic
3014 1432 3166 1477 erant
3204 1422 3255 1476 in
3288 1422 3372 1478 his
3409 1424 3566 1480 terris

1973 1514 2122 1560 extra
2149 1504 2454 1577 paradisum
2477 1506 2628 1579 justi,
2664 1518 2720 1563 ut
2762 1528 2867 1565 non
2898 1524 3116 1581 possent
3142 1514 3323 1570 dicere
3368 1531 3426 1571 se
3452 1520 3560 1570 ndn

1973 1595 2172 1654 habere
2211 1609 2509 1671 peccatum,
2538 1600 2591 1656 id
2618 1611 2699 1657 est
2718 1643 2733 1668 ,
2763 1603 2949 1658 Enoch
2975 1614 3031 1659 et
3057 1605 3186 1660 Elia}
3211 1617 3407 1660 tantam
3437 1606 3561 1661 diu-

1974 1691 2282 1749 turnitatem
2330 1693 2451 1748 vita;
2482 1693 2744 1749 fateamur
2772 1711 2893 1752 esse
2930 1696 3202 1752 collatam.
3251 1697 3358 1754 Sed
3384 1696 3565 1754 Domi-

1972 1798 2089 1851 nus,
2126 1783 2323 1854 inquis,
2346 1785 2683 1856 interrogatus
2713 1784 2775 1840 de
2797 1786 3061 1858 septinuba
3087 1787 3178 1842 illa
3200 1787 3427 1858 muliere,
3470 1804 3564 1844 sua

1970 1878 2300 1948 responsione
2352 1879 2573 1949 ﬁrmavit
2599 1920 2615 1946 ,
2645 1889 2909 1952 propterea
2952 1881 3159 1950 nuptias
3188 1882 3467 1949 institutas,
3510 1893 3565 1938 ut

1972 1965 2161 2022 damna
2189 1970 2366 2023 mortis
2409 1970 2577 2038 fetura
2603 1969 2861 2040 suppleret
2880 1986 2904 2035 ;
2928 1980 3235 2026 cessaturum
3255 1990 3368 2027 vero
3390 1970 3562 2028 muni-

1970 2057 2123 2127 ficam
2149 2059 2530 2130 fecunditatem,
2562 2075 2675 2114 cum
2700 2077 2835 2115 mors
2861 2066 3016 2115 avara
3044 2064 3326 2119 cessaverit.
3372 2062 3561 2120 Omni-

1971 2162 2042 2204 no
2068 2166 2238 2218 erras,
2264 2152 2353 2223 qui
2385 2159 2666 2223 pr0pterea
2695 2160 2851 2221 putas
2870 2153 3114 2208 instituta
3145 2169 3266 2210 esse
3292 2156 3561 2227 coniugia,

1972 2249 2031 2296 ut
2057 2242 2303 2298 decessro
2330 2252 2663 2299 mortuorum
2705 2245 3043 2314 suppleretur
3073 2248 3416 2303 successione
3460 2262 3561 2303 na-

1970 2335 2255 2390 scentium.
2288 2326 2531 2391 instituta
2582 2346 2707 2392 sunt
2750 2352 2981 2408 namque
3034 2340 3300 2411 conjugis,
3333 2348 3389 2396 ut
3418 2339 3557 2398 ﬁlios

1969 2426 2231 2497 patribus,
2262 2437 2317 2482 et
2347 2437 2524 2497 patres
2546 2428 2701 2494 ﬁliis,
2744 2437 2920 2483 certos
2949 2427 3150 2484 faceret
3193 2430 3445 2501 pudicitia
3473 2429 3557 2488 fe-

1973 2517 2262 2573 minarum.
2310 2517 2446 2575 Nam
2509 2531 2565 2576 et
2610 2521 2875 2590 permixto
2920 2536 3018 2576 usu
3054 2532 3216 2594 atque
3270 2523 3562 2581 indiscreto

1975 2625 2310 2682 quarumque
2361 2611 2644 2667 mulierum
2664 2611 2962 2680 ,.homines
2990 2600 3134 2669 nasei
3175 2623 3396 2685 possent
3424 2633 3437 2668 :
3466 2615 3563 2672 sed

1971 2714 2115 2760 certa
2143 2698 2481 2760 necessitudo
2510 2705 2649 2760 inter
2677 2715 2860 2776 patres
2890 2712 2944 2760 et
2983 2705 3120 2760 filios
3159 2722 3279 2763 esse
3306 2724 3411 2764 non
3438 2724 3565 2780 pos-

1970 2804 2072 2853 set.
2106 2796 2162 2851 Si
2195 2808 2376 2853 autem
2412 2812 2570 2853 nemo
2602 2806 2882 2869 peccaret,
2914 2804 2969 2852 et
2994 2797 3064 2853 ob
3092 2798 3194 2855 hoc
3221 2801 3379 2855 etiam
3402 2816 3562 2858 nemo

1970 2900 2302 2956 moreretur;
2332 2900 2639 2946 sanctorum
2656 2905 2882 2947 numero
2904 2893 3209 2957 terminato,
3226 2905 3454 2966 quantus
3477 2893 3562 2951 tu-

1970 2987 2097 3037 turo
2124 2981 2396 3037 sufliceret
2420 2983 2637 3053 saeculo,
2669 2982 2773 3039 hoc
2802 2985 3058 3042 saeculum
3096 2983 3356 3053 finiretur,
3389 2984 3478 3042 ubi
3507 2996 3564 3043 et

1970 3089 2076 3129 non
2108 3074 2363 3146 peccandi
2402 3084 2455 3130 et
2486 3075 2740 3146 peccandi
2770 3074 2997 3134 facultas
3026 3087 3190 3143 esset,
3220 3086 3381 3148 atque
3418 3076 3556 3135 illud

1969 3166 2322 3234 succederet,
2377 3168 2464 3223 ubi
2512 3169 2795 3240 quisquam
2847 3186 3071 3242 peccare
3102 3188 3208 3227 non
3248 3183 3451 3245 posset.
3498 3172 3559 3231 Si

1969 3259 2111 3314 enim
2140 3260 2333 3314 animae
2358 3261 2676 3332 corporibus
2700 3271 2878 3318 exutae
2896 3304 2912 3331 ,
2946 3273 3172 3333 possunt
3199 3279 3320 3321 esse
3349 3262 3431 3319 vel
3456 3267 3563 3321 mi-

1969 3364 2103 3406 scrae
2147 3353 2232 3407 vel
2259 3350 2453 3419 beatae,
2483 3362 2537 3408 et
2569 3362 2743 3411 tamen
2765 3368 2993 3425 peccare
3020 3370 3126 3410 non
3152 3365 3415 3426 possunt:
3441 3359 3564 3428 quis

1970 3442 2206 3500 ﬁdelium
2236 3456 2435 3517 neget,
2469 3447 2521 3501 in
2551 3462 2718 3518 regno
2748 3448 2866 3515 Dei,
2898 3449 2987 3505 ubi
3018 3450 3120 3505 erit
3147 3464 3343 3519 corpus
3371 3442 3563 3506 incor-

1969 3537 2253 3607 ruptibile,
2284 3534 2426 3608 quod
2457 3553 2563 3593 non
2607 3539 2847 3610 gravabit
2873 3542 3108 3595 animam
3130 3580 3148 3608 ,
3192 3540 3286 3595 sed
3327 3541 3560 3612 ornabit,

1943 3645 2072 3689 .ncc
2101 3631 2369 3686 alimentis
2395 3631 2628 3701 amplius
2657 3631 2938 3702 indigebit,
2970 3631 3115 3688 hunc
3137 3623 3385 3689 allectum
3414 3633 3561 3691 futu-

1973 3736 2114 3788 rum,
2142 3730 2198 3775 ut
2227 3721 2426 3776 nullius
2468 3721 2540 3776 ibi
2572 3721 2737 3777 ullum
2766 3724 2934 3792 possit
2970 3738 3090 3780 esse
3123 3736 3422 3795 peccatum,
3454 3744 3565 3783 non

1954 3813 2027 3889 id
2069 3823 2259 3884 agente
2290 3814 2438 3870 nulla
2477 3814 2770 3884 voluntate,
2799 3816 2895 3872 sed
2915 3817 3097 3872 bona?
3126 3818 3381 3874 Dominus
3431 3835 3564 3893 ergo

1973 3907 2060 3963 ubi
2088 3906 2260 3973 dixit,
2302 3923 2426 3964 cum
2470 3908 2537 3963 de
2567 3910 2961 3989 resurrectione
3009 3911 3341 3982 loqueretur,
3376 3912 3564 3987 Neque

1973 4002 2201 4067 nubent,
2242 4015 2401 4072 neque
2424 4016 2611 4055 uxores
2638 4001 2930 4072 accipient;
2978 4018 3139 4073 neque
3173 4003 3307 4057 enim
3341 4006 3569 4061 morien-

1948 4146 1949 4149 η
1973 4101 2057 4157 tur
2081 4110 2099 4158 ;
2129 4109 2235 4148 non
2258 4093 2380 4148 ideo
2404 4093 2559 4160 dixit,
2589 4102 2648 4151 ut
2691 4104 2908 4166 propter
2930 4097 3224 4153 morientes
3247 4097 3562 4156 ostenderet

1974 4188 2186 4258 nuptias
2214 4186 2526 4256 institutas;
2576 4188 2670 4244 sed
2697 4189 2821 4265 quia
2870 4199 3177 4247 sanctorum
3209 4207 3435 4247 numero
3460 4193 3566 4248 im-

1968 4281 2138 4351 pleto,
2167 4294 2273 4335 non
2311 4295 2447 4351 opus
2473 4289 2617 4336 esset
2640 4282 2872 4353 aliquem
2904 4284 3074 4347 nasci,
3105 4283 3195 4338 ubi
3222 4298 3445 4341 necesse
3468 4300 3560 4341 es-

1971 4381 2053 4429 set
2082 4372 2351 4429 neminem
2383 4372 2543 4429 mori.
2572 4372 2699 4441 Sed,
2742 4372 2920 4443 inquis
2943 4415 2959 4439 ,
2991 4374 3156 4428 Adam
3193 4384 3361 4430 secuta
3389 4390 3559 4431 eruen-

1971 4466 2179 4521 datione
2205 4482 2240 4520 a
2273 4465 2459 4522 delicto
2497 4481 2590 4521 suo
2632 4466 2879 4521 asseritur
2913 4467 3172 4538 expiatus,
3210 4476 3259 4522 et
3297 4467 3427 4523 libro
3465 4467 3568 4524 Sa-

1971 4559 2221 4633 pienlic,
2260 4566 2307 4613 et
2354 4557 2593 4629 opinione
2630 4555 2908 4612 multorum
2947 4571 2968 4612 :
2996 4566 3043 4612 et
3098 4567 3306 4626 tamen,
3347 4558 3566 4630 inquis,

1973 4661 2206 4707 mortuus
2233 4659 2327 4717 est,
2350 4659 2406 4706 ut
2429 4650 2674 4706 sciremus
2693 4650 2922 4720 corporis
2940 4660 3154 4709 itionem
3170 4667 3275 4707 non
3314 4652 3567 4721 pertinere

1970 4742 2044 4796 ad
2082 4743 2393 4814 supplicium
2442 4742 2582 4797 illius
2620 4741 2833 4812 peccati,
2861 4742 2951 4799 sed
2986 4742 3056 4795 ad
3092 4743 3322 4797 instituta
3345 4752 3565 4799 natura.

1980 4834 2143 4905 Quasi
2162 4850 2292 4891 vero
2319 4833 2485 4889 David
2513 4833 2622 4889 duo
2641 4833 2729 4888 illa
2752 4834 2953 4889 scelera
2964 4833 3176 4904 gravia,
3205 4833 3257 4889 id
3277 4843 3385 4903 est,
3408 4834 3568 4901 adul-

1985 4929 2173 4985 terium
2194 4937 2251 4985 et
2278 4927 2650 4994 homicidium,
2680 4941 2790 4983 non
2816 4925 2895 4983 sic
2914 4927 3211 4996 espiaverit
3228 4926 3566 4998 pmnitendn,

1979 5030 2038 5077 ut
2061 5022 2111 5077 ei
2143 5020 2323 5076 datam
2348 5019 2555 5077 veniam
2583 5018 2843 5088 pr0pbeta
2873 5017 2988 5089 ipse
3017 5018 3106 5088 qui
3135 5033 3257 5073 eum
3283 5025 3568 5089 terruerat,

1980 5119 2270 5168 testaretur
2300 5127 2315 5166 :
2345 5119 2402 5166 et
2431 5121 2608 5164 tamen
2639 5110 2711 5163 ita
2732 5123 2795 5165 ea
2822 5124 2942 5179 quae
2979 5109 3122 5167 Deus
3147 5108 3321 5163 fuerat
3340 5108 3575 5175 commi-
3602 5132 3613 5182 π

1979 5214 2134 5259 natus
2163 5242 2180 5271 ,
2230 5202 2460 5269 legimus
2487 5201 2796 5264 subsecuta,
2843 5209 2901 5254 ut
2952 5200 3316 5270 intelligamus
3364 5198 3431 5253 ad
3465 5197 3572 5267 hoc

1978 5296 2241 5368 profuisse
2281 5294 2429 5349 illam
2477 5293 2731 5360 veniam,
2766 5306 2836 5348 ne
2875 5290 3039 5346 homo
3084 5292 3176 5359 qui
3231 5299 3375 5345 tanta
3427 5289 3569 5347 mall

1978 5387 2354 5454 commiserat,
2385 5384 2716 5455 sempiterno
2743 5397 2842 5453 pro
2874 5380 2954 5435 eis
2980 5380 3243 5450 supplicio
3294 5380 3562 5453 plectere;-

1983 5488 2088 5536 tur.
2118 5479 2246 5546 Erat
2281 5493 2410 5549 ergo
2429 5486 2484 5532 et
2508 5477 2683 5549 primo
2715 5471 2920 5527 homini
2946 5512 2963 5537 ,
2989 5470 3056 5525 ad
3104 5485 3263 5540 quam
3302 5485 3415 5526 rem
3445 5486 3564 5544 pro-

1983 5574 2167 5631 ﬁeeret
2185 5572 2497 5644 poenitentia
2525 5611 2540 5634 ,
2571 5568 2624 5623 id
2660 5576 2763 5632 est,
2796 5576 2858 5619 ut
2880 5552 3002 5618 eum
3029 5563 3311 5629 diuturna,
3342 5577 3446 5617 non
3478 5571 3559 5616 ta-

1981 5682 2105 5723 men
2145 5675 2345 5721 aeterna
2386 5663 2543 5734 pmna’
2595 5658 2830 5733 puniret.
2864 5654 3018 5711 Unde
3054 5655 3251 5709 factum
3278 5662 3358 5708 est
3384 5694 3400 5720 ,
3426 5651 3574 5722 quod

1968 5754 2277 5813 rectissime
2304 5755 2540 5811 creditur
2559 5794 2574 5819 ,
2608 5760 2664 5805 ut
2689 5764 2811 5805 eum
2844 5748 2978 5802 filius
3001 5747 3135 5816 θέεις,
3164 5746 3216 5800 id
3246 5756 3349 5812 est,
3374 5756 3574 5800 secuti,

1982 5853 2106 5908 dum
2163 5849 2433 5905 hominem
2488 5844 2741 5902 Dominus
2790 5839 2985 5908 Jesus,
3022 5839 3233 5911 quando
3274 5839 3339 5897 ad
3364 5836 3570 5896 inferna
