3958 6506
497 306 639 365 1585

500 417 812 484 descendit,
839 417 906 472 ab
929 415 1120 470 inferni
1149 413 1370 471 vinculis
1400 412 1417 443 ¹
1441 410 1689 464 solveret.
1723 406 1873 462 Tunc
1915 405 2081 471 enim,

501 508 655 583 juxta
694 510 888 565 librum
929 506 1214 576 Sapientize
1236 544 1252 569 ,
1285 498 1659 571 intelligendus
1684 506 1767 553 est
1803 495 2025 551 eductus
2052 509 2084 547 a

505 602 701 658 delicto
725 615 842 668 suo,
874 609 933 653 ut
961 598 1062 651 hoc
1088 596 1175 649 ille
1196 595 1330 649 liber
1350 609 1454 648 non
1483 591 1681 646 factum
1724 588 1923 644 dixisse
1945 626 1963 654 ,
1990 584 2087 641 sed

508 696 747 750 futurum
793 690 1096 763 praidixisse
1136 695 1492 751 monstretur,
1539 682 1781 755 quamvis
1828 697 1926 752 per
1962 694 2086 735 ver-

505 786 631 842 bum
660 782 912 855 prmteriti
941 782 1198 851 temporis
1227 796 1242 833 :
1270 778 1348 833 sic
1371 778 1513 834 enim
1539 775 1638 843 ait,
1668 772 1863 829 Eduxit
1886 771 2032 826 illum
2054 786 2087 823 a

505 877 682 936 Jelicto
702 892 793 929 suo
820 874 973 946 (Sap.
1017 889 1050 927 x
1074 914 1090 939 ,
1142 872 1225 943 2),
1257 869 1705 942 quemadmodum
1735 866 1932 921 dictum
1970 870 2084 929 est,

515 965 557 1007 ιδ’
558 966 769 1021 oderunt
794 981 974 1019 manus
996 980 1134 1017 meas
1152 961 1323 1036 (Psal.
1352 977 1466 1028 ιιι,
1497 961 1613 1031 17),
1645 968 1700 1014 ει
1727 968 1945 1023 czetera,
1964 969 2086 1025 quae

502 1060 572 1115 ibi
611 1075 703 1128 per
728 1059 886 1113 verba
916 1056 1170 1128 praeteriti
1202 1054 1457 1126 temporis
1484 1054 1506 1085 ³
1536 1051 1714 1107 futura
1753 1064 1873 1105 esse
1899 1047 2089 1103 dicun-

503 1160 605 1207 tur.
636 1152 712 1205 Ac
737 1165 835 1220 per
862 1149 964 1204 hoc
992 1157 1048 1204 et
1073 1156 1246 1202 morte
1269 1150 1511 1217 corporis
1550 1143 1746 1198 factum
1775 1150 1880 1206 est,
1910 1148 1968 1194 ut
1990 1154 2086 1208 pro

501 1251 723 1314 peccato
783 1255 993 1309 poenam
1034 1239 1206 1294 lueret
1250 1236 1634 1308 temporalem;
1665 1242 1720 1289 et
1766 1229 2084 1303 paenitentia

498 1348 607 1388 non
647 1332 775 1386 nihil
803 1341 978 1386 actum
1008 1338 1128 1395 est,
1162 1337 1220 1384 ut
1259 1328 1512 1383 evaderet
1534 1325 1912 1397 sempiternam
1946 1337 1961 1373 :
1992 1320 2087 1375 ubi

498 1425 620 1496 plus
648 1422 813 1479 valuit
840 1420 1010 1494 gratia
1053 1419 1327 1475 liberantis
1352 1458 1368 1482 ,
1407 1432 1566 1487 quam
1611 1413 1857 1469 meritum
1913 1409 2088 1483 paeni-

498 1515 682 1572 tentis.
721 1514 835 1569 Non
876 1521 960 1570 est
989 1512 1129 1568 unde
1179 1521 1230 1567 te
1277 1510 1487 1565 munias
1528 1508 1786 1563 adversus
1829 1506 2085 1577 impetum

499 1605 764 1672 veritatis,
790 1619 896 1674 quo
940 1619 1061 1658 cum
1114 1603 1217 1657 tuis
1258 1600 1522 1656 machinis
1558 1599 1611 1653 in
1641 1597 1937 1654 clarissima
1967 1596 2086 1650 luce

499 1697 877 1768 prosterneris,
910 1710 1009 1750 nec
1036 1694 1088 1749 in
1117 1693 1213 1749 Dei
1247 1692 1549 1764 paradisum
1592 1699 1645 1746 et
1691 1698 1894 1744 mortes
1923 1694 1977 1743 et
2003 1688 2086 1741 in-

504 1786 869 1844 numerabiles
899 1786 1136 1852 morbos,
1164 1782 1455 1839 mortiferis
1505 1781 1832 1837 cruciatibus
1862 1779 2080 1851 plenos,

501 1880 793 1936 immittere
812 1879 916 1932 ulla
942 1877 1149 1948 penitus
1179 1876 1385 1932 ratione
1408 1875 1750 1946 permitteris.
1778 1872 1951 1931 Crede
1973 1873 2085 1929 Deo

505 1978 724 2044 dicenti,
774 1976 1100 2045 Quacumque
1123 1974 1205 2028 die
1226 1972 1427 2028 ederitis
1449 1989 1512 2027 ea:
1532 1988 1612 2038 eo,
1644 1980 1803 2025 morte
1832 1968 2086 2022 moriemi-

504 2072 559 2126 ni
583 2069 733 2142 (Gen.
767 2086 823 2134 ιι,
852 2066 962 2140 17).
994 2067 1075 2123 Eo
1116 2068 1311 2138 quippe
1339 2065 1427 2120 die
1467 2061 1904 2134 rmperuntmori
1930 2102 1944 2125 ,
1977 2074 2083 2131 quo

499 2161 731 2233 separati
774 2176 804 2216 a
859 2161 1003 2231 ligno
1047 2161 1200 2225 vitae,
1232 2157 1370 2227 quod
1399 2157 1580 2225 utique
1611 2156 1662 2209 iu
1706 2156 1825 2210 loco
1856 2152 2083 2224 pesitum

495 2255 781 2325 corporali,
803 2253 1013 2324 corpori
1036 2253 1196 2307 vitam
1224 2250 1679 2314 subministrabat,
1710 2249 2083 2304 necessitatem

495 2347 686 2402 mortis
727 2344 1196 2413 conditionemque
1234 2352 1597 2412 sumpserunt.
1647 2340 1805 2395 Certe
1836 2339 1857 2371 '
1897 2339 2085 2393 damna

496 2436 672 2491 mortis
719 2445 773 2490 et
798 2451 935 2489 mors
961 2450 1137 2501 avara,
1166 2433 1324 2487 verba
1350 2424 1484 2488 sunt.
1509 2441 1595 2485 tua
1621 2448 1634 2481 :
1666 2430 1858 2486 saltem
1898 2440 1947 2484 te
1981 2430 2081 2485 ista

491 2528 654 2583 verba
683 2537 789 2580 tam
810 2525 940 2580 dura
959 2533 1014 2579 et
1040 2523 1326 2588 horrenda,
1355 2532 1413 2577 ut
1432 2522 1678 2595 paradiso
1700 2521 1790 2577 Dei
1815 2535 2082 2591 parceres,

491 2618 862 2675 admonerent.
892 2616 1192 2671 Tantumne
1214 2621 1266 2670 te
1294 2613 1516 2668 oﬂ‘endit
1540 2613 1688 2668 locus
1716 2611 2088 2681 pmdicatissi-

494 2729 616 2768 mus
642 2714 940 2777 beatorum,
972 2719 1029 2764 ut
1060 2726 1088 2761 a
1128 2719 1179 2764 te
1202 2708 1255 2762 in
1285 2722 1408 2762 eum
1437 2713 1493 2761 et
1538 2720 1687 2760 mors
1715 2713 1771 2760 et
1800 2703 2082 2759 damniiica

498 2816 734 2867 etavara
760 2802 1044 2859 mittatur?
1066 2801 1112 2858 Ο
1142 2801 1340 2856 inimici
1382 2800 1474 2855 Dei
1504 2800 1710 2871 gratia},
1746 2799 1947 2853 inimi'ci
1990 2814 2082 2869 pa—

495 2900 679 2956 radiso
709 2899 833 2965 Dei,
863 2912 970 2967 quo
990 2896 1218 2967 amplius
1251 2894 1496 2964 progredi
1522 2893 1766 2964 poteritis
1788 2933 1801 2957 ,
1831 2906 1990 2962 quam
2028 2899 2085 2946 ut

491 2999 802 3046 sanctarum
832 2988 1145 3043 deliciarum
1172 2983 1510 3039 dulcedinem
1533 2982 1885 3037 amarissitnis
1906 2982 2083 3053 ptenis

490 3080 794 3153 impleatis,
832 3079 1069 3148 nihilque
1116 3076 1294 3132 velitis
1339 3090 1461 3131 esse
1514 3074 1817 3146 paradisum
1856 3073 1955 3128 nisi
1984 3087 2081 3144 ge-

491 3175 723 3230 hennam
756 3170 1058 3225 minorem?

561 3261 752 3317 XXXI.
802 3259 922 3315 Jun.
981 3259 1148 3313 Porro
1195 3257 1308 3328 jam
1354 3257 1484 3313 satis
1526 3256 1691 3311 multa
1739 3255 1809 3313 de
1854 3254 2072 3312 Genesi.

488 3355 849 3411 Transeamus
876 3350 941 3404 ad
984 3348 1285 3420 apestolum
1332 3348 1577 3415 Paulum,
1607 3362 1766 3418 quem
1811 3346 2081 3417 opinionis

488 3464 599 3504 suae
629 3445 948 3501 Manicbmus
976 3454 1030 3499 et
1056 3442 1417 3498 Traducianus
1441 3442 1746 3512 epinantur.
1789 3438 1923 3496 Cum
1951 3454 2080 3508 ergo

491 3541 560 3595 de
587 3546 916 3592 mortuorum
945 3533 1337 3589 resurrectione
1376 3532 1684 3595 dissereret,
1714 3531 1786 3585 ait
1812 3548 1826 3584 :
1854 3529 2002 3584 Sicut
2025 3529 2080 3582 in

492 3631 659 3686 Adam
685 3644 856 3682 onmes
881 3627 1186 3688 moriuntur,
1215 3626 1287 3678 ita
1326 3632 1370 3678 et
1413 3624 1464 3677 in
1495 3623 1696 3678 Christo
1720 3638 1895 3676 omnes
1920 3621 2081 3691 viviﬁ-

498 3722 746 3777 cabuntur
771 3718 815 3789 (Ι
857 3716 975 3774 Cor.
1007 3734 1095 3784 xv,
1124 3716 1240 3789 ἥ).
1280 3716 1390 3770 Hoc
1417 3716 1777 3770 testimonium
1817 3712 2077 3783 usurpasti

489 3825 570 3882 tu,
605 3830 724 3869 cum
756 3828 862 3882 quo
889 3812 1044 3865 nobis
1069 3825 1227 3866 causa
1255 3817 1337 3865 est
1362 3828 1374 3862 :
1398 3808 1493 3864 sed
1520 3807 1645 3879 quid
1670 3822 1736 3864 eo
1760 3806 1949 3862 confici
1979 3821 2076 3875 pu-

483 3918 651 3976 tares,
668 3909 788 3979 quia
809 3919 859 3961 tu
879 3907 1118 3972 tacuisti,
1144 3906 1244 3962 etsi
1270 3906 1529 3977 StISpicer,
1552 3915 1730 3961 tamen
1758 3903 2077 3959 conﬁrmare

483 4002 572 4056 vix
597 4014 833 4071 possum.
861 3998 996 4065 Quid
1018 3998 1160 4053 enim
1184 4007 1387 4067 spectat
1410 3996 1474 4051 ad
1501 3996 1796 4059 traducem,
1820 3997 1864 4049 si
1886 4009 2074 4049 omnes

485 4092 538 4148 in
570 4092 738 4147 Adam
772 4093 903 4145 mori
945 4089 1223 4154 dicantur;
1255 4104 1375 4144 cum
1408 4088 1576 4143 Adam
1618 4103 1810 4143 nomen
1839 4084 2073 4142 hominis

486 4185 575 4251 sit,
624 4183 813 4237 tradux
860 4190 1038 4237 autem
1081 4181 1280 4249 peccati
1308 4190 1365 4234 et
1404 4180 1538 4234 labis
1580 4179 1887 4234 Manicbmae
1931 4177 2072 4233 indi-

485 4273 664 4328 cium?
693 4272 800 4325 Nisi
834 4270 968 4326 forte
996 4270 1129 4324 nihil
1158 4267 1301 4324 aliud
1328 4269 1500 4339 ipsum
1532 4267 1699 4322 Adam
1718 4310 1734 4333 ,
1763 4282 1921 4338 quam
1949 4282 2074 4337 pec-

486 4373 666 4419 catum
698 4372 753 4416 et
796 4376 950 4425 esse,
983 4370 1037 4415 et
1080 4374 1272 4413 sonare
1316 4358 1566 4422 fatearis;
1595 4367 1654 4412 ut
1695 4357 1799 4413 hac
1835 4359 2073 4428 appella-

486 4456 631 4509 tione
661 4452 947 4521 Apostolus
988 4465 1177 4506 omnes
1206 4450 1341 4504 mori
1381 4449 1436 4503 in
1463 4458 1682 4519 peccato
1707 4449 2077 4519 pronuntiasse

484 4543 765 4601 videatur?
786 4540 890 4597 Sed
921 4541 1021 4596 hoc
1048 4541 1319 4611 propalam
1347 4539 1593 4594 insanum
1623 4547 1726 4594 est.
1750 4530 1893 4607 Quid
1921 4538 2078 4608 igitur

486 4649 706 4699 novum,
739 4634 783 4687 si
813 4631 936 4704 quia
965 4630 1135 4686 Adam
1162 4646 1340 4685 sermo
1368 4629 1612 4685 hebrmus
1652 4628 1785 4685 nihil
1817 4629 1959 4685 aliud
1990 4630 2073 4684 in-

480 4724 628 4784 dicat
655 4739 812 4795 quam
854 4722 1122 4777 hominem
1154 4721 1278 4793 (hoc
1308 4723 1448 4776 enim
1495 4721 1862 4792 interpretatio
1908 4721 2075 4791 ipsius

488 4815 762 4887 exprimit)
783 4854 797 4878 ,
820 4813 1021 4869 dixerit
1048 4814 1352 4883 Apostolus,
1378 4813 1444 4866 In
1462 4811 1629 4866 Adam
1654 4830 1825 4868 omnes
1845 4814 2074 4868 moriun-

489 4917 594 4973 tur,
621 4914 670 4960 et
695 4906 751 4958 in
776 4902 979 4961 Christo
1004 4919 1177 4960 omnes
1204 4903 1603 4973 viviﬁcabuntur
1625 4918 1643 4957 :
1662 4903 1714 4959 id
1742 4911 1825 4959 est
1841 4944 1857 4970 ,
1882 4918 2077 4959 secun-

488 4999 618 5056 dum
656 4996 886 5053 hominis
923 4995 1013 5066 qui
1042 4995 1342 5050 moriuntur
1381 5005 1624 5050 naturam
1648 5037 1662 5062 ,
1705 5010 1799 5066 per
1826 4996 2075 5051 virtutem

490 5088 689 5147 Christi
716 5104 748 5143 a
773 5087 997 5143 mortuis
1027 5087 1363 5142 excitantur?
1391 5086 1526 5143 Huic
1563 5086 1840 5141 sententia:
1869 5087 1958 5156 qui
1988 5087 2073 5142 in-

488 5182 723 5249 ﬁciatur,
749 5180 945 5236 insanit
969 5197 986 5234 :
1005 5178 1246 5250 ejusdem
1274 5180 1470 5250 quippe
1491 5177 1724 5232 auctoris
1744 5177 1959 5244 virtute,
1982 5179 2073 5248 qui

487 5276 544 5334 in
591 5274 690 5332 bac
728 5274 835 5330 vita
875 5272 1252 5329 fecunditatem
1293 5281 1348 5328 et
1387 5271 1761 5326 mortalitatem
1806 5270 2072 5337 instituit,

490 5365 727 5424 universi
768 5364 1143 5422 excitabuntur
1168 5380 1199 5419 e
1226 5361 1483 5434 sepulcris
1506 5403 1520 5426 ,
1553 5370 1612 5416 ut
1648 5361 1870 5432 recipiat
1906 5376 2074 5417 unus-

494 5461 721 5533 quisque
750 5458 961 5531 propria
980 5455 1233 5529 corporis
1268 5455 1388 5523 sui,
1432 5464 1587 5528 prout
1613 5454 1812 5526 gessit,
1844 5454 1954 5512 sive
1978 5456 2073 5513 bo-

552 5651 1513 5714 ‘Ilas.llar.etclar.,aboternis

550 5714 577 5786 ξ
598 5714 733 5786 tium,
759 5714 913 5785 futuri
1216 5715 1515 5786 castigantur
1559 5731 1624 5768 ex
1646 5720 2000 5784 manuscriptis.

555 5774 895 5843 aNigrum-ius,
916 5774 1044 5830 ecce;
1072 5784 1128 5831 At
1149 5785 1277 5841 Mss,
1300 5774 1447 5833 certe.

1132 299 1378 357 OPERIS
1414 293 1827 355 IMPERFECTI
1865 291 2142 350 CONTRA
2177 290 2538 359 JULIANUM,
2583 294 2642 349 S.
2685 293 3053 354 AUGUSTINI

2195 420 2345 470 num,
2364 405 2475 461 sive
2495 406 2691 461 malum
2710 407 2775 479 (ll
2792 405 2908 463 Cor.
2930 426 2984 475 v,
3007 410 3117 482 10).
3148 410 3273 465 Hoc
3290 410 3465 481 itaque
3486 412 3608 471 dicto
3623 421 3723 493 Apo-

2178 494 2315 551 swli
2337 541 2352 564 ,
2383 514 2489 568 quo
2517 499 2620 566 ait,
2652 498 2797 555 Sicut
2832 500 2886 554 in
2915 501 3080 557 Adam
3103 520 3292 559 omnes
3319 506 3606 577 moriuntur,
3624 515 3728 573 ina

2192 587 2245 642 in
2268 586 2468 644 Christo
2510 607 2683 646 omnes
2720 592 3133 661 viviﬁcabuntur;
3180 604 3420 655 mortem
3463 606 3731 672 corporalem

2194 695 2315 751 qua:
2359 681 2519 752 justis
2549 683 2866 755 injustisque
2913 689 3220 743 communis
3249 697 3379 755 est,
3418 704 3483 744 an
3527 699 3735 762 penalem
3814 681 3815 719 Υ

2193 772 2340 829 illam
2367 773 2580 830 diabolo
2600 787 2654 831 et
2684 776 2860 846 impiis
2888 777 3197 849 deputatam
3232 778 3495 835 insinuari
3523 787 3737 852 putas?st

2195 868 2489 923 naturalem
2537 869 2692 925 istam
2735 871 3075 942 simplicem,
3103 889 3237 946 quae
3288 875 3345 930 in
3395 879 3583 934 sanctis
3621 884 3738 942 etiam

2197 960 2425 1030 pretiosa
2453 972 2536 1016 est
2565 959 2737 1032 (Psat.
2766 978 2891 1029 ειν,
2923 963 2979 1033 5)
3000 1006 3017 1031 ,
3045 980 3170 1036 quae
3211 981 3333 1021 non
3360 966 3532 1022 solum
3558 970 3739 1032 boniset

2195 1051 2369 1117 malis,
2398 1067 2582 1107 verum
2604 1054 2764 1108 etiam
2793 1053 3097 1112 hominibus
3116 1056 3535 1129 pecudibusque
3556 1075 3614 1116 ex
3632 1079 3743 1135 aqua

2193 1141 2419 1208 accidit;
2452 1143 2608 1207 hanc,
2637 1146 2874 1217 inquam,
2906 1155 3131 1203 mortem
3161 1149 3262 1203 hic
3288 1150 3576 1219 Apostolus
3595 1153 3745 1210 indica-

2191 1234 2666 1289 vitzmanifesmm
2693 1245 2777 1292 est
2804 1238 3052 1308 quoniam
3098 1238 3334 1295 nomine
3383 1238 3514 1294 Ada:
3556 1252 3743 1303 naturam

2172 1324 2577 1403 (humanitatis,
2613 1327 2829 1383 nomine
2872 1338 3051 1385 autem
3077 1329 3293 1385 Christi
3328 1332 3615 1401 potentiam
3636 1350 3747 1392 cm.

2193 1417 2325 1472 toris
2352 1426 2407 1473 et
2430 1419 2738 1475 excitatoris
2765 1422 3019 1478 ostendit.
3052 1422 3147 1479 Sin
3176 1432 3384 1480 autem
3422 1424 3562 1496 quod
3592 1427 3680 1493 ait,
3701 1430 3746 1487 In

2189 1507 2356 1563 Adam
2384 1526 2556 1564 omnes
2594 1512 2915 1580 moriuntur;
2956 1514 3158 1570 crimen
3210 1514 3311 1570 hic
3359 1515 3496 1571 velis
3536 1517 3745 1592 intelligi,

2193 1617 2297 1657 non
2344 1611 2621 1669 naturam;
2654 1606 2888 1676 suppetit
2932 1608 3198 1678 expositio
3248 1616 3369 1663 tam
3415 1618 3593 1679 aperta
3632 1629 3745 1683 quau

2189 1703 2357 1759 certa,
2388 1695 2635 1751 videlicet
2661 1706 2718 1752 ut
2744 1698 2962 1767 dixerit,
2992 1699 3141 1755 Sicut
3170 1717 3362 1755 omnes
3383 1742 3400 1769 ,
3430 1701 3484 1756 id
3509 1712 3608 1768 est,
3635 1708 3745 1762 multi

2188 1784 2319 1841 Adae
2348 1785 2641 1843 imitatione
2665 1790 3004 1859 moriuntur;
3045 1792 3117 1846 ita
3159 1809 3351 1848 onmes
3373 1832 3391 1857 ,
3427 1793 3480 1848 id
3509 1803 3602 1864 est,
3639 1799 3744 1855 multi

2187 1874 2385 1931 Christi
2417 1876 2713 1934 imitatione
2758 1881 3059 1937 salvantur.
3091 1885 3200 1938 Aut
3253 1899 3394 1954 ergo
3438 1885 3507 1939 de
3535 1892 3746 1945 ettmmuni

2188 1975 2363 2021 morte
2392 1967 2600 2025 locutus
2627 1979 2729 2035 εει,
2756 1981 2811 2026 ει
2851 1984 3100 2028 naturam
3127 1974 3402 2029 indicavit
3427 1993 3442 2028 :
3465 1986 3555 2030 aut
3578 1978 3637 2033 de
3655 1995 3745 2050 pec-

2192 2068 2332 2120 cato,
2361 2067 2417 2114 et
2463 2061 2810 2118 imitationem
2859 2067 3194 2125 accusavit‘.
3246 2065 3346 2122 Sic
3391 2068 3534 2122 enim
3577 2080 3625 2124 et
3662 2084 3746 2140 post

2190 2163 2354 2218 pauca
2383 2151 2696 2220 subjunxit:
2726 2153 2874 2209 Sicut
2904 2158 3242 2227 portavimus,
3276 2158 3458 2229 inquit
3485 2201 3500 2217 .
3529 2161 3743 2232 imaginem

2189 2243 2439 2298 terrestris
2466 2286 2479 2308 ,
2534 2256 2790 2315 portemus
2844 2250 2999 2304 etiam
3050 2252 3340 2324 imaginem
3392 2252 3534 2308 illius
3582 2257 3741 2313 calcati:

2188 2335 2235 2407 (Ι
2263 2336 2380 2392 Cor.
2412 2354 2504 2405 xv,
2535 2338 2653 2409 49).
2686 2339 2844 2397 Certe
2872 2345 3141 2416 susceptio
3170 2346 3435 2417 imaginis
3462 2363 3562 2400 non
3587 2360 3741 2418 poterat

2188 2426 2475 2497 imperari,
2506 2431 2551 2485 si
2601 2433 2860 2489 naturalis
2912 2434 2965 2490 in
2995 2436 3257 2507 qualitate
3300 2438 3557 2493 alterutra
3598 2440 3738 2497 crede-

2188 2527 2359 2574 retur.

2258 2612 2395 2668 Auo.
2421 2611 2550 2680 Quis
2569 2623 2652 2670 est
2674 2623 2780 2670 tam
2804 2616 3079 2688 negligens
3102 2619 3527 2688 apostolicorum
3550 2620 3733 2691 eloquio-

2187 2717 2335 2766 rum,
2370 2712 2427 2757 ut
2454 2718 2558 2758 non
2589 2703 2767 2760 videat
2789 2707 2931 2777 quod
2961 2709 3253 2778 A‘posmlus
3291 2710 3365 2765 de
3404 2711 3735 2768 resurrectione

2185 2795 2426 2864 corporis
2449 2797 2767 2864 disserebat,
2796 2799 2887 2855 ubi
2910 2801 3004 2868 ait,
3034 2801 3181 2857 Sicut
3209 2802 3268 2857 in
3296 2802 3468 2857 Adam
3490 2820 3640 2857 omnes
3658 2822 3730 2859 uto-

2186 2889 2416 2955 riuntur,
2443 2890 2514 2943 ita
2545 2900 2590 2944 et
2619 2891 2673 2945 in
2701 2889 2902 2947 Christo
2931 2875 3101 2949 omnes
3136 2895 3566 2964 viviﬁcabuntur?
3596 2896 3677 2951 Sed
3696 2906 3731 2950 ιιι

2172 2980 2253 3063 ad
2273 2981 2686 3047 dilatandarnon
2707 2985 2938 3056 eloquia,
2961 2986 3056 3042 sed
3078 2988 3389 3058 vaniloquia
3413 2998 3517 3054 tua,
3537 2987 3611 3042 ubi
3628 2988 3725 3042 nulla

2186 3074 2411 3144 qurestio
2436 3084 2537 3141 est,
2568 3072 2766 3146 ingeris
2790 3077 3163 3147 quazstionem,
3186 3086 3246 3134 et
3270 3079 3473 3149 quaeris
3496 3095 3526 3132 a
3548 3094 3621 3133 me
3640 3079 3728 3132 illud

2184 3164 2327 3234 quod
2354 3164 2558 3220 dictum
2588 3175 2702 3233 est,
2736 3164 2802 3222 In
2829 3166 2994 3222 Adam
3031 3186 3203 3224 onmes
3239 3170 3557 3234 moriuntur;
3580 3169 3635 3225 de
3655 3184 3724 3240 qua

2184 3263 2358 3310 morte
2394 3256 2465 3310 sit
2499 3256 2718 3312 dictum.
2753 3258 2977 3314 Prorsus
3003 3258 3070 3315 de
3105 3269 3283 3317 morte
3311 3260 3553 3331 corporis
3576 3260 3725 3315 dictum

2184 3355 2294 3409 εει,
2330 3346 2427 3400 ista
2469 3346 2673 3403 scilicet
2704 3364 2807 3419 qua
2846 3364 3067 3406 necesse
3104 3361 3189 3406 est
3230 3352 3532 3407 moriantur
3561 3351 3664 3407 boni
3688 3360 3723 3405 et

2184 3436 2343 3504 mali,
2377 3453 2481 3491 non
2515 3437 2603 3492 illa
2630 3454 2732 3509 qua
2766 3441 2961 3495 mortui
2984 3441 3235 3497 dicuntur
3265 3444 3359 3514 qui
3389 3444 3566 3499 eadem
3598 3452 3724 3498 morte

2183 3538 2309 3583 sunt
2329 3530 2452 3584 mali
2477 3548 2489 3583 :
2513 3547 2644 3601 quas
2663 3531 2794 3587 duas
2816 3542 3035 3599 mortes,
3063 3552 3165 3590 una
3188 3537 3346 3591 brevi
3372 3536 3609 3591 Dominus
3624 3549 3722 3589 com

2183 3623 2433 3693 plectitur
2456 3626 2740 3692 sententia,
2767 3623 2951 3684 dicens
2975 3646 2988 3682 :
3013 3628 3141 3684 Sine
3162 3638 3390 3685 mortuos
3415 3626 3609 3700 sepelire
3623 3643 3721 3681 mor-

2183 3724 2296 3770 tuos
2324 3734 2442 3772 suos
2476 3717 2697 3790 (Matth.
2729 3736 2850 3787 vui,
2882 3720 3010 3796 22).
3051 3723 3144 3778 Est
3179 3725 3344 3780 etiam
3375 3739 3543 3791 mors,
3570 3720 3719 3793 quain

2182 3808 2501 3880 Apocalypsi
2531 3825 2676 3866 mors
2701 3812 2933 3867 secunda
2958 3813 3153 3869 dicitur
3176 3815 3366 3886 (Apoc.
3394 3830 3449 3882 ιι,
3476 3815 3531 3869 it
3553 3829 3567 3877 ;
3589 3810 3716 3877 n.6,

2184 3899 2287 3965 14;
2319 3915 2439 3963 χχι,
2471 3899 2552 3972 8),
2583 3916 2685 3970 qua
2713 3912 2769 3957 et
2795 3918 2989 3976 corpus
3017 3914 3072 3959 et
3099 3906 3277 3961 anima
3312 3907 3432 3977 igne
3460 3902 3716 3960 cruciabun-

2184 3996 2269 4043 tur
2296 3998 2530 4057 aeterno;
2569 4007 2729 4062 quam
2767 3994 3002 4050 minatur
3030 3996 3287 4052 Dominus
3318 3998 3406 4053 ubi
3436 3997 3555 4052 dicit
3580 4014 3591 4049 :
3622 3993 3714 4048 Eun

2183 4081 2375 4149 timete,
2409 4084 2496 4154 qui
2520 4085 2666 4140 habet
2692 4096 3016 4156 potestatem,
3049 4098 3096 4143 et
3125 4106 3311 4162 corpus
3337 4100 3384 4146 et
3408 4091 3608 4145 animum
3628 4101 3714 4157 pcr-

2181 4176 2299 4230 dere
2324 4176 2376 4231 in
2403 4179 2679 4249 gehennam
2705 4178 2917 4254 (Matth.
2946 4200 3004 4250 χ,
3026 4182 3141 4258 28).
3163 4184 3418 4255 Quamvis
3437 4200 3553 4256 ergo
3575 4181 3711 4238 multa

2180 4279 2378 4325 mortes
2399 4271 2734 4327 inveniantur
2755 4275 2805 4329 in
2828 4274 3146 4347 Scripturis;
3165 4277 3283 4334 dua:
3306 4288 3481 4334 tamen
3498 4284 3606 4331 stunt
3618 4286 3713 4345 pne

2180 4361 2369 4432 cipuae,
2400 4362 2568 4432 prima
2593 4372 2649 4418 et
2675 4365 2908 4420 secunda
2938 4385 2952 4421 :
2988 4368 3157 4438 prima
3185 4382 3287 4437 est,
3318 4385 3472 4441 quam
3499 4364 3707 4438 pacando

2181 4451 2358 4507 intulit
2399 4454 2601 4523 primus
2644 4455 2840 4523 homo;
2872 4459 3102 4514 secunda
3141 4470 3256 4527 est,
3288 4477 3445 4532 quam
3479 4453 3708 4531 iudicando

2181 4544 2427 4603 illaturus
2452 4557 2537 4604 est
2567 4550 2834 4607 secundus
2870 4550 3054 4610 homo.
3085 4552 3234 4611 Sicut
3272 4554 3327 4610 in
3364 4552 3546 4611 sanctis
3576 4547 3704 4605 Libri:

2180 4639 2347 4695 multa
2376 4639 2468 4695 Dei
2495 4650 2806 4698 testamenta
2832 4655 3355 4714 commemorantur;
3381 4644 3511 4718 quod
3534 4647 3704 4713 possunt

2179 4731 2480 4797 advertere,
2502 4732 2592 4802 qui
2612 4733 2893 4804 diligenter
2911 4735 3094 4808 legunt
3116 4756 3131 4792 :
3154 4749 3277 4795 sunt
3303 4750 3472 4796 tamen
3493 4737 3583 4794 duo
3604 4747 3699 4806 pra-

2179 4822 2356 4892 eipua,
2388 4832 2542 4876 vetus
2571 4831 2626 4879 et
2655 4839 2871 4880 novum.
2903 4826 3085 4883 Prima
3111 4846 3237 4900 ergo
3268 4846 3411 4888 mors
3435 4828 3575 4899 coepit
3596 4838 3697 4885 esse.

2179 4913 2392 4984 quando
2420 4914 2588 4970 Adam
2619 4915 2686 4972 de
2715 4917 2962 4988 paradiso
2986 4920 3189 4991 ejectus
3218 4932 3321 4987 est,
3349 4933 3402 4981 et
3430 4926 3654 4991 separatus
3674 4929 3693 4966 ³

2181 5003 2327 5074 ligno
2357 5006 2481 5060 vita:
2510 5024 2523 5060 :
2554 5022 2698 5062 mors
2725 5009 2959 5065 secunda
2986 5027 3107 5069 esse
3134 5014 3368 5086 incipiet,
3393 5011 3575 5087 quando
3592 5008 3695 5064 dice-

2179 5103 2287 5160 tur,
2320 5094 2572 5151 Disceditc
2598 5114 2630 5150 a
2655 5114 2735 5153 me
2751 5140 2767 5164 ,
2796 5100 3084 5170 maledicti,
3111 5104 3164 5158 in
3192 5105 3359 5176 ignem
3381 5114 3585 5162 retentum
3603 5093 3687 5168 (ld-

2179 5202 2308 5254 xxv,
2335 5188 2448 5261 41).
2475 5188 2606 5244 Cum
2636 5189 2795 5262 igitur
2812 5191 2881 5248 de
2904 5197 3297 5253 resurrectione
3319 5192 3533 5267 corporis
3556 5192 3688 5258 loque-

2178 5288 2328 5333 retur
2354 5279 2659 5349 Apostolus,
2688 5282 2800 5338 ait:
2828 5281 2933 5339 Per
2956 5286 3210 5343 hominem
3236 5304 3388 5354 mors,
3413 5297 3457 5342 et
3476 5275 3682 5356 per-boni-

2179 5387 2293 5427 nent
2319 5374 2614 5429 resurrectio
2642 5386 2956 5433 mortuorum
2981 5394 3001 5434 :
3022 5380 3152 5435 sicut
3173 5382 3307 5437 enim
3328 5384 3380 5438 in
3402 5379 3540 5437 Adam
3559 5383 3683 5429 0mm

2178 5463 2484 5528 moriuntur;
2513 5465 2585 5518 sic
2610 5474 2658 5519 et
2680 5467 2736 5520 in
2755 5465 2954 5524 Christo
2978 5486 3152 5527 oumes
3176 5473 3531 5543 viviﬁcabuntur
3547 5462 3582 5539 (l
3598 5458 3676 5519 δον·

2179 5568 2276 5620 xv,
2301 5552 2576 5626 21et22).
2609 5554 2727 5612 Non
2753 5558 2931 5629 itaque
2950 5560 3210 5619 debemus
3247 5564 3513 5637 inquirere,
3538 5557 3591 5614 de
3608 5563 3678 5623 φη

2179 5654 2351 5705 morte
2370 5655 2556 5716 agatur
2581 5647 2683 5704 hoc
2702 5648 2822 5711 loco
2841 5668 2856 5719 ;
2883 5652 3224 5715 manifestum
3249 5666 3331 5717 est
3348 5658 3474 5719 enim
3489 5647 3678 5711 dem

2248 5782 2268 5817 ⁸
2290 5781 2453 5837 codex
2474 5790 2619 5851 Port.,
2636 5785 2969 5851 cumulavit.
