3958 6470
232 391 378 448 1585

231 690 433 746 minem
459 688 718 756 condidit,
746 703 814 744 an
841 702 936 759 per
962 686 1235 743 hominem
1254 686 1342 757 qui
1370 682 1639 758 peccando
1658 696 1818 737 causa

230 780 390 851 hujus
418 780 605 837 mortis
632 778 855 835 exstitit.
885 777 993 835 Sed
1020 777 1143 844 hoc,
1173 785 1236 833 ut
1260 776 1390 843 dixi,
1418 772 1693 831 attendere
1720 771 1818 827 de-

230 872 423 929 bemus
448 872 500 928 in
525 882 776 943 promptu
804 871 1033 940 positum
1051 911 1066 935 ,
1095 885 1204 925 non
1234 868 1386 940 quasi
1413 865 1647 923 abditum
1674 878 1820 936 qua:-

227 978 371 1020 rere.
412 962 543 1019 Nam
584 971 638 1017 et
676 962 814 1017 hanc
855 960 1075 1017 abstulit
1111 957 1396 1030 Apostolus
1433 956 1815 1028 qtttestionem,

227 1055 565 1128 apertissime
582 1052 788 1119 dicens,
807 1051 911 1107 Per
929 1052 1181 1107 hominem
1201 1066 1356 1105 mors.
1375 1049 1440 1104 Et
1458 1049 1576 1119 quis
1594 1056 1676 1103 est
1694 1047 1815 1113 iste,

226 1146 332 1201 nisi
362 1145 564 1216 primus
588 1143 797 1199 Adam?
821 1140 940 1213 Ipse
959 1151 1042 1197 est
1059 1141 1256 1213 quippe
1276 1139 1386 1206 ille,
1409 1138 1477 1194 de
1494 1153 1600 1209 quo
1618 1136 1818 1191 dictum
1890 1150 1899 1156 ·

227 1246 334 1305 est,
368 1235 473 1293 Per
494 1253 651 1291 unum
676 1236 929 1291 hominem
959 1243 1219 1305 peccatum
1246 1233 1448 1287 intrarit
1469 1232 1525 1286 in
1551 1229 1817 1295 mundum,

229 1340 278 1386 et
302 1348 393 1403 per
420 1340 678 1401 peccatum
705 1345 839 1384 mors
861 1329 879 1360 ⁸
911 1346 927 1384 :
957 1328 1042 1383 cui
1071 1342 1104 1382 e
1129 1325 1399 1382 contrario
1425 1323 1591 1380 Adam
1622 1338 1819 1379 secun-

212 1422 333 1478 -dus
358 1422 661 1495 opponitur,
690 1419 779 1492 qui
806 1428 890 1475 est
917 1418 1084 1473 forma
1110 1416 1269 1473 futuri
1295 1417 1474 1487 (Rom.
1495 1431 1553 1482 v,
1577 1414 1664 1482 12,
1694 1414 1815 1487 I4);

231 1511 375 1569 unde
400 1521 455 1568 et
481 1512 567 1568 hic
590 1511 789 1568 dictum
817 1520 921 1576 est,
956 1509 1057 1565 Per
1081 1509 1337 1564 hominem
1361 1523 1518 1573 mors,
1546 1515 1592 1561 et
1616 1522 1706 1575 per
1729 1507 1820 1561 ho-

212 1606 417 1671 xminem
438 1604 734 1661 resurrectio
754 1613 1086 1658 mortuorum.
1105 1601 1195 1658 Sic
1214 1614 1342 1672 ergo
1358 1607 1438 1657 est
1454 1598 1817 1668 accipiendum

230 1699 373 1768 quod
397 1699 491 1763 ait,
518 1698 586 1753 In
612 1696 776 1751 Adam
799 1712 970 1751 omnes
992 1696 1313 1760 moriuntur;
1334 1702 1390 1748 ut
1412 1708 1515 1747 non
1540 1692 1820 1746 oblivisca-

228 1805 354 1853 mur
370 1790 511 1862 quod
531 1791 624 1855 ait,
649 1788 753 1845 Per
771 1789 1023 1845 hominem
1043 1804 1197 1843 mors.
1220 1785 1345 1842 Ideo
1363 1785 1558 1857 quippe
1578 1784 1631 1838 in
1652 1784 1820 1839 Adam

231 1895 421 1936 omnes
441 1880 762 1947 moriuntur,
783 1879 905 1950 quia
925 1895 1023 1952 per
1042 1878 1311 1934 hominem
1336 1891 1481 1931 mors
1503 1894 1516 1930 :
1540 1875 1678 1930 sicut
1702 1875 1822 1931 ideo

230 1971 286 2027 in
312 1971 528 2028 Christo
552 1971 905 2039 vivilicantur,
932 1970 1056 2041 quia
1086 1984 1182 2040 per
1206 1968 1475 2023 hominem
1502 1966 1822 2024 resurrectio

229 2072 586 2121 mortuorum.
618 2064 790 2119 Homo
821 2064 1007 2133 igitur,
1038 2071 1094 2118 et
1129 2063 1293 2118 homo
1318 2078 1332 2116 :
1360 2061 1499 2116 sicut
1530 2066 1658 2130 ergo
1687 2072 1823 2114 unus

230 2157 356 2223 iste,
384 2156 463 2213 sic
489 2170 625 2212 unus
649 2163 734 2212 est
759 2155 881 2221 ille;
909 2169 973 2210 ac
998 2170 1094 2225 per
1118 2152 1251 2220 hoc,
1281 2151 1403 2218 quia
1438 2150 1600 2205 homo
1628 2164 1823 2206 secun-

229 2250 335 2307 dus
358 2258 443 2306 est
470 2250 592 2315 iste,
626 2248 788 2303 homo
812 2248 1017 2318 primus
1040 2254 1124 2302 est
1152 2246 1259 2300 ille.
1277 2243 1487 2301 Scimus
1501 2242 1691 2307 Adam,
1710 2243 1820 2298 sic-

230 2350 291 2399 ut
317 2356 707 2398 commemoras
725 2382 741 2407 ,
770 2339 981 2396 hebraea
1011 2338 1187 2409 lingua
1220 2336 1491 2393 hominem
1550 2335 1653 2390 dici
1682 2352 1696 2388 :
1726 2334 1822 2391 sed

232 2450 341 2492 non
362 2434 486 2489 hinc
504 2434 730 2489 efﬁcitur
748 2433 889 2503 quod
913 2428 1373 2503 impudentissime
1396 2426 1714 2499 persuadere
1733 2441 1824 2483 co-

235 2527 401 2593 naris,
434 2537 491 2582 ut
517 2526 569 2583 in
597 2541 664 2583 eo
694 2525 835 2597 quod
863 2524 998 2580 dixit
1026 2523 1335 2594 Apostolus,
1366 2519 1435 2576 In
1461 2519 1628 2575 Adam
1654 2536 1825 2576 omnes

235 2618 556 2685 moriuntur,
600 2632 813 2673 omnem
858 2614 1139 2672 mortalem
1185 2614 1456 2669 hominem
1498 2612 1826 2684 significasse

234 2710 513 2775 credatur;
540 2719 597 2765 ut
625 2709 830 2766 scilicet
857 2724 964 2763 non
991 2708 1043 2762 in
1070 2707 1162 2762 illo
1189 2706 1364 2776 primo
1386 2704 1623 2773 homine,
1651 2704 1745 2760 sed
1771 2705 1825 2760 in

234 2818 304 2860 eo
326 2801 467 2873 quod
493 2801 744 2858 mortales
767 2808 911 2867 sunt,
935 2798 1300 2855 existimemus
1319 2811 1506 2853 omnes
1530 2798 1687 2853 mori.
1709 2796 1827 2853 Noli

236 2893 526 2950 obscurare
552 2892 730 2957 clara,
758 2901 903 2947 recta
936 2898 1278 2961 pervertere,
1311 2888 1588 2960 implicare
1620 2888 1829 2958 simpli-

236 2984 320 3041 cia
351 3002 365 3039 :
394 2984 445 3039 in
477 2984 566 3039 illo
594 2982 893 3038 moriuntur
918 2996 1133 3047 omnes,
1172 2996 1272 3053 per
1297 2996 1455 3052 quem
1485 2994 1662 3046 mors;
1693 2980 1832 3035 sicut

237 3079 295 3133 in
324 3078 414 3134 illo
443 3076 790 3143 viviﬁcantur,
818 3091 916 3148 per
939 3090 1097 3145 quem
1126 3073 1448 3129 resurrectio
1472 3081 1827 3128 mortuorum.

238 3170 311 3231 Et
346 3172 465 3242 quis
501 3180 582 3226 est
618 3170 751 3237 iste,
784 3169 889 3223 nisi
921 3165 1187 3224 secundus
1218 3165 1418 3220 homo?
1444 3162 1564 3236 quis
1593 3178 1723 3236 ergo
1749 3173 1834 3220 est

240 3263 363 3331 ille,
393 3263 493 3319 nisi
522 3263 723 3334 primus
750 3260 950 3318 homo?
985 3259 1215 3316 Proinde
1241 3259 1361 3330 quis
1390 3257 1493 3314 iste
1511 3300 1526 3324 ,
1564 3258 1665 3313 nisi
1696 3271 1833 3313 unus

239 3364 327 3412 est
360 3354 640 3412 Christus?
672 3354 791 3425 quis
827 3354 919 3409 ille
954 3352 1055 3408 nisi
1086 3367 1225 3409 unus
1262 3351 1470 3407 Adam?
1498 3349 1681 3420 Itaque
1706 3351 1836 3405 sicut

242 3448 552 3520 portavimus
577 3446 860 3518 imaginem
897 3443 1143 3499 terrestris
1184 3444 1431 3509 hominis,
1469 3442 1542 3496 ita
1579 3451 1834 3512 portemus

241 3541 398 3594 etiam
434 3540 664 3595 caelestis.
698 3537 963 3595 Iudicatur
998 3534 1128 3592 illud
1149 3577 1165 3602 ,
1201 3535 1305 3590 hoc
1342 3535 1632 3607 imperatur
1665 3552 1677 3587 :
1706 3533 1836 3589 illud

241 3630 441 3705 quippe
462 3629 571 3699 jam
603 3641 839 3699 praesens
866 3635 983 3693 est,
1014 3626 1118 3682 hoc
1148 3625 1403 3680 futurum.
1434 3624 1504 3680 Et
1536 3624 1656 3679 ideo
1693 3623 1836 3679 illam

241 3722 571 3795 portavimus
599 3720 881 3791 imaginem
912 3717 1217 3774 conditione
1244 3716 1520 3780 nascendi,
1551 3725 1604 3772 et
1632 3716 1838 3787 peccati

242 3814 563 3885 contagione
592 3832 606 3868 :
637 3813 774 3868 hanc
794 3820 970 3868 autem
995 3818 1269 3881 portamus
1284 3810 1453 3880 gratia
1485 3808 1836 3876 renascendi;

242 3894 519 3978 portamus
534 3913 711 3960 autem
737 3903 949 3959 interim
974 3917 1091 3973 spe,
1110 3916 1170 3958 re
1192 3916 1323 3957 vero
1336 3903 1357 3934 ²
1377 3901 1706 3972 portabimus
1721 3915 1840 3957 eam

245 3994 468 4066 praemio
496 3993 808 4066 resurgendi
829 4036 844 4061 ,
875 4003 928 4049 et
955 3992 1109 4049 beate
1131 3992 1379 4064 justeque
1407 3992 1682 4063 regnandi.
1711 3993 1843 4059 Quae

248 4102 373 4143 cum
403 4087 473 4142 ita
500 4087 628 4153 sint,
657 4099 803 4143 mors
826 4084 1040 4156 quidem
1070 4082 1303 4139 hominis
1327 4083 1397 4138 ita
1426 4083 1672 4149 instituti,
1704 4091 1762 4138 et
1788 4084 1841 4138 in

248 4193 317 4234 eo
345 4178 613 4234 constituti
643 4176 796 4245 loco,
831 4183 887 4231 ut
920 4190 1025 4231 non
1056 4174 1505 4241 morereturrnisi
1534 4181 1841 4246 peccasset,

250 4269 372 4324 sine
407 4267 733 4323 dubitatione
771 4266 994 4337 ptenalis
1030 4274 1113 4320 est
1145 4281 1159 4318 :
1191 4263 1285 4320 sed
1328 4264 1439 4320 Deo
1482 4278 1578 4334 per
1618 4264 1845 4334 gratiam

249 4376 402 4417 suam
431 4360 485 4417 in
509 4376 663 4417 usum
692 4360 844 4415 nobis
868 4359 1064 4414 bonum
1096 4357 1325 4428 poenalia
1355 4357 1494 4412 mala
1520 4366 1701 4412 nostra
1727 4373 1848 4412 ver-

250 4462 424 4523 tente,
452 4455 505 4509 in
534 4462 823 4524 conspectu
856 4450 1061 4507 Domini
1091 4451 1320 4520 pretiosa
1346 4456 1430 4505 est
1456 4463 1602 4504 mors
1627 4458 1838 4503 sanam
1868 4478 1871 4483 ι

251 4560 380 4602 rum
417 4545 548 4615 ejus.
589 4544 692 4600 Per
723 4543 870 4599 illam
907 4550 1146 4608 certant,
1177 4541 1437 4611 sicut‘per
1462 4540 1794 4612 disciplinam
1828 4557 1845 4595 :

254 4635 541 4708 Disciplina
570 4637 710 4692 enim
729 4676 746 4703 ,
777 4634 915 4690 sicut
951 4632 1205 4704 scriptum
1234 4639 1349 4699 est,
1379 4631 1449 4686 ad
1486 4647 1708 4702 praseus
1746 4648 1849 4686 non

253 4728 434 4801 gaudii
459 4728 650 4783 videtur
675 4742 799 4793 esse,
826 4725 916 4781 sed
941 4724 1193 4790 tristitie;
1220 4733 1391 4792 postea
1415 4739 1547 4787 uero,
1571 4721 1850 4777 uberiorem

255 4824 495 4895 fructum,
519 4820 596 4875 his
616 4820 703 4894 qui
724 4837 813 4891 per
832 4835 943 4873 eam
964 4828 1238 4883 certarunt,
1255 4817 1419 4871 reddit
1429 4817 1648 4888 justitiaa
1662 4815 1844 4886 (Hebr.

265 4929 358 4979 stt,
391 4915 501 4985 Η).
529 4912 610 4968 Tu
637 4919 836 4977 autem,
859 4910 947 4980 qui
976 4919 1204 4964 mortem
1229 4908 1470 4977 corporis
1493 4908 1653 4963 etiam
1678 4908 1731 4961 in
1754 4922 1853 4978 pa-

259 5006 470 5072 radiso,
501 5005 659 5060 etiam
690 5011 945 5074 peccante
972 5000 1149 5065 nullo,
1180 5000 1407 5055 futuram
1438 4998 1601 5054 fuisse
1628 5007 1851 5054 conten-
1878 5030 1879 5033 η

256 5101 380 5166 dis,
410 5098 577 5154 hostis
604 5112 663 5153 es
690 5096 869 5167 gratiae
900 5094 1028 5161 Dei,
1056 5092 1329 5163 hostisque
1354 5101 1691 5158 sanctorum,
1716 5107 1880 5163 quo-~

247 5205 384 5249 .rum
414 5205 560 5245 mors
586 5187 818 5259 pretiosa
845 5194 955 5250 est,
989 5200 1084 5257 per
1117 5184 1261 5239 illam
1300 5183 1614 5239 certantium
1656 5183 1857 5238 intrare

262 5294 425 5355 atque
455 5282 693 5338 habitare
725 5277 1046 5351 paradisum.
1072 5276 1191 5333 Non
1223 5276 1367 5332 enim
1397 5284 1622 5332 mortem
1652 5276 1818 5332 solam
1837 5315 1855 5345 ,

264 5374 322 5434 id
348 5384 450 5441 est,
473 5371 856 5430 resolutionem
880 5369 1071 5425 animze
1097 5384 1128 5423 a
1150 5383 1398 5439 corpore,
1425 5368 1653 5425 nolentis
1679 5376 1858 5423 tamen

264 5468 517 5541 spoliari,
555 5465 652 5522 sed
680 5460 1061 5535 supervestiri,
1102 5470 1161 5517 ut
1193 5460 1544 5517 absorbeatur
1574 5459 1802 5517 mortale
1828 5474 1861 5514 a

264 5563 375 5620 vita
396 5561 462 5636 (li
485 5559 605 5618 Cor.
628 5574 685 5626 γ,
710 5557 797 5631 4);
824 5555 918 5615 sed
944 5555 1104 5611 etiam
1131 5546 1318 5611 omnes
1343 5556 1580 5623 morbos,
1604 5563 1659 5611 et
1683 5552 1862 5609 omnia

1629 379 1826 438 LIBER
1864 378 2151 436 SEXTUS.

225 506 472 576 corporis
489 505 573 577 agi
601 521 614 560 :
636 503 729 560 sed
753 497 932 575 patius
949 502 1207 559 debemus
1225 500 1524 566 attendere,
1550 514 1642 570 per
1659 504 1815 568 quem
1874 496 1877 499 '

228 599 302 655 sit
326 613 472 655 mors
501 599 614 668 ipsa
635 597 707 653 de
733 611 837 668 qua
866 596 1061 667 agitur,
1087 604 1265 652 utrum
1295 608 1392 665 per
1415 593 1583 649 Deum
1609 590 1697 662 qui
1724 589 1819 644 ho-
1873 594 1881 598 “

2636 355 2779 399 HL!

1918 510 2114 565 genera
2137 498 2417 566 malorum,
2443 512 2562 569 qua:
2589 498 2831 557 homines
2854 514 2962 557 non
2984 498 3213 558 valendo
3232 497 3374 556 ferre
3392 515 3508 555 mo-

1919 591 2150 659 riuntur,
2182 601 2433 662 quantum
2462 592 2526 646 ad
2555 603 2605 647 te
2628 593 2837 661 attinet,
2860 594 2913 649 in
2942 594 3120 651 locum
3145 599 3309 650 tanta
3336 590 3505 649 felici-

1920 684 2043 738 tatis
2078 692 2132 738 et
2168 685 2361 754 quietis
2394 685 2635 742 immittis
2664 705 2677 742 :
2709 687 2851 757 quod
2887 700 3070 743 errore
3104 692 3302 757 quanto
3343 681 3510 740 facias

1919 773 2103 835 video.
2135 774 2228 830 sed
2260 792 2362 845 qua
2394 775 2568 832 fronte
2596 778 2799 832 nescio.

1988 864 2209 921 XXXII.
2247 865 2364 923 Juc.
2406 867 2604 925 Verum
2647 879 2814 926 totum
2854 878 3159 927 contextum
3197 868 3303 923 loci
3340 865 3510 938 ipsius

1918 960 2256 1016 ventilemus.
2298 960 2391 1028 Si,
2438 961 2646 1034 inquit,
2682 963 2913 1019 Christus
2949 962 3256 1035 pradicatur
3291 960 3411 1032 quia
3446 973 3511 1013 ea:

1919 1055 2130 1111 mortuis
2152 1056 2441 1122 resurrexit,
2466 1054 2714 1126 quomodo
2739 1055 2944 1125 quidam
2966 1056 3140 1109 dicunt
3163 1054 3215 1108 in
3236 1051 3371 1108 vobis
3390 1051 3509 1121 quia

1918 1146 2215 1202 resurrectio
2258 1156 2570 1200 mortuorum
2608 1163 2707 1200 non
2746 1147 2863 1202 est?
2899 1145 2962 1202 Si
3003 1155 3172 1201 autem
3210 1144 3510 1201 resurrectio

1918 1248 2232 1294 mortuorum
2269 1256 2368 1293 non
2397 1248 2503 1304 est,
2535 1256 2625 1293 nec
2658 1238 2885 1295 Christus
2923 1240 3196 1295 resurrexit
3227 1255 3246 1293 :
3273 1239 3317 1294 si
3343 1247 3512 1291 autem

1920 1324 2150 1385 Christus
2178 1346 2277 1384 non
2305 1332 2599 1395 resurrexit,
2628 1332 2795 1385 inanis
2818 1339 2889 1385 est
2922 1330 3219 1403 prazdicatio
3246 1339 3440 1392 nostra,
3465 1333 3514 1381 et

1919 1438 2078 1477 vacua
2101 1430 2173 1477 est
2193 1423 2319 1491 ﬁdes
2346 1432 2511 1481 vestra
2533 1424 2550 1454 ί
2574 1437 2589 1489 ;
2616 1412 3073 1477 invenimurvetiam
3090 1422 3208 1492 falsi
3225 1430 3371 1475 testes
3393 1418 3510 1486 Dei,

1919 1517 2039 1587 quia
2073 1517 2409 1571 testimonium
2436 1517 2653 1571 diximus
2681 1515 3124 1595 adversttsweum
3144 1557 3159 1581 ,
3187 1514 3323 1585 quod
3348 1513 3514 1569 susci-

1921 1606 2098 1661 taverit
2125 1606 2407 1672 Christum,
2438 1624 2584 1677 quem
2618 1623 2721 1661 non
2756 1606 3033 1661 suscitauit.
3072 1604 3134 1661 Si
3166 1604 3299 1658 enim
3329 1603 3517 1658 mortui

1920 1716 2022 1754 non
2054 1700 2321 1772 resurgunt
2340 1742 2355 1765 ,
2384 1717 2473 1754 nec
2498 1697 2729 1756 Christus
2757 1698 3027 1754 resurrexit
3057 1713 3075 1752 :
3098 1697 3143 1752 si
3167 1706 3335 1751 autent
3363 1695 3515 1750 Chri-

1920 1800 2027 1847 stus
2057 1808 2158 1846 non
2189 1793 2494 1857 resurrexit,
2530 1807 2659 1846 uana
2698 1799 2770 1845 est
2804 1789 2932 1860 ﬁdes
2969 1799 3164 1855 vestra,
3201 1788 3320 1860 quia
3348 1788 3518 1842 adhuc

1920 1882 2037 1937 estis
2061 1883 2115 1936 in
2147 1882 2363 1952 peccatis
2390 1882 2602 1948 uestris;
2632 1891 2679 1936 et
2705 1881 2789 1951 qui
2814 1881 3125 1937 dormierunt
3147 1899 3265 1951 ergo
3293 1880 3344 1933 in
3371 1878 3520 1934 Chri-

1920 1984 2020 2041 sto,
2048 1974 2323 2046 perieruut.
2356 1973 2418 2030 Si
2442 1974 2493 2028 in
2519 1975 2614 2028 hac
2638 1974 2740 2027 vita
2763 1974 2815 2028 in
2836 1972 3036 2030 Christo
3057 1975 3077 2005 ²
3107 1990 3369 2041 speramus
3397 1984 3516 2026 tan-

1923 2075 2062 2133 tum,
2105 2066 2490 2122 miserabiliores
2530 2083 2703 2121 sumus
2748 2066 2978 2121 omnibus
3020 2063 3320 2119 hominibus.
3366 2062 3520 2118 Nunc

1922 2169 2089 2214 autem
2112 2160 2342 2215 Christus
2366 2176 2429 2214 ea:
2457 2161 2668 2214 mortuis
2695 2160 2969 2214 resurrexit
3001 2158 3237 2229 primitiw
3268 2159 3520 2212 dormien-

1924 2250 2071 2318 tium,
2099 2252 2336 2322 quoniam
2362 2252 2562 2322 quidem
2593 2267 2682 2321 per
2710 2251 2961 2305 hominem
2988 2266 3143 2316 mors,
3172 2259 3217 2303 et
3246 2266 3333 2318 per
3359 2248 3523 2302 homi-

1926 2360 2038 2398 nem
2068 2344 2363 2401 resurrectio
2388 2353 2720 2397 ntortuorum.
2752 2343 2896 2399 Sicut
2921 2343 3052 2397 enim
3077 2342 3133 2395 in
3160 2340 3324 2394 Adam
3351 2355 3523 2395 omnes

1924 2429 2229 2503 moriuntur,
2256 2437 2329 2491 ita
2354 2446 2399 2491 et
2424 2436 2476 2490 in
2497 2433 2696 2491 Christo
2721 2452 2891 2490 omnes
2915 2433 3322 2503 viviﬁcabuntur.
3351 2430 3526 2488 Unus-

1924 2528 2133 2600 quisque
2164 2538 2333 2582 autent
2362 2529 2413 2581 in
2444 2543 2535 2581 suo
2563 2526 2778 2592 ordine;
2806 2525 3042 2598 primitiae
3064 2523 3315 2590 Christus,
3342 2522 3526 2577 deinde

1926 2619 1980 2673 hi
2015 2619 2102 2690 qui
2138 2629 2254 2674 sunt
2293 2618 2515 2685 Christi,
2545 2619 2633 2689 qui
2668 2619 2721 2672 in
2760 2617 2977 2677 adventu
3015 2616 3156 2689 ejus;
3195 2614 3376 2670 deinde
3407 2614 3526 2685 ﬁnis

1928 2708 1983 2782 (l
2007 2709 2124 2765 Cor.
2157 2727 2248 2775 xv,
2280 2709 2493 2781 42-24).
3132 2708 3133 2711 “

2000 2805 2138 2860 Auc.
2169 2803 2545 2859 Ventilandum
2575 2811 2747 2859 totum
2779 2802 2940 2859 istum
2978 2803 3031 2858 in
3070 2800 3378 2873 apostolicis
3408 2799 3526 2854 Lit-

1933 2895 2061 2950 teris
2087 2895 2154 2949 de
2179 2896 2423 2965 corporis
2462 2894 2854 2950 resurrectione
2892 2894 3068 2949 locum
3111 2892 3231 2949 ideo
3263 2902 3313 2948 te
3341 2905 3528 2947 susce-

1931 2989 2096 3056 pisse,
2126 2995 2183 3042 ut
2209 2986 2438 3041 haberes
2466 2987 2801 3042 occasionem
2827 3001 2929 3056 qua
2959 2995 3104 3040 tuum
3133 2985 3529 3055 multiloquium

1931 3077 2164 3146 copiosa,
2199 3077 2240 3130 si
2271 3075 2374 3131 dici
2403 3085 2597 3146 potest,
2628 3084 2865 3145 egestate
2893 3074 3243 3142 dill'underes,
3272 3085 3327 3129 et
3353 3074 3419 3128 ad
3449 3083 3532 3129 tot

1932 3167 2097 3223 libros
2135 3167 2432 3237 implendos
2470 3167 2563 3223 tibi
2594 3166 2853 3237 evagandi
2890 3166 3061 3235 spatia
3096 3179 3445 3236 procurares,
3475 3164 3532 3220 in

1934 3261 2046 3332 ipsa
2071 3270 2157 3315 tua
2179 3259 2381 3329 prolixa
2403 3268 2457 3316 et
2480 3273 2877 3331 supervacanea
2898 3258 3258 3329 diSputatione
3282 3256 3531 3313 clarebit.

2005 3350 2246 3408 XXXIII.
2268 3349 2387 3406 ιω..
2415 3349 2668 3406 instruxit
2692 3351 2951 3406 acerrime
2977 3346 3390 3420 disputationem
3417 3362 3534 3402 ma-

1935 3445 2101 3516 gister
2123 3442 2384 3513 egregius,
2409 3449 2463 3497 et
2488 3456 2637 3510 spem
2665 3440 2823 3495 nobis
2842 3440 2910 3495 de
2931 3439 3203 3495 consortio
3226 3438 3533 3494 Mediatoris

1938 3535 2191 3607 ingessit,
2223 3548 2473 3588 asserens
2510 3533 2655 3587 illum
2698 3532 2967 3588 hominem
2988 3572 3005 3599 ,
3036 3541 3290 3602 quantum
3329 3537 3536 3601 spectat

1938 3627 2006 3684 ad
2032 3626 2382 3684 substantiam
2404 3640 2506 3695 qua
2529 3625 2682 3680 nobis
2699 3625 2959 3695 jungitur,
2982 3622 3113 3678 nihil
3138 3630 3418 3692 exceptum
3440 3621 3535 3677 ha-

1938 3722 2141 3785 buisse,
2172 3719 2584 3791 opinionemque
2613 3733 2772 3788 quam
2805 3715 3088 3772 inﬁdelitas
3119 3715 3394 3779 sciscebat,
3428 3729 3555 3795 non.

1941 3814 2122 3870 minus
2140 3812 2354 3869 Christo
2372 3811 2723 3882 prtejudicare
2743 3825 2902 3883 posse
2921 3825 3080 3881 quam
3103 3809 3276 3863 nobis.
3299 3807 3387 3865 Sic
3406 3823 3535 3879 ergo

1942 3906 2133 3963 miscet
2157 3904 2426 3975 negotium
2447 3901 2644 3958 Christi
2666 3910 2721 3957 et
2745 3901 3041 3968 hominum,
3066 3909 3124 3955 ut
3148 3914 3369 3955 necesse
3389 3900 3460 3954 sit
3481 3899 3535 3955 in

1943 4008 2169 4070 utraque
2190 4008 2340 4069 parte
2363 3995 2529 4062 credi,
2558 3995 2699 4066 quod
2726 3995 2778 4051 in
2807 3995 2972 4051 altera
2998 4003 3299 4050 censeatur.
3323 3991 3536 4065 Opinati

1944 4092 2141 4163 quippe
2171 4092 2379 4146 fuerant
2402 4104 2498 4160 per
2523 4089 2663 4144 idem
2692 4097 2905 4160 tempus
2926 4087 3188 4153 homines,
3213 4086 3334 4157 quia
3360 4100 3525 4142 resur~

1944 4185 2113 4240 rectio
2155 4190 2487 4238 mortuorum
2523 4182 2695 4237 futura
2727 4195 2833 4236 non
2868 4190 3012 4237 esset
3043 4199 3056 4234 :
3088 4194 3196 4236 non
3234 4190 3409 4234 tamen
3447 4192 3543 4233 rei

1945 4274 2246 4332 surrexisse
2283 4272 2555 4330 Christum
2596 4272 2878 4343 negabant.
2915 4271 3116 4342 Arripit
3150 4270 3253 4325 hoc
3290 4266 3559 4340 Magister’

1947 4367 2220 4433 Gentium,
2246 4374 2302 4422 et
2324 4366 2631 4436 pronuntiat
2655 4379 2877 4419 necesse
2895 4377 3017 4419 esse
3038 4371 3095 4416 ut
3114 4363 3203 4416 uni
3230 4359 3541 4431 praejudicio

1949 4473 2073 4530 pars
2100 4467 2323 4529 utraque
2346 4458 2417 4512 sit
2445 4457 2647 4526 pervia,
2678 4466 2729 4511 et
2758 4464 2849 4510 aut
2873 4466 3061 4509 omnes
3086 4452 3331 4507 homines
3358 4465 3537 4505 resur-

1948 4552 2167 4619 recturi,
2197 4560 2288 4607 aut
2314 4565 2414 4606 nec
2439 4550 2683 4605 Christus
2709 4548 3068 4604 resurrexisse
3090 4546 3357 4603 credatur.
3383 4543 3545 4602 Certe

1949 4642 2089 4699 hanc
2111 4644 2217 4697 vim
2245 4643 2296 4697 in
2323 4641 2646 4713 disputando
2671 4640 2955 4710 Apostolus
2981 4654 3086 4694 non
3114 4638 3355 4701 haberet,
3384 4638 3429 4692 si
3458 4652 3545 4692 se-

1951 4735 2184 4792 cundum
2211 4734 2529 4790 Manichmos
2557 4743 2610 4788 et
2633 4748 2818 4789 eorum
2849 4732 3136 4802 discipulos
3162 4730 3540 4797 Traducianos,
3565 4765 3571 4771 ο

1951 4842 2169 4884 carnem
2193 4825 2393 4883 Christi
2419 4842 2449 4880 a
2476 4836 2680 4880 naturae
2715 4834 2911 4881 nostra:
2948 4824 3323 4879 communione
3351 4824 3546 4878 distin-

1952 4928 2161 4990 gueret.

2028 5012 2159 5068 Atto.
2187 5009 2460 5068 Maniclnri
2489 5025 2595 5065 non
2625 5016 2767 5064 sunt.
2803 5009 2890 5078 qui
2921 5023 3136 5063 carnem
3167 5007 3363 5063 Christi
3391 5022 3419 5060 a
3451 5023 3548 5060 na-

1959 5112 2090 5159 turm
2120 5112 2317 5157 nostra:
2341 5101 2719 5176 communione
2738 5101 2760 5133 ³
2786 5101 3148 5170 distinguunt;
3183 5098 3275 5155 sed
3307 5098 3393 5169 qui
3425 5097 3548 5151 nui-

1958 5195 2063 5250 lam
2085 5209 2299 5251 carnem
2321 5192 2589 5248 Christum
2619 5191 2867 5248 habuisse
2892 5190 3237 5247 contendunt.
3261 5186 3423 5241 Nobis
3452 5187 3552 5239 ita-

1960 5303 2064 5362 que
2087 5286 2358 5361 jungendo
2395 5286 2716 5342 Manichtcos
2738 5329 2751 5351 ,
2779 5281 3199 5340 anathemandos
3232 5279 3507 5333 vobiscum
3529 5272 3552 5313 ’³

1962 5390 2118 5451 atque
2161 5378 2526 5443 damnandos,
2571 5376 2730 5432 etiam
2780 5390 2963 5431 eorum
3013 5372 3258 5428 sublevas
3299 5385 3550 5437 causam,

1963 5472 2147 5528 dicens
2179 5486 2274 5528 eos
2309 5485 2523 5527 carnem
2552 5468 2746 5525 Christi
2777 5484 2807 5524 a
2837 5475 3040 5523 naturae
3074 5474 3271 5522 nostrae
3307 5477 3552 5521 commu-

2031 5668 2052 5736 ξ
2078 5667 2153 5736 sic
2172 5671 2355 5736 uss._tn
2390 5667 2551 5736 ngn.,
2573 5669 2755 5736 nostra.

335 5741 354 5773 ι
382 5737 521 5796 miti,
544 5740 591 5787 et
637 5747 723 5799 per
743 5730 984 5784 hominem
1005 5742 1136 5784 mors
1158 5743 1178 5782 :
1201 5729 1437 5783 mendose
1457 5742 1513 5781 ac
1533 5729 1866 5781 dissentienti.

267 5804 369 5857 bus
388 5799 743 5861 mnusa'iptis.
1454 5856 1465 5861 _
1527 5857 1537 5861 _
1556 5850 1561 5857 .

338 5865 361 5897 ¹
383 5862 457 5914 sic
478 5852 805 5913 vetus'eodex
827 5862 1092 5908 Portarum.
1123 5852 1211 5905 Alii
1231 5856 1540 5919 manuseripti
1556 5852 1561 5857 ’
1577 5867 1686 5905 cum
1703 5853 1865 5916 editis,
1894 5890 1897 5893 λ

271 5937 468 5985 rem

2032 5730 2057 5791 ξ
2083 5726 2533 5791 t'iguieritts,_si'in
2577 5726 2670 5777 hac
2691 5726 2787 5781 vita
2808 5736 3060 5790 speramus
3080 5726 3262 5774 tantum
3291 5731 3308 5770 :
3332 5731 3398 5771 ex
3441 5726 3556 5771 Mss.

1970 5788 2181 5854 additur,
2203 5788 2257 5839 in
2277 5788 2484 5840 Christo.
2835 5788 2841 5790 ⁷
3327 5843 3338 5854 ⁸
3407 5846 3418 5854 _
3588 5794 3601 5834 .‘

2037 5853 2059 5885 ³
2089 5846 2275 5901 sic'Ms.
2316 5858 2439 5902 Port.
2489 5856 2543 5899 At
2597 5848 2743 5909 editi,
2795 5864 2827 5901 a
2877 5855 3051 5901 natura
3102 5846 3462 5900 conrmmionis.

2037 5914 2061 5947 δ
2084 5915 2159 5963 sic
2177 5920 2284 5965 uss.
2311 5919 2362 5964 tn
2376 5915 2536 5978 Viam,
2553 5910 2818 5966 nobiscum.
